{"host":"vl29iwkwnyytuw8q","time":1612899167,"event":{"mods":["BaseMod","Minty Spire (QoL Compilation)","Permanent Neow","Relic Stats","StSLib"],"gold_per_floor":[118,118,133,144,144,144,179,191,191,92,92,112,112,128,128,202,202,230,258,282,94,94,94,129,129,156,170,181,181,181,181,181,258,258,274,274,284,242,261,261,289,289,316,70,89,89,109,122,122,122,122,122,122,12,43,43,43],"floor_reached":56,"language":"ENG","playtime":2697,"items_purged":["Catalyst"],"score":1877,"play_id":"8c0d517d-5f99-4461-b952-e3c245a331c6","local_time":"20210209203247","is_ascension_mode":true,"campfire_choices":[{"data":"Footwork","floor":6.0,"key":"SMITH"},{"data":"Leg Sweep","floor":11.0,"key":"SMITH"},{"data":"Skewer","floor":13.0,"key":"SMITH"},{"floor":15.0,"key":"DIG"},{"data":"Apotheosis","floor":23.0,"key":"SMITH"},{"floor":25.0,"key":"DIG"},{"floor":29.0,"key":"DIG"},{"floor":32.0,"key":"DIG"},{"floor":40.0,"key":"DIG"},{"floor":42.0,"key":"DIG"},{"floor":49.0,"key":"RECALL"},{"floor":53.0,"key":"REST"}],"circlet_count":0,"master_deck":["AscendersBane","Survivor","Neutralize","Blur","Unload","Backflip","PiercingWail","Footwork+1","Endless Agony","Predator","Predator","Cloak And Dagger","Flying Knee","Skewer+1","Concentrate","Leg Sweep+1","Blade Dance","Blur","Deflect+1","Burst","CurseOfTheBell","Escape Plan+1","A Thousand Cuts","Terror+1","Apotheosis+1","Night Terror","Prepared","Well Laid Plans+1","J.A.X.","Tools of the Trade","Backflip","Tactician","PiercingWail","Footwork","Malaise","Prepared","Blade Dance","Slice","Malaise"],"relics":["Pandora\u0027s Box","Pen Nib","Shovel","Ornamental Fan","Bottled Tornado","Calling Bell","MawBank","HornCleat","Thread and Needle","Pocketwatch","Meat on the Bone","MealTicket","Kunai","Snake Skull","HoveringKite","Sundial","Du-Vu Doll","Bronze Scales","War Paint"],"acts_visited":["Exordium","TheCity","TheBeyond","TheEnding"],"potions_floor_usage":[56],"damage_taken":[{"damage":0.0,"enemies":"Cultist","floor":1.0,"turns":2.0},{"damage":1.0,"enemies":"Small Slimes","floor":3.0,"turns":3.0},{"damage":7.0,"enemies":"2 Louse","floor":4.0,"turns":4.0},{"damage":0.0,"enemies":"Gremlin Nob","floor":7.0,"turns":2.0},{"damage":14.0,"enemies":"Red Slaver","floor":8.0,"turns":4.0},{"damage":3.0,"enemies":"Looter","floor":12.0,"turns":3.0},{"damage":2.0,"enemies":"Blue Slaver","floor":14.0,"turns":2.0},{"damage":3.0,"enemies":"The Guardian","floor":16.0,"turns":11.0},{"damage":0.0,"enemies":"Chosen","floor":18.0,"turns":3.0},{"damage":0.0,"enemies":"Spheric Guardian","floor":19.0,"turns":6.0},{"damage":14.0,"enemies":"Cultist and Chosen","floor":20.0,"turns":10.0},{"damage":20.0,"enemies":"Slavers","floor":24.0,"turns":6.0},{"damage":0.0,"enemies":"Snake Plant","floor":27.0,"turns":5.0},{"damage":0.0,"enemies":"Centurion and Healer","floor":28.0,"turns":6.0},{"damage":8.0,"enemies":"Champ","floor":33.0,"turns":9.0},{"damage":5.0,"enemies":"3 Shapes","floor":35.0,"turns":4.0},{"damage":4.0,"enemies":"Orb Walker","floor":37.0,"turns":4.0},{"damage":11.0,"enemies":"3 Darklings","floor":39.0,"turns":7.0},{"damage":8.0,"enemies":"Reptomancer","floor":41.0,"turns":7.0},{"damage":4.0,"enemies":"Maw","floor":45.0,"turns":6.0},{"damage":0.0,"enemies":"Jaw Worm Horde","floor":46.0,"turns":2.0},{"damage":22.0,"enemies":"4 Shapes","floor":47.0,"turns":5.0},{"damage":8.0,"enemies":"Sphere and 2 Shapes","floor":48.0,"turns":5.0},{"damage":7.0,"enemies":"Time Eater","floor":50.0,"turns":12.0},{"damage":34.0,"enemies":"Donu and Deca","floor":51.0,"turns":13.0},{"damage":57.0,"enemies":"Shield and Spear","floor":55.0,"turns":6.0},{"damage":47,"enemies":"The Heart","floor":56,"turns":5}],"seed_played":"6417450214415509190","potions_obtained":[{"floor":3.0,"key":"AttackPotion"},{"floor":5.0,"key":"Fruit Juice"},{"floor":5.0,"key":"EntropicBrew"},{"floor":12.0,"key":"FearPotion"},{"floor":18.0,"key":"CultistPotion"},{"floor":24.0,"key":"Weak Potion"},{"floor":33.0,"key":"FearPotion"},{"floor":41.0,"key":"SmokeBomb"},{"floor":47.0,"key":"BlessingOfTheForge"}],"is_trial":false,"path_per_floor":["M","T","M","M","?","R","E","M","T","$","R","M","R","M","R","B",null,"M","M","M","$","?","R","E","R","T","M","M","R","$","?","R","B",null,"M","?","M","$","M","R","E","R","T","$","M","M","M","M","R","B","B",null,"R","$","E","B"],"character_chosen":"THE_SILENT","items_purchased":["Blade Dance","Apotheosis","Tactician","Footwork","Malaise","EssenceOfSteel","Slice"],"campfire_rested":1,"item_purchase_floors":[10,21,38,44,44,54,54],"current_hp_per_floor":[59,59,58,51,56,56,56,42,42,42,42,39,39,37,37,34,62,62,62,48,48,71,71,51,51,51,51,51,51,66,66,66,58,68,63,59,55,70,59,59,51,51,51,66,62,62,40,44,44,37,15,57,71,71,26,0,0],"gold":43,"neow_bonus":"BOSS_RELIC","is_daily":false,"chose_seed":false,"campfire_upgraded":4,"win_rate":0.0,"timestamp":1612899167,"path_taken":["M","?","M","M","?","R","E","M","T","$","R","M","R","M","R","BOSS","M","?","M","?","?","R","E","R","T","?","M","R","$","?","R","BOSS","M","?","M","$","M","R","E","R","T","$","M","M","?","M","R","BOSS","BOSS","R","$","E","BOSS"],"items_purchased_type":["Card","Card","Card","Card","Card","Potion","Card"],"build_version":"2020-12-22","purchased_purges":1,"victory":false,"max_hp_per_floor":[66,66,66,66,71,71,71,71,71,71,71,71,71,71,71,71,71,71,71,71,71,71,71,71,71,71,71,71,71,71,71,71,71,71,71,71,71,71,71,71,71,71,71,71,71,71,71,71,71,71,71,71,71,71,71,71,71],"relic_stats":{"counters":[27,152],"HoveringKite":[58],"Pen Nib":[33],"Snake Skull":[0],"War Paint":["Deflect","Terror"],"MawBank":48,"Shovel":6,"Ornamental Fan":[240],"Sundial":[6],"Bronze Scales":[225],"Pandora\u0027s Box":["Blur","Unload","Catalyst","Backflip","Distraction","PiercingWail","Footwork","Endless Agony","Predator","Predator"],"MealTicket":45,"Kunai":[45],"obtain_stats":[{"HoveringKite":34,"Thread and Needle":17,"Pen Nib":2,"Snake Skull":32,"Bottled Tornado":15,"War Paint":55,"MawBank":17,"Calling Bell":17,"Du-Vu Doll":41,"Shovel":7,"HornCleat":17,"Ornamental Fan":9,"Sundial":40,"Bronze Scales":42,"Pandora\u0027s Box":0,"MealTicket":26,"Kunai":29,"Ring of the Snake":0,"Pocketwatch":24,"Meat on the Bone":25},{"HoveringKite":15,"Thread and Needle":8,"Pen Nib":1,"Snake Skull":14,"Bottled Tornado":7,"War Paint":26,"MawBank":8,"Calling Bell":8,"Du-Vu Doll":19,"Shovel":4,"HornCleat":8,"Ornamental Fan":5,"Sundial":18,"Bronze Scales":19,"Pandora\u0027s Box":0,"MealTicket":12,"Kunai":14,"Ring of the Snake":0,"Pocketwatch":12,"Meat on the Bone":12},{"HoveringKite":76,"Thread and Needle":31,"Pen Nib":2,"Snake Skull":67,"Bottled Tornado":20,"War Paint":147,"MawBank":31,"Calling Bell":31,"Du-Vu Doll":98,"Shovel":11,"HornCleat":31,"Ornamental Fan":15,"Sundial":91,"Bronze Scales":98,"Pandora\u0027s Box":0,"MealTicket":56,"Kunai":67,"Ring of the Snake":0,"Pocketwatch":56,"Meat on the Bone":56}],"Pocketwatch":[62],"Meat on the Bone":36},"card_choices":[{"not_picked":["Prepared","Sucker Punch"],"picked":"Cloak And Dagger","floor":1.0},{"not_picked":["Slice","Eviscerate"],"picked":"Flying Knee","floor":3.0},{"not_picked":["Sucker Punch","Finisher"],"picked":"Skewer","floor":4.0},{"not_picked":["Catalyst","Tactician"],"picked":"Concentrate","floor":7.0},{"not_picked":["Predator","Dagger Spray"],"picked":"Leg Sweep","floor":8.0},{"not_picked":["Dagger Throw","Endless Agony"],"picked":"Blur","floor":12.0},{"not_picked":["Dagger Throw","Flying Knee"],"picked":"Deflect","floor":14.0},{"not_picked":["Adrenaline","Corpse Explosion"],"picked":"Burst","floor":16.0},{"not_picked":["Caltrops","Eviscerate"],"picked":"Escape Plan+1","floor":18.0},{"not_picked":["Backflip","Skewer"],"picked":"A Thousand Cuts","floor":19.0},{"not_picked":["Blade Dance","Sucker Punch"],"picked":"Terror","floor":20.0},{"not_picked":["Heel Hook+1","Quick Slash"],"picked":"Night Terror","floor":24.0},{"not_picked":["Dodge and Roll","Caltrops"],"picked":"Prepared","floor":27.0},{"not_picked":["Dodge and Roll","Backflip"],"picked":"Well Laid Plans+1","floor":28.0},{"not_picked":["Glass Knife","Doppelganger"],"picked":"Tools of the Trade","floor":33.0},{"not_picked":["Flying Knee","Dagger Spray"],"picked":"Backflip","floor":35.0},{"not_picked":["Terror","Deadly Poison+1","Escape Plan"],"picked":"SKIP","floor":37.0},{"not_picked":["Dagger Spray","Dodge and Roll","Bane"],"picked":"SKIP","floor":39.0},{"not_picked":["Choke","Distraction"],"picked":"PiercingWail","floor":41.0},{"not_picked":["Predator+1","Sucker Punch+1"],"picked":"Prepared","floor":45.0},{"not_picked":["Slice+1","All Out Attack"],"picked":"Blade Dance","floor":47.0},{"not_picked":["Deadly Poison","Blade Dance","Terror+1"],"picked":"SKIP","floor":48.0},{"not_picked":["Dagger Spray","Eviscerate"],"picked":"Malaise","floor":55.0}],"player_experience":672240,"relics_obtained":[{"floor":2.0,"key":"Pen Nib"},{"floor":7.0,"key":"Shovel"},{"floor":9.0,"key":"Ornamental Fan"},{"floor":15.0,"key":"Bottled Tornado"},{"floor":17.0,"key":"MawBank"},{"floor":17.0,"key":"HornCleat"},{"floor":17.0,"key":"Thread and Needle"},{"floor":24.0,"key":"Pocketwatch"},{"floor":25.0,"key":"Meat on the Bone"},{"floor":26.0,"key":"MealTicket"},{"floor":29.0,"key":"Kunai"},{"floor":32.0,"key":"Snake Skull"},{"floor":40.0,"key":"Sundial"},{"floor":41.0,"key":"Du-Vu Doll"},{"floor":42.0,"key":"Bronze Scales"},{"floor":55.0,"key":"War Paint"}],"event_choices":[{"damage_healed":0.0,"max_hp_gain":0.0,"max_hp_loss":0.0,"gold_gain":0.0,"event_name":"Lab","player_choice":"Got Potions","floor":5.0,"gold_loss":0.0,"damage_taken":0.0},{"cards_removed":["Distraction"],"damage_healed":23.0,"max_hp_gain":0.0,"max_hp_loss":0.0,"gold_gain":0.0,"event_name":"Bonfire Elementals","player_choice":"Offered Uncommon","floor":22.0,"gold_loss":0.0,"damage_taken":0.0},{"damage_healed":0.0,"max_hp_gain":0.0,"max_hp_loss":0.0,"gold_gain":0.0,"event_name":"Drug Dealer","player_choice":"Obtain J.A.X.","floor":31.0,"gold_loss":0.0,"damage_taken":0.0,"cards_obtained":["J.A.X."]},{"damage_healed":0.0,"max_hp_gain":0.0,"max_hp_loss":0.0,"gold_gain":0.0,"event_name":"The Woman in Blue","player_choice":"Bought 0 Potions","floor":36.0,"gold_loss":0.0,"damage_taken":0.0}],"is_beta":false,"boss_relics":[{"not_picked":["Fusion Hammer","Tiny House"],"picked":"Calling Bell"},{"not_picked":["Philosopher\u0027s Stone","Empty Cage"],"picked":"HoveringKite"}],"items_purged_floors":[10],"is_endless":false,"potions_floor_spawned":[3,12,14,16,18,24,28,33,41,47,48],"killed_by":"The Heart","ascension_level":20}}