{"host":"xiain65d2hovry7l","time":1612903492,"event":{"mods":["2.2 Compatiblity","Act Like it!","BaseMod","BetterRewards","Challenge The Spire","Colored Map","Colored Powertips","Downfall","Faster Ascension Climbing","Friendly Minions","Highlight Path","Mimic Mod","Minty Spire (QoL Compilation)","Relic Sorter","StSLib","Unknown Chances"],"gold_per_floor":[99,115,129,148,79,108,133,153,186,86,86,117,17,50,68,144,144,44,57,75,75,12,12,12,45,45,74,74,108,108,96,108,184,184,184,200,27,27,27,27,61,61,86,86,125,0,0,11,24,24,24,54,54,54,54,54],"floor_reached":57,"language":"ENG","playtime":4542,"items_purged":["Shame","Deadly Poison","Decay"],"score":2140,"play_id":"9847771d-8b4b-4a15-9545-b46b98656c03","local_time":"20210209214452","daily_mods":["SealedDeck","Colorless Cards","Heirloom","Time Dilation","Flight","Elite Swarm","Night Terrors","downfall:ExchangeController"],"is_ascension_mode":true,"campfire_choices":[{"floor":1.0,"key":"RECALL"},{"data":"Adrenaline","floor":10.0,"key":"SMITH"},{"data":"Deadly Poison","floor":11.0,"key":"SMITH"},{"floor":13.0,"key":"REST"},{"data":"Footwork","floor":18.0,"key":"SMITH"},{"data":"Sadistic Nature","floor":23.0,"key":"SMITH"},{"data":"Deep Breath","floor":26.0,"key":"SMITH"},{"data":"Dodge and Roll","floor":28.0,"key":"SMITH"},{"data":"Burst","floor":30.0,"key":"SMITH"},{"data":"Outmaneuver","floor":35,"key":"SMITH"},{"data":"Tactician","floor":40,"key":"SMITH"},{"data":"Deadly Poison","floor":42,"key":"SMITH"},{"data":"Malaise","floor":44,"key":"SMITH"},{"data":"Acrobatics","floor":47,"key":"SMITH"},{"data":"Acrobatics","floor":54,"key":"SMITH"}],"circlet_count":0,"master_deck":["AscendersBane","Deadly Poison+1","Deep Breath+1","PiercingWail","Backflip","Acrobatics+1","Deflect","Deflect","Deadly Poison+1","Footwork+1","Dodge and Roll+1","Adrenaline+1","Sadistic Nature+1","Flying Knee","Dodge and Roll","Deflect+1","Outmaneuver+1","Burst+1","Footwork","Acrobatics+1","Tactician+1","Blur","Malaise+1","downfall:Icky","Flechettes+1","Finesse+1"],"relics":["Ring of the Serpent","downfall:NeowBlessing_Player","champ:DuelingGlove","Guardian:PocketSentry","Slimebound:StickyStick","downfall:HeartBlessingGreen","hexamod:Sixitude","downfall:HeartBlessingBlue","bronze:BronzeIdol","Cursed Key","downfall:HeartBlessingRed","Shovel","bronze:DecasWashers","Oddly Smooth Stone","Bronze Scales","Bird Faced Urn","Happy Flower","Tough Bandages","Anchor"],"acts_visited":["Exordium","TheCity","TheBeyond","TheEnding"],"potions_floor_usage":[],"damage_taken":[{"damage":0.0,"enemies":"2 Louse","floor":2.0,"turns":4.0},{"damage":10.0,"enemies":"Small Slimes","floor":3.0,"turns":4.0},{"damage":3.0,"enemies":"Jaw Worm","floor":4.0,"turns":4.0},{"damage":1.0,"enemies":"downfall:FleeingMerchant","floor":5.0,"turns":4.0},{"damage":32.0,"enemies":"3 Sentries","floor":6.0,"turns":9.0},{"damage":6.0,"enemies":"3 Louse","floor":8.0,"turns":3.0},{"damage":25.0,"enemies":"Lagavulin","floor":9.0,"turns":9.0},{"damage":55.0,"enemies":"Gremlin Nob","floor":12.0,"turns":5.0},{"damage":5.0,"enemies":"3 Sentries","floor":14.0,"turns":5.0},{"damage":0.0,"enemies":"Blue Slaver","floor":15.0,"turns":2.0},{"damage":10.0,"enemies":"WA_ARCHETYPE_RETAIN","floor":16.0,"turns":6.0},{"damage":0.0,"enemies":"Shell Parasite","floor":19.0,"turns":4.0},{"damage":0.0,"enemies":"3 Byrds","floor":20.0,"turns":3.0},{"damage":0.0,"enemies":"downfall:FleeingMerchant","floor":22.0,"turns":4.0},{"damage":5.0,"enemies":"Slavers","floor":25.0,"turns":3.0},{"damage":5.0,"enemies":"Book of Stabbing","floor":27.0,"turns":4.0},{"damage":0.0,"enemies":"Slavers","floor":29.0,"turns":4.0},{"damage":0,"enemies":"downfall:FleeingMerchant","floor":31,"turns":4},{"damage":0,"enemies":"3 Cultists","floor":32,"turns":4},{"damage":16,"enemies":"SI_MIRROR_ARCHETYPE","floor":33,"turns":7},{"damage":0,"enemies":"3 Darklings","floor":36,"turns":4},{"damage":0,"enemies":"Orb Walker","floor":41,"turns":5},{"damage":0,"enemies":"Nemesis","floor":43,"turns":9},{"damage":0,"enemies":"Orb Walker","floor":45,"turns":6},{"damage":0,"enemies":"Orb Walker","floor":48,"turns":3},{"damage":0,"enemies":"Writhing Mass","floor":49,"turns":7},{"damage":14,"enemies":"DF_ARCHETYPE_ORBS","floor":50,"turns":10},{"damage":25,"enemies":"downfall:CharBossMerchant","floor":52,"turns":9},{"damage":0,"enemies":"downfall:NeowBoss","floor":55,"turns":16},{"damage":2,"enemies":"downfall:NeowBossFinal","floor":56,"turns":12}],"seed_played":"5144858351462464160","potions_obtained":[{"floor":2.0,"key":"ColorlessPotion"},{"floor":3.0,"key":"sneckomod:MuddlingPotion"},{"floor":8.0,"key":"sneckomod:MuddlingPotion"},{"floor":14.0,"key":"SmokeBomb"},{"floor":16.0,"key":"CunningPotion"},{"floor":20.0,"key":"Regen Potion"},{"floor":25.0,"key":"LiquidMemories"},{"floor":27.0,"key":"Energy Potion"},{"floor":43,"key":"LiquidMemories"},{"floor":52,"key":"FearPotion"}],"is_trial":true,"path_per_floor":["R","M","M","M","$","E","T","M","E","R","R","E","R","E","M","B",null,"R","M","M","?","$","R","T","E","R","E","R","E","R","$","M","B",null,"R","M","$","?","?","R","MIM","R","E","R","MIM","$","R","M","M","B",null,"E","$","R","B","B",null],"character_chosen":"THE_SILENT","items_purchased":["Dodge and Roll","Outmaneuver","Footwork","Bronze Scales","Acrobatics","Tactician"],"campfire_rested":1,"item_purchase_floors":[5,22,31,31,31,37],"current_hp_per_floor":[159,159,149,146,145,113,113,107,82,82,82,27,171,166,166,156,267,267,267,267,267,267,267,267,262,262,257,257,257,257,257,257,241,364,364,364,364,364,364,364,364,364,370,370,371,371,371,371,371,359,468,448,448,448,454,458],"gold":54,"neow_bonus":"","is_daily":false,"chose_seed":false,"campfire_upgraded":13,"win_rate":0.0,"timestamp":1612903492,"path_taken":["R","M","M","M","$","E","T","M","E","R","R","E","R","E","M","BOSS","R","M","M","?","$","R","T","E","R","E","R","E","R","$","M","BOSS","R","M","$","?","?","R","MIM","R","E","R","?","?","R","?","M","BOSS","E","$","R","BOSS","BOSS"],"items_purchased_type":["Card","Card","Card","Relic","Card","Card"],"build_version":"2020-12-22","purchased_purges":3,"victory":true,"max_hp_per_floor":[166,166,166,166,166,166,166,166,166,166,166,166,171,171,171,171,271,271,271,271,271,271,271,271,271,271,271,271,271,271,271,271,271,371,371,371,371,371,371,371,371,371,371,371,371,371,371,371,371,371,471,471,471,471,471,471],"card_choices":[{"not_picked":["Deep Breath","Concentrate","Cloak And Dagger"],"picked":"SKIP","floor":2.0},{"not_picked":["Poisoned Stab","Bane","Terror"],"picked":"SKIP","floor":3.0},{"not_picked":["Infinite Blades","Quick Slash"],"picked":"Footwork","floor":4.0},{"not_picked":["Dagger Throw","Prepared","Blade Dance"],"picked":"SKIP","floor":5.0},{"not_picked":["Panache","Unload","Violence"],"picked":"SKIP","floor":6.0},{"not_picked":["Deadly Poison","Poisoned Stab","Deflect"],"picked":"SKIP","floor":8.0},{"not_picked":["Thinking Ahead","Corpse Explosion"],"picked":"Adrenaline","floor":9.0},{"not_picked":["Die Die Die","Night Terror"],"picked":"Sadistic Nature","floor":12.0},{"not_picked":["Secret Technique","Chrysalis","Storm of Steel"],"picked":"SKIP","floor":14.0},{"not_picked":["Backflip","Poisoned Stab","Cloak And Dagger"],"picked":"SKIP","floor":15.0},{"not_picked":["Cloak And Dagger","Bandage Up"],"picked":"Flying Knee","floor":19.0},{"not_picked":["Deadly Poison+1","Skewer"],"picked":"Dodge and Roll","floor":20.0},{"not_picked":["Slice+1","Doppelganger"],"picked":"Deflect+1","floor":22.0},{"not_picked":["Metamorphosis","Chrysalis","Thinking Ahead"],"picked":"SKIP","floor":25.0},{"not_picked":["Bullet Time","Malaise","Apotheosis"],"picked":"SKIP","floor":27.0},{"not_picked":["Metamorphosis","Secret Technique"],"picked":"Burst","floor":29.0},{"not_picked":["Dagger Throw","Prepared+1","Dodge and Roll"],"picked":"SKIP","floor":31},{"not_picked":["Deadly Poison","Well Laid Plans","Quick Slash"],"picked":"SKIP","floor":32},{"not_picked":["Poisoned Stab","Backflip","Calculated Gamble"],"picked":"SKIP","floor":36},{"not_picked":["Prepared","Sucker Punch"],"picked":"Blur","floor":41},{"not_picked":["Burst","After Image"],"picked":"Malaise","floor":43},{"not_picked":["Slice","Good Instincts"],"picked":"Flechettes+1","floor":45},{"not_picked":["Outmaneuver","Well Laid Plans"],"picked":"Finesse+1","floor":48},{"not_picked":["Flying Knee","Outmaneuver","Backflip"],"picked":"SKIP","floor":49},{"not_picked":["Storm of Steel","Wraith Form v2","Magnetism"],"picked":"SKIP","floor":52}],"player_experience":739456,"relics_obtained":[{"floor":6.0,"key":"Guardian:PocketSentry"},{"floor":9.0,"key":"Slimebound:StickyStick"},{"floor":12.0,"key":"hexamod:Sixitude"},{"floor":14.0,"key":"bronze:BronzeIdol"},{"floor":24.0,"key":"Shovel"},{"floor":27.0,"key":"bronze:DecasWashers"},{"floor":29.0,"key":"Oddly Smooth Stone"},{"floor":41,"key":"Bird Faced Urn"},{"floor":43,"key":"Happy Flower"},{"floor":45,"key":"Tough Bandages"},{"floor":52,"key":"Anchor"}],"event_choices":[{"damage_healed":0.0,"max_hp_gain":0.0,"max_hp_loss":0.0,"gold_gain":0.0,"event_name":"Vampires","player_choice":"Ignored","floor":21.0,"gold_loss":0.0,"damage_taken":0.0},{"cards_removed":["All Out Attack"],"damage_healed":0,"gold_gain":0,"player_choice":"Removed Attack","damage_taken":0,"max_hp_gain":0,"max_hp_loss":0,"event_name":"Falling","floor":38,"gold_loss":0}],"is_beta":false,"boss_relics":[{"not_picked":["Runic Dome","Astrolabe"],"picked":"Cursed Key"},{"not_picked":["Runic Pyramid","Fusion Hammer"],"picked":"Ring of the Serpent"}],"items_purged_floors":[31,37,46],"is_endless":false,"potions_floor_spawned":[2,3,8,14,16,20,25,27,43,52],"ascension_level":15}}