{"host":"gbryjxda0a5gse5q","time":1612834142,"event":{"mods":["AchievementEnabler","BaseMod","Colored Map","Minty Spire (QoL Compilation)","Permanent Neow","Rare Cards Sparkle","StSLib","Waifu the Spire"],"gold_per_floor":[363,313,333,222,222,250,250,260,260,260,5,20,34,52,52,153,153,166,178,178,33,51,51,51,70,138,138,173,185,201,201,201,298,298,316,316,316,334,209,209,224,224,224,224,235,250,3,22,22,22,22,22,22,22,22],"floor_reached":54,"language":"ENG","playtime":4784,"items_purged":["Strike_R","Defend_R","Strike_R","Strike_R"],"score":636,"play_id":"1b9420ad-bae7-40ea-8e5f-bb1e1bb69ada","local_time":"20210208202902","is_ascension_mode":false,"campfire_choices":[{"floor":7.0,"key":"REST"},{"data":"Iron Wave","floor":10.0,"key":"SMITH"},{"floor":15.0,"key":"RECALL"},{"data":"Rampage","floor":24.0,"key":"SMITH"},{"data":"Bash","floor":27.0,"key":"SMITH"},{"floor":32.0,"key":"REST"},{"floor":40.0,"key":"REST"},{"data":"Blind","floor":49,"key":"SMITH"},{"data":"Flame Barrier","floor":52,"key":"SMITH"}],"circlet_count":0,"master_deck":["Defend_R","Bash+1","Rampage+1","Offering","Iron Wave+1","Dropkick+1","Barricade+1","Juggernaut+1","Iron Wave","Finesse","Blind+1","Flame Barrier+1"],"relics":["Burning Blood","Pen Nib","Frozen Egg 2","Happy Flower","Empty Cage","TheAbacus","Unceasing Top","Cursed Key"],"acts_visited":["Exordium","TheCity","TheBeyond","TheEnding"],"potions_floor_usage":[47,50],"damage_taken":[{"damage":1.0,"enemies":"Jaw Worm","floor":1.0,"turns":3.0},{"damage":1.0,"enemies":"Cultist","floor":3.0,"turns":3.0},{"damage":36.0,"enemies":"Lagavulin","floor":6.0,"turns":5.0},{"damage":8.0,"enemies":"Small Slimes","floor":8.0,"turns":3.0},{"damage":7.0,"enemies":"Red Slaver","floor":12.0,"turns":2.0},{"damage":6.0,"enemies":"2 Fungi Beasts","floor":13.0,"turns":2.0},{"damage":0.0,"enemies":"Blue Slaver","floor":14.0,"turns":2.0},{"damage":45.0,"enemies":"Hexaghost","floor":16.0,"turns":8.0},{"damage":8.0,"enemies":"Shell Parasite","floor":18.0,"turns":4.0},{"damage":10.0,"enemies":"3 Byrds","floor":19.0,"turns":4.0},{"damage":7.0,"enemies":"Shelled Parasite and Fungi","floor":22.0,"turns":5.0},{"damage":6.0,"enemies":"Cultist and Chosen","floor":25.0,"turns":4.0},{"damage":20.0,"enemies":"Book of Stabbing","floor":28.0,"turns":5.0},{"damage":19.0,"enemies":"Snake Plant","floor":29.0,"turns":3.0},{"damage":6.0,"enemies":"Centurion and Healer","floor":30.0,"turns":3.0},{"damage":26.0,"enemies":"Collector","floor":33.0,"turns":5.0},{"damage":19.0,"enemies":"3 Darklings","floor":35.0,"turns":4.0},{"damage":25.0,"enemies":"3 Shapes","floor":38.0,"turns":4.0},{"damage":31.0,"enemies":"Writhing Mass","floor":41.0,"turns":5.0},{"damage":8,"enemies":"Transient","floor":45,"turns":5},{"damage":8,"enemies":"4 Shapes","floor":46,"turns":5},{"damage":13,"enemies":"Writhing Mass","floor":48,"turns":5},{"damage":54,"enemies":"Time Eater","floor":50,"turns":14},{"damage":104,"enemies":"Shield and Spear","floor":54,"turns":6}],"seed_played":"8947946326920122003","potions_obtained":[{"floor":6.0,"key":"SpeedPotion"},{"floor":12.0,"key":"BloodPotion"},{"floor":14.0,"key":"SteroidPotion"},{"floor":16.0,"key":"GamblersBrew"},{"floor":20.0,"key":"Energy Potion"},{"floor":20.0,"key":"Swift Potion"},{"floor":25.0,"key":"BloodPotion"},{"floor":30.0,"key":"Strength Potion"},{"floor":41.0,"key":"SkillPotion"},{"floor":46,"key":"FearPotion"}],"is_trial":false,"path_per_floor":["M","?","M","$","?","E","R","M","T","R","$","M","M","M","R","B",null,"M","M","?","$","M","?","R","M","T","R","E","M","M","?","R","B",null,"M","?","?","M","$","R","M","?","T","?","M","M","$","M","R","B",null,"R","$","E"],"character_chosen":"IRONCLAD","items_purchased":["Rampage","Happy Flower","TheAbacus","FairyPotion"],"campfire_rested":3,"item_purchase_floors":[4,11,21,47],"current_hp_per_floor":[61,61,66,66,66,36,60,58,58,58,58,57,57,63,63,24,80,78,74,74,74,73,58,58,75,75,75,61,48,48,48,73,53,85,72,72,72,53,53,77,52,42,42,42,40,38,54,47,47,30,81,81,81,0,0],"gold":22,"neow_bonus":"TWO_FIFTY_GOLD","is_daily":false,"chose_seed":false,"campfire_upgraded":5,"win_rate":0.0,"timestamp":1612834142,"path_taken":["M","?","M","$","?","E","R","M","T","R","$","?","M","M","R","BOSS","M","M","?","$","?","?","R","M","T","R","E","M","M","?","R","BOSS","M","?","?","M","$","R","M","?","T","?","M","M","$","M","R","BOSS","R","$","E"],"items_purchased_type":["Card","Relic","Relic","Potion"],"build_version":"2020-12-22","purchased_purges":4,"victory":false,"max_hp_per_floor":[80,80,80,80,80,80,80,80,80,80,80,80,80,80,80,80,80,80,80,80,80,80,85,85,85,85,85,85,85,85,85,85,85,85,85,85,81,81,81,81,81,81,81,81,81,81,81,81,81,81,81,81,81,81,81],"card_choices":[{"not_picked":["Armaments","Heavy Blade","Clash"],"picked":"SKIP","floor":1.0},{"not_picked":["Sword Boomerang","Entrench","True Grit"],"picked":"SKIP","floor":3.0},{"not_picked":["Carnage","Shrug It Off"],"picked":"Offering","floor":6.0},{"not_picked":["Twin Strike","True Grit"],"picked":"Iron Wave","floor":8.0},{"not_picked":["Thunderclap","Wild Strike","Warcry"],"picked":"SKIP","floor":12.0},{"not_picked":["Intimidate","Sentinel","Twin Strike"],"picked":"SKIP","floor":13.0},{"not_picked":["Intimidate","Pummel","Body Slam"],"picked":"SKIP","floor":14.0},{"not_picked":["Havoc+1","Entrench","Armaments+1"],"picked":"SKIP","floor":18.0},{"not_picked":["Heavy Blade","Sword Boomerang","Body Slam"],"picked":"SKIP","floor":19.0},{"not_picked":["Shrug It Off","Flex+1"],"picked":"Dropkick+1","floor":22.0},{"not_picked":["Anger","Sentinel"],"picked":"Barricade+1","floor":25.0},{"not_picked":["Thunderclap+1","Dark Embrace+1","Shockwave"],"picked":"SKIP","floor":28.0},{"not_picked":["Armaments","Cleave","Thunderclap"],"picked":"SKIP","floor":29.0},{"not_picked":["Headbutt","Heavy Blade","Havoc"],"picked":"SKIP","floor":30.0},{"not_picked":["Reaper","Bludgeon"],"picked":"Juggernaut+1","floor":33.0},{"not_picked":["Burning Pact","Anger+1"],"picked":"Iron Wave","floor":35.0},{"not_picked":["Wild Strike+1","Clothesline","Seeing Red+1"],"picked":"SKIP","floor":38.0},{"not_picked":["Havoc","Clothesline+1","Body Slam"],"picked":"SKIP","floor":41.0},{"not_picked":["Bandage Up","Metamorphosis"],"picked":"Finesse","floor":42.0},{"not_picked":["Deep Breath","Dramatic Entrance"],"picked":"Blind","floor":42.0},{"not_picked":["Cleave+1","Wild Strike"],"picked":"Flame Barrier","floor":45},{"not_picked":["Armaments","Dropkick","Spot Weakness+1"],"picked":"SKIP","floor":46},{"not_picked":["Spot Weakness","Sword Boomerang+1","Rampage+1"],"picked":"SKIP","floor":48}],"player_experience":283205,"relics_obtained":[{"floor":6.0,"key":"Pen Nib"},{"floor":9.0,"key":"Frozen Egg 2"},{"floor":28.0,"key":"Unceasing Top"}],"event_choices":[{"cards_removed":["Defend_R"],"damage_healed":0.0,"max_hp_gain":0.0,"max_hp_loss":0.0,"gold_gain":0.0,"event_name":"The Cleric","player_choice":"Card Removal","floor":2.0,"gold_loss":50.0,"damage_taken":0.0},{"cards_removed":["Strike_R"],"damage_healed":0.0,"max_hp_gain":0.0,"max_hp_loss":0.0,"gold_gain":0.0,"event_name":"Purifier","player_choice":"Purged","floor":5.0,"gold_loss":0.0,"damage_taken":0.0},{"damage_healed":0.0,"max_hp_gain":0.0,"max_hp_loss":0.0,"gold_gain":0.0,"event_name":"Lab","player_choice":"Got Potions","floor":20.0,"gold_loss":0.0,"damage_taken":0.0},{"damage_healed":0.0,"max_hp_gain":5.0,"max_hp_loss":0.0,"gold_gain":0.0,"event_name":"Forgotten Altar","player_choice":"Shed Blood","floor":23.0,"gold_loss":0.0,"damage_taken":20.0},{"damage_healed":0.0,"max_hp_gain":0.0,"max_hp_loss":0.0,"gold_gain":0.0,"event_name":"Vampires","player_choice":"Ignored","floor":31.0,"gold_loss":0.0,"damage_taken":0.0},{"damage_healed":0.0,"max_hp_gain":0.0,"max_hp_loss":0.0,"gold_gain":0.0,"event_name":"Tomb of Lord Red Mask","player_choice":"Ignored","floor":36.0,"gold_loss":0.0,"damage_taken":0.0},{"damage_healed":0.0,"max_hp_gain":0.0,"max_hp_loss":4.0,"gold_gain":0.0,"event_name":"Winding Halls","player_choice":"Max HP","floor":37.0,"gold_loss":0.0,"damage_taken":0.0},{"damage_healed":0.0,"max_hp_gain":0.0,"max_hp_loss":0.0,"gold_gain":0.0,"event_name":"SensoryStone","player_choice":"Memory 3","floor":42.0,"gold_loss":0.0,"damage_taken":10.0},{"damage_healed":0,"gold_gain":0,"player_choice":"Ignored","damage_taken":0,"max_hp_gain":0,"max_hp_loss":0,"event_name":"Mysterious Sphere","floor":44,"gold_loss":0}],"is_beta":false,"boss_relics":[{"not_picked":["Mark of Pain","Philosopher\u0027s Stone"],"picked":"Empty Cage"},{"not_picked":["Runic Pyramid","Tiny House"],"picked":"Cursed Key"}],"items_purged_floors":[4,11,39,47],"is_endless":false,"potions_floor_spawned":[6,12,14,16,25,28,30,41,46],"killed_by":"Shield and Spear","ascension_level":0}}