{"host":"aqym1xxr3lb31d9m","time":1612888063,"event":{"mods":["BaseMod","Block Reminder","Colored Map","Colored Powertips","DeckTracker","Highlight Path","Minty Spire (QoL Compilation)","Quick Restart","Random Character Button","StSLib","SuperFastMode","UnlockEverythingMod"],"gold_per_floor":[216,216,229,229,120,159,159,159,159],"floor_reached":8,"language":"JPN","playtime":218,"items_purged":[],"score":108,"play_id":"cf93d32c-fc1b-4166-a7b0-0f0f1f31b98a","local_time":"20210210012743","is_ascension_mode":true,"campfire_choices":[{"floor":7,"key":"REST"}],"circlet_count":0,"master_deck":["AscendersBane","Strike_R","Strike_R","Strike_R","Strike_R","Strike_R","Defend_R","Defend_R","Defend_R","Defend_R","Bash","Pommel Strike","Flame Barrier","Clothesline","Carnage"],"relics":["Burning Blood","Golden Idol","InkBottle","Tiny Chest"],"acts_visited":["Exordium"],"potions_floor_usage":[8],"damage_taken":[{"damage":19,"enemies":"Jaw Worm","floor":1,"turns":4},{"damage":7,"enemies":"Small Slimes","floor":3,"turns":3},{"damage":52,"enemies":"Lagavulin","floor":6,"turns":8},{"damage":30,"enemies":"3 Sentries","floor":8,"turns":6}],"seed_played":"5984363514787819334","potions_obtained":[{"floor":1,"key":"SpeedPotion"}],"is_trial":false,"path_per_floor":["M","?","M","T","$","E","R","E"],"character_chosen":"IRONCLAD","items_purchased":["Explosive Potion","Clothesline"],"campfire_rested":1,"item_purchase_floors":[5,5],"current_hp_per_floor":[55,55,54,54,54,8,28,0,0],"gold":159,"neow_bonus":"HUNDRED_GOLD","is_daily":false,"chose_seed":false,"campfire_upgraded":0,"win_rate":0.0,"timestamp":1612888063,"path_taken":["M","?","M","?","$","E","R","E"],"items_purchased_type":["Potion","Card"],"build_version":"2020-12-22","purchased_purges":0,"victory":false,"max_hp_per_floor":[75,68,68,68,68,68,68,68,68],"card_choices":[{"not_picked":["Pummel","Clothesline"],"picked":"Pommel Strike","floor":1},{"not_picked":["Clash","Body Slam"],"picked":"Flame Barrier","floor":3},{"not_picked":["Shockwave","Thunderclap"],"picked":"Carnage","floor":6}],"player_experience":4190137,"relics_obtained":[{"floor":4,"key":"InkBottle"},{"floor":6,"key":"Tiny Chest"}],"event_choices":[{"damage_healed":0,"gold_gain":0,"player_choice":"Lose Max HP","damage_taken":0,"relics_obtained":["Golden Idol"],"max_hp_gain":0,"max_hp_loss":7,"event_name":"Golden Idol","floor":2,"gold_loss":0}],"is_beta":false,"boss_relics":[],"items_purged_floors":[],"is_endless":false,"potions_floor_spawned":[1],"killed_by":"3 Sentries","ascension_level":20}}