{"host":"h5z4zgxxqflh0fuk","time":1612905075,"event":{"mods":["BaseMod","Downfall","Minty Spire (QoL Compilation)","Replay The Spire","StSLib"],"gold_per_floor":[99,116,172,185,15,15,96,122,132,150,182,197,97,107,121,221,221,221,233,251,336,436,448,528,557,557,586,586,52,52,52,72,175,175,75,89,239,258,308,308,308,208,68,68,82,193,211,228,245,245,245,278,12,12,12,12],"floor_reached":57,"language":"ENG","playtime":5825,"items_purged":["Slimebound:Strike_Slimebound","Slimebound:Strike_Slimebound","Slimebound:Strike_Slimebound","Parasite"],"score":1654,"play_id":"fc6e1746-5e8c-4bf4-8a17-5373019b376e","local_time":"20210209221115","is_ascension_mode":false,"campfire_choices":[{"floor":1,"key":"RECALL"},{"data":"Slimebound:Gluttony","floor":13,"key":"SMITH"},{"floor":18,"key":"DIG"},{"data":"Slimebound:Gluttony","floor":35,"key":"SMITH"},{"data":"Slimebound:AcidTongue","floor":40,"key":"SMITH"},{"data":"Slimebound:HauntingLick","floor":42,"key":"SMITH"},{"data":"Slimebound:SlimeSlap","floor":54,"key":"SMITH"}],"circlet_count":0,"master_deck":["Slimebound:Tackle","Slimebound:Defend_Slimebound","Slimebound:Defend_Slimebound","Slimebound:Defend_Slimebound","Slimebound:Split","Slimebound:CorrosiveSpit","Slimebound:LeechEnergy","Slimebound:SpikyOuterGoop","Slimebound:GoopSpray","Slimebound:MegaLick","Slimebound:Gluttony+1","Slimebound:LivingWall+1","Slimebound:LeechingTouch","Slimebound:Gluttony+1","Slimebound:Schlurp","Slimebound:SplitMire","Slimebound:LeadByExample","Slimebound:HauntingLick+1","Slimebound:RallyTheTroops","Slimebound:SplitMire+1","Slimebound:SlimeSpikes","Slimebound:HauntingLick+1","Slimebound:Split","Slimebound:SpikyOuterGoop","Slimebound:LeechEnergy","Slimebound:ViciousTackle","Slimebound:GoopSpray+1","Slimebound:SlimeSlap+1","Slimebound:AcidTongue+1","Slimebound:TongueLash","Slimebound:SpikyOuterGoop+1","Slimebound:LeechingTouch","Slimebound:SlimeSpikes+1","Slimebound:DouseInSlime","Slimebound:SplitLeeching+1","Slimebound:LivingWall","Slimebound:ProtectTheBoss","Slimebound:SamplingLick+1","Slimebound:LivingWall+1","Slimebound:SpikyOuterGoop"],"relics":["Slimebound:AbsorbEndCombat","Regal Pillow","Toolbox","Mummified Hand","Iron Hammer","downfall:HeartBlessingRed","Black Star","Dream Catcher","Gremlin Horn","Strawberry","Bottled Flame","Nilry\u0027s Codex","Juzu Bracelet","Boot","Quantum Egg","Membership Card","Ice Cream","Coffee Dripper","downfall:HeartBlessingGreen","StoneCalendar","downfall:HeartBlessingBlue","Replay:Baseball","PreservedInsect","Anchor","Snack Pack","Centennial Puzzle","Slimebound:SelfDamagePreventRelic","Bag of Marbles"],"acts_visited":["Exordium","TheCity","TheBeyond","TheEnding"],"potions_floor_usage":[27,29,50,56,56],"damage_taken":[{"damage":10,"enemies":"Small Slimes","floor":2,"turns":4},{"damage":2,"enemies":"2 Louse","floor":4,"turns":3},{"damage":6,"enemies":"downfall:FleeingMerchant","floor":5,"turns":4},{"damage":2,"enemies":"3 Sentries","floor":8,"turns":6},{"damage":3,"enemies":"Cultist","floor":9,"turns":4},{"damage":6,"enemies":"Red Slaver","floor":10,"turns":3},{"damage":0,"enemies":"Replay:BlueRogue","floor":11,"turns":4},{"damage":0,"enemies":"2 Fungi Beasts","floor":12,"turns":2},{"damage":0,"enemies":"Exordium Wildlife","floor":14,"turns":2},{"damage":0,"enemies":"3 Louse","floor":15,"turns":2},{"damage":0,"enemies":"SI_SHIV_ARCHETYPE","floor":16,"turns":3},{"damage":3,"enemies":"Chosen","floor":19,"turns":2},{"damage":16,"enemies":"Shell Parasite","floor":20,"turns":5},{"damage":4,"enemies":"Snake Plant","floor":23,"turns":3},{"damage":3,"enemies":"Gremlin Leader","floor":25,"turns":5},{"damage":18,"enemies":"Replay:Snechameleon","floor":27,"turns":3},{"damage":10,"enemies":"downfall:FleeingMerchant","floor":29,"turns":4},{"damage":2,"enemies":"Centurion and Healer","floor":32,"turns":4},{"damage":29,"enemies":"DF_ARCHETYPE_CLAW","floor":33,"turns":8},{"damage":0,"enemies":"Orb Walker","floor":36,"turns":3},{"damage":3,"enemies":"3 Shapes","floor":38,"turns":2},{"damage":3,"enemies":"3 Shapes","floor":39,"turns":3},{"damage":3,"enemies":"downfall:FleeingMerchant","floor":43,"turns":4},{"damage":13,"enemies":"Sphere and 2 Shapes","floor":45,"turns":5},{"damage":0,"enemies":"downfall:FleeingMerchant","floor":46,"turns":2},{"damage":14,"enemies":"Maw","floor":47,"turns":5},{"damage":7,"enemies":"Spire Growth","floor":48,"turns":4},{"damage":0,"enemies":"Writhing Mass","floor":49,"turns":4},{"damage":10,"enemies":"WA_ARCHETYPE_DIVINITY","floor":50,"turns":7},{"damage":60,"enemies":"downfall:CharBossMerchant","floor":52,"turns":7},{"damage":8,"enemies":"downfall:NeowBoss","floor":55,"turns":13},{"damage":52,"enemies":"downfall:NeowBossFinal","floor":56,"turns":11}],"seed_played":"2498596062405882694","potions_obtained":[{"floor":2,"key":"BlessingOfTheForge"},{"floor":3,"key":"Swift Potion"},{"floor":9,"key":"LifebloodPotion"},{"floor":12,"key":"Slimebound:SlimedPotion"},{"floor":16,"key":"champ:CounterPotion"},{"floor":20,"key":"Slimebound:SlimyTonguePotion"},{"floor":32,"key":"FairyPotion"},{"floor":33,"key":"DistilledChaos"},{"floor":45,"key":"Doom Potion"},{"floor":48,"key":"LiquidMemories"},{"floor":52,"key":"Weak Potion"}],"is_trial":false,"path_per_floor":["R","M","?","M","$","?","T","E","M","M","E","M","R","M","M","B",null,"R","M","M","?","?","M","T","E","?","E","?","$","?","T","M","B",null,"R","M","?","M","?","R","T","R","$","?","M","$","M","M","M","B",null,"E","$","R","B","B",null],"character_chosen":"SLIMEBOUND","items_purchased":["Toolbox","Quantum Egg","Membership Card","Slimebound:ViciousTackle","Replay:Baseball","Anchor","Slimebound:DouseInSlime","Slimebound:SplitLeeching+1","Slimebound:SpikyOuterGoop","Slimebound:SelfDamagePreventRelic","Bag of Marbles"],"campfire_rested":0,"item_purchase_floors":[5,29,29,29,43,46,46,46,53,53,53],"current_hp_per_floor":[71,65,65,67,67,67,67,70,68,66,71,71,71,71,71,71,71,71,71,59,47,47,49,49,61,45,35,35,33,33,33,39,18,78,78,78,78,78,77,77,77,87,85,85,78,82,74,71,79,77,88,28,28,28,30,20],"gold":12,"neow_bonus":"TEN_PERCENT_HP_BONUS","is_daily":false,"chose_seed":false,"campfire_upgraded":5,"win_rate":0.0,"timestamp":1612905075,"path_taken":["R","M","?","?","?","?","T","E","?","M","E","M","R","M","M","BOSS","R","M","M","?","?","?","T","E","?","E","?","$","?","?","M","BOSS","R","M","?","M","?","R","T","R","$","?","M","$","M","M","M","BOSS","E","$","R","BOSS","BOSS"],"items_purchased_type":["Relic","Relic","Relic","Card","Relic","Relic","Card","Card","Card","Relic","Relic"],"build_version":"2020-12-22","purchased_purges":4,"victory":true,"max_hp_per_floor":[71,71,71,71,71,71,71,71,71,71,71,71,71,71,71,71,71,71,71,71,71,71,71,71,78,78,78,78,78,78,78,78,78,78,78,78,78,78,78,78,78,88,88,88,88,88,88,88,88,88,88,88,85,85,85,85],"card_choices":[{"not_picked":["Slimebound:RainOfGoop","Slimebound:FlameTackle"],"picked":"Slimebound:LeechEnergy","floor":2},{"not_picked":["Slimebound:SamplingLick","Slimebound:SplitBruiser"],"picked":"Slimebound:SpikyOuterGoop","floor":3},{"not_picked":["Slimebound:FinishingTackle","Slimebound:GoopTackle"],"picked":"Slimebound:GoopSpray","floor":3},{"not_picked":["Slimebound:Replication","Slimebound:SplitLeeching"],"picked":"Slimebound:MegaLick","floor":4},{"not_picked":["Slimebound:FinishingTackle","Slimebound:SplitBruiser"],"picked":"Slimebound:Gluttony","floor":5},{"not_picked":["Slimebound:SlimeSpikes","Slimebound:FinishingTackle"],"picked":"Slimebound:LeechingTouch","floor":8},{"not_picked":["Slimebound:SplitAcid","Slimebound:RainOfGoop"],"picked":"Slimebound:Gluttony","floor":9},{"not_picked":["Slimebound:RainOfGoop","Slimebound:SlimeBrawl"],"picked":"Slimebound:Schlurp","floor":10},{"not_picked":["Slimebound:ComboTackle","Slimebound:DisruptingSlam"],"picked":"Slimebound:SplitMire","floor":11},{"not_picked":["Slimebound:TongueLash","Slimebound:Chomp"],"picked":"Slimebound:LeadByExample","floor":12},{"not_picked":["Slimebound:GoopTackle","Slimebound:Teamwork"],"picked":"Slimebound:HauntingLick","floor":14},{"not_picked":["Slimebound:FinishingTackle","Slimebound:FlameTackle","Slimebound:Gluttony"],"picked":"SKIP","floor":15},{"not_picked":["Slimebound:MassRepurpose","Slimebound:DuplicatedForm"],"picked":"Slimebound:RallyTheTroops","floor":16},{"not_picked":["Slimebound:LivingWall+1","Slimebound:LeechEnergy","Slimebound:PressTheAttack"],"picked":"SKIP","floor":19},{"not_picked":["Slimebound:Prepare+1","Slimebound:HauntingLick+1"],"picked":"Slimebound:SplitMire+1","floor":20},{"not_picked":["Slimebound:GoopTackle","Slimebound:GrowthPunch","Slimebound:LivingWall"],"picked":"SKIP","floor":23},{"not_picked":["Slimebound:SplitMire","Slimebound:PressTheAttack"],"picked":"Slimebound:SlimeSpikes","floor":25},{"not_picked":["Slimebound:SplitBruiser","Slimebound:Dissolve+1"],"picked":"Slimebound:HauntingLick+1","floor":27},{"not_picked":["Slimebound:MegaLick","Slimebound:LivingWall"],"picked":"Slimebound:LeechEnergy","floor":29},{"not_picked":["Slimebound:LivingWall","Slimebound:SamplingLick"],"picked":"Slimebound:GoopSpray+1","floor":32},{"not_picked":["Slimebound:DuplicatedForm","Slimebound:MassRepurpose"],"picked":"Slimebound:SlimeSlap","floor":33},{"not_picked":["Slimebound:HauntingLick+1","Slimebound:SpikyOuterGoop"],"picked":"Slimebound:AcidTongue","floor":36},{"not_picked":["Slimebound:GoopSpray+1","Slimebound:ItLooksTasty+1"],"picked":"Slimebound:TongueLash","floor":38},{"not_picked":["Slimebound:LeechingTouch","Slimebound:SelfFormingGoo"],"picked":"Slimebound:SpikyOuterGoop+1","floor":39},{"not_picked":["Slimebound:ItLooksTasty+1","Slimebound:ForwardTackle+1","Slimebound:Chomp"],"picked":"SKIP","floor":43},{"not_picked":["Slimebound:RollThrough+1","Slimebound:Dissolve+1"],"picked":"Slimebound:LeechingTouch","floor":45},{"not_picked":["Slimebound:HauntingLick","Slimebound:SplitAcid"],"picked":"Slimebound:SlimeSpikes+1","floor":46},{"not_picked":["Slimebound:SplitMire+1","Slimebound:FlameTackle+1"],"picked":"Slimebound:LivingWall","floor":47},{"not_picked":["Slimebound:ForwardTackle+1","Slimebound:SplitBruiser+1"],"picked":"Slimebound:ProtectTheBoss","floor":48},{"not_picked":["Slimebound:SlimeSpikes","Slimebound:MassFeed"],"picked":"Slimebound:SamplingLick+1","floor":49},{"not_picked":["Slimebound:Replication+1","Slimebound:Chomp+1"],"picked":"Slimebound:LivingWall+1","floor":52}],"player_experience":24504,"relics_obtained":[{"floor":3,"key":"Regal Pillow"},{"floor":7,"key":"Mummified Hand"},{"floor":8,"key":"Iron Hammer"},{"floor":11,"key":"Nunchaku"},{"floor":18,"key":"Dream Catcher"},{"floor":24,"key":"Gremlin Horn"},{"floor":25,"key":"Strawberry"},{"floor":25,"key":"Bottled Flame"},{"floor":26,"key":"Nilry\u0027s Codex"},{"floor":27,"key":"Juzu Bracelet"},{"floor":27,"key":"Boot"},{"floor":31,"key":"Ice Cream"},{"floor":39,"key":"StoneCalendar"},{"floor":44,"key":"PreservedInsect"},{"floor":52,"key":"Snack Pack"},{"floor":52,"key":"Centennial Puzzle"}],"event_choices":[{"damage_healed":0,"gold_gain":0,"player_choice":"Ignored","damage_taken":0,"max_hp_gain":0,"max_hp_loss":0,"event_name":"Ghosts","floor":30,"gold_loss":0}],"is_beta":false,"boss_relics":[{"not_picked":["Empty Cage","Calling Bell"],"picked":"Black Star"},{"not_picked":["Cursed Key","bronze:MakeshiftBattery"],"picked":"Coffee Dripper"}],"items_purged_floors":[29,43,46,53],"is_endless":false,"potions_floor_spawned":[2,9,12,15,16,20,32,33,45,48,49,52],"ascension_level":0}}