{"host":"mu165mn6stovahle","time":1612838176,"event":{"mods":["Astrologer","Bard","BaseMod","Beaked The Cultist","Better Third Choice","CapriCore","Colored Powertips","Conspire","Downfall","Glutton Mod","Halation","Hermit","Hero for Fun","Infinite Spire","Mad Scientist","Marisa????????","Minty Spire (QoL Compilation)","Remilia??????","Replay The Spire","SOS???????","Shade Mod","StSLib","The Animator","The Blackbeard","The Bug Knight","The Construct","The Cursed","The Disciple","The Gatherer","The Hierophant","The Immortal","The Judge","The Juggle","The Marked","The Mystic","The Necromancer","The Problem Sleuth","The Servant 0.9.4","The Spell Scribe","The Wild Card","The Witch","Yuri Mod"],"gold_per_floor":[111,111,111,123,139,139,152,152,152,152,192,211,231,244,244,341,341,356,356,369,384,384,8,8,8,8,8],"floor_reached":25,"language":"ENG","playtime":2131,"items_purged":[],"score":195,"play_id":"d1e7f2d1-9c47-4651-a85c-c2b1b0ee1646","local_time":"20210208203616","is_ascension_mode":false,"campfire_choices":[{"floor":6,"key":"RECALL"},{"data":"MokouMod:FlareStarter","floor":8,"key":"SMITH"},{"data":"MokouMod:Singe","floor":10,"key":"SMITH"},{"floor":15,"key":"REST"},{"floor":24,"key":"REST"}],"circlet_count":0,"master_deck":["MokouMod:Strike","MokouMod:Strike","MokouMod:Strike","MokouMod:Strike","MokouMod:Strike","MokouMod:Defend","MokouMod:Defend","MokouMod:Defend","MokouMod:Defend","MokouMod:HeatSpark+1","MokouMod:ScorchingColumn","MokouMod:FlareStarter+1","MokouMod:Stoke","MokouMod:Singe+1","MokouMod:FlareStarter","MokouMod:Sear","MokouMod:Ember","MokouMod:CrimsonFlare","MokouMod:ExplosiveFlame","MokouMod:ScorchingColumn","MokouMod:Overheat","MokouMod:FlamingFireTalons","MokouMod:IgnitionBarrier","MokouMod:RadiantBlade","MokouMod:SearingShot","MokouMod:FlareStarter","MokouMod:Meltdown+1","MokouMod:ResoluteFlare"],"relics":["MokouMod:PhoenixFeather","NeowsBlessing","halation:BlackBeret","FossilizedHelix","bronze:MakeshiftBattery","Dream Catcher"],"acts_visited":["Exordium","TheCity"],"potions_floor_usage":[11,16,20,21,25],"damage_taken":[{"damage":0,"enemies":"2 Louse","floor":1,"turns":1},{"damage":0,"enemies":"Small Slimes","floor":4,"turns":1},{"damage":0,"enemies":"Jaw Worm","floor":5,"turns":1},{"damage":7,"enemies":"Blue Slaver","floor":7,"turns":4},{"damage":43,"enemies":"conspire:MimicChest","floor":11,"turns":9},{"damage":11,"enemies":"Lots of Slimes","floor":12,"turns":6},{"damage":0,"enemies":"Exordium Wildlife","floor":13,"turns":4},{"damage":0,"enemies":"Large Slime","floor":14,"turns":6},{"damage":99,"enemies":"Fading Forest","floor":16,"turns":11},{"damage":0,"enemies":"Chosen","floor":18,"turns":6},{"damage":0,"enemies":"Shell Parasite","floor":20,"turns":5},{"damage":15,"enemies":"Centurion and Healer","floor":21,"turns":6},{"damage":96,"enemies":"Gremlin Leader","floor":25,"turns":8}],"seed_played":"4432659468017685821","potions_obtained":[{"floor":4,"key":"hexamod:SoulburnPotion"},{"floor":12,"key":"Energy Potion"},{"floor":16,"key":"Languid Potion"},{"floor":18,"key":"Slimebound:ThreeZeroPotion"},{"floor":21,"key":"SkillPotion"}],"is_trial":false,"path_per_floor":["M","?","?","M","M","R","M","R","T","R","?","M","M","M","R","B",null,"M","?","M","M","?","$","R","E"],"character_chosen":"MKU","items_purchased":["MokouMod:IgnitionBarrier","MokouMod:RadiantBlade","MokouMod:SearingShot","MokouMod:FlareStarter","MokouMod:Meltdown+1"],"campfire_rested":2,"item_purchase_floors":[23,23,23,23,23],"current_hp_per_floor":[75,75,75,75,75,75,68,68,68,68,25,14,14,14,36,10,75,75,75,75,60,60,60,75,0,0,0],"gold":8,"neow_bonus":"THREE_ENEMY_KILL","is_daily":false,"chose_seed":false,"campfire_upgraded":2,"win_rate":0.0,"timestamp":1612838176,"path_taken":["M","?","?","M","M","R","M","R","T","R","?","M","M","?","R","BOSS","M","?","M","?","?","$","R","E"],"items_purchased_type":["Card","Card","Card","Card","Card"],"build_version":"2020-12-22","purchased_purges":0,"victory":false,"max_hp_per_floor":[75,75,75,75,75,75,75,75,75,75,75,75,75,75,75,75,75,75,75,75,75,75,75,75,75,75,75],"card_choices":[{"not_picked":["MokouMod:BlazingComet","MokouMod:WarmUp"],"picked":"MokouMod:ScorchingColumn","floor":1},{"not_picked":["MokouMod:ShiftIgnition","MokouMod:ResonanceReactor"],"picked":"MokouMod:FlareStarter","floor":4},{"not_picked":["MokouMod:RoaringFlare","MokouMod:Ember"],"picked":"MokouMod:Stoke","floor":5},{"not_picked":["MokouMod:BlazingComet","MokouMod:HeatFactory"],"picked":"MokouMod:Singe","floor":7},{"not_picked":["MokouMod:Sear","MokouMod:Singe"],"picked":"MokouMod:FlareStarter","floor":11},{"not_picked":["MokouMod:BlazingComet","MokouMod:RetainTemperature"],"picked":"MokouMod:Sear","floor":12},{"not_picked":["MokouMod:Sear","MokouMod:BlazingComet"],"picked":"MokouMod:Ember","floor":13},{"not_picked":["MokouMod:Combust","MokouMod:HeartofFire"],"picked":"MokouMod:CrimsonFlare","floor":14},{"not_picked":["MokouMod:Extinguish","MokouMod:ProfanedFlare"],"picked":"MokouMod:ExplosiveFlame","floor":16},{"not_picked":["MokouMod:FlickeringFlame","MokouMod:TemporalFireSeal"],"picked":"MokouMod:ScorchingColumn","floor":18},{"not_picked":["MokouMod:PhoenixForm","MokouMod:Stoke"],"picked":"MokouMod:Overheat","floor":20},{"not_picked":["MokouMod:ControlledCombustion","MokouMod:Meltdown"],"picked":"MokouMod:FlamingFireTalons","floor":21},{"not_picked":["MokouMod:TemporalFireSeal","MokouMod:WarmUp"],"picked":"MokouMod:ResoluteFlare","floor":24}],"player_experience":184372,"relics_obtained":[{"floor":3,"key":"halation:BlackBeret"},{"floor":11,"key":"FossilizedHelix"},{"floor":19,"key":"Dream Catcher"}],"event_choices":[{"damage_healed":0,"gold_gain":0,"player_choice":"Grow","damage_taken":0,"max_hp_gain":0,"max_hp_loss":0,"event_name":"Living Wall","floor":2,"gold_loss":0,"cards_upgraded":["MokouMod:HeatSpark"]},{"damage_healed":0,"gold_gain":0,"player_choice":"Relic","damage_taken":0,"max_hp_gain":0,"max_hp_loss":0,"event_name":"Wheel of Change","floor":19,"gold_loss":0}],"is_beta":false,"boss_relics":[{"not_picked":["construct:WeddingRing","Replay:Bronze Core"],"picked":"bronze:MakeshiftBattery"}],"items_purged_floors":[],"is_endless":false,"potions_floor_spawned":[4,12,16,18,21],"killed_by":"Gremlin Leader","ascension_level":0}}