{"host":"e8rlfedn69rz2s07","time":1612833748,"event":{"mods":["AchievementEnabler","BaseMod","Minty Spire (QoL Compilation)","Permanent Neow","Relic Stats","Unceasing Turn Reminder"],"gold_per_floor":[115,115,132,144,157,190,190,216,216,216,128,162,179,10,10,85,85,96,111,123,140,157,191,191,209,236,283,308,320,364,387,399,411,411],"floor_reached":33,"language":"ENG","playtime":4703,"items_purged":[],"score":712,"play_id":"a13121db-c343-4811-9415-bfe4327492cc","local_time":"20210209032228","is_ascension_mode":true,"campfire_choices":[{"data":"Footwork","floor":7.0,"key":"SMITH"},{"data":"Footwork","floor":10.0,"key":"SMITH"},{"data":"Well Laid Plans","floor":15.0,"key":"SMITH"},{"data":"Catalyst","floor":24.0,"key":"SMITH"},{"data":"Footwork","floor":32.0,"key":"SMITH"}],"circlet_count":0,"master_deck":["AscendersBane","Survivor","Neutralize","Corpse Explosion","Glass Knife","Backstab","Tools of the Trade","Blur","Dash","Footwork+1","Envenom","Dash","Footwork+1","All Out Attack","Bane","Leg Sweep","PiercingWail","Leg Sweep","Predator","Noxious Fumes","Tactician","Well Laid Plans+1","Night Terror","Catalyst","Backflip+1","Catalyst+1","Infinite Blades","Backflip","Leg Sweep","Cloak And Dagger","Footwork+1","Crippling Poison","Calculated Gamble","Backflip"],"relics":["Pandora\u0027s Box","Bag of Marbles","Akabeko","MealTicket","Paper Crane","Frozen Eye","Coffee Dripper","Sundial","MawBank","Tiny Chest","Art of War"],"acts_visited":["Exordium","TheCity"],"potions_floor_usage":[33],"damage_taken":[{"damage":0.0,"enemies":"Cultist","floor":1.0,"turns":4.0},{"damage":2.0,"enemies":"Small Slimes","floor":3.0,"turns":2.0},{"damage":0.0,"enemies":"2 Louse","floor":4.0,"turns":2.0},{"damage":0.0,"enemies":"Gremlin Gang","floor":5.0,"turns":3.0},{"damage":16.0,"enemies":"Gremlin Nob","floor":6.0,"turns":6.0},{"damage":14.0,"enemies":"3 Sentries","floor":8.0,"turns":5.0},{"damage":15.0,"enemies":"Lagavulin","floor":12.0,"turns":5.0},{"damage":0.0,"enemies":"Red Slaver","floor":13.0,"turns":1.0},{"damage":2.0,"enemies":"Hexaghost","floor":16.0,"turns":11.0},{"damage":2.0,"enemies":"Shell Parasite","floor":18.0,"turns":6.0},{"damage":0.0,"enemies":"Chosen","floor":19.0,"turns":4.0},{"damage":0.0,"enemies":"Snecko","floor":20.0,"turns":6.0},{"damage":21.0,"enemies":"Chosen and Byrds","floor":21.0,"turns":6.0},{"damage":15.0,"enemies":"Shelled Parasite and Fungi","floor":22.0,"turns":7.0},{"damage":27.0,"enemies":"Book of Stabbing","floor":23.0,"turns":7.0},{"damage":1.0,"enemies":"Centurion and Healer","floor":25.0,"turns":3.0},{"damage":0.0,"enemies":"Gremlin Leader","floor":27.0,"turns":8.0},{"damage":0.0,"enemies":"Snake Plant","floor":28.0,"turns":6.0},{"damage":0.0,"enemies":"Colosseum Slavers","floor":29.0,"turns":2.0},{"damage":3.0,"enemies":"Book of Stabbing","floor":30.0,"turns":7.0},{"damage":0.0,"enemies":"Chosen and Byrds","floor":31.0,"turns":6.0},{"damage":28,"enemies":"Collector","floor":33,"turns":5}],"seed_played":"5546297739245834112","potions_obtained":[{"floor":1.0,"key":"EssenceOfSteel"},{"floor":3.0,"key":"Energy Potion"},{"floor":6.0,"key":"Energy Potion"},{"floor":8.0,"key":"Explosive Potion"},{"floor":12.0,"key":"LiquidBronze"},{"floor":18.0,"key":"Regen Potion"},{"floor":25.0,"key":"Block Potion"},{"floor":28.0,"key":"SpeedPotion"},{"floor":30.0,"key":"DuplicationPotion"}],"is_trial":false,"path_per_floor":["M","?","M","M","M","E","R","E","T","R","$","E","M","$","R","B",null,"M","M","M","M","M","E","R","M","T","E","M","?","E","M","R","B"],"character_chosen":"THE_SILENT","items_purchased":["Noxious Fumes","Frozen Eye"],"campfire_rested":0,"item_purchase_floors":[11,14],"current_hp_per_floor":[59,59,57,57,57,41,41,27,27,27,42,27,27,42,42,40,60,58,58,58,37,37,10,10,9,9,9,9,9,6,6,6,0,0],"gold":411,"neow_bonus":"BOSS_RELIC","is_daily":false,"chose_seed":false,"campfire_upgraded":5,"win_rate":0.0,"timestamp":1612833748,"path_taken":["M","?","M","M","M","E","R","E","T","R","?","E","M","$","R","BOSS","M","?","M","M","M","E","R","M","T","E","M","?","E","M","R","BOSS"],"items_purchased_type":["Card","Relic"],"build_version":"2020-12-22","purchased_purges":0,"victory":false,"max_hp_per_floor":[66,66,66,66,66,66,66,66,66,66,66,66,66,66,66,66,66,66,66,66,66,66,66,66,66,66,66,66,66,66,66,66,66,66],"relic_stats":{"counters":[22,112],"Sundial":[2],"Pandora\u0027s Box":["Corpse Explosion","Glass Knife","Backstab","Tools of the Trade","Blur","Dash","Footwork","Envenom","Dash","Prepared"],"MealTicket":30,"Tiny Chest":0,"Art of War":[3],"MawBank":84,"obtain_stats":[{"Frozen Eye":14,"Sundial":23,"Pandora\u0027s Box":0,"MealTicket":9,"Tiny Chest":27,"Bag of Marbles":6,"Coffee Dripper":17,"Art of War":30,"Paper Crane":12,"MawBank":26,"Akabeko":8,"Ring of the Snake":0},{"Frozen Eye":8,"Sundial":15,"Pandora\u0027s Box":0,"MealTicket":6,"Tiny Chest":17,"Bag of Marbles":5,"Coffee Dripper":9,"Art of War":20,"Paper Crane":7,"MawBank":16,"Akabeko":6,"Ring of the Snake":0},{"Frozen Eye":28,"Sundial":75,"Pandora\u0027s Box":0,"MealTicket":22,"Tiny Chest":86,"Bag of Marbles":17,"Coffee Dripper":39,"Art of War":101,"Paper Crane":27,"MawBank":78,"Akabeko":22,"Ring of the Snake":0}]},"card_choices":[{"not_picked":["Finisher","Dagger Throw"],"picked":"Footwork","floor":1.0},{"not_picked":["Dagger Throw","Blade Dance"],"picked":"Bane","floor":3.0},{"not_picked":["Blade Dance","Finisher"],"picked":"Leg Sweep","floor":4.0},{"not_picked":["Deflect","Choke"],"picked":"PiercingWail","floor":5.0},{"not_picked":["Blade Dance","Skewer"],"picked":"Leg Sweep","floor":6.0},{"not_picked":["Terror","Poisoned Stab"],"picked":"Predator","floor":8.0},{"not_picked":["Prepared","Masterful Stab"],"picked":"Tactician","floor":12.0},{"not_picked":["Acrobatics","Sucker Punch"],"picked":"Well Laid Plans","floor":13.0},{"not_picked":["Bullet Time","After Image"],"picked":"Night Terror","floor":16.0},{"not_picked":["Choke","Bouncing Flask"],"picked":"Catalyst","floor":18.0},{"not_picked":["PiercingWail","Blade Dance"],"picked":"Backflip+1","floor":19.0},{"not_picked":["Prepared+1","Bane"],"picked":"Catalyst","floor":20.0},{"not_picked":["Deflect","PiercingWail"],"picked":"Infinite Blades","floor":21.0},{"not_picked":["Predator","Cloak And Dagger+1"],"picked":"Backflip","floor":22.0},{"not_picked":["Infinite Blades","Underhanded Strike"],"picked":"Leg Sweep","floor":23.0},{"not_picked":["Quick Slash","Caltrops"],"picked":"Cloak And Dagger","floor":25.0},{"not_picked":["Glass Knife","Predator"],"picked":"Footwork","floor":27.0},{"not_picked":["Heel Hook","Dagger Throw"],"picked":"Crippling Poison","floor":28.0},{"not_picked":["Expertise","Dagger Throw"],"picked":"Calculated Gamble","floor":30.0},{"not_picked":["Blade Dance","Deadly Poison"],"picked":"Backflip","floor":31.0}],"player_experience":1042314,"relics_obtained":[{"floor":6.0,"key":"Bag of Marbles"},{"floor":8.0,"key":"Akabeko"},{"floor":9.0,"key":"MealTicket"},{"floor":12.0,"key":"Paper Crane"},{"floor":23.0,"key":"Sundial"},{"floor":26.0,"key":"MawBank"},{"floor":27.0,"key":"Tiny Chest"},{"floor":30.0,"key":"Art of War"}],"event_choices":[{"damage_healed":0.0,"max_hp_gain":0.0,"max_hp_loss":0.0,"gold_gain":0.0,"cards_transformed":["Prepared"],"event_name":"Transmorgrifier","player_choice":"Transformed","floor":2.0,"gold_loss":0.0,"damage_taken":0.0,"cards_obtained":["All Out Attack"]},{"damage_healed":0.0,"max_hp_gain":0.0,"max_hp_loss":0.0,"gold_gain":0.0,"event_name":"Colosseum","player_choice":"Fight","floor":29.0,"gold_loss":0.0,"damage_taken":0.0},{"damage_healed":0.0,"max_hp_gain":0.0,"max_hp_loss":0.0,"gold_gain":0.0,"event_name":"Colosseum","player_choice":"Fled From Nobs","floor":29.0,"gold_loss":0.0,"damage_taken":0.0}],"is_beta":false,"boss_relics":[{"not_picked":["Empty Cage","Velvet Choker"],"picked":"Coffee Dripper"}],"items_purged_floors":[],"is_endless":false,"potions_floor_spawned":[1,3,6,8,12,18,21,25,28,29,30],"killed_by":"Collector","ascension_level":20}}