{"host":"4a0aa7b2d8dxohwr","time":1612861956,"event":{"mods":["ATMod(∞¢Ë™Mod)","Act Like it!","BaseMod","Dota2Spire","Friendly Minions","Gensokyo","GifTheSpireLib","GungeonMod","Marisa£®ÏF”Í°°ƒß¿Ì…≥£©","Minty Spire (QoL Compilation)","Reimu£®≤©¿ˆ¡È√Œ£©","Remilia£®¿Ÿ√◊¿Ú—«£©","Shop Mod","StSLib","The Senshi","The Servant 0.9.4","Youmu£®ªÍ∆«—˝√Œ£©","[IsaacMod]“‘»ˆº‚À˛"],"gold_per_floor":[112,129,139,149,149,180,13,13,13,38,38,38,93,173,173,248,248,264,264,19,19,56,88,100,113,113,132,13,33,47,47,47,120,120,139,13,13,33,42,73,89,0,0,31,51,51,62,87,87,87,87,87,9,38,38],"floor_reached":56,"language":"ZHS","playtime":3474,"items_purged":["Strike_G","Strike_G","Strike_G","Defend_G","Strike_G"],"score":2607,"play_id":"7b630d5c-7f59-42e0-b23e-d93260459691","local_time":"20210209171236","is_ascension_mode":true,"campfire_choices":[{"data":"AT_FamilyPortrait","floor":8.0,"key":"SMITH"},{"data":"Tactician","floor":12.0,"key":"SMITH"},{"data":"AT_WindFlip","floor":15.0,"key":"SMITH"},{"data":"Adrenaline","floor":32.0,"key":"SMITH"},{"data":"Neutralize","floor":46.0,"key":"SMITH"},{"floor":49.0,"key":"RECALL"},{"data":"Survivor","floor":52.0,"key":"SMITH"}],"circlet_count":0,"master_deck":["AscendersBane","Defend_G+1","Defend_G","Defend_G","Defend_G","Survivor+1","Neutralize+1","AT_FamilyPortrait+1","AT_WindFlip+1","Tactician+1","After Image+1","Prepared+1","AT_EssenceShift","CurseOfTheBell","AT_Desolate+1","Blade Dance+1","Acrobatics+1","Accuracy+1","Adrenaline+1","Gensokyo:ShootingStar","Adrenaline+1","Backflip+1","Cloak And Dagger"],"relics":["HushsDoor","AT_ATBox","Snecko Eye","Dota2Spire:ShivaGuard","Incense Burner","AT_RabadonDeathcap","DemoMod:GlassGuonStoneRelic","BlankCard","AT_SilvercatRing","HowToJump","BookofShadows","DemoMod:SuperHotWatch","Ginger","SteamSale","Gensokyo:ChorusOfJoy","InkBottle","SatanicBible","MerchantsRug","Gensokyo:RedStar","Ice Cream","Dota2Spire:MagicBottle","TheBattery","Dota2Spire:HeartOfTarrasque","Tingsha","Bottled Tornado"],"acts_visited":["Exordium","Gensokyo:Gensokyo","TheBeyond","TheEnding"],"potions_floor_usage":[55],"damage_taken":[{"damage":9.0,"enemies":"Gensokyo:Gryphon","floor":1.0,"turns":4.0},{"damage":0.0,"enemies":"Gensokyo:Python","floor":2.0,"turns":4.0},{"damage":7.0,"enemies":"Gensokyo:3_Fairies","floor":3.0,"turns":4.0},{"damage":0.0,"enemies":"Gensokyo:Python_and_Kodama","floor":4.0,"turns":4.0},{"damage":18.0,"enemies":"Gensokyo:Aya","floor":6.0,"turns":7.0},{"damage":0.0,"enemies":"Gensokyo:Mamizou","floor":10.0,"turns":7.0},{"damage":15.0,"enemies":"Gensokyo:Cirno","floor":13.0,"turns":6.0},{"damage":0.0,"enemies":"Gensokyo:Reimu","floor":16.0,"turns":7.0},{"damage":0.0,"enemies":"Gensokyo:3_Dogs","floor":18.0,"turns":5.0},{"damage":0.0,"enemies":"Gensokyo:AngelMirror","floor":22.0,"turns":5.0},{"damage":0.0,"enemies":"Gensokyo:Koishi","floor":23.0,"turns":6.0},{"damage":0.0,"enemies":"Gensokyo:3_Gloops","floor":24.0,"turns":5.0},{"damage":0.0,"enemies":"Gensokyo:Slime_Group","floor":25.0,"turns":5.0},{"damage":0.0,"enemies":"Gensokyo:Wraith","floor":27.0,"turns":4.0},{"damage":0.0,"enemies":"Gensokyo:Monolith_and_Dog","floor":29.0,"turns":2.0},{"damage":0.0,"enemies":"Gensokyo:3_Gloops","floor":30.0,"turns":3.0},{"damage":0.0,"enemies":"Gensokyo:Eiki","floor":33.0,"turns":5.0},{"damage":0.0,"enemies":"3 Shapes","floor":35.0,"turns":3.0},{"damage":0.0,"enemies":"3 Darklings","floor":38.0,"turns":2.0},{"damage":0.0,"enemies":"Nemesis","floor":40.0,"turns":3.0},{"damage":0.0,"enemies":"Sphere and 2 Shapes","floor":41.0,"turns":2.0},{"damage":0.0,"enemies":"Giant Head","floor":44.0,"turns":2.0},{"damage":0.0,"enemies":"Writhing Mass","floor":45.0,"turns":2.0},{"damage":0.0,"enemies":"Maw","floor":47.0,"turns":5.0},{"damage":0.0,"enemies":"Mind Bloom Boss Battle","floor":48.0,"turns":4.0},{"damage":0.0,"enemies":"Awakened One","floor":50.0,"turns":4.0},{"damage":0.0,"enemies":"Shield and Spear","floor":54.0,"turns":2.0},{"damage":0,"enemies":"The Heart","floor":55,"turns":5}],"seed_played":"8663100338863885068","potions_obtained":[{"floor":3.0,"key":"Swift Potion"},{"floor":6.0,"key":"SteroidPotion"},{"floor":13.0,"key":"DistilledChaos"},{"floor":18.0,"key":"Energy Potion"},{"floor":23.0,"key":"Dota2Spire:HealingSalve"},{"floor":33.0,"key":"CunningPotion"},{"floor":35.0,"key":"Strength Potion"},{"floor":45.0,"key":"Strength Potion"},{"floor":47.0,"key":"PowerPotion"}],"is_trial":false,"path_per_floor":["M","M","M","M","?","E","COS","R","T","E","?","R","E","?","R","B",null,"M","?","COS","?","M","E","M","M","T","M","$","M","M","?","R","B",null,"M","$","?","M","$","E","M","$","T","E","M","R","M","?","R","B",null,"R","$","E","B",null],"character_chosen":"THE_SILENT","items_purchased":["AT_Desolate","MerchantsRug","Boot","Accuracy","Ice Cream","TheBattery","Dota2Spire:HeartOfTarrasque","Cloak And Dagger","CunningPotion"],"campfire_rested":0,"item_purchase_floors":[17,28,28,28,36,42,42,53,53],"current_hp_per_floor":[66,66,59,59,52,59,59,59,59,59,41,41,33,33,33,33,67,67,67,67,67,78,78,78,78,78,78,78,78,78,78,78,78,78,78,78,78,78,78,78,78,86,86,86,86,86,86,86,86,86,86,86,86,86,86],"gold":38,"neow_bonus":"BOSS_RELIC","is_daily":false,"chose_seed":false,"campfire_upgraded":6,"win_rate":0.0,"timestamp":1612861956,"path_taken":["M","M","M","M","?","E","COS","R","T","E","?","R","E","?","R","BOSS","M","?","COS","?","?","E","?","M","T","M","$","M","M","?","R","BOSS","M","$","?","M","$","E","M","$","T","E","M","R","M","?","R","BOSS","R","$","E","BOSS"],"items_purchased_type":["Card","Relic","Relic","Card","Relic","Relic","Relic","Card","Potion"],"build_version":"2020-12-22","purchased_purges":5,"victory":true,"max_hp_per_floor":[66,66,66,66,73,73,73,73,73,73,73,73,80,80,80,80,78,78,78,78,78,78,78,78,78,78,78,78,78,78,78,78,78,78,78,78,78,78,78,78,78,86,86,86,86,86,86,86,86,86,86,86,86,86,86],"card_choices":[{"not_picked":["Flying Knee","Underhanded Strike"],"picked":"AT_WindFlip","floor":1.0},{"not_picked":["Slice","Cloak And Dagger"],"picked":"Tactician","floor":2.0},{"not_picked":["Backflip","Sucker Punch"],"picked":"After Image","floor":3.0},{"not_picked":["Skewer","Outmaneuver","Bane"],"picked":"SKIP","floor":4.0},{"not_picked":["Bullet Time","Skewer"],"picked":"Prepared","floor":6.0},{"not_picked":["Caltrops","Poisoned Stab","Expertise"],"picked":"SKIP","floor":10.0},{"not_picked":["Deadly Poison","Underhanded Strike","Concentrate"],"picked":"SKIP","floor":13.0},{"not_picked":["After Image","AT_MyraUnstableElement"],"picked":"AT_EssenceShift","floor":16.0},{"not_picked":["Deflect","Bane","Bouncing Flask"],"picked":"SKIP","floor":18.0},{"not_picked":["Flying Knee","Dagger Spray"],"picked":"Blade Dance","floor":22.0},{"not_picked":["All Out Attack","AT_TinkerSharpsword","Malaise"],"picked":"SKIP","floor":23.0},{"not_picked":["AT_ShadowStep","Heel Hook+1"],"picked":"Acrobatics","floor":24.0},{"not_picked":["Terror","AT_ShadowStep","Prepared"],"picked":"SKIP","floor":25.0},{"not_picked":["AT_WindFlip","Deflect","Poisoned Stab+1"],"picked":"SKIP","floor":27.0},{"not_picked":["Deflect","Deadly Poison"],"picked":"Adrenaline","floor":29.0},{"not_picked":["Eviscerate","Underhanded Strike","Quick Slash"],"picked":"SKIP","floor":30.0},{"not_picked":[],"picked":"Gensokyo:ShootingStar","floor":33.0},{"not_picked":["Unload","A Thousand Cuts"],"picked":"Adrenaline","floor":33.0},{"not_picked":["Deflect","AT_ThistleTea","Eviscerate"],"picked":"SKIP","floor":35.0},{"not_picked":["Blade Dance+1","Heel Hook","Prepared"],"picked":"SKIP","floor":38.0},{"not_picked":["Reflex","AT_WomanClash"],"picked":"Backflip+1","floor":40.0},{"not_picked":["AT_WindRun","Masterful Stab","Riddle With Holes"],"picked":"SKIP","floor":41.0},{"not_picked":["AT_WindRun","Masterful Stab","Riddle With Holes"],"picked":"SKIP","floor":41.0},{"not_picked":["Caltrops","Eviscerate","Noxious Fumes"],"picked":"SKIP","floor":44.0},{"not_picked":["Heel Hook","Footwork","Deflect"],"picked":"SKIP","floor":45.0},{"not_picked":["Catalyst","Dagger Spray","Burst"],"picked":"SKIP","floor":47.0},{"not_picked":["Catalyst","Dagger Spray","Burst"],"picked":"SKIP","floor":47.0},{"not_picked":["Dodge and Roll","AT_WindFlip","Tools of the Trade"],"picked":"SKIP","floor":54.0}],"player_experience":575130,"relics_obtained":[{"floor":6.0,"key":"Anchor"},{"floor":9.0,"key":"Dota2Spire:ShivaGuard"},{"floor":10.0,"key":"Incense Burner"},{"floor":13.0,"key":"BlankCard"},{"floor":17.0,"key":"HowToJump"},{"floor":17.0,"key":"BookofShadows"},{"floor":17.0,"key":"DemoMod:SuperHotWatch"},{"floor":23.0,"key":"InkBottle"},{"floor":26.0,"key":"SatanicBible"},{"floor":40.0,"key":"Dota2Spire:MagicBottle"},{"floor":44.0,"key":"Leech"},{"floor":48.0,"key":"Tingsha"},{"floor":54.0,"key":"Bottled Tornado"}],"event_choices":[{"cards_removed":["Strike_G"],"damage_healed":0.0,"max_hp_gain":0.0,"max_hp_loss":0.0,"gold_gain":0.0,"event_name":"Falling","player_choice":"Removed Attack","floor":37.0,"gold_loss":0.0,"damage_taken":0.0},{"damage_healed":0.0,"max_hp_gain":0.0,"max_hp_loss":0.0,"gold_gain":0.0,"event_name":"MindBloom","player_choice":"Fight","floor":48.0,"gold_loss":0.0,"damage_taken":0.0}],"is_beta":false,"boss_relics":[{"not_picked":["Runic Dome","Ectoplasm"],"picked":"Calling Bell"},{"not_picked":[]},{"not_picked":["MagicMushroom","Sozu"],"picked":"Runic Pyramid"},{"not_picked":[]}],"items_purged_floors":[28,36,39,42,53],"is_endless":false,"potions_floor_spawned":[3,6,13,16,18,23,33,35,40,45,47],"ascension_level":15}}