{"host":"1zjc08c6hob33401","time":1612897953,"event":{"mods":["AchievementEnabler","Act Like it!","Aspiration","BaseMod","Downfall","Elementarium","Energized Spire","Evolution","Friendly Minions","Gensokyo","GifTheSpireLib","Hubris","Infinite Spire","Jedi Mod","Menagerie","Minty Spire (QoL Compilation)","Pale of the Ancients","Quick Restart","Reliquary","Replay The Spire","Retaliation","Shop Mod","Spicy Shops","Spire Arcade","StS++","StSLib","Stuff the Spire","The Blue Laboratory","Wandering Minibosses","??????REMEMod"],"gold_per_floor":[114,129,129,144,144,144,159,169,169,169,204,64,83,95,95,166,166,129,140,140,140,205,205,220,220,220,238,238,238,207,225,225,299,299,309,309,243,243],"floor_reached":37,"language":"RUS","playtime":2886,"items_purged":[],"score":771,"play_id":"2b7598d0-5070-4d5f-9aca-a6a85ed88ebc","local_time":"20210209211233","is_ascension_mode":true,"campfire_choices":[{"data":"Gensokyo:UnlikelyAid","floor":6.0,"key":"SMITH"},{"floor":15.0,"key":"REST"},{"data":"Loop","floor":23.0,"key":"SMITH"},{"floor":25.0,"key":"REST"},{"data":"StSpp:Saturation","floor":29.0,"key":"SMITH"},{"data":"Machine Learning","floor":32,"key":"SMITH"}],"circlet_count":0,"master_deck":["AscendersBane","Ball Lightning","jedi:BurstLightning","Rebound","Barrage","jedi:blockon","Leap","jedi:BurstFrost","Conserve Battery","Zap","Dualcast","Gensokyo:UnlikelyAid+1","Glacier","REME_Compress","Sweeping Beam+1","Melter","Loop+1","Leap","Ball Lightning","Defragment","StSpp:Saturation+1","ReplayTheSpireMod:Calculation Training+1","Doubt","Gensokyo:UnlikelyAid+1","Machine Learning+1","StuffTheSpire:Plugnplay","Machine Learning","Panic Button+1","Elementarium:StickyTar","jedi:meditation","Ball Lightning+1"],"relics":["Cracked Core","EVO:Axolotl","REME_ComplimentaryCards","Gensokyo:CelestialsFlawlessClothing","Replay:Bottled Eggs","hubris:Zylophone","Replay:Bronze Core","Elementarium:FlickeringLantern","aspiration:Stellarator"],"acts_visited":["Gensokyo:Gensokyo","Elementarium:Elementarium","TheBeyond"],"potions_floor_usage":[30,33,37],"damage_taken":[{"damage":0.0,"enemies":"Gensokyo:3_Fairies","floor":1.0,"turns":3.0},{"damage":0.0,"enemies":"Gensokyo:Python","floor":2.0,"turns":2.0},{"damage":1.0,"enemies":"Gensokyo:2_Kodama","floor":4.0,"turns":3.0},{"damage":11.0,"enemies":"Gensokyo:Kitsune","floor":7.0,"turns":3.0},{"damage":2.0,"enemies":"Gensokyo:Python_and_Kodama","floor":8.0,"turns":3.0},{"damage":5.0,"enemies":"Gensokyo:Cirno","floor":11.0,"turns":4.0},{"damage":22.0,"enemies":"Gensokyo:CorruptedTreant","floor":13.0,"turns":4.0},{"damage":0.0,"enemies":"Gensokyo:Kitsune","floor":14.0,"turns":2.0},{"damage":5.0,"enemies":"Gensokyo:Reimu","floor":16.0,"turns":11.0},{"damage":0.0,"enemies":"Elementarium:MUD_AND_TAR_GOLEMS","floor":18.0,"turns":6.0},{"damage":13.0,"enemies":"Elementarium:2_ELEMENTALS","floor":19.0,"turns":3.0},{"damage":31.0,"enemies":"Elementarium:VoidBeast","floor":22.0,"turns":8.0},{"damage":9.0,"enemies":"Elementarium:Hydrostalker","floor":24.0,"turns":7.0},{"damage":4.0,"enemies":"Elementarium:VOID_CORRUPTION_AND_ORB_OF_FIRE","floor":27.0,"turns":5.0},{"damage":63,"enemies":"Elementarium:VOID_CORRUPTION_AND_TAR_GOLEM","floor":30,"turns":10},{"damage":34,"enemies":"Elementarium:3_ELEMENTALS","floor":31,"turns":7},{"damage":29,"enemies":"Elementarium:GolemEmperor","floor":33,"turns":11},{"damage":53,"enemies":"Orb Walker","floor":35,"turns":7},{"damage":40,"enemies":"3 Darklings","floor":37,"turns":8}],"seed_played":"-2125233512732552650","potions_obtained":[{"floor":4.0,"key":"SmokeBomb"},{"floor":13.0,"key":"blueLaboratory:SystemWipe"},{"floor":16.0,"key":"blueLaboratory:EmptyBottle"},{"floor":24.0,"key":"AttackPotion"},{"floor":30,"key":"Doom Potion"},{"floor":31,"key":"blueLaboratory:SystemWipe"},{"floor":35,"key":"blueLaboratory:BubblePotion"}],"is_trial":false,"path_per_floor":["M","M","?","M","?","R","M","M","T","?","E","?","M","M","R","B",null,"M","M","?","?","M","R","M","R","T","M","?","R","M","M","R","B",null,"M","?","M"],"character_chosen":"DEFECT","items_purchased":[],"campfire_rested":2,"item_purchase_floors":[],"current_hp_per_floor":[72,72,49,48,52,52,41,39,39,39,34,34,12,12,35,30,67,67,54,54,58,27,27,18,41,41,37,37,37,68,34,34,5,61,8,8,0,0],"gold":243,"neow_bonus":"TEN_PERCENT_HP_BONUS","is_daily":false,"chose_seed":false,"campfire_upgraded":4,"win_rate":0.0,"timestamp":1612897953,"path_taken":["M","?","?","M","?","R","?","M","T","?","E","?","?","M","R","BOSS","M","M","?","?","M","R","M","R","T","?","?","R","M","M","R","BOSS","M","?","?"],"items_purchased_type":[],"build_version":"2020-12-22","purchased_purges":0,"victory":false,"max_hp_per_floor":[79,79,79,79,79,79,79,79,79,79,79,79,79,79,79,79,79,79,79,79,79,79,79,79,79,79,79,79,79,79,79,79,79,79,79,79,79,79],"card_choices":[{"not_picked":["StuffTheSpire:LoadUp","StuffTheSpire:Plugnplay"],"picked":"Glacier","floor":1.0},{"not_picked":["Steam","StuffTheSpire:LoadUp"],"picked":"REME_Compress","floor":2.0},{"not_picked":["jedi:BurstFrost","REME_Compress"],"picked":"Sweeping Beam","floor":4.0},{"not_picked":["Stack","Force Field"],"picked":"Melter","floor":7.0},{"not_picked":["StSpp:TargetLocked","Hologram"],"picked":"Loop","floor":8.0},{"not_picked":["StuffTheSpire:Rend","Streamline"],"picked":"Leap","floor":11.0},{"not_picked":["Hologram","jedi:BurstFrost"],"picked":"Ball Lightning","floor":13.0},{"not_picked":["StSpp:Mask","Go for the Eyes"],"picked":"Defragment","floor":14.0},{"not_picked":["Core Surge","Echo Form"],"picked":"StSpp:Saturation","floor":16.0},{"not_picked":["Rebound","jedi:BurstFrost","jedi:blockon"],"picked":"SKIP","floor":18.0},{"not_picked":["Leap","Stack"],"picked":"ReplayTheSpireMod:Calculation Training+1","floor":19.0},{"not_picked":["Coolheaded","Turbo"],"picked":"Machine Learning","floor":22.0},{"not_picked":["Panic Button","StuffTheSpire:CleanHardDrive+1","Hologram"],"picked":"SKIP","floor":24.0},{"not_picked":["REME_SelfUpgrade","Recycle"],"picked":"StuffTheSpire:Plugnplay","floor":27.0},{"not_picked":["Go for the Eyes","StSpp:Fierceness"],"picked":"Machine Learning","floor":30},{"not_picked":["BasicCrystalCard","Gash"],"picked":"Panic Button+1","floor":31},{"not_picked":["StuffTheSpire:Purify","hubris:SpecializedCircuitry"],"picked":"jedi:meditation","floor":33},{"not_picked":["jedi:BurstFrost+1","Fusion"],"picked":"Ball Lightning+1","floor":35}],"player_experience":740220,"relics_obtained":[{"floor":9.0,"key":"Replay:Bottled Eggs"},{"floor":11.0,"key":"jedi:arcanewood"},{"floor":26.0,"key":"Turnip"}],"event_choices":[{"damage_healed":0.0,"max_hp_gain":0.0,"max_hp_loss":0.0,"gold_gain":0.0,"event_name":"Elementarium:VoidShrine","player_choice":"Embrace","floor":20.0,"gold_loss":0.0,"damage_taken":0.0,"cards_obtained":["Doubt","Gensokyo:UnlikelyAid"]},{"damage_healed":0.0,"max_hp_gain":0.0,"max_hp_loss":0.0,"gold_gain":0.0,"event_name":"Elementarium:HeartOfTheVoid","player_choice":"Take","floor":28.0,"gold_loss":0.0,"damage_taken":0.0,"relics_obtained":["Elementarium:FlickeringLantern"]}],"is_beta":false,"boss_relics":[{"not_picked":["hubris:Stopwatch","REME_DemonsWealth"],"picked":"Replay:Bronze Core"},{"not_picked":["Astrolabe","aspiration:WatcherSkillbook"],"picked":"aspiration:Stellarator"}],"items_purged_floors":[],"is_endless":false,"potions_floor_spawned":[4,13,16,24,30,31,35],"killed_by":"3 Darklings","ascension_level":19}}