{"host":"8is2j71l4wmybkoi","time":1612883792,"event":{"mods":["AchievementEnabler","BaseMod","Colored Map","Minty Spire (QoL Compilation)","Rare Cards Sparkle","StSLib","SuperFastMode"],"gold_per_floor":[359,379,379,2,2,2,40,40,40,84,112,145,145,172,172,247,247,257,49,63,74,74,74,111,111,111,124,124,166,166,208,208,296,296,325,340,349,101,101,135,357,357,366,400,13,47,65,77,77,77,77,77,77,111,111],"floor_reached":56,"language":"KOR","playtime":2702,"items_purged":["Strike_R","Strike_R","Decay"],"score":2337,"play_id":"fa0abfb7-0c8f-456a-b897-ab1a9b62db45","local_time":"20210210001632","is_ascension_mode":true,"campfire_choices":[{"data":"Hemokinesis","floor":6.0,"key":"SMITH"},{"floor":8.0,"key":"REST"},{"data":"Barricade","floor":13.0,"key":"SMITH"},{"data":"Uppercut","floor":15.0,"key":"SMITH"},{"data":"Burning Pact","floor":23.0,"key":"SMITH"},{"floor":25.0,"key":"REST"},{"floor":30,"key":"REST"},{"floor":32,"key":"REST"},{"floor":42,"key":"RECALL"},{"data":"Corruption","floor":49,"key":"SMITH"},{"data":"Second Wind","floor":52,"key":"SMITH"}],"circlet_count":0,"master_deck":["AscendersBane","Strike_R","Defend_R","Defend_R","Defend_R","Defend_R","Cleave","Hemokinesis+1","Second Wind+1","Barricade+1","Uppercut+1","Disarm","Impervious","Burning Pact+1","Shrug It Off","Entrench","Feel No Pain","Corruption+1","Power Through","Apotheosis","Shrug It Off","Warcry+1"],"relics":["Burning Blood","Dead Branch","CeramicFish","Turnip","Art of War","StrikeDummy","Mark of Pain","Orrery","MealTicket","Matryoshka","Red Mask","Juzu Bracelet","Cursed Key","ClockworkSouvenir","Pocketwatch","Centennial Puzzle","Bag of Marbles","Bottled Tornado","Mercury Hourglass","Letter Opener"],"acts_visited":["Exordium","TheCity","TheBeyond","TheEnding"],"potions_floor_usage":[36],"damage_taken":[{"damage":6.0,"enemies":"Cultist","floor":1.0,"turns":4.0},{"damage":7.0,"enemies":"2 Louse","floor":2.0,"turns":4.0},{"damage":20.0,"enemies":"3 Sentries","floor":7.0,"turns":5.0},{"damage":24.0,"enemies":"Lagavulin","floor":10.0,"turns":5.0},{"damage":4.0,"enemies":"Jaw Worm","floor":11.0,"turns":3.0},{"damage":20.0,"enemies":"3 Sentries","floor":12.0,"turns":4.0},{"damage":2.0,"enemies":"Looter","floor":14.0,"turns":2.0},{"damage":6.0,"enemies":"The Guardian","floor":16.0,"turns":11.0},{"damage":17.0,"enemies":"3 Byrds","floor":18.0,"turns":5.0},{"damage":11.0,"enemies":"Spheric Guardian","floor":20.0,"turns":4.0},{"damage":3.0,"enemies":"Centurion and Healer","floor":21.0,"turns":3.0},{"damage":32.0,"enemies":"Gremlin Leader","floor":24.0,"turns":8.0},{"damage":2.0,"enemies":"Snake Plant","floor":27.0,"turns":5.0},{"damage":40.0,"enemies":"Masked Bandits","floor":29.0,"turns":5.0},{"damage":27,"enemies":"Book of Stabbing","floor":31,"turns":6},{"damage":26,"enemies":"Champ","floor":33,"turns":11},{"damage":0,"enemies":"Orb Walker","floor":35,"turns":2},{"damage":20,"enemies":"3 Darklings","floor":36,"turns":5},{"damage":2,"enemies":"Reptomancer","floor":40,"turns":5},{"damage":14,"enemies":"Nemesis","floor":44,"turns":5},{"damage":8,"enemies":"Giant Head","floor":46,"turns":3},{"damage":9,"enemies":"Maw","floor":47,"turns":4},{"damage":0,"enemies":"Transient","floor":48,"turns":5},{"damage":9,"enemies":"Time Eater","floor":50,"turns":11},{"damage":5,"enemies":"Shield and Spear","floor":54,"turns":3},{"damage":25,"enemies":"The Heart","floor":55,"turns":5}],"seed_played":"-6214998033711632805","potions_obtained":[{"floor":2.0,"key":"Block Potion"},{"floor":7.0,"key":"Block Potion"},{"floor":10.0,"key":"Regen Potion"},{"floor":18.0,"key":"ColorlessPotion"},{"floor":20.0,"key":"DistilledChaos"},{"floor":21.0,"key":"Ancient Potion"},{"floor":31,"key":"FearPotion"},{"floor":35,"key":"GamblersBrew"},{"floor":36,"key":"ElixirPotion"},{"floor":46,"key":"LiquidMemories"}],"is_trial":false,"path_per_floor":["M","M","?","$","?","R","E","R","T","E","M","E","R","M","R","B",null,"M","$","M","M","?","R","E","R","T","M","?","?","R","E","R","B",null,"M","M","?","$","?","E","?","R","T","E","$","E","M","M","R","B",null,"R","$","E","B",null],"character_chosen":"IRONCLAD","items_purchased":["Dead Branch","Hemokinesis","Orrery","ClockworkSouvenir","Bottled Tornado"],"campfire_rested":4,"item_purchase_floors":[4,4,19,38,45],"current_hp_per_floor":[50,49,42,42,42,42,28,50,50,32,43,29,29,33,33,33,65,54,54,49,52,52,52,26,48,48,52,52,18,40,19,41,21,62,68,54,44,59,59,63,63,63,63,55,70,68,65,71,71,68,73,73,75,75,56],"gold":111,"neow_bonus":"TWO_FIFTY_GOLD","is_daily":false,"chose_seed":false,"campfire_upgraded":6,"win_rate":0.0,"timestamp":1612883792,"path_taken":["M","M","?","$","?","R","E","R","T","E","M","E","R","?","R","BOSS","M","$","M","M","?","R","E","R","T","M","?","?","R","E","R","BOSS","M","M","?","$","?","E","?","R","T","E","$","E","M","M","R","BOSS","R","$","E","BOSS"],"items_purchased_type":["Relic","Card","Relic","Relic","Relic"],"build_version":"2020-12-22","purchased_purges":3,"victory":true,"max_hp_per_floor":[75,75,75,75,75,75,75,75,75,75,75,75,75,75,75,75,75,75,75,75,75,75,75,75,75,75,75,75,75,75,75,75,75,75,75,75,75,75,75,75,75,75,75,75,75,75,75,75,75,75,75,75,75,75,75],"card_choices":[{"not_picked":["Heavy Blade","Havoc","Thunderclap"],"picked":"SKIP","floor":1.0},{"not_picked":["Rampage","Iron Wave"],"picked":"Cleave","floor":2.0},{"not_picked":["Cleave","Feed"],"picked":"Second Wind","floor":7.0},{"not_picked":["Iron Wave","Sever Soul"],"picked":"Barricade","floor":10.0},{"not_picked":["Pommel Strike","Searing Blow"],"picked":"Uppercut","floor":11.0},{"not_picked":["Combust","Searing Blow","Metallicize"],"picked":"SKIP","floor":12.0},{"not_picked":["Fire Breathing","Sword Boomerang"],"picked":"Disarm","floor":14.0},{"not_picked":["Carnage","Perfected Strike","Dark Embrace"],"picked":"SKIP","floor":18.0},{"not_picked":["True Grit","Disarm"],"picked":"Impervious","floor":19.0},{"not_picked":["Reckless Charge","Rage"],"picked":"Burning Pact","floor":19.0},{"not_picked":["Anger","Searing Blow","Flex"],"picked":"SKIP","floor":20.0},{"not_picked":["Battle Trance","Combust","True Grit+1"],"picked":"SKIP","floor":21.0},{"not_picked":["Whirlwind+1","Flame Barrier"],"picked":"Shrug It Off","floor":24.0},{"not_picked":["Perfected Strike","Metallicize","Flex"],"picked":"SKIP","floor":27.0},{"not_picked":["Shockwave+1","Rampage"],"picked":"Entrench","floor":29},{"not_picked":["Armaments","Headbutt"],"picked":"Feel No Pain","floor":31},{"not_picked":["Immolate","Offering"],"picked":"Corruption","floor":33},{"not_picked":["Perfected Strike","Inflame"],"picked":"Power Through","floor":35},{"not_picked":["Heavy Blade","Searing Blow+1","Anger"],"picked":"SKIP","floor":36},{"not_picked":["Bandage Up","Impatience"],"picked":"Apotheosis","floor":37},{"not_picked":["Clothesline","Thunderclap"],"picked":"Shrug It Off","floor":40},{"not_picked":["Perfected Strike","Combust"],"picked":"Warcry+1","floor":44},{"not_picked":["True Grit","Infernal Blade","Pommel Strike"],"picked":"SKIP","floor":46},{"not_picked":["Spot Weakness","Sword Boomerang","Armaments"],"picked":"SKIP","floor":47},{"not_picked":["Reckless Charge","True Grit","Havoc+1"],"picked":"SKIP","floor":48},{"not_picked":["Clothesline+1","Rampage+1","Metallicize"],"picked":"SKIP","floor":54}],"player_experience":1096967,"relics_obtained":[{"floor":7.0,"key":"CeramicFish"},{"floor":9.0,"key":"Turnip"},{"floor":10.0,"key":"Art of War"},{"floor":12.0,"key":"StrikeDummy"},{"floor":24.0,"key":"MealTicket"},{"floor":26.0,"key":"Matryoshka"},{"floor":29,"key":"Red Mask"},{"floor":31,"key":"Juzu Bracelet"},{"floor":40,"key":"Pocketwatch"},{"floor":43,"key":"Centennial Puzzle"},{"floor":44,"key":"Bag of Marbles"},{"floor":46,"key":"Mercury Hourglass"},{"floor":54,"key":"Letter Opener"}],"event_choices":[{"cards_removed":["Strike_R"],"damage_healed":0.0,"max_hp_gain":0.0,"max_hp_loss":0.0,"gold_gain":0.0,"event_name":"Golden Wing","player_choice":"Card Removal","floor":3.0,"gold_loss":0.0,"damage_taken":7.0},{"cards_removed":["Strike_R"],"damage_healed":0.0,"max_hp_gain":0.0,"max_hp_loss":0.0,"gold_gain":0.0,"event_name":"Purifier","player_choice":"Purged","floor":5.0,"gold_loss":0.0,"damage_taken":0.0},{"damage_healed":0.0,"max_hp_gain":0.0,"max_hp_loss":0.0,"gold_gain":0.0,"event_name":"Vampires","player_choice":"Ignored","floor":22.0,"gold_loss":0.0,"damage_taken":0.0},{"damage_healed":0.0,"max_hp_gain":0.0,"max_hp_loss":0.0,"gold_gain":0.0,"event_name":"The Mausoleum","player_choice":"Ignored","floor":28.0,"gold_loss":0.0,"damage_taken":0.0},{"damage_healed":0.0,"max_hp_gain":0.0,"max_hp_loss":0.0,"gold_gain":0.0,"event_name":"Masked Bandits","player_choice":"Fought Bandits","floor":29.0,"gold_loss":0.0,"damage_taken":0.0},{"damage_healed":0,"gold_gain":0,"player_choice":"Memory 3","damage_taken":10,"max_hp_gain":0,"max_hp_loss":0,"event_name":"SensoryStone","floor":37,"gold_loss":0},{"cards_removed":["Bash"],"damage_healed":0,"gold_gain":0,"player_choice":"Removed Attack","damage_taken":0,"max_hp_gain":0,"max_hp_loss":0,"event_name":"Falling","floor":39,"gold_loss":0},{"damage_healed":0,"gold_gain":222,"player_choice":"Wore Mask","damage_taken":0,"max_hp_gain":0,"max_hp_loss":0,"event_name":"Tomb of Lord Red Mask","floor":41,"gold_loss":0}],"is_beta":false,"boss_relics":[{"not_picked":["Snecko Eye","Velvet Choker"],"picked":"Mark of Pain"},{"not_picked":["Astrolabe","Runic Dome"],"picked":"Cursed Key"}],"items_purged_floors":[19,38,45],"is_endless":false,"potions_floor_spawned":[2,7,10,18,20,21,31,35,36,46,47,48,54],"ascension_level":15}}