{"host":"sygfylmorsvdndbx","time":1612890028,"event":{"mods":["AchievementEnabler","BaseMod","Bestiary","Highlight Path","Minty Spire (QoL Compilation)","Permanent Neow","Quick Restart","Relic Stats"],"gold_per_floor":[113,127,41,60,60,85,85,103,103,130,130,157,157,173,173,277,277,315,249,288,213,213,213,245,286,286,296,336,83,83,93,93,221,221,256,166,176,236,248,248,7,18,44,128,169,169,223,223,223,223,223],"floor_reached":50,"language":"ENG","playtime":5416,"items_purged":["Strike_P"],"score":901,"play_id":"aa17cb0d-3c22-42b3-b2bc-01ef9c705915","local_time":"20210209120028","is_ascension_mode":true,"campfire_choices":[{"data":"TalkToTheHand","floor":7.0,"key":"SMITH"},{"floor":11.0,"key":"REST"},{"data":"CarveReality","floor":15.0,"key":"SMITH"},{"floor":23.0,"key":"REST"},{"floor":30,"key":"REST"},{"data":"Establishment","floor":32,"key":"SMITH"},{"floor":40,"key":"REST"},{"floor":46,"key":"REST"},{"floor":49,"key":"RECALL"}],"circlet_count":0,"master_deck":["AscendersBane","Defend_P","Eruption+1","Vigilance","DeusExMachina","BowlingBash","TalkToTheHand+1","BattleHymn","Consecrate+1","Establishment+1","Crescendo","CarveReality+1","ThirdEye","Adaptation","Wish","SashWhip+1","Adaptation","DeceiveReality","ClearTheMind+1","Protect","FlyingSleeves+1","Scrawl","Tantrum+1","ConjureBlade+1","Omniscience+1","FlurryOfBlows+1","Perseverance","EmptyBody+1","DeceiveReality","ClearTheMind","Crescendo+1"],"relics":["PureWater","Lizard Tail","Bottled Tornado","Darkstone Periapt","Odd Mushroom","VioletLotus","Regal Pillow","MutagenicStrength","Mercury Hourglass","Astrolabe","Centennial Puzzle","MealTicket","Nunchaku","Omamori"],"acts_visited":["Exordium","TheCity","TheBeyond"],"potions_floor_usage":[27,33,33,42,44,44,50],"damage_taken":[{"damage":4.0,"enemies":"Jaw Worm","floor":1.0,"turns":3.0},{"damage":0.0,"enemies":"Cultist","floor":2.0,"turns":3.0},{"damage":0.0,"enemies":"2 Louse","floor":4.0,"turns":3.0},{"damage":15.0,"enemies":"3 Sentries","floor":6.0,"turns":5.0},{"damage":12.0,"enemies":"Looter","floor":8.0,"turns":3.0},{"damage":0.0,"enemies":"Lagavulin","floor":10.0,"turns":4.0},{"damage":1.0,"enemies":"The Mushroom Lair","floor":12.0,"turns":3.0},{"damage":8.0,"enemies":"Large Slime","floor":14.0,"turns":3.0},{"damage":23.0,"enemies":"The Guardian","floor":16.0,"turns":6.0},{"damage":13.0,"enemies":"Shell Parasite","floor":18.0,"turns":3.0},{"damage":32.0,"enemies":"2 Thieves","floor":20.0,"turns":3.0},{"damage":0.0,"enemies":"Slavers","floor":24.0,"turns":1.0},{"damage":37.0,"enemies":"Centurion and Healer","floor":25.0,"turns":5.0},{"damage":2,"enemies":"Snecko","floor":27,"turns":6},{"damage":16,"enemies":"Snake Plant","floor":28,"turns":4},{"damage":6,"enemies":"Centurion and Healer","floor":31,"turns":4},{"damage":40,"enemies":"Champ","floor":33,"turns":9},{"damage":20,"enemies":"3 Shapes","floor":35,"turns":5},{"damage":9,"enemies":"Orb Walker","floor":37,"turns":3},{"damage":7,"enemies":"Maw","floor":38,"turns":6},{"damage":11,"enemies":"3 Darklings","floor":39,"turns":3},{"damage":27,"enemies":"Transient","floor":42,"turns":5},{"damage":10,"enemies":"Giant Head","floor":44,"turns":5},{"damage":6,"enemies":"4 Shapes","floor":45,"turns":5},{"damage":5,"enemies":"Nemesis","floor":47,"turns":5},{"damage":48,"enemies":"Donu and Deca","floor":50,"turns":2}],"seed_played":"-4541575601443159254","potions_obtained":[{"floor":2.0,"key":"FearPotion"},{"floor":8.0,"key":"GamblersBrew"},{"floor":10.0,"key":"BottledMiracle"},{"floor":12.0,"key":"LiquidMemories"},{"floor":18.0,"key":"StancePotion"},{"floor":20.0,"key":"BottledMiracle"},{"floor":24.0,"key":"SpeedPotion"},{"floor":31,"key":"AttackPotion"},{"floor":39,"key":"Explosive Potion"},{"floor":42,"key":"GamblersBrew"},{"floor":44,"key":"AttackPotion"},{"floor":45,"key":"SpeedPotion"}],"is_trial":false,"path_per_floor":["M","M","$","M","?","E","R","M","T","E","R","?","?","M","R","B",null,"M","?","M","?","?","R","E","M","T","M","M","$","R","M","R","B",null,"M","?","M","M","M","R","$","M","T","E","M","R","E","?","R","B"],"character_chosen":"WATCHER","items_purchased":["BattleHymn","BlessingOfTheForge","Protect","SteroidPotion","DuplicationPotion","Perseverance","Centennial Puzzle","SteroidPotion"],"campfire_rested":5,"item_purchase_floors":[3,3,29,29,29,41,41,41],"current_hp_per_floor":[43,43,43,43,43,28,28,16,16,16,37,36,36,28,28,5,55,42,42,10,10,10,46,46,9,9,7,27,27,63,57,57,17,58,38,38,29,22,11,47,47,20,20,10,4,40,35,35,35,0,0],"gold":223,"neow_bonus":"THREE_RARE_CARDS","is_daily":false,"chose_seed":false,"campfire_upgraded":3,"win_rate":0.0,"timestamp":1612890028,"path_taken":["M","M","$","M","?","E","R","?","T","E","R","?","?","M","R","BOSS","M","?","?","?","?","R","E","M","T","M","M","$","R","M","R","BOSS","M","?","M","M","?","R","$","M","T","E","M","R","E","?","R","BOSS"],"items_purchased_type":["Card","Potion","Card","Potion","Potion","Card","Relic","Potion"],"build_version":"2020-12-22","purchased_purges":1,"victory":false,"max_hp_per_floor":[72,72,72,72,72,72,72,72,72,72,72,72,72,72,72,72,72,72,72,72,72,72,72,72,72,72,72,72,72,72,72,72,72,72,72,72,72,72,72,72,72,72,72,72,72,72,72,68,68,68,68],"relic_stats":{"Darkstone Periapt":0,"Lizard Tail":36,"Regal Pillow":60,"Centennial Puzzle":[15],"Nunchaku":[2],"counters":[26,107],"Astrolabe":["Tantrum","ConjureBlade","Omniscience"],"MealTicket":0,"VioletLotus":[15],"obtain_stats":[{"Darkstone Periapt":10,"Regal Pillow":19,"Astrolabe":34,"Omamori":47,"Bottled Tornado":9,"Odd Mushroom":12,"Mercury Hourglass":24,"Lizard Tail":6,"Centennial Puzzle":41,"Nunchaku":44,"MutagenicStrength":22,"MealTicket":43,"VioletLotus":17,"PureWater":0},{"Darkstone Periapt":6,"Regal Pillow":10,"Astrolabe":17,"Omamori":25,"Bottled Tornado":5,"Odd Mushroom":7,"Mercury Hourglass":12,"Lizard Tail":4,"Centennial Puzzle":21,"Nunchaku":23,"MutagenicStrength":11,"MealTicket":22,"VioletLotus":9,"PureWater":0},{"Darkstone Periapt":21,"Regal Pillow":36,"Astrolabe":68,"Omamori":105,"Bottled Tornado":17,"Odd Mushroom":24,"Mercury Hourglass":40,"Lizard Tail":14,"Centennial Puzzle":85,"Nunchaku":95,"MutagenicStrength":39,"MealTicket":90,"VioletLotus":33,"PureWater":0}],"Mercury Hourglass":[237]},"card_choices":[{"not_picked":["ConjureBlade","Establishment"],"picked":"DeusExMachina","floor":0.0},{"not_picked":["Halt","EmptyBody"],"picked":"BowlingBash","floor":1.0},{"not_picked":["FearNoEvil","ThirdEye"],"picked":"TalkToTheHand","floor":2.0},{"not_picked":["Halt","Indignation"],"picked":"Consecrate","floor":4.0},{"not_picked":["Prostrate","Nirvana"],"picked":"Establishment","floor":6.0},{"not_picked":["Weave","EmptyFist"],"picked":"Crescendo","floor":8.0},{"not_picked":["Crescendo","WaveOfTheHand"],"picked":"CarveReality","floor":10.0},{"not_picked":["FlyingSleeves","BowlingBash"],"picked":"ThirdEye","floor":12.0},{"not_picked":["JustLucky","SignatureMove"],"picked":"Adaptation","floor":14.0},{"not_picked":["DeusExMachina","Judgement"],"picked":"Wish","floor":16.0},{"not_picked":["SandsOfTime","Weave+1","PathToVictory"],"picked":"SKIP","floor":18.0},{"not_picked":["Prostrate","Pray"],"picked":"SashWhip+1","floor":20.0},{"not_picked":["WindmillStrike","FollowUp+1"],"picked":"Adaptation","floor":24.0},{"not_picked":["Crescendo+1","InnerPeace"],"picked":"DeceiveReality","floor":25.0},{"not_picked":["FollowUp+1","LikeWater"],"picked":"ClearTheMind+1","floor":27},{"not_picked":["CarveReality","WindmillStrike","PathToVictory"],"picked":"SKIP","floor":28},{"not_picked":["BowlingBash+1","Tantrum"],"picked":"FlyingSleeves+1","floor":31},{"not_picked":["Brilliance","Alpha"],"picked":"Scrawl","floor":33},{"not_picked":["Halt","Vengeance+1","WheelKick"],"picked":"SKIP","floor":35},{"not_picked":["Study+1","Vengeance","WreathOfFlame"],"picked":"SKIP","floor":37},{"not_picked":["Tantrum","WindmillStrike+1"],"picked":"FlurryOfBlows+1","floor":38},{"not_picked":["ForeignInfluence+1","ReachHeaven","Swivel+1"],"picked":"SKIP","floor":39},{"not_picked":["FollowUp+1","PathToVictory"],"picked":"EmptyBody+1","floor":42},{"not_picked":["MentalFortress","WheelKick"],"picked":"DeceiveReality","floor":44},{"not_picked":["Fasting2","Consecrate+1"],"picked":"ClearTheMind","floor":45},{"not_picked":["Evaluate","Scrawl"],"picked":"Crescendo+1","floor":47}],"player_experience":450880,"relics_obtained":[{"floor":6.0,"key":"Lizard Tail"},{"floor":9.0,"key":"Bottled Tornado"},{"floor":10.0,"key":"Darkstone Periapt"},{"floor":12.0,"key":"Odd Mushroom"},{"floor":24.0,"key":"Mercury Hourglass"},{"floor":43,"key":"MealTicket"},{"floor":44,"key":"Nunchaku"},{"floor":47,"key":"Omamori"}],"event_choices":[{"cards_removed":["Strike_P"],"damage_healed":0.0,"max_hp_gain":0.0,"max_hp_loss":0.0,"gold_gain":0.0,"event_name":"Purifier","player_choice":"Purged","floor":5.0,"gold_loss":0.0,"damage_taken":0.0},{"damage_healed":0.0,"max_hp_gain":0.0,"max_hp_loss":0.0,"gold_gain":0.0,"event_name":"Mushrooms","player_choice":"Fought Mushrooms","floor":12.0,"gold_loss":0.0,"damage_taken":0.0},{"damage_healed":0.0,"max_hp_gain":0.0,"max_hp_loss":0.0,"gold_gain":0.0,"event_name":"Living Wall","player_choice":"Grow","floor":13.0,"gold_loss":0.0,"damage_taken":0.0,"cards_upgraded":["Eruption"]},{"damage_healed":0.0,"max_hp_gain":0.0,"max_hp_loss":0.0,"gold_gain":0.0,"event_name":"WeMeetAgain","player_choice":"Paid Gold","floor":19.0,"gold_loss":66.0,"damage_taken":0.0,"relics_obtained":["Regal Pillow"]},{"cards_removed":["Defend_P"],"damage_healed":0.0,"max_hp_gain":0.0,"max_hp_loss":0.0,"gold_gain":0.0,"event_name":"Beggar","player_choice":"Gave Gold","floor":21.0,"gold_loss":75.0,"damage_taken":0.0},{"damage_healed":0.0,"max_hp_gain":0.0,"max_hp_loss":0.0,"gold_gain":0.0,"event_name":"Drug Dealer","player_choice":"Inject Mutagens","floor":22.0,"gold_loss":0.0,"damage_taken":0.0,"relics_obtained":["MutagenicStrength"]},{"cards_removed":["Strike_P"],"damage_healed":0,"gold_gain":0,"player_choice":"Upgrade and Remove","damage_taken":0,"max_hp_gain":0,"max_hp_loss":0,"event_name":"Designer","floor":36,"gold_loss":90,"cards_upgraded":["Consecrate"]},{"damage_healed":0,"gold_gain":0,"player_choice":"Max HP","damage_taken":0,"max_hp_gain":0,"max_hp_loss":4,"event_name":"Winding Halls","floor":48,"gold_loss":0}],"is_beta":false,"boss_relics":[{"not_picked":["Coffee Dripper","Runic Pyramid"],"picked":"VioletLotus"},{"not_picked":["HolyWater","SacredBark"],"picked":"Astrolabe"}],"items_purged_floors":[29],"is_endless":false,"potions_floor_spawned":[2,8,10,12,18,20,24,31,39,42,44,45],"killed_by":"Donu and Deca","ascension_level":10}}