{"host":"Qube","time":1612838127,"event":{"mods":["AchievementEnabler","BaseMod","Colored Map","Colored Powertips","Highlight Path","Minty Spire (QoL Compilation)","Permanent Neow","Quick Restart","Random Character Button","StSLib"],"gold_per_floor":[114,129,144,159,174,174,24,54,54,54,73,73,148,167,167,292,292,311,355,91,135,179,179,237,237,287,287,287,202,277,346,346,471,471,515,534,159,222,266,304,304,343,343,362,362,381,127,127,127,127],"floor_reached":51,"language":"ENG","playtime":3580,"items_purged":["Writhe"],"score":901,"play_id":"2d96fd20-7690-4c57-9da6-1026d50f6264","local_time":"20210208183527","daily_mods":["Shiny","Green Cards","Terminal"],"is_ascension_mode":false,"campfire_choices":[{"data":"LessonLearned","floor":6.0,"key":"SMITH"},{"data":"After Image","floor":12.0,"key":"SMITH"},{"data":"Blasphemy","floor":15.0,"key":"SMITH"},{"data":"Omniscience","floor":23.0,"key":"SMITH"},{"data":"Bullet Time","floor":25.0,"key":"SMITH"},{"data":"Adrenaline","floor":27.0,"key":"SMITH"},{"data":"Devotion","floor":32.0,"key":"SMITH"},{"data":"Ragnarok","floor":41.0,"key":"SMITH"},{"data":"ConjureBlade","floor":45.0,"key":"SMITH"},{"data":"Wraith Form v2","floor":49.0,"key":"SMITH"}],"circlet_count":0,"master_deck":["Venomology","Corpse Explosion","Malaise+1","Phantasmal Killer","Adrenaline+1","Envenom+1","Doppelganger","Burst","Wraith Form v2+1","Tools of the Trade","Night Terror+1","Unload","After Image+1","Bullet Time+1","Storm of Steel","Glass Knife","A Thousand Cuts","Grand Finale+1","Judgement","ConjureBlade+1","MasterReality","Brilliance","Devotion+1","Blasphemy+1","Ragnarok+1","LessonLearned+1","Scrawl","Vault","Alpha+1","Wish","Omniscience+1","Establishment","SpiritShield","DevaForm+1","DeusExMachina","FlyingSleeves+1","Cloak And Dagger+1","CutThroughFate","FearNoEvil","Glass Knife","Cloak And Dagger","Omniscience+1","Protect","HandOfGreed","Prostrate+1","Noxious Fumes+1","Adrenaline","Backflip+1","Omniscience+1","Choke","Riddle With Holes+1","Adrenaline","Footwork","Acrobatics"],"relics":["PureWater","PreservedInsect","Bottled Flame","Ancient Tea Set","Golden Idol","Black Star","Pen Nib","Calipers","Oddly Smooth Stone","Bag of Marbles","MealTicket","Snecko Eye","DollysMirror","Potion Belt","Thread and Needle","Darkstone Periapt","Vajra","War Paint","Frozen Eye"],"acts_visited":["Exordium","TheCity","TheBeyond"],"potions_floor_usage":[50,50],"damage_taken":[{"damage":0.0,"enemies":"Small Slimes","floor":1.0,"turns":1.0},{"damage":0.0,"enemies":"2 Louse","floor":2.0,"turns":3.0},{"damage":6.0,"enemies":"Jaw Worm","floor":3.0,"turns":2.0},{"damage":0.0,"enemies":"Gremlin Gang","floor":4.0,"turns":3.0},{"damage":0.0,"enemies":"Large Slime","floor":5.0,"turns":2.0},{"damage":4.0,"enemies":"3 Sentries","floor":8.0,"turns":3.0},{"damage":3.0,"enemies":"Blue Slaver","floor":11.0,"turns":3.0},{"damage":0.0,"enemies":"Looter","floor":14.0,"turns":2.0},{"damage":0.0,"enemies":"Hexaghost","floor":16.0,"turns":8.0},{"damage":0.0,"enemies":"Chosen","floor":18.0,"turns":5.0},{"damage":0.0,"enemies":"3 Byrds","floor":19.0,"turns":2.0},{"damage":0.0,"enemies":"Centurion and Healer","floor":21.0,"turns":3.0},{"damage":0.0,"enemies":"Snake Plant","floor":22.0,"turns":6.0},{"damage":0.0,"enemies":"Slavers","floor":24.0,"turns":2.0},{"damage":0.0,"enemies":"Snecko","floor":31.0,"turns":6.0},{"damage":7.0,"enemies":"Champ","floor":33.0,"turns":7.0},{"damage":0.0,"enemies":"3 Darklings","floor":35.0,"turns":3.0},{"damage":0.0,"enemies":"3 Shapes","floor":36.0,"turns":1.0},{"damage":0.0,"enemies":"Mind Bloom Boss Battle","floor":38.0,"turns":6.0},{"damage":0.0,"enemies":"Spire Growth","floor":39.0,"turns":4.0},{"damage":5.0,"enemies":"Nemesis","floor":40.0,"turns":4.0},{"damage":0.0,"enemies":"4 Shapes","floor":42.0,"turns":4.0},{"damage":1.0,"enemies":"Jaw Worm Horde","floor":44.0,"turns":3.0},{"damage":0.0,"enemies":"Sphere and 2 Shapes","floor":46.0,"turns":3.0},{"damage":0,"enemies":"Time Eater","floor":50,"turns":6}],"seed_played":"-2425098010432476902","potions_obtained":[{"floor":1.0,"key":"ColorlessPotion"},{"floor":4.0,"key":"Energy Potion"},{"floor":8.0,"key":"BlessingOfTheForge"},{"floor":19.0,"key":"AttackPotion"},{"floor":21.0,"key":"LiquidMemories"},{"floor":22.0,"key":"DistilledChaos"},{"floor":36.0,"key":"Explosive Potion"},{"floor":39.0,"key":"Strength Potion"},{"floor":44.0,"key":"PowerPotion"}],"is_trial":false,"path_per_floor":["M","M","M","M","M","R","$","E","T","?","M","R","?","M","R","B",null,"M","M","$","M","M","R","E","R","T","R","?","?","?","M","R","B",null,"M","M","$","?","M","E","R","M","T","M","R","M","$","?","R","B",null],"character_chosen":"WATCHER","items_purchased":["PreservedInsect","HandOfGreed","LiquidMemories","DollysMirror","Potion Belt","Frozen Eye","Footwork","Acrobatics"],"campfire_rested":0,"item_purchase_floors":[7,20,20,37,37,47,47,47],"current_hp_per_floor":[70,69,63,63,63,63,63,59,59,44,41,41,30,30,30,30,54,53,52,51,50,49,48,47,46,45,44,43,42,38,38,38,31,37,36,35,34,33,32,27,27,27,27,26,26,25,24,23,22,21],"gold":127,"neow_bonus":"","is_daily":true,"chose_seed":false,"campfire_upgraded":10,"win_rate":0.0,"timestamp":1612838127,"path_taken":["M","M","M","M","M","R","$","E","T","?","M","R","?","M","R","BOSS","M","M","$","M","M","R","E","R","T","R","?","?","?","M","R","BOSS","M","?","$","?","M","E","R","M","T","M","R","M","$","?","R","BOSS"],"items_purchased_type":["Relic","Card","Potion","Relic","Relic","Relic","Card","Card"],"build_version":"2020-12-18","purchased_purges":1,"victory":true,"max_hp_per_floor":[70,69,68,67,66,65,64,63,62,61,60,59,58,57,56,55,54,53,52,51,50,49,48,47,46,45,44,43,42,41,40,39,38,37,36,35,34,33,32,31,30,29,28,27,26,25,24,23,22,21],"card_choices":[{"not_picked":["Caltrops","Endless Agony"],"picked":"FlyingSleeves","floor":1.0},{"not_picked":["LikeWater","PathToVictory"],"picked":"Cloak And Dagger","floor":2.0},{"not_picked":["FlurryOfBlows","Prepared","Reflex"],"picked":"SKIP","floor":3.0},{"not_picked":["Heel Hook","Dagger Spray"],"picked":"CutThroughFate","floor":4.0},{"not_picked":["CutThroughFate","Setup"],"picked":"FearNoEvil","floor":5.0},{"not_picked":["PathToVictory","Riddle With Holes"],"picked":"Glass Knife","floor":8.0},{"not_picked":["Indignation","Poisoned Stab"],"picked":"Cloak And Dagger","floor":11.0},{"not_picked":["Adaptation","Halt","Reflex"],"picked":"SKIP","floor":14.0},{"not_picked":["Phantasmal Killer","Bullet Time"],"picked":"Omniscience","floor":16.0},{"not_picked":["Outmaneuver","Crippling Poison","Collect"],"picked":"SKIP","floor":18.0},{"not_picked":["Prepared","FollowUp+1"],"picked":"Protect","floor":19.0},{"not_picked":["Burst","FlurryOfBlows"],"picked":"Prostrate","floor":21.0},{"not_picked":["Vengeance","Expertise","SashWhip"],"picked":"SKIP","floor":22.0},{"not_picked":["Sanctity","Vengeance+1"],"picked":"Noxious Fumes+1","floor":24.0},{"not_picked":["ClearTheMind","Outmaneuver","Evaluate"],"picked":"SKIP","floor":31.0},{"not_picked":["Malaise","Vault"],"picked":"Adrenaline","floor":33.0},{"not_picked":["Halt+1","FlurryOfBlows"],"picked":"Backflip+1","floor":35.0},{"not_picked":["Flying Knee+1","ClearTheMind","Dagger Throw+1"],"picked":"SKIP","floor":36.0},{"not_picked":["Caltrops","Blade Dance+1"],"picked":"Choke","floor":39.0},{"not_picked":["FlurryOfBlows+1","ThirdEye","Nirvana+1"],"picked":"SKIP","floor":40.0},{"not_picked":["Prepared+1","FollowUp+1"],"picked":"Riddle With Holes+1","floor":42.0},{"not_picked":["Prepared","Sucker Punch+1"],"picked":"Adrenaline","floor":44.0},{"not_picked":["Swivel+1","Vengeance","Prostrate+1"],"picked":"SKIP","floor":46.0}],"player_experience":1119682,"relics_obtained":[{"floor":8.0,"key":"Bottled Flame"},{"floor":9.0,"key":"Ancient Tea Set"},{"floor":24.0,"key":"Pen Nib"},{"floor":24.0,"key":"Calipers"},{"floor":26.0,"key":"Oddly Smooth Stone"},{"floor":38.0,"key":"Thread and Needle"},{"floor":40.0,"key":"Darkstone Periapt"},{"floor":40.0,"key":"Vajra"},{"floor":43.0,"key":"War Paint"}],"event_choices":[{"damage_healed":0.0,"max_hp_gain":0.0,"max_hp_loss":0.0,"gold_gain":0.0,"event_name":"Golden Idol","player_choice":"Take Damage","floor":10.0,"gold_loss":0.0,"damage_taken":15.0,"relics_obtained":["Golden Idol"]},{"damage_healed":0.0,"max_hp_gain":0.0,"max_hp_loss":0.0,"gold_gain":75.0,"event_name":"World of Goop","player_choice":"Gather Gold","floor":13.0,"gold_loss":0.0,"damage_taken":11.0},{"damage_healed":0.0,"max_hp_gain":0.0,"max_hp_loss":0.0,"gold_gain":0.0,"event_name":"The Mausoleum","player_choice":"Opened","floor":28.0,"gold_loss":0.0,"damage_taken":0.0,"relics_obtained":["Bag of Marbles"],"cards_obtained":["Writhe"]},{"damage_healed":0.0,"max_hp_gain":0.0,"max_hp_loss":0.0,"gold_gain":0.0,"event_name":"Addict","player_choice":"Obtained Relic","floor":29.0,"gold_loss":85.0,"damage_taken":0.0,"relics_obtained":["MealTicket"]},{"damage_healed":0.0,"max_hp_gain":0.0,"max_hp_loss":0.0,"gold_gain":75.0,"event_name":"FaceTrader","player_choice":"Touch","floor":30.0,"gold_loss":0.0,"damage_taken":4.0},{"damage_healed":0.0,"max_hp_gain":0.0,"max_hp_loss":0.0,"gold_gain":0.0,"event_name":"MindBloom","player_choice":"Fight","floor":38.0,"gold_loss":0.0,"damage_taken":0.0},{"cards_removed":["Die Die Die"],"damage_healed":0.0,"max_hp_gain":0.0,"max_hp_loss":0.0,"gold_gain":0.0,"event_name":"Falling","player_choice":"Removed Attack","floor":48.0,"gold_loss":0.0,"damage_taken":0.0}],"is_beta":true,"boss_relics":[{"not_picked":["Cursed Key","Ectoplasm"],"picked":"Black Star"},{"not_picked":["Tiny House","Fusion Hammer"],"picked":"Snecko Eye"}],"items_purged_floors":[37],"is_endless":false,"potions_floor_spawned":[1,4,8,19,21,22,36,39,44],"ascension_level":0}}