{"host":"qgrlfjrqk9z96gfi","time":1612837854,"event":{"mods":["BaseMod","Block Reminder","Colored Map","Custom Start","DeckTracker","Minty Spire (QoL Compilation)"],"gold_per_floor":[110,68,118,134,144,171,171,201,227,227,65,65,81,156,156,229,229,241,87,99,116,116,116,16,16,62,89,89,33,33,60,60,134,134,152,171,223,65,65,65],"floor_reached":39,"language":"ENG","playtime":1756,"items_purged":["Strike_G","Strike_G"],"score":846,"play_id":"df2736c3-6e66-4fb3-a2b8-a2e6f06aae1c","local_time":"20210208163054","is_ascension_mode":true,"campfire_choices":[{"floor":7,"key":"REST"},{"data":"Crippling Poison","floor":10,"key":"SMITH"},{"data":"Bouncing Flask","floor":12,"key":"SMITH"},{"data":"Deadly Poison","floor":15,"key":"SMITH"},{"data":"Wraith Form v2","floor":23,"key":"SMITH"},{"data":"Well Laid Plans","floor":25,"key":"SMITH"},{"data":"Footwork","floor":30,"key":"SMITH"},{"data":"Tools of the Trade","floor":32,"key":"SMITH"}],"circlet_count":0,"master_deck":["AscendersBane","Defend_G+1","Defend_G+1","Defend_G+1","Defend_G+1","Defend_G+1","Survivor","Neutralize","Bouncing Flask+1","Crippling Poison+1","Poisoned Stab","Deadly Poison+1","Backflip","Cloak And Dagger","Tools of the Trade+1","Wraith Form v2+1","Dagger Spray+1","Flechettes+1","Escape Plan+1","Well Laid Plans+1","Footwork+1","Deadly Poison","Burst","Prepared+1","Backflip","Tactician+1","Venomology","Calculated Gamble"],"relics":["Ring of the Snake","Bronze Scales","Pen Nib","Ancient Tea Set","MealTicket","Art of War","Astrolabe","Blood Vial","Sundial","Pantograph","Coffee Dripper","Gambling Chip","Orrery"],"acts_visited":["Exordium","TheCity","TheBeyond"],"potions_floor_usage":[8,16,31,31],"damage_taken":[{"damage":5,"enemies":"Small Slimes","floor":1,"turns":5},{"damage":0,"enemies":"Cultist","floor":4,"turns":3},{"damage":0,"enemies":"2 Louse","floor":5,"turns":3},{"damage":20,"enemies":"Lagavulin","floor":6,"turns":5},{"damage":36,"enemies":"Gremlin Nob","floor":8,"turns":4},{"damage":1,"enemies":"Looter","floor":13,"turns":3},{"damage":17,"enemies":"Hexaghost","floor":16,"turns":7},{"damage":4,"enemies":"Chosen","floor":18,"turns":5},{"damage":5,"enemies":"Spheric Guardian","floor":20,"turns":3},{"damage":7,"enemies":"Centurion and Healer","floor":21,"turns":8},{"damage":9,"enemies":"Gremlin Leader","floor":27,"turns":6},{"damage":18,"enemies":"Slavers","floor":31,"turns":4},{"damage":3,"enemies":"Champ","floor":33,"turns":11},{"damage":2,"enemies":"Orb Walker","floor":35,"turns":5},{"damage":3,"enemies":"3 Shapes","floor":36,"turns":4},{"damage":56,"enemies":"2 Orb Walkers","floor":37,"turns":8},{"damage":32,"enemies":"Transient","floor":39,"turns":3}],"seed_played":"-3342755882847738913","potions_obtained":[{"floor":4,"key":"Strength Potion"},{"floor":6,"key":"FearPotion"},{"floor":8,"key":"Regen Potion"},{"floor":21,"key":"Block Potion"}],"is_trial":false,"path_per_floor":["M","$","?","M","M","E","R","E","T","R","$","R","M","?","R","B",null,"M","$","M","M","?","R","$","R","T","E","?","$","R","E","R","B",null,"M","M","?","$","M"],"character_chosen":"THE_SILENT","items_purchased":["Crippling Poison","Art of War","Footwork","Deadly Poison","Orrery"],"campfire_rested":1,"item_purchase_floors":[2,11,19,29,38],"current_hp_per_floor":[54,54,54,54,54,34,53,17,17,17,32,32,31,20,20,18,54,50,65,60,53,53,53,66,66,66,57,57,66,66,48,48,63,65,64,63,9,24,0,0],"gold":65,"neow_bonus":"RANDOM_COMMON_RELIC","is_daily":false,"chose_seed":false,"campfire_upgraded":7,"win_rate":0.0,"timestamp":1612837854,"path_taken":["M","$","?","M","?","E","R","E","T","R","$","R","M","?","R","BOSS","M","$","M","M","?","R","$","R","T","E","?","$","R","E","R","BOSS","M","M","?","$","M"],"items_purchased_type":["Card","Relic","Card","Card","Relic"],"build_version":"2020-12-22","purchased_purges":2,"victory":false,"max_hp_per_floor":[66,66,66,66,66,66,66,66,66,66,66,66,66,66,66,66,66,66,66,66,66,66,66,66,66,66,66,66,66,66,66,66,66,66,66,66,66,66,66,66],"card_choices":[{"not_picked":["Cloak And Dagger","Deflect"],"picked":"Bouncing Flask","floor":1},{"not_picked":["Skewer","Accuracy"],"picked":"Poisoned Stab","floor":4},{"not_picked":["Cloak And Dagger","Slice"],"picked":"Deadly Poison","floor":5},{"not_picked":["Bane","Cloak And Dagger"],"picked":"Backflip","floor":6},{"not_picked":["Blade Dance","Quick Slash"],"picked":"Cloak And Dagger","floor":8},{"not_picked":["Riddle With Holes","Cloak And Dagger"],"picked":"Tools of the Trade","floor":13},{"not_picked":["Burst","Tools of the Trade"],"picked":"Wraith Form v2","floor":16},{"not_picked":["Flying Knee","Dodge and Roll"],"picked":"Well Laid Plans","floor":18},{"not_picked":["Distraction","Slice","Choke"],"picked":"SKIP","floor":20},{"not_picked":["Underhanded Strike","Prepared","Bane"],"picked":"SKIP","floor":21},{"not_picked":["A Thousand Cuts","Flying Knee","Prepared"],"picked":"SKIP","floor":27},{"not_picked":["Slice","Flechettes+1","Outmaneuver"],"picked":"SKIP","floor":31},{"not_picked":["Phantasmal Killer","Venomology"],"picked":"Burst","floor":33},{"not_picked":["Skewer+1","Expertise+1"],"picked":"Prepared+1","floor":35},{"not_picked":["Blade Dance+1","Quick Slash","Flying Knee"],"picked":"SKIP","floor":36},{"not_picked":["Bouncing Flask","Skewer"],"picked":"Backflip","floor":37},{"not_picked":["Backstab","Skewer"],"picked":"Tactician+1","floor":38},{"not_picked":["Sucker Punch","Bane"],"picked":"Venomology","floor":38},{"not_picked":["Poisoned Stab","Cloak And Dagger"],"picked":"Calculated Gamble","floor":38}],"player_experience":1122869,"relics_obtained":[{"floor":6,"key":"Pen Nib"},{"floor":8,"key":"Ancient Tea Set"},{"floor":9,"key":"MealTicket"},{"floor":26,"key":"Blood Vial"},{"floor":27,"key":"Sundial"},{"floor":31,"key":"Pantograph"},{"floor":37,"key":"Gambling Chip"}],"event_choices":[{"damage_healed":0,"gold_gain":50,"player_choice":"Pray","damage_taken":0,"max_hp_gain":0,"max_hp_loss":0,"event_name":"Golden Shrine","floor":3,"gold_loss":0},{"damage_healed":0,"gold_gain":75,"player_choice":"Gather Gold","damage_taken":11,"max_hp_gain":0,"max_hp_loss":0,"event_name":"World of Goop","floor":14,"gold_loss":0},{"damage_healed":0,"gold_gain":0,"player_choice":"Ignored","damage_taken":0,"max_hp_gain":0,"max_hp_loss":0,"event_name":"Beggar","floor":22,"gold_loss":0},{"damage_healed":0,"gold_gain":0,"player_choice":"Simplicity","damage_taken":0,"max_hp_gain":0,"max_hp_loss":0,"event_name":"Back to Basics","floor":28,"gold_loss":0,"cards_upgraded":["Defend_G","Defend_G","Defend_G","Defend_G","Defend_G"]},{"damage_healed":0,"gold_gain":0,"player_choice":"Fight","damage_taken":0,"max_hp_gain":0,"max_hp_loss":0,"event_name":"Mysterious Sphere","floor":37,"gold_loss":0}],"is_beta":false,"boss_relics":[{"not_picked":["Fusion Hammer","Ectoplasm"],"picked":"Astrolabe"},{"not_picked":["Calling Bell","Runic Pyramid"],"picked":"Coffee Dripper"}],"items_purged_floors":[19,24],"is_endless":false,"potions_floor_spawned":[4,6,8,21,27],"killed_by":"Transient","ascension_level":20}}