{"host":"p1093t59nho0xj5h","time":1612905694,"event":{"mods":["2.2 Compatiblity","Act Like it!","BaseMod","Better Note","Better Synergies","Better Third Choice","BetterRewards","Bossed Relics","BshForSts","Colored Map","Colored Powertips","Communication Mod","Curses Come First","Displayed Cursed Tome","GifTheSpireLib","Highlight Path","Hubris","Minty Spire (QoL Compilation)","Permanent Neow","Quick Restart","Rare Cards Sparkle","Replay The Spire","Shop Mod","Small Relic Pack","StS++","StSLib","Stuff the Spire","Weighted Paths","yUi"],"gold_per_floor":[118,134,154,154,168,202,202,214,237,257,267,110,127,127,127],"floor_reached":14,"language":"ENG","playtime":1937,"items_purged":[],"score":96,"play_id":"1901a8d4-3b15-4fe2-8432-2090e57ee51a","local_time":"20210209162134","is_ascension_mode":false,"campfire_choices":[{"data":"Bash","floor":7,"key":"SMITH"}],"circlet_count":0,"master_deck":["Strike_R","Strike_R","Strike_R","Strike_R","Strike_R","Defend_R","Defend_R","Defend_R","Defend_R","Bash+1","Offering","StuffTheSpire:Resist","Pummel","Body Slam","Replay:Undeath\u0027s Touch","Clothesline","hubris:CleavingFinish","ReplayReversal","StuffTheSpire:TitanForm","Flex","StSpp:Jab","Intimidate","Ghostly Armor"],"relics":["Burning Blood","FaceOfCleric","Gremlin Food","Replay:Baseball"],"acts_visited":["Exordium"],"potions_floor_usage":[6,6],"damage_taken":[{"damage":5,"enemies":"Cultist","floor":1,"turns":4},{"damage":5,"enemies":"2 Louse","floor":2,"turns":4},{"damage":20,"enemies":"Small Slimes","floor":3,"turns":4},{"damage":5,"enemies":"Looter","floor":5,"turns":3},{"damage":38,"enemies":"3 Sentries","floor":6,"turns":12},{"damage":16,"enemies":"Large Slime","floor":8,"turns":6},{"damage":17,"enemies":"Gremlin Gang","floor":10,"turns":4},{"damage":11,"enemies":"Looter","floor":11,"turns":2},{"damage":6,"enemies":"Exordium Wildlife","floor":13,"turns":3},{"damage":26,"enemies":"Lagavulin","floor":14,"turns":6}],"seed_played":"-1847312272731331074","potions_obtained":[{"floor":1,"key":"Adrenaline Potion"},{"floor":3,"key":"AttackPotion"},{"floor":5,"key":"Weak Potion"},{"floor":8,"key":"Dexterity Potion"},{"floor":11,"key":"Explosive Potion"},{"floor":13,"key":"SteroidPotion"}],"is_trial":false,"path_per_floor":["M","M","M","?","M","E","R","M","T","M","M","$","M","E"],"character_chosen":"IRONCLAD","items_purchased":["Flex","StSpp:Jab","Intimidate"],"campfire_rested":0,"item_purchase_floors":[12,12,12],"current_hp_per_floor":[80,80,66,66,68,37,37,28,28,18,14,14,15,0,0],"gold":127,"neow_bonus":"ONE_RANDOM_RARE_CARD","is_daily":false,"chose_seed":false,"campfire_upgraded":1,"win_rate":0.0,"timestamp":1612905694,"path_taken":["M","?","M","?","M","E","R","?","T","M","M","?","M","E"],"items_purchased_type":["Card","Card","Card"],"build_version":"2020-12-22","purchased_purges":0,"victory":false,"max_hp_per_floor":[80,80,80,80,81,82,82,83,83,84,85,85,86,86,86],"card_choices":[{"not_picked":["Power Through","Anger"],"picked":"StuffTheSpire:Resist","floor":1},{"not_picked":["True Grit","Carnage"],"picked":"Pummel","floor":2},{"not_picked":["Seeing Red","Dark Embrace"],"picked":"Body Slam","floor":3},{"not_picked":["Body Slam","Armaments"],"picked":"Replay:Undeath\u0027s Touch","floor":5},{"not_picked":["StuffTheSpire:Pyroclast","Blood for Blood"],"picked":"Clothesline","floor":6},{"not_picked":["Anger","Run Through"],"picked":"hubris:CleavingFinish","floor":8},{"not_picked":["Headbutt","Iron Wave"],"picked":"ReplayReversal","floor":10},{"not_picked":["Reckless Charge","True Grit"],"picked":"StuffTheSpire:TitanForm","floor":11},{"not_picked":["Power Through","Armaments"],"picked":"Ghostly Armor","floor":13}],"player_experience":69797,"relics_obtained":[{"floor":6,"key":"Gremlin Food"},{"floor":9,"key":"Replay:Baseball"}],"event_choices":[{"damage_healed":0,"gold_gain":0,"player_choice":"Trade","damage_taken":0,"relics_obtained":["FaceOfCleric"],"max_hp_gain":0,"max_hp_loss":0,"event_name":"FaceTrader","floor":4,"gold_loss":0}],"is_beta":false,"boss_relics":[],"items_purged_floors":[],"is_endless":false,"potions_floor_spawned":[1,3,5,8,11,13],"killed_by":"Lagavulin","ascension_level":0}}