{"host":"9e8t9l667fx7pth6","time":1612855939,"event":{"mods":["2.2 Compatiblity","AchievementEnabler","AlwaysNeverKeys","Aspiration","BaseMod","BetterRewards","Custom Start","Dark Map","Halation","Minty Spire (QoL Compilation)","Morshu Shopkeeper","Remove Card Discount Mod","StSLib","The Blue Laboratory"],"gold_per_floor":[112,112,31,29,104,136,136,164,164,193,193,204,236,201,201,279,279,289,289,11,26,37,37,70,70,70,90,90,106,45,60,60,136,136,149,166,180,43,63,97,97,97,97],"floor_reached":42,"language":"ENG","playtime":1666,"items_purged":["Strike_B","Strike_B","Strike_B","Strike_B","Defend_B","Defend_B","Defend_B","Reprogram+1","Ball Lightning"],"score":1119,"play_id":"d87549ca-cb27-4f9e-a032-10f4576cabc7","local_time":"20210209023219","is_ascension_mode":true,"campfire_choices":[{"data":"Static Discharge","floor":7,"key":"SMITH"},{"data":"Electrodynamics","floor":11,"key":"SMITH"},{"data":"Dualcast","floor":15,"key":"SMITH"},{"data":"Glacier","floor":23,"key":"SMITH"},{"floor":25,"key":"REST"},{"floor":28,"key":"REST"},{"floor":32,"key":"REST"},{"floor":41,"key":"REST"}],"circlet_count":0,"master_deck":["AscendersBane","Defend_B+1","Zap+1","Dualcast+1","Gash","Static Discharge+1","White Noise+1","Electrodynamics+1","FTL","Core Surge","Fission+1","Glacier+1","FTL","Loop","Gash","Leap+1","Leap+1","Seek+1","Conserve Battery+1","White Noise+1","Defragment+1","Heatsinks","Force Field+1"],"relics":["FrozenCore","NeowsBlessing","Toy Ornithopter","aspiration:FrozenJewel","aspiration:SeaSaltIceCream","NeowsBlessing","Ginger","War Paint","Toxic Egg 2","aspiration:HiddenCompartment","aspiration:Stellarator","Sundial"],"acts_visited":["Exordium","TheCity","TheBeyond"],"potions_floor_usage":[21,33,33,39,40],"damage_taken":[{"damage":0,"enemies":"Jaw Worm","floor":1,"turns":1},{"damage":0,"enemies":"3 Sentries","floor":6,"turns":1},{"damage":0,"enemies":"Lagavulin","floor":8,"turns":1},{"damage":0,"enemies":"3 Sentries","floor":10,"turns":1},{"damage":0,"enemies":"Cultist","floor":12,"turns":1},{"damage":0,"enemies":"Lagavulin","floor":13,"turns":1},{"damage":14,"enemies":"Slime Boss","floor":16,"turns":5},{"damage":0,"enemies":"Spheric Guardian","floor":18,"turns":4},{"damage":8,"enemies":"Shell Parasite","floor":21,"turns":4},{"damage":11,"enemies":"Centurion and Healer","floor":22,"turns":5},{"damage":28,"enemies":"Book of Stabbing","floor":24,"turns":3},{"damage":17,"enemies":"Cultist and Chosen","floor":27,"turns":3},{"damage":22,"enemies":"Chosen and Byrds","floor":29,"turns":3},{"damage":9,"enemies":"Sentry and Sphere","floor":31,"turns":3},{"damage":43,"enemies":"Automaton","floor":33,"turns":10},{"damage":6,"enemies":"Orb Walker","floor":35,"turns":4},{"damage":9,"enemies":"3 Darklings","floor":36,"turns":4},{"damage":0,"enemies":"Maw","floor":37,"turns":10},{"damage":0,"enemies":"Spire Growth","floor":39,"turns":7},{"damage":19,"enemies":"Reptomancer","floor":40,"turns":6},{"damage":52,"enemies":"Giant Head","floor":42,"turns":9}],"seed_played":"5460498274578610160","potions_obtained":[{"floor":6,"key":"blueLaboratory:BottleOfVodka"},{"floor":10,"key":"DuplicationPotion"},{"floor":22,"key":"Strength Potion"},{"floor":27,"key":"blueLaboratory:CreativityPotion"},{"floor":36,"key":"GamblersBrew"},{"floor":37,"key":"blueLaboratory:CoolantVial"}],"is_trial":false,"path_per_floor":["M","?","$","$","?","E","R","E","T","E","R","M","E","?","R","B",null,"M","?","$","M","M","R","E","R","T","M","R","M","$","M","R","B",null,"M","M","M","$","M","E","R","E"],"character_chosen":"DEFECT","items_purchased":["Static Discharge","Toxic Egg 2","Leap+1","Heatsinks","Force Field+1"],"campfire_rested":4,"item_purchase_floors":[3,20,30,38,38],"current_hp_per_floor":[64,64,64,64,53,53,53,53,53,53,53,53,53,70,70,56,67,67,67,67,63,52,52,24,45,45,28,49,27,27,18,39,6,55,49,40,40,40,45,31,52,0,0],"gold":97,"neow_bonus":"THREE_ENEMY_KILL","is_daily":false,"chose_seed":false,"campfire_upgraded":4,"win_rate":0.0,"timestamp":1612855939,"path_taken":["M","?","?","$","?","E","R","E","T","E","R","M","E","?","R","BOSS","M","?","$","?","M","R","E","R","T","M","R","M","$","M","R","BOSS","M","M","M","$","M","E","R","E"],"items_purchased_type":["Card","Relic","Card","Card","Card"],"build_version":"2020-12-22","purchased_purges":9,"victory":false,"max_hp_per_floor":[71,71,71,71,71,71,71,71,71,71,71,71,71,71,71,71,71,71,71,71,71,71,71,71,71,71,71,71,71,71,71,71,71,71,71,71,71,71,71,71,71,71,71],"card_choices":[{"not_picked":["Leap","Coolheaded"],"picked":"Gash","floor":1},{"not_picked":["Consume","aspiration:Polymerization"],"picked":"White Noise","floor":6},{"not_picked":["Rebound","Barrage"],"picked":"Electrodynamics","floor":8},{"not_picked":["Hello World","Reinforced Body"],"picked":"FTL","floor":10},{"not_picked":["Go for the Eyes","Leap"],"picked":"Ball Lightning","floor":12},{"not_picked":["Compile Driver","Chaos"],"picked":"Core Surge","floor":13},{"not_picked":["Amplify","Core Surge"],"picked":"Fission","floor":16},{"not_picked":["Chill","Rebound"],"picked":"Glacier","floor":18},{"not_picked":["Redo+1","Stack+1","Undo+1"],"picked":"SKIP","floor":21},{"not_picked":["Rip and Tear","Coolheaded+1"],"picked":"FTL","floor":22},{"not_picked":["Sweeping Beam","Gash"],"picked":"Loop","floor":24},{"not_picked":["Fusion+1","Lockon+1"],"picked":"Gash","floor":27},{"not_picked":["Beam Cell","Undo+1"],"picked":"Leap+1","floor":29},{"not_picked":["Barrage","Hologram+1"],"picked":"Reprogram+1","floor":31},{"not_picked":["Fission+1","Reboot+1"],"picked":"Seek+1","floor":33},{"not_picked":["Fusion+1","Steam+1"],"picked":"Conserve Battery+1","floor":35},{"not_picked":["Go for the Eyes","Turbo+1"],"picked":"White Noise+1","floor":36},{"not_picked":["Turbo+1","Stack+1"],"picked":"Defragment+1","floor":37},{"not_picked":["Compile Driver+1","Lockon+1","Go for the Eyes"],"picked":"SKIP","floor":39},{"not_picked":["Cold Snap","Hyperbeam","Compile Driver"],"picked":"SKIP","floor":40}],"player_experience":1019027,"relics_obtained":[{"floor":6,"key":"Toy Ornithopter"},{"floor":8,"key":"aspiration:FrozenJewel"},{"floor":9,"key":"aspiration:SeaSaltIceCream"},{"floor":10,"key":"Ginger"},{"floor":13,"key":"War Paint"},{"floor":24,"key":"aspiration:HiddenCompartment"},{"floor":40,"key":"Sundial"}],"event_choices":[{"damage_healed":0,"gold_gain":0,"player_choice":"Upgraded","damage_taken":0,"max_hp_gain":0,"max_hp_loss":0,"event_name":"Upgrade Shrine","floor":2,"gold_loss":0,"cards_upgraded":["Zap"]},{"damage_healed":0,"gold_gain":75,"player_choice":"Gather Gold","damage_taken":11,"max_hp_gain":0,"max_hp_loss":0,"event_name":"World of Goop","floor":5,"gold_loss":0},{"damage_healed":17,"gold_gain":0,"player_choice":"Healed","damage_taken":0,"max_hp_gain":0,"max_hp_loss":0,"event_name":"The Cleric","floor":14,"gold_loss":35},{"damage_healed":0,"gold_gain":0,"player_choice":"Forge","damage_taken":0,"max_hp_gain":0,"max_hp_loss":0,"event_name":"Accursed Blacksmith","floor":19,"gold_loss":0,"cards_upgraded":["Fission"]}],"is_beta":false,"boss_relics":[{"not_picked":["halation:Yufonium","aspiration:BursterCore"],"picked":"FrozenCore"},{"not_picked":["halation:HeavySnake","halation:Risk"],"picked":"aspiration:Stellarator"}],"items_purged_floors":[3,4,20,20,20,30,30,38,38],"is_endless":false,"potions_floor_spawned":[6,10,12,16,18,22,27,31,36,37],"killed_by":"Giant Head","ascension_level":19}}