{"host":"psh83vqabmtchp5z","time":1612868196,"event":{"mods":["AchievementEnabler","Aspiration","BaseMod","Better Altar","Better Match","Better Skull","Better Third Choice","Better Vampires","BetterRewards","Challenge The Spire","Conspire","Downfall","Gold Saver","Lobotomy","LobotomyExtend","Minty Spire (QoL Compilation)","Quick Restart","Relic Filter","Replay The Spire","Shop Mod","Spicy Shops","StSLib","óô»ðÖ¸ÄÏ"],"gold_per_floor":[99,99,99,99,128,160,211,231,278,309,309,337,337,10,29,129,129,129,146,146,146,146],"floor_reached":20,"language":"ZHS","playtime":5862,"items_purged":[],"score":164,"play_id":"936bc37e-8662-4188-897d-b3231d0ff642","local_time":"20210209185636","is_ascension_mode":false,"campfire_choices":[{"data":"sneckomod:TrashToTreasure","floor":11,"key":"SMITH"}],"circlet_count":0,"master_deck":["sneckomod:Strike+1","sneckomod:Strike","sneckomod:Strike","sneckomod:Defend","sneckomod:Defend","sneckomod:Defend","sneckomod:TailWhip","sneckomod:SnekBite+1","sneckomod:Unknown","Noxious Fumes","Looming Evil","sneckomod:SoulDraw","sneckomod:WideSting","sneckomod:SoulDraw","sneckomod:UnknownBlock","sneckomod:Nope","sneckomod:TrashToTreasure+1","Acrobatics","sneckomod:Unknown0Cost","sneckomod:MorePower","Tools of the Trade","sneckomod:UnknownClassGREEN+1","sneckomod:RainOfDice+1"],"relics":["sneckomod:SneckoSoul","ReplayTheSpireMod:Ring of Challenge","Ring of Peace","LetterFromLob","sneckomod:SneckoCommon","Blue Candle","aspiration:HatOfInfinitePower","Snecko Eye"],"acts_visited":["Exordium","TheCity"],"potions_floor_usage":[6,10,14,14,14,14,14,16,20],"damage_taken":[{"damage":0,"enemies":"2 Louse","floor":5,"turns":3},{"damage":0,"enemies":"Small Slimes","floor":6,"turns":2},{"damage":0,"enemies":"conspire:RoseBush","floor":8,"turns":4},{"damage":1,"enemies":"Red Slaver","floor":10,"turns":6},{"damage":11,"enemies":"Large Slime","floor":12,"turns":8},{"damage":5,"enemies":"downfall:FleeingMerchant","floor":14,"turns":4},{"damage":14,"enemies":"Exordium Wildlife","floor":15,"turns":4},{"damage":55,"enemies":"SI_SHIV_ARCHETYPE","floor":16,"turns":11},{"damage":20,"enemies":"conspire:FuzzyDice","floor":19,"turns":6},{"damage":114,"enemies":"conspire:FuzzyDice","floor":20,"turns":4}],"seed_played":"-2397914600507687078","potions_obtained":[{"floor":4,"key":"PowerPotion"},{"floor":4,"key":"SneckoOil"},{"floor":4,"key":"Explosive Potion"},{"floor":5,"key":"EntropicBrew"},{"floor":8,"key":"Adrenaline Potion"},{"floor":15,"key":"EssenceOfSteel"},{"floor":16,"key":"FearPotion"}],"is_trial":false,"path_per_floor":["R","?","?","?","M","M","T","M","?","M","R","M","R","$","M","B",null,"R","M","?"],"character_chosen":"THE_SNECKO","items_purchased":["aspiration:HatOfInfinitePower"],"campfire_rested":0,"item_purchase_floors":[14],"current_hp_per_floor":[90,90,90,90,90,90,90,90,90,89,89,78,78,73,59,4,90,90,70,0,0,0],"gold":146,"neow_bonus":"UPGRADE_CARD","is_daily":false,"chose_seed":false,"campfire_upgraded":1,"win_rate":0.0,"timestamp":1612868196,"path_taken":["R","?","?","?","?","M","T","M","?","M","R","M","R","$","M","BOSS","R","M","?"],"items_purchased_type":["Relic"],"build_version":"2020-12-22","purchased_purges":0,"victory":false,"max_hp_per_floor":[90,90,90,90,90,90,90,90,90,90,90,90,90,90,90,90,90,90,90,90,90,90],"card_choices":[{"not_picked":["sneckomod:QuickBite","sneckomod:UnknownUncommonSkill"],"picked":"sneckomod:SoulDraw","floor":5},{"not_picked":["sneckomod:Unknown2Cost","sneckomod:QuickBite"],"picked":"sneckomod:WideSting","floor":6},{"not_picked":["sneckomod:QuickMove","sneckomod:QuickBite"],"picked":"sneckomod:SoulDraw","floor":8},{"not_picked":["sneckomod:DiceBlock","sneckomod:SoulDraw"],"picked":"sneckomod:UnknownBlock","floor":9},{"not_picked":["sneckomod:UnknownCommonAttack","sneckomod:IronFang"],"picked":"sneckomod:Nope","floor":9},{"not_picked":["sneckomod:DiceBlock","sneckomod:SerpentIdol"],"picked":"sneckomod:TrashToTreasure","floor":10},{"not_picked":["sneckomod:SlitherStrike","sneckomod:UnknownCommonSkill"],"picked":"sneckomod:UnknownDraw","floor":12},{"not_picked":["sneckomod:DangerNoodle","sneckomod:IronFang"],"picked":"sneckomod:Unknown0Cost","floor":14},{"not_picked":["sneckomod:UnknownDraw","sneckomod:SnekBeam","sneckomod:UnknownBlock"],"picked":"SKIP","floor":15},{"not_picked":["sneckomod:Restock","sneckomod:SerpentMind"],"picked":"sneckomod:MorePower","floor":16},{"not_picked":["sneckomod:UnknownBlock+1","sneckomod:Unknown3Cost+1"],"picked":"sneckomod:UnknownClassGREEN+1","floor":19},{"not_picked":["sneckomod:SoulCleanse","sneckomod:ImprovisedGuard"],"picked":"sneckomod:RainOfDice+1","floor":19}],"player_experience":604196,"relics_obtained":[{"floor":2,"key":"ReplayTheSpireMod:Ring of Challenge"},{"floor":2,"key":"Ring of Peace"},{"floor":5,"key":"LetterFromLob"},{"floor":7,"key":"sneckomod:SneckoCommon"},{"floor":9,"key":"Blue Candle"}],"event_choices":[{"damage_healed":0,"gold_gain":0,"player_choice":"Got Potions","damage_taken":0,"max_hp_gain":0,"max_hp_loss":0,"event_name":"Lab","floor":4,"gold_loss":0}],"is_beta":false,"boss_relics":[{"not_picked":["Cursed Key","conspire:SlowCooker"],"picked":"Snecko Eye"}],"items_purged_floors":[],"is_endless":false,"potions_floor_spawned":[5,8,15,16],"killed_by":"conspire:FuzzyDice","ascension_level":0}}