{"host":"9rehsd5oi9uaydbk","time":1612901086,"event":{"mods":["BaseMod","Curses Come First","Downfall","Hermit","Hubris","Minty Spire (QoL Compilation)","Reliquary","StSLib","The Disciple","The Jungle","The Necromancer","The Runesmith"],"gold_per_floor":[99,110,125,145,130,305,383,383,283,114,264,283,283,310,329,431,431,431,442,459,166,166,166,166,166,166,176,186,171,271,296,316,316,316,316],"floor_reached":33,"language":"ENG","playtime":1732,"items_purged":["Doubt"],"score":235,"play_id":"a7ffda08-e27c-4c87-b55f-ffcf629b1281","local_time":"20210209150446","is_ascension_mode":false,"campfire_choices":[{"floor":1,"key":"RECALL"},{"floor":9,"key":"REST"},{"data":"hexamod:EtherealExpedition","floor":13,"key":"SMITH"},{"data":"hexamod:TimeOfNeed","floor":18,"key":"SMITH"},{"floor":26,"key":"REST"}],"circlet_count":0,"master_deck":["hexamod:Strike+1","hexamod:Strike+1","hexamod:Strike+1","hexamod:Strike+1","hexamod:Defend+1","hexamod:Defend+1","hexamod:Defend+1","hexamod:Defend+1","hexamod:Sear","hexamod:Float","hexamod:EtherealExpedition+1","hexamod:SpectersWail","hexamod:TimeOfNeed+1","hexamod:GhostLash","hexamod:HeatMetal","hexamod:Incineration","downfall:Icky","hexamod:SearingWound","hexamod:SwordOfDarkness","hexamod:TimeOfNeed","hexamod:Firestarter","hexamod:Firestarter","hexamod:SoulSteal","hexamod:ThermalTransfer+1","hexamod:SkipABeat+1"],"relics":["hexamod:SpiritBrand","reliquary:Firecrackers","hubris:ToyBattleship","downfall:HeartBlessingRed","hubris:ScarierMask","reliquary:WeakTea","hubris:Icosahedron","InkBottle","downfall:RedIOU","hubris:GlazedTorus","Singing Bowl","Orichalcum"],"acts_visited":["Exordium","TheCity"],"potions_floor_usage":[16,16,16,28,28,29,30,33],"damage_taken":[{"damage":0,"enemies":"Small Slimes","floor":2,"turns":3},{"damage":4,"enemies":"Jaw Worm","floor":3,"turns":4},{"damage":7,"enemies":"2 Louse","floor":4,"turns":3},{"damage":0,"enemies":"downfall:FleeingMerchant","floor":5,"turns":4},{"damage":0,"enemies":"downfall:FleeingMerchant","floor":10,"turns":4},{"damage":9,"enemies":"2 Fungi Beasts","floor":12,"turns":3},{"damage":0,"enemies":"Large Slime","floor":15,"turns":4},{"damage":29,"enemies":"IC_STATUS_ARCHETYPE","floor":16,"turns":6},{"damage":17,"enemies":"3 Byrds","floor":19,"turns":3},{"damage":33,"enemies":"Centurion and Healer","floor":20,"turns":4},{"damage":10,"enemies":"downfall:FleeingMerchant","floor":21,"turns":4},{"damage":14,"enemies":"Shelled Parasite and Fungi","floor":27,"turns":4},{"damage":3,"enemies":"Snecko","floor":28,"turns":4},{"damage":4,"enemies":"downfall:FleeingMerchant","floor":29,"turns":4},{"damage":6,"enemies":"SI_SHIV_ARCHETYPE","floor":30,"turns":6},{"damage":21,"enemies":"Snake Plant","floor":32,"turns":4},{"damage":19,"enemies":"WA_ARCHETYPE_CALM","floor":33,"turns":5}],"seed_played":"-373609591500751527","potions_obtained":[{"floor":2,"key":"Swift Potion"},{"floor":4,"key":"Regen Potion"},{"floor":12,"key":"hexamod:InfernoChargePotion"},{"floor":16,"key":"EssenceOfSteel"},{"floor":28,"key":"Regen Potion"},{"floor":32,"key":"Ancient Potion"}],"is_trial":false,"path_per_floor":["R","M","M","M","$","?","T","?","R","$","?","M","R","T","M","B",null,"R","M","M","$","?","?","T","?","R","M","M","$","?","T","M","B"],"character_chosen":"THE_SPIRIT","items_purchased":["hexamod:Incineration","hexamod:SoulSteal","Slimebound:ThreeZeroPotion","reliquary:WeakTea"],"campfire_rested":2,"item_purchase_floors":[10,21,21,21],"current_hp_per_floor":[77,77,73,66,66,66,66,59,77,77,77,68,68,68,68,54,77,77,60,27,17,17,17,17,17,40,26,23,33,29,29,10,0,0,0],"gold":316,"neow_bonus":"TEN_PERCENT_HP_BONUS","is_daily":false,"chose_seed":false,"campfire_upgraded":2,"win_rate":0.0,"timestamp":1612901086,"path_taken":["R","M","M","M","$","?","T","?","R","$","?","M","R","?","M","BOSS","R","M","M","$","?","?","T","?","R","M","?","?","?","?","M","BOSS"],"items_purchased_type":["Card","Card","Potion","Relic"],"build_version":"2020-12-22","purchased_purges":1,"victory":false,"max_hp_per_floor":[77,77,77,77,77,77,77,77,77,77,77,77,77,77,77,77,77,77,77,77,77,77,77,77,77,77,77,77,77,79,79,81,81,81,81],"card_choices":[{"not_picked":["hexamod:RetreatToShadows","hexamod:CatchUp"],"picked":"hexamod:EtherealExpedition","floor":2},{"not_picked":["hexamod:InspiringFlames","hexamod:BacktrackSmack"],"picked":"hexamod:SpectersWail","floor":3},{"not_picked":["hexamod:BurningTouch","hexamod:StepThrough"],"picked":"hexamod:TimeOfNeed","floor":4},{"not_picked":["hexamod:SecondSeal","hexamod:FourthSeal"],"picked":"hexamod:GhostLash","floor":5},{"not_picked":["hexamod:ShieldOfDarkness","hexamod:Firestarter"],"picked":"hexamod:HeatMetal","floor":10},{"not_picked":["hexamod:NightmareGuise","hexamod:BacktrackSmack"],"picked":"hexamod:SearingWound","floor":12},{"not_picked":["hexamod:FourthSeal","hexamod:HeatMetal"],"picked":"hexamod:SwordOfDarkness","floor":15},{"not_picked":["hexamod:SearingWound","hexamod:FifthSeal"],"picked":"hexamod:TimeOfNeed","floor":16},{"not_picked":["hexamod:GhostLash+1","hexamod:ShieldOfDarkness"],"picked":"hexamod:Firestarter","floor":19},{"not_picked":["hexamod:HauntingEcho","hexamod:InspiringFlames"],"picked":"hexamod:Firestarter","floor":20},{"not_picked":["hexamod:SwordOfDarkness+1","hexamod:HeatCrush","hexamod:HeatMetal"],"picked":"SKIP","floor":21},{"not_picked":["hexamod:SpectralAdrenaline","hexamod:PhantomCloak"],"picked":"hexamod:ThermalTransfer+1","floor":27},{"not_picked":["hexamod:GhostLash","hexamod:Again"],"picked":"hexamod:SkipABeat+1","floor":28},{"not_picked":["hexamod:RainOfEmbers","hexamod:PhantomCloak","hexamod:ChargedBarrage"],"picked":"SKIP","floor":29},{"not_picked":["hexamod:SkipABeat+1","hexamod:ShieldOfDarkness+1","hexamod:FourthSeal"],"picked":"Singing Bowl","floor":30},{"not_picked":["hexamod:NightmareStrike+1","hexamod:NecessarySacrifice+1","hexamod:GhostOfSpirePresent"],"picked":"Singing Bowl","floor":32}],"player_experience":184769,"relics_obtained":[{"floor":7,"key":"reliquary:Firecrackers"},{"floor":14,"key":"Tiny Chest"},{"floor":24,"key":"InkBottle"},{"floor":30,"key":"hubris:GlazedTorus"},{"floor":30,"key":"Singing Bowl"},{"floor":31,"key":"Orichalcum"}],"event_choices":[{"damage_healed":0,"gold_gain":0,"player_choice":"Success","damage_taken":7,"relics_obtained":["hubris:ToyBattleship"],"max_hp_gain":0,"max_hp_loss":0,"event_name":"Scrap Ooze","floor":8,"gold_loss":0}],"is_beta":false,"boss_relics":[{"not_picked":["hubris:TerracottaHorce","Fusion Hammer"],"picked":"hubris:ScarierMask"}],"items_purged_floors":[10],"is_endless":false,"potions_floor_spawned":[2,4,12,16,28,32],"killed_by":"WA_ARCHETYPE_CALM","ascension_level":0}}