{"host":"i4vlfbz13gs2xtdj","time":1612908481,"event":{"mods":["2.2 Compatiblity","AchievementEnabler","Act Like it!","Aspiration","Astrologer","BaseMod","Beaked The Cultist","Bestiary","Better Altar","Better Match","Better Note","Better Sensory Stone","Better Skull","Better Third Choice","BetterRewards","CatGirl Mod","Challenge The Spire","ChefMod","Clockwork Mod","Colored Map","Colored Powertips","Curses Come First","Defuse TimeMaze Blight","Elementarium","Energized Spire","Fox Events","Friendly Minions","GifTheSpireLib","Halation","Hermit","Hubris","Hunter ??","Infinite Spire","Jedi Mod","JesterMod","Jorbs\u0027s Wanderer Trilogy","KinomotoSakuraMod(????)","Marked Mod","Menagerie","Minty Spire (QoL Compilation)","Pale of the Ancients","Potionbrewer","Rare Cards Sparkle","Relic Sorter","Relic Stats","Reliquary","Replay The Spire","Shop Mod","Somnambulant","Spicy Shops","Spikes Relics","Spire Arcade","StSLib","Stuff the Spire","The Blue Laboratory","The Marked","The Sage","Trackpad","Useless Jewels Mod","Wandering Minibosses"],"gold_per_floor":[118,118,118,118,193,193,227,239,265,284,1,1,15,43,43,148,148,167,167,167,181,181,181,6,6,6,6,6,6,6,6,6,6,6,6,6,6,6,6,6,6,6,6,6,6,6,6,6,6,6,6,6,6,6,20,52,52],"floor_reached":58,"language":"ENG","playtime":19545,"items_purged":["Doubt","stsjorbsmod:Amnesia"],"score":1695,"play_id":"040d4c06-a169-45b2-b72e-946804f882ed","local_time":"20210209170801","is_ascension_mode":true,"campfire_choices":[{"data":"beaked:Defend_Y","floor":6.0,"key":"SMITH"},{"data":"ReplayTheSpireMod:Wings of Steel","floor":12.0,"key":"SMITH"},{"data":"jedi:pocketpoison","floor":23.0,"key":"SMITH"},{"data":"Mayhem","floor":25.0,"key":"SMITH"},{"data":"beaked:Windmill","floor":28.0,"key":"SMITH"},{"floor":51.0,"key":"RECALL"},{"data":"beaked:Windmill","floor":54.0,"key":"SMITH"}],"circlet_count":0,"master_deck":["beaked:Strike_Y","beaked:Strike_Y","beaked:Strike_Y","beaked:Defend_Y","beaked:Defend_Y","beaked:Defend_Y+1","beaked:Ceremony","beaked:Ceremony","beaked:Ceremony","beaked:WindBringer","beaked:Brace+1","beaked:Replenish+1","ReplayTheSpireMod:Wings of Steel+1","beaked:Windmill+1","beaked:MachineEssence","Quick Slash","jedi:pocketpoison+1","Dagger Spray","Mayhem+1","beaked:Evade+1","beaked:Tweet+1","beaked:Flinch","beaked:Windmill+1","beaked:StickSmack+1","beaked:MimicHuntress+1","hubris:Insight"],"relics":["beaked:MendingPlumage","hubris:EmptyBottle","jesterMod:MirrorMask","Bird Faced Urn","Mirror","StuffTheSpire:Gunfinga","jedi:gremlinknob","aspiration:BabyByrd","aspiration:Lifesprig","Unceasing Top","reliquary:Boomerang","energizedSpire:CursedPentagram","jedi:ominousloannote","MerchantsRug","ReplayFunnel","infinitespire:Bottled Soul","StuffTheSpire:CocoNut","halation:PinkAlligatorPlush","wanderingMiniBosses:AbyssPearl","Ring of Searing","reliquary:BallBearing","halation:EternalFortune","BargainBundle","infinitespire:EmpoweringShard"],"acts_visited":["Exordium","TheCity","TheBeyond","TheEnding"],"potions_floor_usage":[57,57,57,57,57,57,57,57,57,57,57,57,57,57,57,57,57,57],"damage_taken":[{"damage":7.0,"enemies":"Jaw Worm","floor":1.0,"turns":3.0},{"damage":27.0,"enemies":"Gremlin Nob","floor":7.0,"turns":5.0},{"damage":2.0,"enemies":"Small Slimes","floor":8.0,"turns":3.0},{"damage":0.0,"enemies":"2 Louse","floor":10.0,"turns":2.0},{"damage":5.0,"enemies":"Lots of Slimes","floor":13.0,"turns":6.0},{"damage":44.0,"enemies":"3 Sentries","floor":14.0,"turns":8.0},{"damage":0.0,"enemies":"Fading Forest","floor":16.0,"turns":11.0},{"damage":15.0,"enemies":"3 Byrds","floor":18.0,"turns":5.0},{"damage":25.0,"enemies":"Shell Parasite","floor":21.0,"turns":5.0},{"damage":0.0,"enemies":"Gremlin Leader","floor":27.0,"turns":6.0},{"damage":14.0,"enemies":"Centurion and Healer","floor":29.0,"turns":7.0},{"damage":18.0,"enemies":"3 Cultists","floor":30.0,"turns":3.0},{"damage":20.0,"enemies":"Snake Plant","floor":31.0,"turns":3.0},{"damage":30.0,"enemies":"hubris:MusketHawk","floor":33.0,"turns":6.0},{"damage":9.0,"enemies":"Orb Walker","floor":35.0,"turns":2.0},{"damage":32.0,"enemies":"3 Darklings","floor":37.0,"turns":3.0},{"damage":19.0,"enemies":"Sphere and 2 Shapes","floor":38.0,"turns":4.0},{"damage":54.0,"enemies":"Giant Head","floor":40.0,"turns":7.0},{"damage":47.0,"enemies":"Maw","floor":44.0,"turns":7.0},{"damage":34.0,"enemies":"Nemesis","floor":47.0,"turns":5.0},{"damage":9.0,"enemies":"3 Darklings","floor":48.0,"turns":2.0},{"damage":39.0,"enemies":"Sphere and 2 Shapes","floor":50.0,"turns":4.0},{"damage":42.0,"enemies":"Time Eater","floor":52.0,"turns":8.0},{"damage":62,"enemies":"Shield and Spear","floor":56,"turns":5},{"damage":97,"enemies":"The Heart","floor":57,"turns":6}],"seed_played":"-1437104962544340212","potions_obtained":[{"floor":8.0,"key":"blueLaboratory:AbyssPotion"},{"floor":16.0,"key":"Cursed Concoction"},{"floor":18.0,"key":"Block Potion"},{"floor":27.0,"key":"blueLaboratory:BubblePotion"},{"floor":29.0,"key":"Swift Potion"},{"floor":38.0,"key":"Adrenaline Potion"},{"floor":40.0,"key":"potionbrewer:NoxiousPotion"},{"floor":44.0,"key":"potionbrewer:MidasPotion"},{"floor":50.0,"key":"Toxic Potion"}],"is_trial":false,"path_per_floor":["M","?","?","?","?","R","E","M","T","M","$","R","M","E","R_BF","B",null,"M","?","?","M","?","R","$","R","T","E","R","M","M","M","R_BF","B",null,"M","?","M","M","?","E","PTL","PTL","?","M","T","$","E","M","?","M","R_BF","B",null,"R","$","E","B",null],"character_chosen":"BEAKED_THE_CULTIST","items_purchased":["hubris:EmptyBottle","jesterMod:MirrorMask","Bird Faced Urn","Mirror","StuffTheSpire:Gunfinga","beaked:WindBringer","Block Potion","StuffTheSpire:RubySignet","Strength Potion","Elixir","jedi:ominousloannote","MerchantsRug","halation:AfternoonTea","ReplayFunnel","Mayhem","Elixir","BargainBundle","blueLaboratory:BubblePotion","blueLaboratory:FrostheartPotion","EntropicBrew","hubris:Insight","Regen Potion"],"campfire_rested":0,"item_purchase_floors":[0,0,0,0,0,0,11,11,11,11,24,24,24,24,24,24,55,55,55,55,55,55],"current_hp_per_floor":[24,24,29,29,24,24,14,20,20,26,26,26,41,19,35,55,55,55,55,55,53,53,53,53,53,53,62,62,62,62,60,60,61,62,61,61,50,58,58,48,48,48,51,55,55,55,57,60,60,50,50,56,65,65,65,34,53],"gold":52,"neow_bonus":"","is_daily":false,"chose_seed":false,"campfire_upgraded":6,"win_rate":0.0,"timestamp":1612908481,"path_taken":["M","?","?","?","?","R","E","?","T","M","$","R","M","E","R_BF","BOSS","M","?","?","?","?","R","?","R","T","E","R","M","M","M","R_BF","BOSS","M","?","?","?","?","E","PTL","PTL","?","M","T","?","E","M","?","M","R_BF","BOSS","R","$","E","BOSS"],"items_purchased_type":["Relic","Relic","Relic","Relic","Relic","Card","Potion","Relic","Potion","Potion","Relic","Relic","Relic","Relic","Card","Potion","Relic","Potion","Potion","Potion","Card","Potion"],"build_version":"2020-12-22","purchased_purges":2,"victory":true,"max_hp_per_floor":[50,50,55,55,55,55,55,55,55,55,55,55,55,55,55,55,55,55,55,55,55,55,55,55,55,55,62,62,62,62,62,62,62,62,62,62,62,62,62,62,62,62,65,65,65,65,65,65,65,65,65,65,65,65,65,65,65],"relic_stats":{"counters":[135,615],"Bird Faced Urn":[109],"obtain_stats":[{"Golden Egg":26,"jedi:angrymask":6,"infinitespire:BottledMercury":36,"jedi:bottledfury":7,"Whetstone":40,"reliquary:RedCape":17,"Old Coin":6,"Ring of Searing":12,"reliquary:FerryPass":9,"aspiration:BabyByrd":4,"MealTicket":0,"aspiration:DSix":0,"MerchantsRug":45,"Pear":37,"Counterbalance":34,"Pen Nib":21,"reliquary:WeakTea":9,"SlaversCollar":17,"infinitespire:Broken Mirror":31,"halation:Jellyphish":39,"Bird Faced Urn":0,"sagemod:Creepy_Carousel":10,"beaked:MawFillet":34,"halation:Convergence":48,"infinitespire:PuzzleCube":42,"Unceasing Top":13,"infinitespire:Cupcake":37,"Regal Pillow":23,"Lantern":54,"aspiration:Lifesprig":11,"wanderingMiniBosses:AbyssPearl":37,"Replay:Multitool":9,"jedi:archwizardhat":4,"hubris:EmptyBottle":0,"Smiling Mask":26,"jesterMod:MirrorMask":0,"StuffTheSpire:Gunfinga":0,"Ring of Fangs":4,"hubris:Backtick":34,"trackpad:RapidFire":5,"infinitespire:Bottled Soul":26,"aspiration:AnachronicSnailShell":53,"halation:Toothbrush":47,"halation:PinkAlligatorPlush":34,"BicycleWheel":0,"aspiration:ChemicalBlood":4,"Potion Belt":47,"Replay:M_StaffOfTheSnake":5,"NeowsBlessing":0,"StuffTheSpire:Saxophone":12,"jedi:gremlinknob":0,"infinitespire:Lucky Rock":4,"reliquary:RosewoodLute":0,"hubris:Towel":14,"theMarked:ArtifactOfAir":0,"Durian":11,"halation:TwoAmDonut":42,"potionbrewer:BottledElixir":24,"halation:AfternoonTea":24,"beaked:MendingPlumage":38,"sagemod:Red_Beast_Statue":0,"Calipers":0,"StuffTheSpire:BlackoutCurse":20,"jedi:leech":9,"jedi:paperlyon":22,"halation:PrussianBluePaint":8,"Philosopher\u0027s Stone":17,"halation:KoshaPiece":6,"trackpad:BiPhaseBiplane":0,"Ring of Hypnosis":4,"aspiration:Nostalgia":5,"StuffTheSpire:ForceGauntlet":0,"potionbrewer:MortarAndPestle":19,"infinitespire:Beetle Shell":29,"Ring of Chaos":39,"energizedSpire:OgreHead":17,"potionbrewer:ToyAutogyro":10,"War Paint":0,"reliquary:PorcupineQuills":0,"Shuriken":38,"StuffTheSpire:GreaterSneckoEye":37,"Simple Rune":40,"reliquary:BallBearing":40,"CosmicIsotope":17,"infinitespire:EmpoweringShard":56,"Grinning Jar":2,"Mirror":0,"Meat on the Bone":26,"Darkstone Periapt":43,"ReplayFunnel":24,"SnailShell":23,"beaked:ShinyBauble":25,"Replay:PocketPolymizer":22,"reliquary:Boomerang":14,"reliquary:PrincelyHelmet":2,"Mango":47,"Incense Burner":38,"hubris:SlimyHat":54,"PrismaticShard":19,"aspiration:StickyExplosives_weak":20,"Nunchaku":24,"energizedSpire:CursedPentagram":17,"StuffTheSpire:HeavyRock":10,"RollingBoulder":0,"Replay:Bottled Snecko":19,"hubris:DisguiseKit":11,"BargainBundle":10,"ReplayTheSpireMod:Ninjato":38,"StuffTheSpire:RunicHypercube":17,"aspiration:FetidBarrel":6,"Guide Book":45,"hubris:MedicalManual":0,"Orichalcum":14,"Odd Mushroom":8,"beaked:RitualPlumage":0,"Pondfish Scales":30,"jedi:ominousloannote":24,"halation:EternalFortune":3,"Ring of Fury":15,"StuffTheSpire:CocoNut":27,"StuffTheSpire:RubySignet":11,"Membership Card":10,"potionbrewer:Keyblade":0,"TungstenRod":26},{"Golden Egg":19,"jedi:angrymask":91,"infinitespire:BottledMercury":104,"jedi:bottledfury":38,"Whetstone":104,"reliquary:RedCape":16,"Old Coin":3,"Ring of Searing":93,"reliquary:FerryPass":113,"aspiration:BabyByrd":111,"MealTicket":34,"aspiration:DSix":48,"MerchantsRug":30,"Pear":24,"Counterbalance":103,"Pen Nib":18,"reliquary:WeakTea":13,"SlaversCollar":95,"infinitespire:Broken Mirror":102,"halation:Jellyphish":104,"Bird Faced Urn":110,"sagemod:Creepy_Carousel":39,"beaked:MawFillet":78,"halation:Convergence":31,"infinitespire:PuzzleCube":105,"Unceasing Top":115,"infinitespire:Cupcake":24,"Regal Pillow":19,"Lantern":33,"aspiration:Lifesprig":93,"wanderingMiniBosses:AbyssPearl":126,"Replay:Multitool":4,"jedi:archwizardhat":2,"hubris:EmptyBottle":34,"Smiling Mask":47,"jesterMod:MirrorMask":110,"StuffTheSpire:Gunfinga":110,"Ring of Fangs":36,"hubris:Backtick":103,"trackpad:RapidFire":12,"infinitespire:Bottled Soul":119,"aspiration:AnachronicSnailShell":86,"halation:Toothbrush":84,"halation:PinkAlligatorPlush":124,"BicycleWheel":87,"aspiration:ChemicalBlood":12,"Potion Belt":106,"Replay:M_StaffOfTheSnake":12,"NeowsBlessing":0,"StuffTheSpire:Saxophone":40,"jedi:gremlinknob":110,"infinitespire:Lucky Rock":62,"reliquary:RosewoodLute":60,"hubris:Towel":94,"theMarked:ArtifactOfAir":0,"Durian":66,"halation:TwoAmDonut":29,"potionbrewer:BottledElixir":47,"halation:AfternoonTea":119,"beaked:MendingPlumage":79,"sagemod:Red_Beast_Statue":34,"Calipers":34,"StuffTheSpire:BlackoutCurse":96,"jedi:leech":51,"jedi:paperlyon":72,"halation:PrussianBluePaint":92,"Philosopher\u0027s Stone":43,"halation:KoshaPiece":50,"trackpad:BiPhaseBiplane":34,"Ring of Hypnosis":36,"aspiration:Nostalgia":12,"StuffTheSpire:ForceGauntlet":48,"potionbrewer:MortarAndPestle":118,"infinitespire:Beetle Shell":59,"Ring of Chaos":127,"energizedSpire:OgreHead":54,"potionbrewer:ToyAutogyro":4,"War Paint":87,"reliquary:PorcupineQuills":34,"Shuriken":79,"StuffTheSpire:GreaterSneckoEye":104,"Simple Rune":105,"reliquary:BallBearing":128,"CosmicIsotope":69,"infinitespire:EmpoweringShard":134,"Grinning Jar":49,"Mirror":110,"Meat on the Bone":99,"Darkstone Periapt":81,"ReplayFunnel":119,"SnailShell":98,"beaked:ShinyBauble":99,"Replay:PocketPolymizer":72,"reliquary:Boomerang":116,"reliquary:PrincelyHelmet":88,"Mango":31,"Incense Burner":25,"hubris:SlimyHat":109,"PrismaticShard":96,"aspiration:StickyExplosives_weak":55,"Nunchaku":58,"energizedSpire:CursedPentagram":117,"StuffTheSpire:HeavyRock":4,"RollingBoulder":87,"Replay:Bottled Snecko":55,"hubris:DisguiseKit":4,"BargainBundle":65,"ReplayTheSpireMod:Ninjato":79,"StuffTheSpire:RunicHypercube":7,"aspiration:FetidBarrel":13,"Guide Book":30,"hubris:MedicalManual":48,"Orichalcum":15,"Odd Mushroom":65,"beaked:RitualPlumage":87,"Pondfish Scales":76,"jedi:ominousloannote":119,"halation:EternalFortune":2,"Ring of Fury":68,"StuffTheSpire:CocoNut":120,"StuffTheSpire:RubySignet":114,"Membership Card":4,"potionbrewer:Keyblade":48,"TungstenRod":74},{"Golden Egg":67,"jedi:angrymask":376,"infinitespire:BottledMercury":455,"jedi:bottledfury":143,"Whetstone":455,"reliquary:RedCape":58,"Old Coin":3,"Ring of Searing":389,"reliquary:FerryPass":500,"aspiration:BabyByrd":492,"MealTicket":123,"aspiration:DSix":199,"MerchantsRug":100,"Pear":85,"Counterbalance":450,"Pen Nib":64,"reliquary:WeakTea":48,"SlaversCollar":399,"infinitespire:Broken Mirror":441,"halation:Jellyphish":455,"Bird Faced Urn":489,"sagemod:Creepy_Carousel":147,"beaked:MawFillet":325,"halation:Convergence":104,"infinitespire:PuzzleCube":464,"Unceasing Top":508,"infinitespire:Cupcake":85,"Regal Pillow":67,"Lantern":117,"aspiration:Lifesprig":389,"wanderingMiniBosses:AbyssPearl":567,"Replay:Multitool":6,"jedi:archwizardhat":2,"hubris:EmptyBottle":123,"Smiling Mask":197,"jesterMod:MirrorMask":489,"StuffTheSpire:Gunfinga":489,"Ring of Fangs":131,"hubris:Backtick":450,"trackpad:RapidFire":44,"infinitespire:Bottled Soul":537,"aspiration:AnachronicSnailShell":355,"halation:Toothbrush":343,"halation:PinkAlligatorPlush":562,"BicycleWheel":358,"aspiration:ChemicalBlood":44,"Potion Belt":470,"Replay:M_StaffOfTheSnake":44,"NeowsBlessing":0,"StuffTheSpire:Saxophone":153,"jedi:gremlinknob":489,"infinitespire:Lucky Rock":263,"reliquary:RosewoodLute":258,"hubris:Towel":393,"theMarked:ArtifactOfAir":0,"Durian":277,"halation:TwoAmDonut":99,"potionbrewer:BottledElixir":197,"halation:AfternoonTea":537,"beaked:MendingPlumage":330,"sagemod:Red_Beast_Statue":123,"Calipers":123,"StuffTheSpire:BlackoutCurse":405,"jedi:leech":211,"jedi:paperlyon":299,"halation:PrussianBluePaint":383,"Philosopher\u0027s Stone":175,"halation:KoshaPiece":208,"trackpad:BiPhaseBiplane":123,"Ring of Hypnosis":131,"aspiration:Nostalgia":44,"StuffTheSpire:ForceGauntlet":199,"potionbrewer:MortarAndPestle":532,"infinitespire:Beetle Shell":254,"Ring of Chaos":571,"energizedSpire:OgreHead":229,"potionbrewer:ToyAutogyro":6,"War Paint":358,"reliquary:PorcupineQuills":123,"Shuriken":330,"StuffTheSpire:GreaterSneckoEye":455,"Simple Rune":464,"reliquary:BallBearing":578,"CosmicIsotope":287,"infinitespire:EmpoweringShard":609,"Grinning Jar":203,"Mirror":489,"Meat on the Bone":424,"Darkstone Periapt":334,"ReplayFunnel":537,"SnailShell":418,"beaked:ShinyBauble":424,"Replay:PocketPolymizer":299,"reliquary:Boomerang":516,"reliquary:PrincelyHelmet":362,"Mango":104,"Incense Burner":88,"hubris:SlimyHat":488,"PrismaticShard":405,"aspiration:StickyExplosives_weak":234,"Nunchaku":249,"energizedSpire:CursedPentagram":527,"StuffTheSpire:HeavyRock":6,"RollingBoulder":358,"Replay:Bottled Snecko":234,"hubris:DisguiseKit":6,"BargainBundle":270,"ReplayTheSpireMod:Ninjato":330,"StuffTheSpire:RunicHypercube":27,"aspiration:FetidBarrel":48,"Guide Book":100,"hubris:MedicalManual":199,"Orichalcum":51,"Odd Mushroom":270,"beaked:RitualPlumage":358,"Pondfish Scales":315,"jedi:ominousloannote":537,"halation:EternalFortune":2,"Ring of Fury":281,"StuffTheSpire:CocoNut":543,"StuffTheSpire:RubySignet":502,"Membership Card":6,"potionbrewer:Keyblade":199,"TungstenRod":307}],"Unceasing Top":[9]},"card_choices":[{"not_picked":["beaked:Tweet","beaked:Devastation"],"picked":"beaked:Brace","floor":1.0},{"not_picked":["beaked:Poke","beaked:BounceBack","beaked:CursingBlood"],"picked":"SKIP","floor":7.0},{"not_picked":["beaked:StunningBlow","beaked:Foresight"],"picked":"ReplayTheSpireMod:Wings of Steel","floor":8.0},{"not_picked":["beaked:BloodForTheGods","beaked:BloodRitual","beaked:WarriorEssence"],"picked":"SKIP","floor":10.0},{"not_picked":["beaked:Mantra","beaked:Tradeoff","beaked:WindBringer"],"picked":"SKIP","floor":13.0},{"not_picked":["beaked:Insight","beaked:DarkTribute"],"picked":"beaked:Windmill","floor":14.0},{"not_picked":["beaked:Brainwash","beaked:Caw"],"picked":"beaked:MachineEssence","floor":16.0},{"not_picked":["beaked:RuinSticks","beaked:Tradeoff+1","beaked:Cower"],"picked":"SKIP","floor":18.0},{"not_picked":["beaked:CursingBlood","beaked:WindBringer","beaked:BounceBack"],"picked":"SKIP","floor":21.0},{"not_picked":["beaked:BounceBack","beaked:StunningBlow"],"picked":"beaked:Evade+1","floor":27.0},{"not_picked":["beaked:Devastation","ReplayTheSpireMod:Wings of Steel","beaked:HuntressEssence"],"picked":"SKIP","floor":29.0},{"not_picked":["beaked:CursingBlood","beaked:Poke+1"],"picked":"beaked:Tweet","floor":30.0},{"not_picked":["beaked:BloodForTheGods","beaked:DigDeep","beaked:WarriorEssence"],"picked":"SKIP","floor":31.0},{"not_picked":["beaked:SurvivalInstinct","beaked:DigDeep+1"],"picked":"beaked:Flinch","floor":35.0},{"not_picked":["beaked:Flinch","beaked:CursingBlood+1","beaked:SurvivalInstinct+1"],"picked":"SKIP","floor":37.0},{"not_picked":["beaked:DesperateSwing+1","beaked:ShadowFade","beaked:Daydream"],"picked":"SKIP","floor":38.0},{"not_picked":["beaked:SurvivalInstinct","beaked:MaddeningMurmurs"],"picked":"beaked:Windmill","floor":40.0},{"not_picked":["beaked:BloodForTheGods","beaked:WarriorSpirit+1"],"picked":"beaked:StickSmack+1","floor":44.0},{"not_picked":["beaked:DigDeep","beaked:MimicMachine+1","beaked:SacrificialAttack"],"picked":"SKIP","floor":47.0},{"not_picked":["beaked:Daydream","beaked:WindBringer+1"],"picked":"beaked:MimicHuntress+1","floor":48.0},{"not_picked":["beaked:Brace+1","beaked:BraceForImpact","beaked:Tweet+1"],"picked":"SKIP","floor":50.0},{"not_picked":["ReplayTheSpireMod:RavenHex","beaked:Overexert+1","beaked:Brace+1"],"picked":"SKIP","floor":56}],"player_experience":425822,"relics_obtained":[{"floor":7.0,"key":"aspiration:Lifesprig"},{"floor":9.0,"key":"reliquary:FerryPass"},{"floor":13.0,"key":"Unceasing Top"},{"floor":14.0,"key":"reliquary:Boomerang"},{"floor":26.0,"key":"infinitespire:Bottled Soul"},{"floor":27.0,"key":"StuffTheSpire:CocoNut"},{"floor":37.0,"key":"wanderingMiniBosses:AbyssPearl"},{"floor":39.0,"key":"Ring of Chaos"},{"floor":39.0,"key":"Ring of Searing"},{"floor":40.0,"key":"reliquary:BallBearing"},{"floor":56,"key":"infinitespire:EmpoweringShard"}],"event_choices":[{"damage_healed":0.0,"max_hp_gain":5.0,"max_hp_loss":0.0,"gold_gain":0.0,"event_name":"Big Fish","player_choice":"Donut","floor":3.0,"gold_loss":0.0,"damage_taken":0.0},{"damage_healed":0.0,"max_hp_gain":0.0,"max_hp_loss":0.0,"gold_gain":75.0,"event_name":"FaceTrader","player_choice":"Touch","floor":5.0,"gold_loss":0.0,"damage_taken":5.0},{"damage_healed":0.0,"max_hp_gain":0.0,"max_hp_loss":0.0,"gold_gain":0.0,"event_name":"WeMeetAgain","player_choice":"Gave Potion","floor":19.0,"gold_loss":0.0,"damage_taken":0.0,"relics_obtained":["potionbrewer:MortarAndPestle"]},{"cards_removed":["beaked:Brace"],"damage_healed":0.0,"max_hp_gain":0.0,"max_hp_loss":0.0,"gold_gain":0.0,"event_name":"betterNote:BetterNote","player_choice":"Give","floor":22.0,"gold_loss":0.0,"damage_taken":0.0,"cards_obtained":["None"]},{"damage_healed":0.0,"max_hp_gain":0.0,"max_hp_loss":0.0,"gold_gain":0.0,"event_name":"Upgrade Shrine","player_choice":"Upgraded","floor":36.0,"gold_loss":0.0,"damage_taken":0.0,"cards_upgraded":["beaked:Tweet"]},{"cards_removed":["Pain"],"damage_healed":0.0,"max_hp_gain":0.0,"max_hp_loss":0.0,"gold_gain":0.0,"event_name":"Purifier","player_choice":"Purged","floor":49.0,"gold_loss":0.0,"damage_taken":0.0}],"is_beta":false,"boss_relics":[{"not_picked":["beaked:SacredDeck","Velvet Choker"],"picked":"energizedSpire:CursedPentagram"},{"not_picked":["jedi:hotpepper","halation:Prosthetics"],"picked":"halation:PinkAlligatorPlush"}],"items_purged_floors":[55,55],"is_endless":false,"potions_floor_spawned":[8,16,18,27,29,38,40,44,50],"ascension_level":2}}