{"host":"phy652c7lim9lcu2","time":1612852525,"event":{"mods":["BaseMod","Colored Powertips","Downfall","Googly Eyes","Hubris","Minty Spire (QoL Compilation)","Relic Stats","Spicy Shops","StSLib","everything is the same but u backflip on backflip"],"gold_per_floor":[115,128,141,151,151,182,182,198,272,288,321,321,350,300,300,405,405,424,206,206,223,239,239,272,272,272,282,297,312,131,149,149,149,149],"floor_reached":33,"language":"ENG","playtime":1461,"items_purged":["Strike_P"],"score":490,"play_id":"f6d26449-0219-40cc-8215-70fbeda1edc9","local_time":"20210209163525","is_ascension_mode":true,"campfire_choices":[{"floor":7,"key":"REST"},{"data":"Eruption","floor":12,"key":"SMITH"},{"data":"Blasphemy","floor":15,"key":"SMITH"},{"data":"WindmillStrike","floor":23,"key":"SMITH"},{"floor":32,"key":"REST"}],"circlet_count":0,"master_deck":["AscendersBane","Strike_P+1","Strike_P","Defend_P","Defend_P","Defend_P","Defend_P+1","Eruption+1","Vigilance","Blasphemy+1","EmptyMind+1","WheelKick+1","BowlingBash","CrushJoints+1","Conclude+1","Vengeance","ThirdEye","LessonLearned","EmptyFist+1","WreathOfFlame+1","TalkToTheHand","WindmillStrike+1","Halt+1","hubris:Envy","Halt","ThirdEye","TalkToTheHand"],"relics":["PureWater","Torii","Question Card","hubris:Metronome","Happy Flower","Cursed Key","MealTicket","MutagenicStrength","Nunchaku","The Courier","Strange Spoon"],"acts_visited":["Exordium","TheCity"],"potions_floor_usage":[6,11,28,33],"damage_taken":[{"damage":0,"enemies":"Small Slimes","floor":1,"turns":2},{"damage":0,"enemies":"2 Louse","floor":2,"turns":1},{"damage":2,"enemies":"Jaw Worm","floor":3,"turns":4},{"damage":2,"enemies":"2 Fungi Beasts","floor":4,"turns":3},{"damage":36,"enemies":"3 Sentries","floor":6,"turns":10},{"damage":7,"enemies":"Lots of Slimes","floor":8,"turns":2},{"damage":0,"enemies":"Gremlin Gang","floor":10,"turns":1},{"damage":1,"enemies":"Lagavulin","floor":11,"turns":4},{"damage":0,"enemies":"Gremlin Nob","floor":13,"turns":2},{"damage":13,"enemies":"Hexaghost","floor":16,"turns":8},{"damage":0,"enemies":"2 Thieves","floor":18,"turns":1},{"damage":0,"enemies":"Chosen","floor":21,"turns":3},{"damage":16,"enemies":"Centurion and Healer","floor":22,"turns":5},{"damage":29,"enemies":"Slavers","floor":24,"turns":2},{"damage":9,"enemies":"Cultist and Chosen","floor":27,"turns":6},{"damage":0,"enemies":"Snecko","floor":28,"turns":2},{"damage":0,"enemies":"Sentry and Sphere","floor":29,"turns":3},{"damage":6,"enemies":"Centurion and Healer","floor":31,"turns":2},{"damage":38,"enemies":"Collector","floor":33,"turns":7}],"seed_played":"3363183741964951616","potions_obtained":[{"floor":1,"key":"Strength Potion"},{"floor":2,"key":"FearPotion"},{"floor":8,"key":"Explosive Potion"},{"floor":10,"key":"SkillPotion"},{"floor":16,"key":"champ:CounterPotion"},{"floor":28,"key":"PowerPotion"},{"floor":29,"key":"BottledMiracle"}],"is_trial":false,"path_per_floor":["M","M","M","M","?","E","R","M","T","M","E","R","E","?","R","B",null,"M","$","?","M","M","R","E","?","T","M","M","M","$","M","R","B"],"character_chosen":"WATCHER","items_purchased":["MealTicket","TalkToTheHand","Strange Spoon"],"campfire_rested":2,"item_purchase_floors":[19,30,30],"current_hp_per_floor":[65,65,63,61,47,11,32,25,25,25,24,24,24,24,24,11,57,57,57,57,57,41,41,12,12,12,3,3,3,18,12,33,0,0],"gold":149,"neow_bonus":"ONE_RANDOM_RARE_CARD","is_daily":false,"chose_seed":false,"campfire_upgraded":3,"win_rate":0.0,"timestamp":1612852525,"path_taken":["M","M","M","M","?","E","R","M","T","M","E","R","E","?","R","BOSS","M","$","?","M","M","R","E","?","T","?","M","M","$","M","R","BOSS"],"items_purchased_type":["Relic","Card","Relic"],"build_version":"2020-12-22","purchased_purges":1,"victory":false,"max_hp_per_floor":[72,72,72,72,72,72,72,72,72,72,72,72,72,72,72,72,72,72,72,72,72,72,72,72,72,72,72,72,72,72,72,72,72,72],"relic_stats":{"Strange Spoon":[5],"Nunchaku":[4],"Torii":29,"Happy Flower":[13],"counters":[19,68],"MealTicket":15,"Question Card":12,"Cursed Key":1,"obtain_stats":[{"Strange Spoon":30,"hubris:Metronome":11,"Nunchaku":24,"Torii":6,"Happy Flower":13,"MutagenicStrength":20,"MealTicket":19,"The Courier":26,"PureWater":0,"Question Card":9,"Cursed Key":17},{"Strange Spoon":17,"hubris:Metronome":8,"Nunchaku":14,"Torii":5,"Happy Flower":9,"MutagenicStrength":11,"MealTicket":11,"The Courier":14,"PureWater":0,"Question Card":6,"Cursed Key":10},{"Strange Spoon":59,"hubris:Metronome":27,"Nunchaku":48,"Torii":20,"Happy Flower":29,"MutagenicStrength":38,"MealTicket":38,"The Courier":48,"PureWater":0,"Question Card":22,"Cursed Key":37}]},"card_choices":[{"not_picked":["PathToVictory","ClearTheMind"],"picked":"EmptyMind","floor":1},{"not_picked":["FollowUp","Protect"],"picked":"WheelKick","floor":2},{"not_picked":["Vengeance","Crescendo"],"picked":"BowlingBash","floor":3},{"not_picked":["Swivel","CutThroughFate"],"picked":"CrushJoints","floor":4},{"not_picked":["WaveOfTheHand","Indignation"],"picked":"Conclude","floor":6},{"not_picked":["Study","DeceiveReality"],"picked":"Vengeance","floor":8},{"not_picked":["Consecrate","FlurryOfBlows","WaveOfTheHand"],"picked":"ThirdEye","floor":10},{"not_picked":["Blasphemy","BowlingBash","ThirdEye"],"picked":"LessonLearned","floor":11},{"not_picked":["SashWhip","ReachHeaven","Consecrate"],"picked":"EmptyFist","floor":13},{"not_picked":["Evaluate","SignatureMove","CrushJoints+1"],"picked":"WreathOfFlame+1","floor":18},{"not_picked":["SignatureMove","FlyingSleeves","PathToVictory"],"picked":"TalkToTheHand","floor":21},{"not_picked":["FlyingSleeves","ThirdEye","FollowUp+1"],"picked":"WindmillStrike","floor":22},{"not_picked":["Nirvana+1","FlurryOfBlows","CrushJoints+1"],"picked":"Halt+1","floor":24},{"not_picked":["Blasphemy","Tantrum","Prostrate"],"picked":"Halt","floor":27},{"not_picked":["CrushJoints","Consecrate","Crescendo"],"picked":"ThirdEye","floor":28},{"not_picked":["Prostrate","Halt+1","CrushJoints","WreathOfFlame"],"picked":"SKIP","floor":29},{"not_picked":["ClearTheMind","PathToVictory","BowlingBash","Prostrate+1"],"picked":"SKIP","floor":31}],"player_experience":314234,"relics_obtained":[{"floor":6,"key":"Torii"},{"floor":9,"key":"Question Card"},{"floor":11,"key":"hubris:Metronome"},{"floor":13,"key":"Happy Flower"},{"floor":24,"key":"Nunchaku"},{"floor":26,"key":"The Courier"}],"event_choices":[{"damage_healed":0,"gold_gain":0,"player_choice":"Entered Light","damage_taken":14,"max_hp_gain":0,"max_hp_loss":0,"event_name":"Shining Light","floor":5,"gold_loss":0,"cards_upgraded":["CrushJoints","Defend_P"]},{"cards_removed":["Strike_P"],"damage_healed":0,"gold_gain":0,"player_choice":"Card Removal","damage_taken":0,"max_hp_gain":0,"max_hp_loss":0,"event_name":"The Cleric","floor":14,"gold_loss":50},{"damage_healed":0,"gold_gain":0,"player_choice":"Inject Mutagens","damage_taken":0,"relics_obtained":["MutagenicStrength"],"max_hp_gain":0,"max_hp_loss":0,"event_name":"Drug Dealer","floor":20,"gold_loss":0},{"damage_healed":0,"gold_gain":0,"player_choice":"Ignored","damage_taken":0,"max_hp_gain":0,"max_hp_loss":0,"event_name":"Vampires","floor":25,"gold_loss":0}],"is_beta":false,"boss_relics":[{"not_picked":["Astrolabe","hubris:ScarierMask"],"picked":"Cursed Key"}],"items_purged_floors":[19],"is_endless":false,"potions_floor_spawned":[1,2,8,10,16,28,29],"killed_by":"Collector","ascension_level":11}}