{"host":"gkm149kh1ihaqy0o","time":1612910931,"event":{"mods":["AchievementEnabler","BaseMod","Colored Powertips","Googly Eyes","Key Reminder","Minty Spire (QoL Compilation)","Permanent Neow","Quick Restart","Random Character Button","Rare Cards Sparkle","Relic Sorter","Relic Stats","SuperFastMode","Unceasing Turn Reminder","everything is the same but u backflip on backflip"],"gold_per_floor":[363,378,391,93,108,140,153,153,153],"floor_reached":8,"language":"ENG","playtime":355,"items_purged":["Strike_B"],"score":90,"play_id":"4cf7e932-42ae-4278-b33c-4767ccb898a0","local_time":"20210209164851","is_ascension_mode":true,"campfire_choices":[],"circlet_count":0,"master_deck":["AscendersBane","Strike_B","Strike_B","Strike_B","Defend_B","Defend_B","Defend_B","Defend_B","Zap","Dualcast","Steam","Undo","Chill","Static Discharge","Static Discharge","Turbo","Aggregate","Electrodynamics"],"relics":["Cracked Core","DollysMirror","Calipers"],"acts_visited":["Exordium"],"potions_floor_usage":[5,8],"damage_taken":[{"damage":0,"enemies":"Small Slimes","floor":1,"turns":4},{"damage":2,"enemies":"Jaw Worm","floor":2,"turns":3},{"damage":0,"enemies":"Cultist","floor":3,"turns":3},{"damage":0,"enemies":"Blue Slaver","floor":5,"turns":5},{"damage":12,"enemies":"Lagavulin","floor":6,"turns":7},{"damage":3,"enemies":"Red Slaver","floor":7,"turns":5},{"damage":54,"enemies":"Gremlin Nob","floor":8,"turns":5}],"seed_played":"1549450408740078547","potions_obtained":[{"floor":1,"key":"Block Potion"},{"floor":5,"key":"Energy Potion"},{"floor":6,"key":"Ancient Potion"}],"is_trial":false,"path_per_floor":["M","M","M","$","M","E","M","E"],"character_chosen":"DEFECT","items_purchased":["Static Discharge","DollysMirror"],"campfire_rested":0,"item_purchase_floors":[4,4],"current_hp_per_floor":[68,66,66,66,66,54,51,0,0],"gold":153,"neow_bonus":"TWO_FIFTY_GOLD","is_daily":false,"chose_seed":false,"campfire_upgraded":0,"win_rate":0.0,"timestamp":1612910931,"path_taken":["M","M","M","$","M","E","M","E"],"items_purchased_type":["Card","Relic"],"build_version":"2020-12-22","purchased_purges":1,"victory":false,"max_hp_per_floor":[68,68,68,68,68,68,68,68,68],"relic_stats":{"counters":[7,32],"obtain_stats":[{"Calipers":6,"DollysMirror":4,"Cracked Core":0},{"Calipers":5,"DollysMirror":3,"Cracked Core":0},{"Calipers":22,"DollysMirror":10,"Cracked Core":0}]},"card_choices":[{"not_picked":["Gash","Turbo"],"picked":"Steam","floor":1},{"not_picked":["Leap","Reprogram"],"picked":"Undo","floor":2},{"not_picked":["Coolheaded","White Noise"],"picked":"Chill","floor":3},{"not_picked":["Go for the Eyes","Steam Power"],"picked":"Turbo","floor":5},{"not_picked":["Reprogram","Steam"],"picked":"Aggregate","floor":6},{"not_picked":["Sweeping Beam","Scrape"],"picked":"Electrodynamics","floor":7}],"player_experience":654284,"relics_obtained":[{"floor":6,"key":"Calipers"}],"event_choices":[],"is_beta":false,"boss_relics":[],"items_purged_floors":[4],"is_endless":false,"potions_floor_spawned":[1,5,6],"killed_by":"Gremlin Nob","ascension_level":10}}