{"host":"9q13bdr84c6iv3c6","time":1612837963,"event":{"mods":["BaseMod","Colored Powertips","Downfall","Hermit","Minty Spire (QoL Compilation)","Replay The Spire","StSLib"],"gold_per_floor":[99,112,23,23,42,76,152,167,167,194,194,211,246,265,284,386,386,386,399,125,225,225,225,252,268,268,99,99,134,151,161,178,278,278,278,289,306,326,343,343,343,343,354,373,373,373,389,420,436,436],"floor_reached":51,"language":"ENG","playtime":3975,"items_purged":[],"score":848,"play_id":"0b6d4438-53e7-4807-8327-44dd7f0a4f1d","local_time":"20210208203243","is_ascension_mode":false,"campfire_choices":[{"floor":1.0,"key":"RECALL"},{"data":"Guardian:DonusPower","floor":9.0,"key":"SMITH"},{"data":"Guardian:ArmoredProtocol","floor":11.0,"key":"SMITH"},{"data":"Guardian:BaubleBeam","floor":18.0,"key":"SMITH"},{"data":"Guardian:MultiBeam","floor":23.0,"key":"SMITH"},{"data":"expansioncontent:StudyTheSpire","floor":26.0,"key":"SMITH"},{"data":"Guardian:TimeCapacitor","floor":28.0,"key":"SMITH"},{"data":"Guardian:HyperBeam_Guardian","floor":35.0,"key":"SMITH"},{"data":"Guardian:TemporalShield","floor":40.0,"key":"SMITH"},{"data":"Guardian:ShieldSpikes","floor":42.0,"key":"SMITH"},{"floor":45.0,"key":"REST"}],"circlet_count":0,"master_deck":["Guardian:Strike_Guardian","Guardian:Strike_Guardian","Guardian:Strike_Guardian","Guardian:Defend_Guardian","Guardian:Defend_Guardian+1","Guardian:Defend_Guardian","Guardian:Defend_Guardian","Guardian:CurlUp","Guardian:TwinSlam","Guardian:EvasiveProtocol","Guardian:ArmoredProtocol+1","Guardian:Planning+1","Guardian:DonusPower+1","Guardian:ExploitGems","Guardian:CrystalBeam","Guardian:BronzeOrb","Guardian:BaubleBeam+1","Guardian:TimeCapacitor+1","Guardian:TemporalShield+1","expansioncontent:StudyTheSpire+1","Guardian:MultiBeam+1","Guardian:Planning","Guardian:HyperBeam_Guardian+1","Guardian:TimeBomb+1","Guardian:BodySlam","Guardian:PrismaticBeam+1","Guardian:ShieldSpikes+1","Guardian:RevengeProtocol","Guardian:TemporalShield+1","Guardian:BronzeArmor+1","Guardian:BaubleBeam+1","Guardian:PiercingHide+1","Guardian:ConstructionForm"],"relics":["Guardian:ModeShifter","Ginger","Replay:Towering Pillar of Hats","CaptainsWheel","SlaversCollar","Enchiridion","Bag of Marbles","ClockworkSouvenir","War Paint","Ring of Chaos","Replay:Ringing Soul","Replay:Mystery Machine"],"acts_visited":["Exordium","TheCity","TheBeyond"],"potions_floor_usage":[50,50,50],"damage_taken":[{"damage":0.0,"enemies":"Cultist","floor":2.0,"turns":5.0},{"damage":0.0,"enemies":"downfall:FleeingMerchant","floor":3.0,"turns":4.0},{"damage":0.0,"enemies":"2 Louse","floor":5.0,"turns":3.0},{"damage":28.0,"enemies":"Lagavulin","floor":6.0,"turns":16.0},{"damage":6.0,"enemies":"Jaw Worm","floor":8.0,"turns":5.0},{"damage":17.0,"enemies":"3 Sentries","floor":10.0,"turns":10.0},{"damage":1.0,"enemies":"Exordium Wildlife","floor":12.0,"turns":2.0},{"damage":12.0,"enemies":"Gremlin Nob","floor":13.0,"turns":5.0},{"damage":1.0,"enemies":"Gremlin Gang","floor":14.0,"turns":6.0},{"damage":0.0,"enemies":"Large Slime","floor":15.0,"turns":6.0},{"damage":14.0,"enemies":"IC_STATUS_ARCHETYPE","floor":16.0,"turns":11.0},{"damage":0.0,"enemies":"Spheric Guardian","floor":19.0,"turns":5.0},{"damage":0.0,"enemies":"downfall:FleeingMerchant","floor":20.0,"turns":4.0},{"damage":0.0,"enemies":"Chosen","floor":25.0,"turns":5.0},{"damage":2.0,"enemies":"downfall:FleeingMerchant","floor":27.0,"turns":4.0},{"damage":5.0,"enemies":"Gremlin Leader","floor":29.0,"turns":6.0},{"damage":7.0,"enemies":"Shelled Parasite and Fungi","floor":30.0,"turns":6.0},{"damage":0.0,"enemies":"Sentry and Sphere","floor":31.0,"turns":6.0},{"damage":0.0,"enemies":"Chosen and Byrds","floor":32.0,"turns":5.0},{"damage":0.0,"enemies":"WA_ARCHETYPE_CALM","floor":33.0,"turns":8.0},{"damage":0.0,"enemies":"3 Shapes","floor":36.0,"turns":5.0},{"damage":28.0,"enemies":"3 Darklings","floor":37.0,"turns":6.0},{"damage":22.0,"enemies":"Writhing Mass","floor":38.0,"turns":7.0},{"damage":0.0,"enemies":"4 Shapes","floor":39.0,"turns":5.0},{"damage":0.0,"enemies":"Transient","floor":43.0,"turns":5.0},{"damage":3.0,"enemies":"Spire Growth","floor":44.0,"turns":5.0},{"damage":16.0,"enemies":"Writhing Mass","floor":47.0,"turns":4.0},{"damage":0.0,"enemies":"Reptomancer","floor":48.0,"turns":7.0},{"damage":0.0,"enemies":"Sphere and 2 Shapes","floor":49.0,"turns":7.0},{"damage":0,"enemies":"SI_POISON_ARCHETYPE","floor":50,"turns":10}],"seed_played":"5133447218250066577","potions_obtained":[{"floor":6.0,"key":"PowerPotion"},{"floor":8.0,"key":"Explosive Potion"},{"floor":10.0,"key":"bronze:BurnAndBuffPotion"},{"floor":12.0,"key":"champ:CounterPotion"},{"floor":15.0,"key":"Swift Potion"},{"floor":19.0,"key":"AttackPotion"},{"floor":31.0,"key":"BlessingOfTheForge"},{"floor":32.0,"key":"Swift Potion"},{"floor":37.0,"key":"SneckoOil"},{"floor":43.0,"key":"BlessingOfTheForge"},{"floor":49.0,"key":"DuplicationPotion"}],"is_trial":false,"path_per_floor":["R","M","$","?","M","E","T","M","R","E","R","M","E","M","M","B",null,"R","M","$","?","?","R","T","M","R","$","R","E","M","M","M","B",null,"R","M","M","M","M","R","T","R","M","M","R","?","M","E","M","B",null],"character_chosen":"GUARDIAN","items_purchased":["Guardian:ArmoredProtocol","expansioncontent:StudyTheSpire","Guardian:MultiBeam","ClockworkSouvenir"],"campfire_rested":1,"item_purchase_floors":[3,20,20,27],"current_hp_per_floor":[88,88,88,88,88,60,60,54,54,37,37,36,24,23,23,9,88,88,88,88,88,72,72,72,72,72,70,70,65,58,58,58,58,88,88,88,60,38,38,38,38,38,41,41,69,72,59,62,62,62],"gold":436,"neow_bonus":"TEN_PERCENT_HP_BONUS","is_daily":false,"chose_seed":false,"campfire_upgraded":9,"win_rate":0.0,"timestamp":1612837963,"path_taken":["R","M","?","?","M","E","T","M","R","E","R","?","E","M","M","BOSS","R","M","$","?","?","R","T","M","R","$","R","E","M","M","M","BOSS","R","M","M","M","M","R","T","R","M","M","R","?","M","E","M","BOSS"],"items_purchased_type":["Card","Card","Card","Relic"],"build_version":"2020-12-22","purchased_purges":0,"victory":true,"max_hp_per_floor":[88,88,88,88,88,88,88,88,88,88,88,88,88,88,88,88,88,88,88,88,88,88,88,88,88,88,88,88,88,88,88,88,88,88,88,88,88,88,88,88,88,88,91,94,94,97,100,103,103,103],"card_choices":[{"not_picked":["Guardian:Gem_Cyan","Guardian:GuardianWhirl"],"picked":"Guardian:Gem_Purple","floor":2.0},{"not_picked":["Guardian:ChargeCore","Guardian:TemporalStrike"],"picked":"Guardian:EvasiveProtocol","floor":3.0},{"not_picked":["Guardian:PrimingBeam","Guardian:Gem_Cyan"],"picked":"Guardian:Gem_Blue","floor":5.0},{"not_picked":["Guardian:Gem_Blue","Guardian:EvasiveProtocol"],"picked":"Guardian:DonusPower","floor":6.0},{"not_picked":["Guardian:TimeCapacitor","Guardian:VentSteam"],"picked":"Guardian:ExploitGems","floor":8.0},{"not_picked":["Guardian:EvasiveProtocol","Guardian:WalkerClaw"],"picked":"Guardian:Gem_Green","floor":10.0},{"not_picked":["Guardian:Gem_Green","Guardian:Reroute"],"picked":"Guardian:CrystalBeam","floor":12.0},{"not_picked":["Guardian:WalkerClaw","Guardian:MultiBeam"],"picked":"Guardian:Gem_Blue","floor":13.0},{"not_picked":["Guardian:Gem_Cyan","Guardian:TemporalShield"],"picked":"Guardian:BronzeOrb","floor":14.0},{"not_picked":["Guardian:Preprogram","Guardian:Recover"],"picked":"Guardian:Gem_Crimson","floor":15.0},{"not_picked":["Guardian:HyperBeam_Guardian","Guardian:SphericShield"],"picked":"Guardian:BaubleBeam","floor":16.0},{"not_picked":["Guardian:Gem_Green","Guardian:Reroute"],"picked":"Guardian:TimeCapacitor","floor":19.0},{"not_picked":["Guardian:Repulse","Guardian:PrimingBeam"],"picked":"Guardian:TemporalShield","floor":20.0},{"not_picked":["Guardian:PrismaticBeam","Guardian:Gem_Red"],"picked":"Guardian:Planning","floor":25.0},{"not_picked":["Guardian:ChargeCore+1","Guardian:Incinerate"],"picked":"Guardian:Gem_Orange","floor":27.0},{"not_picked":["Guardian:TemporalStrike","Guardian:Planning"],"picked":"Guardian:HyperBeam_Guardian","floor":29.0},{"not_picked":["Guardian:GuardianWhirl+1","Guardian:Gem_Cyan"],"picked":"Guardian:TimeBomb+1","floor":30.0},{"not_picked":["Guardian:Incinerate","Guardian:Gem_Blue"],"picked":"Guardian:BodySlam","floor":31.0},{"not_picked":["Guardian:EvasiveProtocol","Guardian:Reroute+1"],"picked":"Guardian:PrismaticBeam+1","floor":32.0},{"not_picked":["Guardian:BaubleBeam","Guardian:StasisField"],"picked":"Guardian:Gem_Synthetic","floor":33.0},{"not_picked":["Guardian:RollAttack+1","Guardian:DonusPower+1"],"picked":"Guardian:Gem_Fragmented","floor":36.0},{"not_picked":["Guardian:Gem_Cyan","Guardian:ChargeCore"],"picked":"Guardian:Gem_Purple","floor":37.0},{"not_picked":["Guardian:Gem_Blue","Guardian:Planning"],"picked":"Guardian:ShieldSpikes","floor":38.0},{"not_picked":["Guardian:Gem_Lightblue","Guardian:FloatingOrbs+1"],"picked":"Guardian:RevengeProtocol","floor":39.0},{"not_picked":["Guardian:MultiBeam","Guardian:Gem_Cyan"],"picked":"Guardian:TemporalShield+1","floor":43.0},{"not_picked":["Guardian:WalkerClaw","Guardian:Gem_Fragmented"],"picked":"Guardian:BronzeArmor+1","floor":44.0},{"not_picked":["Guardian:Clone","Guardian:Gem_Green"],"picked":"Guardian:PiercingHide+1","floor":47.0},{"not_picked":["Guardian:ChargeCore+1","Guardian:Planning"],"picked":"Guardian:ConstructionForm","floor":48.0},{"not_picked":["Guardian:Gem_Lightblue","Guardian:Reroute","Guardian:CrystalBeam+1"],"picked":"SKIP","floor":49.0}],"player_experience":18100,"relics_obtained":[{"floor":6.0,"key":"Ginger"},{"floor":10.0,"key":"Replay:Towering Pillar of Hats"},{"floor":13.0,"key":"CaptainsWheel"},{"floor":22.0,"key":"Enchiridion"},{"floor":24.0,"key":"Bag of Marbles"},{"floor":29.0,"key":"War Paint"},{"floor":41.0,"key":"Replay:Ringing Soul"},{"floor":48.0,"key":"Replay:Mystery Machine"}],"event_choices":[],"is_beta":false,"boss_relics":[{"not_picked":["Calling Bell","Painkiller Herb"],"picked":"SlaversCollar"},{"not_picked":["Kintsugi","Fusion Hammer"],"picked":"Ring of Chaos"}],"items_purged_floors":[],"is_endless":false,"potions_floor_spawned":[6,8,10,12,15,19,31,32,37,43,49],"ascension_level":0}}