{"host":"A Jargain","time":1612857721,"event":{"mods":["Act Like it!","Aspiration","BaseMod","Downfall","Halation","Hubris","Infinite Spire","Marisa????????","Minty Spire (QoL Compilation)","Replay The Spire","StSLib","The Servant 0.9.4","Waifu the Spire"],"gold_per_floor":[118,118,118,135,146,171,228,228,280,280,231,231,231,259,259,361,361,381,381,394,394,394,426,426,426,426,426,438,438,30,57,57,162,162,181,181,181,181,181],"floor_reached":38,"language":"ENG","playtime":2595,"items_purged":[],"score":455,"play_id":"a9bf12e1-6cec-4dbb-9cf1-3c6d1f27b858","local_time":"20210209190201","is_ascension_mode":true,"campfire_choices":[{"data":"Bouncing Flask","floor":8,"key":"SMITH"},{"floor":12,"key":"REST"},{"floor":15,"key":"RECALL"},{"data":"Catalyst","floor":29,"key":"SMITH"},{"floor":32,"key":"REST"}],"circlet_count":0,"master_deck":["Strike_B+1","Strike_B+1","Defend_B+1","Defend_B+1","Defend_B+1","Defend_B+1","Zap","Dualcast","Coolheaded","Bouncing Flask+1","hexamod:RainOfEmbers","Redo","Poisoned Stab","ReplayTheSpireMod:Book of Names","CurseOfTheBell","Loop+1","Seek","Catalyst","ReplayTheSpireMod:The Works","Catalyst+1","Double Energy","Sadistic Nature","Echo Form","infinitespire:FutureSight"],"relics":["m_HexaRing","aspiration:Nostalgia","m_BurningSludge","infinitespire:Cubic Diamond","Pantograph","halation:Toothbrush","halation:AfternoonTea","DataDisk","aspiration:FutureDiary","aspiration:TomeofQuesting","Calling Bell","aspiration:ArtOfWarUpgrade","Onion Ring","Peace Pipe","hubris:Towel","aspiration:FaultyCoupler","Runic Capacitor","aspiration:FetidBarrel","Ring of Chaos","halation:PapillonHeart","SacredBark","Mummified Hand"],"acts_visited":["Exordium","TheCity","TheBeyond"],"potions_floor_usage":[6,14,16,23],"damage_taken":[{"damage":4,"enemies":"2 Louse","floor":1,"turns":2},{"damage":5,"enemies":"Jaw Worm","floor":4,"turns":4},{"damage":0,"enemies":"Cultist","floor":5,"turns":3},{"damage":16,"enemies":"Lagavulin","floor":6,"turns":4},{"damage":24,"enemies":"Lagavulin Event","floor":7,"turns":4},{"damage":20,"enemies":"Gremlin Nob","floor":14,"turns":4},{"damage":6,"enemies":"The Guardian","floor":16,"turns":8},{"damage":7,"enemies":"Spheric Guardian","floor":18,"turns":4},{"damage":1,"enemies":"Shell Parasite","floor":20,"turns":3},{"damage":8,"enemies":"Book of Stabbing","floor":23,"turns":5},{"damage":18,"enemies":"Snecko","floor":28,"turns":4},{"damage":38,"enemies":"Slavers","floor":31,"turns":4},{"damage":36,"enemies":"Champ","floor":33,"turns":6},{"damage":69,"enemies":"3 Shapes","floor":35,"turns":3},{"damage":27,"enemies":"Orb Walker","floor":38,"turns":3}],"seed_played":"-2426448232672786510","potions_obtained":[{"floor":4,"key":"Energy Potion"},{"floor":5,"key":"infinitespire:BlackPotion"},{"floor":14,"key":"Fire Potion"},{"floor":20,"key":"SteroidPotion"},{"floor":33,"key":"EssenceOfSteel"}],"is_trial":false,"path_per_floor":["M","?","?","M","M","E","?","R","T","?","$","R","?","E","R","B",null,"M","AVR","M","?","?","E","?","R","T","R","M","R","$","E","R","B",null,"M","?","AVR","M"],"character_chosen":"DEFECT","items_purchased":["Redo","Runic Capacitor","Double Energy","Sadistic Nature"],"campfire_rested":2,"item_purchase_floors":[11,30,30,30],"current_hp_per_floor":[71,71,71,66,66,50,26,26,26,29,29,52,57,51,51,70,83,76,76,75,75,75,67,76,76,76,76,58,58,58,20,47,51,92,23,23,23,0,0],"gold":181,"neow_bonus":"NOSTALGIA","is_daily":false,"chose_seed":false,"campfire_upgraded":2,"win_rate":0.0,"timestamp":1612857721,"path_taken":["M","?","?","M","?","E","?","R","T","?","$","R","?","E","R","BOSS","M","AVR","M","?","?","E","?","R","T","R","?","R","$","E","R","BOSS","M","?","AVR","M"],"items_purchased_type":["Card","Relic","Card","Card"],"build_version":"2020-12-18","purchased_purges":0,"victory":false,"max_hp_per_floor":[75,75,75,75,75,75,75,75,75,78,78,78,83,83,83,83,83,83,83,83,83,83,83,92,92,92,92,92,92,92,92,92,92,92,92,87,87,87,87],"card_choices":[{"not_picked":["Hologram","Streamline"],"picked":"Coolheaded","floor":1},{"not_picked":["Fusion","ReplayTheSpireMod:Repulse"],"picked":"Bouncing Flask","floor":4},{"not_picked":["Deadly Poison","Streamline"],"picked":"hexamod:RainOfEmbers","floor":5},{"not_picked":["Hello World","Barrage"],"picked":"Auto Shields","floor":6},{"not_picked":["Gash","Steam"],"picked":"Poisoned Stab","floor":14},{"not_picked":["ReplayTheSpireMod:Omega Cannon","Hemogenesis"],"picked":"Reboot","floor":16},{"not_picked":["Auto Shields","Panic Button"],"picked":"Chill+1","floor":18},{"not_picked":["Steam","Coolheaded"],"picked":"Loop+1","floor":20},{"not_picked":["Gash","Hologram"],"picked":"Seek","floor":23},{"not_picked":["Barrage","ReplayTheSpireMod:Repulse","hubris:Ukulele+1"],"picked":"SKIP","floor":28},{"not_picked":["Lockon","Gash","Reprogram+1"],"picked":"SKIP","floor":31},{"not_picked":["All For One","hubris:Prefetch"],"picked":"Echo Form","floor":33},{"not_picked":["Beam Cell","Compile Driver","Hologram"],"picked":"SKIP","floor":35}],"player_experience":282199,"relics_obtained":[{"floor":6,"key":"Pantograph"},{"floor":7,"key":"halation:Toothbrush"},{"floor":9,"key":"halation:AfternoonTea"},{"floor":14,"key":"DataDisk"},{"floor":19,"key":"Art of War"},{"floor":19,"key":"Onion Ring"},{"floor":19,"key":"Peace Pipe"},{"floor":23,"key":"aspiration:FaultyCoupler"},{"floor":31,"key":"aspiration:FetidBarrel"}],"event_choices":[{"cards_removed":["Strike_B"],"damage_healed":0,"gold_gain":0,"player_choice":"Offered Basic","damage_taken":0,"max_hp_gain":0,"max_hp_loss":0,"event_name":"Bonfire Elementals","floor":3,"gold_loss":0},{"damage_healed":0,"gold_gain":0,"player_choice":"Searched \u00271\u0027 times","damage_taken":0,"max_hp_gain":0,"max_hp_loss":0,"event_name":"Dead Adventurer","floor":7,"gold_loss":0},{"damage_healed":0,"gold_gain":0,"player_choice":"Donut","damage_taken":0,"max_hp_gain":5,"max_hp_loss":0,"event_name":"Big Fish","floor":13,"gold_loss":0},{"damage_healed":0,"gold_gain":0,"player_choice":"Simplicity","damage_taken":0,"max_hp_gain":0,"max_hp_loss":0,"event_name":"Back to Basics","floor":22,"gold_loss":0,"cards_upgraded":["Strike_B","Strike_B","Defend_B","Defend_B","Defend_B","Defend_B"]}],"is_beta":true,"boss_relics":[{"not_picked":["Replay:Drink Me","halation:ForbiddenBikini"],"picked":"aspiration:FutureDiary"},{"not_picked":["hubris:CrackedHourglass","halation:Risk"],"picked":"Ring of Chaos"}],"items_purged_floors":[],"is_endless":false,"potions_floor_spawned":[4,5,14,20,33],"killed_by":"Orb Walker","ascension_level":2}}