{"host":"a1eatafr7pisesky","time":1612860196,"event":{"mods":["AchievementEnabler","BaseMod","Colored Map","Keyboard Shortcuts","Minty Spire (QoL Compilation)","Say the Spire","StSLib","SuperFastMode","everything is the same but u backflip on backflip"],"gold_per_floor":[361,375,61,75,75,75,75,86,109,138,64,79,79,105,105,182,232,251,8,18,31,31,31,31,42,95,145,145,180,180,214,214,291,291,309,329,0,12,23,23,23],"floor_reached":40,"language":"KOR","playtime":888,"items_purged":["Strike_B","Defend_B"],"score":785,"play_id":"1c27b55c-2e4d-47c3-be4f-86eb95a4878b","local_time":"20210209174316","is_ascension_mode":true,"campfire_choices":[{"data":"Defragment","floor":6.0,"key":"SMITH"},{"floor":13.0,"key":"REST"},{"floor":15.0,"key":"REST"},{"data":"Capacitor","floor":23.0,"key":"SMITH"},{"floor":28.0,"key":"REST"},{"floor":30.0,"key":"REST"},{"floor":32.0,"key":"REST"}],"circlet_count":0,"master_deck":["AscendersBane","Defend_B+1","Defend_B+1","Zap+1","Dualcast","Sunder+1","Defragment+1","Capacitor+1","Go for the Eyes","Capacitor","Electrodynamics","Chill","Biased Cognition","Cold Snap","Storm","Ball Lightning","Turbo","Cold Snap","Chill","BootSequence","Creative AI","Stack+1","Gash+1","Capacitor+1","Aggregate","Defragment","Cold Snap+1"],"relics":["Cracked Core","Omamori","MealTicket","Nunchaku","Bag of Marbles","Mango","Tiny House","ClockworkSouvenir","War Paint","White Beast Statue","Incense Burner","Astrolabe","Medical Kit"],"acts_visited":["Exordium","TheCity","TheBeyond"],"potions_floor_usage":[40],"damage_taken":[{"damage":8.0,"enemies":"2 Louse","floor":1.0,"turns":2.0},{"damage":6.0,"enemies":"Cultist","floor":2.0,"turns":3.0},{"damage":18.0,"enemies":"Jaw Worm","floor":4.0,"turns":4.0},{"damage":17.0,"enemies":"Looter","floor":8.0,"turns":3.0},{"damage":5.0,"enemies":"3 Sentries","floor":10.0,"turns":4.0},{"damage":13.0,"enemies":"Lots of Slimes","floor":12.0,"turns":3.0},{"damage":28.0,"enemies":"Gremlin Nob","floor":14.0,"turns":4.0},{"damage":31.0,"enemies":"Hexaghost","floor":16.0,"turns":9.0},{"damage":7.0,"enemies":"Spheric Guardian","floor":18.0,"turns":3.0},{"damage":22.0,"enemies":"Shell Parasite","floor":20.0,"turns":4.0},{"damage":20.0,"enemies":"3 Cultists","floor":21.0,"turns":5.0},{"damage":8.0,"enemies":"Centurion and Healer","floor":25.0,"turns":4.0},{"damage":14.0,"enemies":"Slavers","floor":29.0,"turns":3.0},{"damage":40.0,"enemies":"Book of Stabbing","floor":31.0,"turns":5.0},{"damage":17.0,"enemies":"Collector","floor":33.0,"turns":8.0},{"damage":41.0,"enemies":"3 Darklings","floor":35.0,"turns":4.0},{"damage":18.0,"enemies":"3 Shapes","floor":36.0,"turns":4.0},{"damage":11.0,"enemies":"Writhing Mass","floor":38.0,"turns":5.0},{"damage":12.0,"enemies":"Maw","floor":39.0,"turns":7.0},{"damage":4,"enemies":"Giant Head","floor":40,"turns":6}],"seed_played":"108002209388257700","potions_obtained":[{"floor":1.0,"key":"ColorlessPotion"},{"floor":2.0,"key":"AttackPotion"},{"floor":10.0,"key":"Weak Potion"},{"floor":16.0,"key":"Fire Potion"},{"floor":17.0,"key":"AttackPotion"},{"floor":21.0,"key":"Fire Potion"},{"floor":31.0,"key":"Explosive Potion"},{"floor":33.0,"key":"EssenceOfDarkness"},{"floor":35.0,"key":"Dexterity Potion"},{"floor":36.0,"key":"PotionOfCapacity"},{"floor":39.0,"key":"PotionOfCapacity"}],"is_trial":false,"path_per_floor":["M","M","$","M","?","R","?","M","T","E","$","M","R","E","R","B",null,"M","$","M","M","?","R","?","M","T","?","R","E","R","E","R","B",null,"M","M","$","M","M","E"],"character_chosen":"DEFECT","items_purchased":["Defragment","Omamori","Capacitor","Storm","ClockworkSouvenir","Medical Kit","Block Potion"],"campfire_rested":5,"item_purchase_floors":[3,3,11,19,19,37,37],"current_hp_per_floor":[56,50,50,32,32,32,32,15,15,10,25,12,31,17,40,9,66,59,74,52,32,32,32,32,24,24,24,48,34,58,18,42,25,69,28,10,25,14,2,0,0],"gold":23,"neow_bonus":"TWO_FIFTY_GOLD","is_daily":false,"chose_seed":false,"campfire_upgraded":2,"win_rate":0.0,"timestamp":1612860196,"path_taken":["M","M","$","M","?","R","?","M","T","E","$","M","R","E","R","BOSS","M","$","M","?","?","R","?","M","T","?","R","E","R","E","R","BOSS","M","M","?","M","M","E"],"items_purchased_type":["Card","Relic","Card","Card","Relic","Relic","Potion"],"build_version":"2020-12-22","purchased_purges":2,"victory":false,"max_hp_per_floor":[64,64,64,64,64,64,64,64,64,64,64,64,64,78,78,78,83,83,83,83,83,83,83,83,83,83,83,83,83,83,83,83,83,83,83,83,83,83,83,83,83],"card_choices":[{"not_picked":["Auto Shields","Cold Snap"],"picked":"Sunder","floor":1.0},{"not_picked":["Gash","Redo","Rebound"],"picked":"SKIP","floor":2.0},{"not_picked":["Compile Driver","Redo"],"picked":"Capacitor","floor":4.0},{"not_picked":["Stack","Double Energy"],"picked":"Go for the Eyes","floor":8.0},{"not_picked":["Auto Shields","Hello World","Barrage"],"picked":"SKIP","floor":10.0},{"not_picked":["Barrage","Sweeping Beam"],"picked":"Electrodynamics","floor":12.0},{"not_picked":["Leap","Conserve Battery"],"picked":"Chill","floor":14.0},{"not_picked":["Machine Learning","Electrodynamics"],"picked":"Biased Cognition","floor":16.0},{"not_picked":["Sweeping Beam","Reprogram"],"picked":"Cold Snap","floor":17.0},{"not_picked":["Streamline","Blizzard","Fusion"],"picked":"SKIP","floor":18.0},{"not_picked":["Static Discharge","Go for the Eyes"],"picked":"Ball Lightning","floor":20.0},{"not_picked":["Stack","Hologram"],"picked":"Turbo","floor":21.0},{"not_picked":["FTL","Compile Driver"],"picked":"Cold Snap","floor":25.0},{"not_picked":["Stack","Redo"],"picked":"Chill","floor":29.0},{"not_picked":["Sweeping Beam","Buffer"],"picked":"BootSequence","floor":31.0},{"not_picked":["Biased Cognition","Electrodynamics"],"picked":"Creative AI","floor":33.0},{"not_picked":["Genetic Algorithm","Steam","Aggregate"],"picked":"SKIP","floor":35.0},{"not_picked":["Genetic Algorithm","Steam"],"picked":"Aggregate","floor":35.0},{"not_picked":["Streamline+1","Tempest","Double Energy"],"picked":"SKIP","floor":36.0},{"not_picked":["Streamline+1","Steam"],"picked":"Defragment","floor":38.0},{"not_picked":["Static Discharge","Undo"],"picked":"Cold Snap+1","floor":39.0}],"player_experience":430905,"relics_obtained":[{"floor":9.0,"key":"Nunchaku"},{"floor":10.0,"key":"Bag of Marbles"},{"floor":14.0,"key":"Mango"},{"floor":26.0,"key":"War Paint"},{"floor":29.0,"key":"White Beast Statue"},{"floor":31.0,"key":"Incense Burner"}],"event_choices":[{"damage_healed":0.0,"max_hp_gain":0.0,"max_hp_loss":0.0,"gold_gain":0.0,"event_name":"Big Fish","player_choice":"Box","floor":5.0,"gold_loss":0.0,"damage_taken":0.0,"relics_obtained":["MealTicket"],"cards_obtained":["Regret"]},{"damage_healed":0.0,"max_hp_gain":0.0,"max_hp_loss":0.0,"gold_gain":0.0,"event_name":"Upgrade Shrine","player_choice":"Upgraded","floor":7.0,"gold_loss":0.0,"damage_taken":0.0,"cards_upgraded":["Sunder"]},{"cards_removed":["Strike_B"],"damage_healed":0.0,"max_hp_gain":0.0,"max_hp_loss":0.0,"gold_gain":0.0,"event_name":"Back to Basics","player_choice":"Elegance","floor":22.0,"gold_loss":0.0,"damage_taken":0.0},{"damage_healed":0.0,"max_hp_gain":0.0,"max_hp_loss":0.0,"gold_gain":0.0,"event_name":"Vampires","player_choice":"Ignored","floor":24.0,"gold_loss":0.0,"damage_taken":0.0},{"damage_healed":0.0,"max_hp_gain":0.0,"max_hp_loss":0.0,"gold_gain":50.0,"event_name":"Golden Shrine","player_choice":"Pray","floor":27.0,"gold_loss":0.0,"damage_taken":0.0}],"is_beta":false,"boss_relics":[{"not_picked":["Ectoplasm","Busted Crown"],"picked":"Tiny House"},{"not_picked":["Inserter","Nuclear Battery"],"picked":"Astrolabe"}],"items_purged_floors":[3,37],"is_endless":false,"potions_floor_spawned":[1,2,10,16,20,21,31,33,35,36,38,39],"killed_by":"Giant Head","ascension_level":16}}