{"host":"hcfgv6p6h0ubjkk0","time":1612894348,"event":{"mods":["AchievementEnabler","BaseMod","Highlight Path","Minty Spire (QoL Compilation)","Quick Restart","Replay The Spire","StSLib"],"gold_per_floor":[117,67,67,67,87,122,122,151,177,177,177,190,221,237,237,341,341,354,354,372,38,38,69,84,118,141,141,41,58,58,69,69,171,171,187,200,200,210,85,119,119,119,119,119,119,135,153,153,153,166,166,166,166],"floor_reached":52,"language":"ENG","playtime":2738,"items_purged":["Defend_G","Defend_G+1","Terror+1"],"score":869,"play_id":"97791cd2-bd03-418f-a2b0-1380dceeed40","local_time":"20210209181228","is_ascension_mode":true,"campfire_choices":[{"floor":10,"key":"REST"},{"floor":27,"key":"REST"},{"data":"Replay:Bag of Tricks","floor":32,"key":"SMITH"},{"data":"Toxin Wave","floor":42,"key":"SMITH"},{"data":"Replay:Bootleg Shield Generator","floor":51,"key":"SMITH"}],"circlet_count":0,"master_deck":["Defend_G","Defend_G","Defend_G","Survivor","Replay:Bootleg Shield Generator+1","ReplayTheSpireMod:Speed Training+1","Replay:Poison Smokescreen+1","Catalyst+1","Escape Plan","Deadly Poison","Toxin Wave+1","Catalyst+1","Replay:Bag of Tricks+1","Catalyst+1","Sneak Up+1","Blur","Noxious Fumes+1","Sneak Up+1","Crippling Poison","Catalyst+1","Atom Bomb"],"relics":["Ring of the Snake","FaceOfCleric","Regal Pillow","Anchor","Snake Skull","Bag of Marbles","Astrolabe","Replay:Bottled Eggs","Lantern","Dream Catcher","SlaversCollar","Sundial","Question Card","Ring of Hypnosis","Meat on the Bone"],"acts_visited":["Exordium","TheCity","TheBeyond"],"potions_floor_usage":[8,16,25,25,33,52,52],"damage_taken":[{"damage":0,"enemies":"2 Louse","floor":1,"turns":3},{"damage":0,"enemies":"Jaw Worm","floor":5,"turns":4},{"damage":24,"enemies":"3 Sentries","floor":6,"turns":13},{"damage":32,"enemies":"Gremlin Nob","floor":8,"turns":5},{"damage":0,"enemies":"Small Slimes","floor":12,"turns":3},{"damage":11,"enemies":"Lagavulin","floor":13,"turns":5},{"damage":0,"enemies":"Red Slaver","floor":14,"turns":3},{"damage":32,"enemies":"Hexaghost","floor":16,"turns":6},{"damage":10,"enemies":"3 Byrds","floor":18,"turns":4},{"damage":13,"enemies":"2 Thieves","floor":20,"turns":3},{"damage":21,"enemies":"Book of Stabbing","floor":23,"turns":6},{"damage":0,"enemies":"Snake Plant","floor":24,"turns":2},{"damage":0,"enemies":"Replay:Snechameleon","floor":25,"turns":4},{"damage":0,"enemies":"Snecko","floor":29,"turns":3},{"damage":10,"enemies":"Shelled Parasite and Fungi","floor":31,"turns":4},{"damage":20,"enemies":"Champ","floor":33,"turns":8},{"damage":15,"enemies":"3 Darklings","floor":35,"turns":4},{"damage":6,"enemies":"Orb Walker","floor":36,"turns":4},{"damage":7,"enemies":"Writhing Mass","floor":38,"turns":5},{"damage":0,"enemies":"Giant Head","floor":40,"turns":3},{"damage":0,"enemies":"Transient","floor":46,"turns":5},{"damage":23,"enemies":"Spire Growth","floor":47,"turns":4},{"damage":0,"enemies":"Writhing Mass","floor":50,"turns":3},{"damage":71,"enemies":"Awakened One","floor":52,"turns":6}],"seed_played":"2534662793798319131","potions_obtained":[{"floor":5,"key":"Dexterity Potion"},{"floor":6,"key":"PowerPotion"},{"floor":8,"key":"Swift Potion"},{"floor":23,"key":"Block Potion"},{"floor":24,"key":"SkillPotion"},{"floor":31,"key":"Reflective Coating"},{"floor":33,"key":"SkillPotion"},{"floor":38,"key":"Adrenaline Potion"}],"is_trial":false,"path_per_floor":["M","?","?","?","M","E","?","E","T","R","?","M","E","M","R","B",null,"M","?","M","$","?","E","M","E","T","R","$","M","?","M","R","B",null,"M","M","T","M","$","E","?","R","T","PTL","PTL","M","M","?","?","M","R","B"],"character_chosen":"THE_SILENT","items_purchased":["Replay:Bottled Eggs"],"campfire_rested":2,"item_purchase_floors":[21],"current_hp_per_floor":[70,70,56,56,57,34,34,3,3,39,44,45,35,36,75,44,73,64,93,81,81,81,61,62,63,63,97,97,98,98,89,89,70,93,79,74,74,68,68,69,69,69,69,69,69,70,60,60,60,61,61,0,0],"gold":166,"neow_bonus":"RANDOM_COLORLESS","is_daily":false,"chose_seed":false,"campfire_upgraded":3,"win_rate":0.0,"timestamp":1612894348,"path_taken":["M","?","?","?","?","E","?","E","T","R","?","M","E","M","R","BOSS","M","?","?","$","?","E","M","E","T","R","?","M","?","M","R","BOSS","M","M","?","M","$","E","?","R","T","PTL","PTL","M","M","?","?","M","R","BOSS"],"items_purchased_type":["Relic"],"build_version":"2020-12-22","purchased_purges":3,"victory":false,"max_hp_per_floor":[70,70,70,70,71,72,72,73,73,73,78,79,80,81,81,82,82,83,93,94,94,94,95,96,97,97,97,97,98,98,99,99,100,100,101,102,102,103,103,104,104,104,104,104,104,105,106,101,101,102,102,102,102],"card_choices":[{"not_picked":["ReplayTheSpireMod:Private Reserves","Mind Blast"],"picked":"Replay:Bootleg Shield Generator","floor":0},{"not_picked":["Draining Mist","Bouncing Flask"],"picked":"ReplayTheSpireMod:Speed Training","floor":1},{"not_picked":["Distraction","ReplayTheSpireMod:The Works"],"picked":"Replay:Poison Smokescreen","floor":5},{"not_picked":["Dodge and Roll","Slice"],"picked":"Catalyst","floor":6},{"not_picked":["Expertise","Deflect"],"picked":"Escape Plan","floor":8},{"not_picked":["Blade Dance","Sucker Punch"],"picked":"Deadly Poison","floor":12},{"not_picked":["Blade Dance","Venomology"],"picked":"Toxin Wave","floor":13},{"not_picked":["Hidden Blade","Flying Knee"],"picked":"Catalyst","floor":14},{"not_picked":["Wraith Form v2","Venomology"],"picked":"Replay:Bag of Tricks","floor":16},{"not_picked":["Distraction","Dagger Throw","Sucker Punch"],"picked":"SKIP","floor":18},{"not_picked":["Heel Hook","Prepared"],"picked":"Sneak Up+1","floor":20},{"not_picked":["Prepared","ReplayTheSpireMod:From All Sides","Bane+1"],"picked":"SKIP","floor":23},{"not_picked":["ReplayTheSpireMod:Scrap Shanks","Well Laid Plans"],"picked":"Blur","floor":24},{"not_picked":["Accuracy+1","Cloak And Dagger","Bane+1"],"picked":"SKIP","floor":25},{"not_picked":["Deflect","Underhanded Strike"],"picked":"Noxious Fumes","floor":27},{"not_picked":["Deadly Poison+1","Deflect"],"picked":"Sneak Up+1","floor":29},{"not_picked":["Acrobatics","Sneak Up"],"picked":"Crippling Poison","floor":31},{"not_picked":["Bane","Acrobatics+1","Replay:Poison Smokescreen"],"picked":"SKIP","floor":35},{"not_picked":["Dagger Spray","Dodge and Roll","Slice"],"picked":"SKIP","floor":36},{"not_picked":["Hidden Blade","Poisoned Stab+1","Deadly Poison+1"],"picked":"SKIP","floor":38},{"not_picked":["Cloak And Dagger","Dash","Quick Slash+1"],"picked":"SKIP","floor":40},{"not_picked":["Crippling Poison+1","Choke","Outmaneuver","Infinite Blades+1"],"picked":"SKIP","floor":46},{"not_picked":["Masterful Stab","Sucker Punch+1","Acrobatics+1"],"picked":"Catalyst+1","floor":47},{"not_picked":["Accuracy+1","Blade Dance+1","Hidden Blade"],"picked":"Atom Bomb","floor":50}],"player_experience":186851,"relics_obtained":[{"floor":6,"key":"Regal Pillow"},{"floor":8,"key":"Anchor"},{"floor":9,"key":"Snake Skull"},{"floor":13,"key":"Bag of Marbles"},{"floor":23,"key":"Lantern"},{"floor":25,"key":"Dream Catcher"},{"floor":37,"key":"Sundial"},{"floor":40,"key":"Question Card"},{"floor":41,"key":"Ring of Hypnosis"},{"floor":43,"key":"Meat on the Bone"}],"event_choices":[{"cards_removed":["Strike_G"],"damage_healed":0,"gold_gain":0,"player_choice":"Card Removal","damage_taken":0,"max_hp_gain":0,"max_hp_loss":0,"event_name":"The Cleric","floor":2,"gold_loss":50},{"damage_healed":0,"gold_gain":0,"player_choice":"Entered Light","damage_taken":14,"max_hp_gain":0,"max_hp_loss":0,"event_name":"Shining Light","floor":3,"gold_loss":0,"cards_upgraded":["Defend_G","Strike_G"]},{"damage_healed":0,"gold_gain":0,"player_choice":"Trade","damage_taken":0,"relics_obtained":["FaceOfCleric"],"max_hp_gain":0,"max_hp_loss":0,"event_name":"FaceTrader","floor":4,"gold_loss":0},{"damage_healed":0,"gold_gain":0,"player_choice":"Donut","damage_taken":0,"max_hp_gain":5,"max_hp_loss":0,"event_name":"Big Fish","floor":11,"gold_loss":0},{"cards_removed":["Phantasmal Killer"],"damage_healed":19,"gold_gain":0,"player_choice":"Offered Rare","damage_taken":0,"max_hp_gain":10,"max_hp_loss":0,"event_name":"Bonfire Elementals","floor":19,"gold_loss":0},{"damage_healed":0,"gold_gain":0,"player_choice":"Forge","damage_taken":0,"max_hp_gain":0,"max_hp_loss":0,"event_name":"Accursed Blacksmith","floor":22,"gold_loss":0,"cards_upgraded":["Replay:Poison Smokescreen"]},{"damage_healed":0,"gold_gain":0,"player_choice":"Upgraded","damage_taken":0,"max_hp_gain":0,"max_hp_loss":0,"event_name":"Upgrade Shrine","floor":30,"gold_loss":0,"cards_upgraded":["Noxious Fumes"]},{"damage_healed":0,"gold_gain":0,"player_choice":"Max HP","damage_taken":0,"max_hp_gain":0,"max_hp_loss":5,"event_name":"Winding Halls","floor":48,"gold_loss":0},{"cards_removed":["Neutralize"],"damage_healed":0,"gold_gain":0,"player_choice":"Removed Attack","damage_taken":0,"max_hp_gain":0,"max_hp_loss":0,"event_name":"Falling","floor":49,"gold_loss":0}],"is_beta":false,"boss_relics":[{"not_picked":["ReplayTheSpireMod:DimensionalGlitch","Runic Pyramid"],"picked":"Astrolabe"},{"not_picked":["Philosopher\u0027s Stone","Cursed Key"],"picked":"SlaversCollar"}],"items_purged_floors":[21,28,39],"is_endless":false,"potions_floor_spawned":[5,6,8,23,24,31,33,38,40,50],"killed_by":"Awakened One","ascension_level":5}}