{"host":"owox7x4ngjt9htcc","time":1612851283,"event":{"mods":["BaseMod","Colored Map","DeckTracker","Keyboard Shortcuts","Minty Spire (QoL Compilation)","SuperFastMode"],"gold_per_floor":[114,114,129,29,44,74,74,89,89,119,149,149,149,164,164,264,264,279,294,309,324,239,269,284,299,324,339,369,2,2,17,17,117,117,132,147,147,177,119,149,49,79,104,104,154,184,199,214,214,214],"floor_reached":51,"language":"KOR","playtime":1723,"items_purged":[],"score":1079,"play_id":"764221cf-fc18-49dd-bb71-8a4847b7e4f2","local_time":"20210209151443","daily_mods":["Draft","Hoarder","DeadlyEvents"],"is_ascension_mode":false,"campfire_choices":[{"floor":7.0,"key":"REST"},{"floor":12.0,"key":"REST"},{"data":"Prepared","floor":15.0,"key":"SMITH"},{"floor":32,"key":"REST"},{"floor":44,"key":"REST"},{"floor":49,"key":"REST"}],"circlet_count":0,"master_deck":["Cloak And Dagger","Cloak And Dagger","Cloak And Dagger","Leg Sweep","Leg Sweep","Leg Sweep","Backflip","Backflip","Backflip","Cloak And Dagger","Cloak And Dagger","Cloak And Dagger","Backflip","Backflip","Backflip","Deadly Poison","Deadly Poison","Flying Knee","Flying Knee","Flying Knee","PiercingWail","PiercingWail","PiercingWail","Quick Slash","Quick Slash","Quick Slash","Dodge and Roll","Dodge and Roll","Dodge and Roll","Setup","Setup+1","Setup","Acrobatics","Acrobatics","Acrobatics","Crippling Poison","Crippling Poison","Crippling Poison","Prepared+1","Prepared","Prepared","Poisoned Stab","Poisoned Stab","Poisoned Stab","Bane","Bane","Bane","Endless Agony","Endless Agony","Endless Agony","Tactician","Tactician","Tactician","Blade Dance","Blade Dance","Blade Dance","Choke","Choke","Choke","Die Die Die","Die Die Die","Die Die Die","Envenom","Envenom","Envenom","Dodge and Roll+1","Dodge and Roll+1","Dodge and Roll+1","Escape Plan+1","Escape Plan+1","Escape Plan+1","After Image","After Image","After Image","Calculated Gamble+1","Calculated Gamble+1","Calculated Gamble+1","Terror","Terror","Terror","Reflex","Reflex","Reflex","Calculated Gamble","Calculated Gamble+1","Calculated Gamble","Footwork","Footwork","Footwork","Escape Plan+1","Escape Plan+1","Escape Plan+1","Blade Dance+1","Blade Dance","Blade Dance","Well Laid Plans","Well Laid Plans","Well Laid Plans","Accuracy+1","Accuracy+1","Accuracy+1","Infinite Blades","Infinite Blades","Infinite Blades","Noxious Fumes","Noxious Fumes","Noxious Fumes","Accuracy","Accuracy","Accuracy"],"relics":["Ring of the Snake","Blood Vial","Vajra","Mercury Hourglass","MealTicket","Fusion Hammer","Akabeko","Prayer Wheel","Happy Flower","Question Card","Medical Kit","Snake Skull","MawBank","Strawberry","Mummified Hand","Lantern","Pen Nib","War Paint"],"acts_visited":["Exordium","TheCity","TheBeyond"],"potions_floor_usage":[40,50,50],"damage_taken":[{"damage":3.0,"enemies":"Small Slimes","floor":1.0,"turns":4.0},{"damage":0.0,"enemies":"Cultist","floor":3.0,"turns":4.0},{"damage":0.0,"enemies":"2 Louse","floor":5.0,"turns":2.0},{"damage":34.0,"enemies":"Gremlin Nob","floor":6.0,"turns":5.0},{"damage":0.0,"enemies":"Exordium Thugs","floor":8.0,"turns":4.0},{"damage":4.0,"enemies":"Lagavulin","floor":10.0,"turns":5.0},{"damage":18.0,"enemies":"Gremlin Nob","floor":11.0,"turns":3.0},{"damage":0.0,"enemies":"Looter","floor":14.0,"turns":1.0},{"damage":43.0,"enemies":"The Guardian","floor":16.0,"turns":9.0},{"damage":16.0,"enemies":"Spheric Guardian","floor":18.0,"turns":4.0},{"damage":0.0,"enemies":"Shell Parasite","floor":19.0,"turns":3.0},{"damage":7.0,"enemies":"Centurion and Healer","floor":20.0,"turns":6.0},{"damage":3.0,"enemies":"Snecko","floor":21.0,"turns":4.0},{"damage":0.0,"enemies":"Gremlin Leader","floor":23.0,"turns":4.0},{"damage":3.0,"enemies":"3 Cultists","floor":24.0,"turns":4.0},{"damage":4.0,"enemies":"Cultist and Chosen","floor":25.0,"turns":6.0},{"damage":4.0,"enemies":"Snake Plant","floor":27.0,"turns":4.0},{"damage":7.0,"enemies":"Slavers","floor":28.0,"turns":2.0},{"damage":3,"enemies":"Sentry and Sphere","floor":31,"turns":4},{"damage":55,"enemies":"Collector","floor":33,"turns":14},{"damage":0,"enemies":"3 Shapes","floor":35,"turns":3},{"damage":2,"enemies":"3 Darklings","floor":36,"turns":3},{"damage":18,"enemies":"Giant Head","floor":38,"turns":6},{"damage":24,"enemies":"Reptomancer","floor":40,"turns":6},{"damage":18,"enemies":"Nemesis","floor":42,"turns":7},{"damage":14,"enemies":"Reptomancer","floor":46,"turns":5},{"damage":0,"enemies":"Spire Growth","floor":47,"turns":4},{"damage":21,"enemies":"Writhing Mass","floor":48,"turns":3},{"damage":5,"enemies":"Time Eater","floor":50,"turns":8}],"seed_played":"-878916022338446095","potions_obtained":[{"floor":1.0,"key":"BlessingOfTheForge"},{"floor":6.0,"key":"FearPotion"},{"floor":11.0,"key":"DuplicationPotion"},{"floor":21.0,"key":"Strength Potion"},{"floor":33,"key":"Strength Potion"},{"floor":40,"key":"Fruit Juice"}],"is_trial":false,"path_per_floor":["M","?","M","$","M","E","R","M","T","E","E","R","?","M","R","B",null,"M","M","M","M","?","E","M","M","T","M","E","$","?","M","R","B",null,"M","M","?","E","$","E","$","E","T","R","T","E","M","M","R","B",null],"character_chosen":"THE_SILENT","items_purchased":["FairyPotion","Medical Kit","Footwork","Snake Skull","Infinite Blades","Energy Potion","PowerPotion"],"campfire_rested":5,"item_purchase_floors":[4,29,29,29,39,41,41],"current_hp_per_floor":[67,67,67,67,67,33,54,56,56,54,38,59,59,61,61,20,70,54,56,51,50,50,52,51,49,49,47,42,57,57,56,70,15,70,70,68,68,52,67,57,72,56,56,80,80,68,70,51,75,72],"gold":214,"neow_bonus":"","is_daily":true,"chose_seed":false,"campfire_upgraded":1,"win_rate":0.0,"timestamp":1612851283,"path_taken":["M","?","?","?","M","E","R","M","T","E","?","R","?","?","R","BOSS","M","M","M","M","?","E","M","M","T","M","E","$","?","M","R","BOSS","M","M","?","?","$","E","$","E","T","R","?","E","?","M","R","BOSS"],"items_purchased_type":["Potion","Relic","Card","Relic","Card","Potion","Potion"],"build_version":"2020-12-22","purchased_purges":0,"victory":true,"max_hp_per_floor":[70,70,70,70,70,70,70,70,70,70,70,70,70,70,70,70,70,70,70,70,70,70,70,70,70,70,70,70,70,70,70,70,70,70,70,70,70,70,70,82,82,82,82,82,82,82,82,82,82,82],"card_choices":[{"not_picked":["Crippling Poison","Dodge and Roll"],"picked":"Cloak And Dagger","floor":0.0},{"not_picked":["Outmaneuver","Predator"],"picked":"Leg Sweep","floor":0.0},{"not_picked":["Flechettes","Quick Slash"],"picked":"Backflip","floor":0.0},{"not_picked":["Sucker Punch","Skewer"],"picked":"Cloak And Dagger","floor":0.0},{"not_picked":["Outmaneuver","Expertise"],"picked":"Backflip","floor":0.0},{"not_picked":["Acrobatics","Bane"],"picked":"Deadly Poison","floor":0.0},{"not_picked":["Skewer","Backflip"],"picked":"Flying Knee","floor":0.0},{"not_picked":["Prepared","Deflect"],"picked":"PiercingWail","floor":0.0},{"not_picked":["Sucker Punch","PiercingWail"],"picked":"Quick Slash","floor":0.0},{"not_picked":["Deadly Poison","Cloak And Dagger"],"picked":"Dodge and Roll","floor":0.0},{"not_picked":["Dash","Dagger Spray"],"picked":"Setup","floor":0.0},{"not_picked":["Prepared","Dodge and Roll"],"picked":"Acrobatics","floor":0.0},{"not_picked":["Cloak And Dagger","Deadly Poison"],"picked":"Crippling Poison","floor":0.0},{"not_picked":["Deflect","Outmaneuver"],"picked":"Prepared","floor":0.0},{"not_picked":["Outmaneuver","Quick Slash"],"picked":"Poisoned Stab","floor":0.0},{"not_picked":["Finisher","Backflip"],"picked":"Bane","floor":1.0},{"not_picked":["PiercingWail","Prepared"],"picked":"Endless Agony","floor":3.0},{"not_picked":["Prepared","Dodge and Roll"],"picked":"Tactician","floor":5.0},{"not_picked":["Bouncing Flask","Poisoned Stab"],"picked":"Blade Dance","floor":6.0},{"not_picked":["Bouncing Flask","Poisoned Stab"],"picked":"Choke","floor":8.0},{"not_picked":["Sucker Punch","Quick Slash"],"picked":"Die Die Die","floor":10.0},{"not_picked":["Slice","Finisher","Eviscerate"],"picked":"SKIP","floor":11.0},{"not_picked":["Dodge and Roll","Catalyst","Dagger Throw"],"picked":"SKIP","floor":14.0},{"not_picked":["Doppelganger","Burst"],"picked":"Envenom","floor":16.0},{"not_picked":["Eviscerate","Outmaneuver"],"picked":"Dodge and Roll+1","floor":18.0},{"not_picked":["Sucker Punch","Dash"],"picked":"Escape Plan+1","floor":19.0},{"not_picked":["Slice","Dagger Throw+1","Poisoned Stab"],"picked":"SKIP","floor":20.0},{"not_picked":["Acrobatics","Outmaneuver"],"picked":"After Image","floor":21.0},{"not_picked":["Slice","Dagger Throw+1","Crippling Poison+1"],"picked":"SKIP","floor":23.0},{"not_picked":["Quick Slash+1","Deadly Poison"],"picked":"Calculated Gamble+1","floor":24.0},{"not_picked":["Skewer","Eviscerate","Concentrate"],"picked":"SKIP","floor":24.0},{"not_picked":["Heel Hook","Poisoned Stab+1"],"picked":"Terror","floor":25.0},{"not_picked":["Deadly Poison","Cloak And Dagger","Flying Knee+1"],"picked":"SKIP","floor":25.0},{"not_picked":["Underhanded Strike","Prepared+1"],"picked":"Reflex","floor":27.0},{"not_picked":["Backstab","Terror","Leg Sweep"],"picked":"SKIP","floor":27.0},{"not_picked":["Underhanded Strike+1","Poisoned Stab+1"],"picked":"Calculated Gamble","floor":28.0},{"not_picked":["Quick Slash+1","Underhanded Strike","Malaise"],"picked":"Escape Plan+1","floor":31},{"not_picked":["Underhanded Strike+1","Slice","Malaise"],"picked":"Blade Dance","floor":31},{"not_picked":["Dodge and Roll","Sucker Punch+1","Bane+1"],"picked":"Well Laid Plans","floor":35},{"not_picked":["Eviscerate+1","Riddle With Holes","Outmaneuver+1","Prepared"],"picked":"SKIP","floor":35},{"not_picked":["Dagger Spray","Quick Slash","Bane"],"picked":"Accuracy+1","floor":36},{"not_picked":["Terror","Dodge and Roll","Dagger Throw","Bouncing Flask+1"],"picked":"SKIP","floor":36},{"not_picked":["Grand Finale","Flying Knee","Poisoned Stab+1","Slice"],"picked":"SKIP","floor":38},{"not_picked":["Underhanded Strike","Dash","Catalyst+1"],"picked":"Noxious Fumes","floor":40},{"not_picked":["Reflex+1","Deadly Poison","Deflect","Slice+1"],"picked":"SKIP","floor":42},{"not_picked":["Prepared","Choke+1","Bouncing Flask+1","Riddle With Holes+1"],"picked":"SKIP","floor":46},{"not_picked":["Crippling Poison","Prepared","Night Terror","Quick Slash+1"],"picked":"SKIP","floor":47},{"not_picked":["Outmaneuver","Reflex+1","Eviscerate+1","Bane"],"picked":"SKIP","floor":47},{"not_picked":["Deflect","Dagger Throw+1","Outmaneuver+1"],"picked":"Accuracy","floor":48},{"not_picked":["Bane+1","Expertise","Backstab","Dagger Spray"],"picked":"SKIP","floor":48}],"player_experience":917090,"relics_obtained":[{"floor":6.0,"key":"Blood Vial"},{"floor":9.0,"key":"Vajra"},{"floor":10.0,"key":"Mercury Hourglass"},{"floor":11.0,"key":"MealTicket"},{"floor":23.0,"key":"Prayer Wheel"},{"floor":26.0,"key":"Happy Flower"},{"floor":28.0,"key":"Question Card"},{"floor":38,"key":"MawBank"},{"floor":40,"key":"Strawberry"},{"floor":42,"key":"Mummified Hand"},{"floor":43,"key":"Lantern"},{"floor":45,"key":"Pen Nib"},{"floor":46,"key":"War Paint"}],"event_choices":[{"damage_healed":0.0,"max_hp_gain":0.0,"max_hp_loss":0.0,"gold_gain":0.0,"event_name":"Accursed Blacksmith","player_choice":"Forge","floor":2.0,"gold_loss":0.0,"damage_taken":0.0,"cards_upgraded":["Setup"]},{"damage_healed":0.0,"max_hp_gain":0.0,"max_hp_loss":0.0,"gold_gain":0.0,"event_name":"Liars Game","player_choice":"Ignored","floor":13.0,"gold_loss":0.0,"damage_taken":0.0},{"damage_healed":0.0,"max_hp_gain":0.0,"max_hp_loss":0.0,"gold_gain":0.0,"event_name":"Addict","player_choice":"Obtained Relic","floor":22.0,"gold_loss":85.0,"damage_taken":0.0,"relics_obtained":["Akabeko"]},{"damage_healed":0,"gold_gain":0,"player_choice":"Ignored","damage_taken":0,"max_hp_gain":0,"max_hp_loss":0,"event_name":"The Mausoleum","floor":30,"gold_loss":0},{"cards_removed":["Deadly Poison"],"damage_healed":0,"gold_gain":0,"player_choice":"Purged","damage_taken":0,"max_hp_gain":0,"max_hp_loss":0,"event_name":"Purifier","floor":37,"gold_loss":0}],"is_beta":false,"boss_relics":[{"not_picked":["Ring of the Serpent","Sozu"],"picked":"Fusion Hammer"},{"not_picked":["Snecko Eye","Runic Pyramid","Velvet Choker"]}],"items_purged_floors":[],"is_endless":false,"potions_floor_spawned":[1,6,11,21,24,27,28,33,40,42,47],"ascension_level":0}}