{"host":"37ccm3d17clopct7","time":1612889519,"event":{"mods":["BaseMod","GungeonMod","Hermit","Lobotomy","Minty Spire (QoL Compilation)","StSLib","The Bug Knight","The Cursed","The Hierophant","The Jungle","The Runesmith"],"gold_per_floor":[118,132,132,151,101,101,120,120,170,245,245,245,245,259,259,356,356,375,375,56,56,72,72,72,72,118,148,148,164,179,129,129,226,226,236,161,161,15,28,57,57,77,102,102,102,102],"floor_reached":45,"language":"KOR","playtime":1734,"items_purged":["Strike_G"],"score":474,"play_id":"b5350a05-4caf-4161-a58a-65fbc3bd6eb7","local_time":"20210210015159","is_ascension_mode":false,"campfire_choices":[{"data":"Dodge and Roll","floor":6,"key":"SMITH"},{"data":"Die Die Die","floor":8,"key":"SMITH"},{"floor":11,"key":"REST"},{"data":"Survivor","floor":13,"key":"SMITH"},{"data":"Skewer","floor":15,"key":"SMITH"},{"floor":23,"key":"REST"},{"data":"Terror","floor":25,"key":"SMITH"},{"floor":32,"key":"REST"},{"data":"Phantasmal Killer","floor":41,"key":"SMITH"}],"circlet_count":0,"master_deck":["Strike_G","Defend_G","Defend_G","Defend_G+1","Survivor+1","Neutralize+1","Dodge and Roll+1","Skewer+1","Deadly Poison+1","Die Die Die+1","PiercingWail","Flying Knee","Phantasmal Killer+1","Wraith Form v2+1","Reflex+1","Expertise+1","Outmaneuver","Noxious Fumes","Jack Of All Trades","Terror+1","Deflect","Noxious Fumes","Calculated Gamble+1","Catalyst+1","Bullet Time","Dodge and Roll+1","Deflect","Dagger Spray","Sucker Punch+1"],"relics":["Ring of the Snake","DemoMod:GreenGuonStone","War Paint","Astrolabe","DemoMod:OrangeGuonStone","Pen Nib","StoneCalendar","Black Star","DemoMod:ResourcefulSack","DemoMod:MonsterBlood","Mercury Hourglass","DemoMod:RingOfEthereal","MealTicket"],"acts_visited":["Exordium","TheCity","TheBeyond"],"potions_floor_usage":[33,33,33],"damage_taken":[{"damage":3,"enemies":"Cultist","floor":1,"turns":5},{"damage":0,"enemies":"2 Louse","floor":2,"turns":3},{"damage":0,"enemies":"Jaw Worm","floor":4,"turns":4},{"damage":0,"enemies":"Exordium Wildlife","floor":7,"turns":6},{"damage":0,"enemies":"Gremlin Gang","floor":14,"turns":1},{"damage":21,"enemies":"The Guardian","floor":16,"turns":10},{"damage":6,"enemies":"2 Thieves","floor":18,"turns":4},{"damage":11,"enemies":"Chosen","floor":22,"turns":6},{"damage":30,"enemies":"Slavers","floor":27,"turns":5},{"damage":0,"enemies":"Shelled Parasite and Fungi","floor":29,"turns":5},{"damage":3,"enemies":"Cultist and Chosen","floor":30,"turns":6},{"damage":31,"enemies":"Automaton","floor":33,"turns":8},{"damage":8,"enemies":"3 Shapes","floor":35,"turns":4},{"damage":0,"enemies":"Orb Walker","floor":39,"turns":2},{"damage":15,"enemies":"Nemesis","floor":40,"turns":7},{"damage":14,"enemies":"Spire Growth","floor":42,"turns":5},{"damage":58,"enemies":"Transient","floor":45,"turns":5}],"seed_played":"-3096129469223399670","potions_obtained":[{"floor":1,"key":"Strength Potion"},{"floor":2,"key":"Weak Potion"},{"floor":29,"key":"SkillPotion"},{"floor":30,"key":"EssenceOfSteel"},{"floor":42,"key":"Block Potion"}],"is_trial":false,"path_per_floor":["M","M","T","M","?","R","M","R","T","?","R","?","R","M","R","B",null,"M","?","$","?","M","R","?","R","T","E","?","M","M","?","R","B",null,"M","$","T","$","M","E","R","M","T","?","M"],"character_chosen":"THE_SILENT","items_purchased":["Noxious Fumes","DemoMod:OrangeGuonStone","DemoMod:MonsterBlood"],"campfire_rested":3,"item_purchase_floors":[20,20,38],"current_hp_per_floor":[67,67,67,67,67,67,67,67,67,56,70,70,70,70,70,55,70,68,68,68,56,45,66,66,66,66,36,36,36,33,33,54,23,70,62,62,62,69,69,54,54,46,46,46,0,0],"gold":102,"neow_bonus":"TRANSFORM_CARD","is_daily":false,"chose_seed":false,"campfire_upgraded":6,"win_rate":0.0,"timestamp":1612889519,"path_taken":["M","?","?","M","?","R","M","R","T","?","R","?","R","?","R","BOSS","M","?","$","?","?","R","?","R","T","E","?","M","?","?","R","BOSS","M","$","?","$","M","E","R","M","T","?","M"],"items_purchased_type":["Card","Relic","Relic"],"build_version":"2020-12-22","purchased_purges":1,"victory":false,"max_hp_per_floor":[70,70,70,70,70,70,70,70,70,70,70,70,70,70,70,70,70,70,70,70,70,70,70,70,70,70,70,70,70,70,70,70,70,70,70,70,70,77,77,77,77,77,77,73,73,73],"card_choices":[{"not_picked":["Backflip","Choke"],"picked":"Skewer","floor":1},{"not_picked":["Underhanded Strike","Bane"],"picked":"Deadly Poison","floor":2},{"not_picked":["Bouncing Flask","Deadly Poison"],"picked":"Die Die Die","floor":4},{"not_picked":["Tactician","Underhanded Strike"],"picked":"PiercingWail","floor":7},{"not_picked":["Flechettes","Backflip"],"picked":"Flying Knee","floor":14},{"not_picked":["A Thousand Cuts","Wraith Form v2"],"picked":"Phantasmal Killer","floor":16},{"not_picked":["Dagger Throw","Dagger Spray"],"picked":"Outmaneuver","floor":18},{"not_picked":["Quick Slash","Deadly Poison"],"picked":"Terror","floor":22},{"not_picked":["Terror","Expertise"],"picked":"Deflect","floor":27},{"not_picked":["Leg Sweep+1","Bouncing Flask"],"picked":"Calculated Gamble+1","floor":29},{"not_picked":["Underhanded Strike","Acrobatics+1"],"picked":"Catalyst+1","floor":30},{"not_picked":["Adrenaline","Tools of the Trade"],"picked":"Bullet Time","floor":33},{"not_picked":["Bane+1","Underhanded Strike"],"picked":"Dodge and Roll+1","floor":35},{"not_picked":["Backflip","Flying Knee"],"picked":"Deflect","floor":39},{"not_picked":["Flying Knee","Riddle With Holes+1"],"picked":"Dagger Spray","floor":40},{"not_picked":["Blade Dance+1","Bullet Time"],"picked":"Sucker Punch+1","floor":42}],"player_experience":154092,"relics_obtained":[{"floor":3,"key":"DemoMod:GreenGuonStone"},{"floor":9,"key":"War Paint"},{"floor":26,"key":"Pen Nib"},{"floor":27,"key":"StoneCalendar"},{"floor":37,"key":"DemoMod:ResourcefulSack"},{"floor":40,"key":"Mercury Hourglass"},{"floor":40,"key":"DemoMod:RingOfEthereal"},{"floor":43,"key":"MealTicket"}],"event_choices":[{"cards_removed":["Defend_G"],"damage_healed":0,"gold_gain":0,"player_choice":"Card Removal","damage_taken":0,"max_hp_gain":0,"max_hp_loss":0,"event_name":"The Cleric","floor":5,"gold_loss":50},{"damage_healed":0,"gold_gain":75,"player_choice":"Gather Gold","damage_taken":11,"max_hp_gain":0,"max_hp_loss":0,"event_name":"World of Goop","floor":10,"gold_loss":0},{"damage_healed":0,"gold_gain":0,"player_choice":"Upgraded","damage_taken":0,"max_hp_gain":0,"max_hp_loss":0,"event_name":"Upgrade Shrine","floor":12,"gold_loss":0,"cards_upgraded":["Neutralize"]},{"damage_healed":0,"gold_gain":0,"player_choice":"Ignored","damage_taken":0,"max_hp_gain":0,"max_hp_loss":0,"event_name":"Vampires","floor":19,"gold_loss":0},{"damage_healed":0,"gold_gain":0,"player_choice":"CARD ","damage_taken":12,"max_hp_gain":0,"max_hp_loss":0,"event_name":"Knowing Skull","floor":21,"potions_obtained":[],"gold_loss":0,"cards_obtained":["Jack Of All Trades"]},{"damage_healed":0,"gold_gain":0,"player_choice":"Copied","damage_taken":0,"max_hp_gain":0,"max_hp_loss":0,"event_name":"Duplicator","floor":28,"gold_loss":0,"cards_obtained":["Noxious Fumes"]},{"damage_healed":0,"gold_gain":0,"player_choice":"Bet on Murderer","damage_taken":0,"max_hp_gain":0,"max_hp_loss":0,"event_name":"The Joust","floor":31,"gold_loss":50},{"damage_healed":0,"gold_gain":0,"player_choice":"Max HP","damage_taken":0,"max_hp_gain":0,"max_hp_loss":4,"event_name":"Winding Halls","floor":44,"gold_loss":0}],"is_beta":false,"boss_relics":[{"not_picked":["Runesmith:UraniumAnvil","Snecko Eye"],"picked":"Astrolabe"},{"not_picked":["WristBlade","Tiny House"],"picked":"Black Star"}],"items_purged_floors":[36],"is_endless":false,"potions_floor_spawned":[1,2,29,30,42],"killed_by":"Transient","ascension_level":0}}