{"host":"kgfs5ebhusfk1t4t","time":1612878618,"event":{"mods":["BaseMod","Colored Map","DeckTracker","Highlight Path","KOR Keyword Fix","Keyboard Shortcuts","Minty Spire (QoL Compilation)","Permanent Neow","Quick Restart","StSLib","SuperFastMode","everything is the same but u backflip on backflip"],"gold_per_floor":[114,124,143,155,105,105,118,150,205,219,219,236,236,236,236,337,337,353,353,210,225,225,225,225,225],"floor_reached":24,"language":"KOR","playtime":705,"items_purged":["Decay"],"score":248,"play_id":"4ac94eb0-02e1-47c1-ace3-d386bdd7f4c8","local_time":"20210209225018","is_ascension_mode":false,"campfire_choices":[{"data":"Bouncing Flask","floor":6.0,"key":"SMITH"},{"data":"Bane","floor":11.0,"key":"SMITH"},{"data":"Leg Sweep","floor":13.0,"key":"SMITH"},{"floor":15.0,"key":"REST"},{"floor":23,"key":"REST"}],"circlet_count":0,"master_deck":["Strike_G","Strike_G","Strike_G","Defend_G","Defend_G","Defend_G","Defend_G","Defend_G","Survivor","Neutralize","Bouncing Flask+1","Bane+1","Dagger Spray","Backflip","Dagger Throw","Poisoned Stab","Leg Sweep+1","Concentrate","Corpse Explosion","Dagger Spray+1","Well Laid Plans","Dodge and Roll"],"relics":["Ring of the Snake","Art of War","Lizard Tail","Centennial Puzzle","Shuriken","Fusion Hammer"],"acts_visited":["Exordium","TheCity"],"potions_floor_usage":[],"damage_taken":[{"damage":0.0,"enemies":"2 Louse","floor":1.0,"turns":3.0},{"damage":1.0,"enemies":"Cultist","floor":2.0,"turns":3.0},{"damage":0.0,"enemies":"Small Slimes","floor":3.0,"turns":4.0},{"damage":7.0,"enemies":"Exordium Wildlife","floor":4.0,"turns":5.0},{"damage":7.0,"enemies":"Blue Slaver","floor":7.0,"turns":3.0},{"damage":25.0,"enemies":"Lagavulin","floor":8.0,"turns":6.0},{"damage":0.0,"enemies":"2 Fungi Beasts","floor":10.0,"turns":3.0},{"damage":4.0,"enemies":"Red Slaver","floor":12.0,"turns":3.0},{"damage":0.0,"enemies":"Slime Boss","floor":16.0,"turns":5.0},{"damage":10.0,"enemies":"2 Thieves","floor":18.0,"turns":3.0},{"damage":12,"enemies":"Spheric Guardian","floor":21,"turns":5},{"damage":0,"enemies":"Gremlin Leader","floor":24,"turns":1}],"seed_played":"-9219901614379876166","potions_obtained":[{"floor":2.0,"key":"PowerPotion"},{"floor":7.0,"key":"Dexterity Potion"},{"floor":10.0,"key":"Fire Potion"}],"is_trial":false,"path_per_floor":["M","M","M","M","?","R","M","E","T","M","R","M","R","?","R","B",null,"M","?","$","M","?","R","E"],"character_chosen":"THE_SILENT","items_purchased":["Well Laid Plans"],"campfire_rested":2,"item_purchase_floors":[20],"current_hp_per_floor":[70,69,69,62,62,62,55,30,30,30,30,26,26,8,29,29,70,60,60,60,48,48,69,69,69],"gold":225,"neow_bonus":"RANDOM_COMMON_RELIC","is_daily":false,"chose_seed":false,"campfire_upgraded":3,"win_rate":0.0,"timestamp":1612878618,"path_taken":["M","M","M","M","?","R","M","E","T","M","R","M","R","?","R","BOSS","M","?","$","M","?","R","E"],"items_purchased_type":["Card"],"build_version":"2020-12-22","purchased_purges":1,"victory":false,"max_hp_per_floor":[70,70,70,70,70,70,70,70,70,70,70,70,70,70,70,70,70,70,70,70,70,70,70,70,70],"card_choices":[{"not_picked":["Bane","Deflect"],"picked":"Bouncing Flask","floor":1.0},{"not_picked":["Noxious Fumes","Choke"],"picked":"Bane","floor":2.0},{"not_picked":["Quick Slash","Heel Hook"],"picked":"Dagger Spray","floor":3.0},{"not_picked":["Backstab","Dagger Throw"],"picked":"Backflip","floor":4.0},{"not_picked":["Reflex","Distraction"],"picked":"Dagger Throw","floor":7.0},{"not_picked":["Prepared","Dagger Spray"],"picked":"Poisoned Stab","floor":8.0},{"not_picked":["Deflect","Blade Dance"],"picked":"Leg Sweep","floor":10.0},{"not_picked":["Deadly Poison","Noxious Fumes"],"picked":"Concentrate","floor":12.0},{"not_picked":["Unload","Grand Finale"],"picked":"Corpse Explosion","floor":16.0},{"not_picked":["Setup","Slice+1"],"picked":"Dagger Spray+1","floor":18.0},{"not_picked":["Slice","Prepared"],"picked":"Dodge and Roll","floor":21}],"player_experience":90663,"relics_obtained":[{"floor":8.0,"key":"Lizard Tail"},{"floor":9.0,"key":"Centennial Puzzle"}],"event_choices":[{"cards_removed":["Strike_G"],"damage_healed":0.0,"max_hp_gain":0.0,"max_hp_loss":0.0,"gold_gain":0.0,"event_name":"The Cleric","player_choice":"Card Removal","floor":5.0,"gold_loss":50.0,"damage_taken":0.0},{"damage_healed":0.0,"max_hp_gain":0.0,"max_hp_loss":0.0,"gold_gain":0.0,"event_name":"Scrap Ooze","player_choice":"Success","floor":14.0,"gold_loss":0.0,"damage_taken":18.0,"relics_obtained":["Shuriken"]},{"damage_healed":0.0,"max_hp_gain":0.0,"max_hp_loss":0.0,"gold_gain":0.0,"event_name":"Forgotten Altar","player_choice":"Smashed Altar","floor":19.0,"gold_loss":0.0,"damage_taken":0.0,"cards_obtained":["Decay"]},{"cards_removed":["Strike_G"],"damage_healed":0,"gold_gain":0,"player_choice":"Purged","damage_taken":0,"max_hp_gain":0,"max_hp_loss":0,"event_name":"Purifier","floor":22,"gold_loss":0}],"is_beta":false,"boss_relics":[{"not_picked":["SacredBark","Runic Pyramid"],"picked":"Fusion Hammer"}],"items_purged_floors":[20],"is_endless":false,"potions_floor_spawned":[2,7,10,12],"killed_by":"Gremlin Leader","ascension_level":0}}