{"host":"dvpvhz1t6etneyb3","time":1612838879,"event":{"mods":["AchievementEnabler","BaseMod","Colored Map","Highlight Path","Minty Spire (QoL Compilation)","Permanent Neow","Quick Restart"],"gold_per_floor":[11,28,43,58,58,58,92,92,92,104,151,163,175,198,210,293,305,329,341,353,36,36,36,62,90,116,116,146,16,16,50,50,127,127,146,171,195,205,224,224,256,256,256,256,273,290,307,356,356,356,356,356,356,63,95,95,95],"floor_reached":56,"language":"ENG","playtime":3380,"items_purged":["Strike_G","Strike_G+1"],"score":2028,"play_id":"c11a4d45-12ae-48f7-a7e6-ece5c603ef3c","local_time":"20210208214759","is_ascension_mode":true,"campfire_choices":[{"data":"Footwork","floor":6.0,"key":"SMITH"},{"data":"Blade Dance","floor":10.0,"key":"SMITH"},{"data":"Blade Dance","floor":12.0,"key":"SMITH"},{"data":"Footwork","floor":15.0,"key":"SMITH"},{"data":"Wraith Form v2","floor":23.0,"key":"SMITH"},{"data":"Noxious Fumes","floor":27.0,"key":"SMITH"},{"data":"Noxious Fumes","floor":32.0,"key":"SMITH"},{"floor":40.0,"key":"RECALL"},{"data":"1","floor":42.0,"key":"LIFT"},{"floor":49.0,"key":"REST"},{"data":"After Image","floor":53.0,"key":"SMITH"}],"circlet_count":0,"master_deck":["AscendersBane","Strike_G+1","Strike_G+1","Strike_G+1","Defend_G+1","Defend_G+1","Defend_G+1","Defend_G+1","Defend_G+1","Survivor","Neutralize","After Image+1","Poisoned Stab","Blade Dance+1","Dagger Spray","Footwork+1","Blade Dance+1","Footwork+1","Wraith Form v2+1","Calculated Gamble+1","Escape Plan","Noxious Fumes+1","Dodge and Roll","Blur+1","Noxious Fumes+1","Venomology","Corpse Explosion","Dodge and Roll","Escape Plan","Leg Sweep","Accuracy","Choke+1","Backstab+1","Backflip"],"relics":["Ring of the Snake","Tiny Chest","MawBank","Kunai","SlaversCollar","Ninja Scroll","Lee\u0027s Waffle","Snake Skull","Lantern","Smiling Mask","Vajra","Gremlin Horn","Busted Crown","CaptainsWheel","Girya","Gambling Chip","Thread and Needle","Nunchaku","HornCleat"],"acts_visited":["Exordium","TheCity","TheBeyond","TheEnding"],"potions_floor_usage":[56,56],"damage_taken":[{"damage":0.0,"enemies":"2 Louse","floor":1.0,"turns":5.0},{"damage":1.0,"enemies":"Small Slimes","floor":2.0,"turns":3.0},{"damage":0.0,"enemies":"Cultist","floor":3.0,"turns":4.0},{"damage":11.0,"enemies":"Large Slime","floor":4.0,"turns":8.0},{"damage":3.0,"enemies":"Lagavulin","floor":7.0,"turns":7.0},{"damage":12.0,"enemies":"3 Sentries","floor":11.0,"turns":8.0},{"damage":5.0,"enemies":"3 Louse","floor":14.0,"turns":2.0},{"damage":11.0,"enemies":"Hexaghost","floor":16.0,"turns":11.0},{"damage":20.0,"enemies":"Spheric Guardian","floor":18.0,"turns":7.0},{"damage":0.0,"enemies":"Gremlin Leader","floor":25.0,"turns":9.0},{"damage":22.0,"enemies":"Slavers","floor":28.0,"turns":8.0},{"damage":0.0,"enemies":"Gremlin Leader","floor":31.0,"turns":5.0},{"damage":0.0,"enemies":"Automaton","floor":33.0,"turns":10.0},{"damage":0.0,"enemies":"Orb Walker","floor":35.0,"turns":3.0},{"damage":0.0,"enemies":"Mind Bloom Boss Battle","floor":36.0,"turns":5.0},{"damage":1.0,"enemies":"3 Darklings","floor":38.0,"turns":4.0},{"damage":27.0,"enemies":"Spire Growth","floor":39.0,"turns":7.0},{"damage":2.0,"enemies":"Reptomancer","floor":41.0,"turns":9.0},{"damage":1.0,"enemies":"Writhing Mass","floor":45.0,"turns":7.0},{"damage":0.0,"enemies":"3 Darklings","floor":46.0,"turns":4.0},{"damage":0.0,"enemies":"Maw","floor":47.0,"turns":6.0},{"damage":21.0,"enemies":"2 Orb Walkers","floor":48.0,"turns":6.0},{"damage":5.0,"enemies":"Awakened One","floor":50.0,"turns":19.0},{"damage":3.0,"enemies":"Donu and Deca","floor":51.0,"turns":12.0},{"damage":24.0,"enemies":"Shield and Spear","floor":55.0,"turns":9.0},{"damage":62,"enemies":"The Heart","floor":56,"turns":9}],"seed_played":"4696799200413165615","potions_obtained":[{"floor":2.0,"key":"CultistPotion"},{"floor":3.0,"key":"SkillPotion"},{"floor":8.0,"key":"Strength Potion"},{"floor":8.0,"key":"Block Potion"},{"floor":14.0,"key":"PowerPotion"},{"floor":16.0,"key":"FearPotion"},{"floor":25.0,"key":"Strength Potion"},{"floor":28.0,"key":"Energy Potion"},{"floor":46.0,"key":"CunningPotion"}],"is_trial":false,"path_per_floor":["M","M","M","M","?","R","E","?","T","R","E","R","$","M","R","B",null,"M","$","T","$","?","R","T","E","T","R","E","$","?","E","R","B",null,"M","?","T","M","M","R","E","R","T","?","M","M","M","?","R","B","B",null,"R","$","E","B"],"character_chosen":"THE_SILENT","items_purchased":["Lee\u0027s Waffle","Escape Plan","Noxious Fumes","Noxious Fumes","Nunchaku","Regen Potion"],"campfire_rested":1,"item_purchase_floors":[21,21,21,29,54,54],"current_hp_per_floor":[59,58,58,47,47,47,44,44,44,44,32,32,32,27,27,16,54,34,34,34,73,73,73,73,73,73,73,51,51,51,51,51,51,68,68,68,68,67,54,54,52,52,52,52,51,51,51,30,51,46,58,69,69,69,59,0,0],"gold":95,"neow_bonus":"THREE_RARE_CARDS","is_daily":false,"chose_seed":false,"campfire_upgraded":8,"win_rate":0.0,"timestamp":1612838879,"path_taken":["M","M","M","M","?","R","E","?","T","R","E","R","$","M","R","BOSS","M","$","?","$","?","R","?","E","T","R","E","?","?","E","R","BOSS","M","?","?","M","M","R","E","R","T","?","M","M","M","?","R","BOSS","BOSS","R","$","E","BOSS"],"items_purchased_type":["Relic","Card","Card","Card","Relic","Potion"],"build_version":"2020-12-22","purchased_purges":2,"victory":false,"max_hp_per_floor":[66,66,66,66,66,66,66,66,66,66,66,66,66,66,66,66,66,66,66,66,73,73,73,73,73,73,73,73,73,73,73,73,73,73,73,73,73,73,73,73,73,73,73,73,73,73,73,73,73,73,73,73,73,73,73,73,73],"card_choices":[{"not_picked":["Die Die Die","Doppelganger"],"picked":"After Image","floor":0.0},{"not_picked":["PiercingWail","Setup"],"picked":"Poisoned Stab","floor":1.0},{"not_picked":["Backflip","Finisher"],"picked":"Blade Dance","floor":2.0},{"not_picked":["Choke","Sucker Punch"],"picked":"Dagger Spray","floor":3.0},{"not_picked":["Deflect","Outmaneuver"],"picked":"Footwork","floor":4.0},{"not_picked":["Dagger Spray","Backflip","Outmaneuver"],"picked":"SKIP","floor":7.0},{"not_picked":["Dagger Throw","Escape Plan"],"picked":"Blade Dance","floor":11.0},{"not_picked":["Predator","Acrobatics"],"picked":"Footwork","floor":14.0},{"not_picked":["Phantasmal Killer","Bullet Time"],"picked":"Wraith Form v2","floor":16.0},{"not_picked":["Reflex","Outmaneuver"],"picked":"Calculated Gamble+1","floor":18.0},{"not_picked":["Caltrops","Deadly Poison"],"picked":"Blur+1","floor":25.0},{"not_picked":["Quick Slash","Slice","Dagger Throw"],"picked":"SKIP","floor":28.0},{"not_picked":["Dagger Throw","Dagger Spray"],"picked":"Venomology","floor":31.0},{"not_picked":["Night Terror","Doppelganger"],"picked":"Corpse Explosion","floor":33.0},{"not_picked":[],"picked":"Dodge and Roll","floor":35.0},{"not_picked":[],"picked":"Escape Plan","floor":38.0},{"not_picked":[],"picked":"Leg Sweep","floor":39.0},{"not_picked":[],"picked":"Accuracy","floor":41.0},{"not_picked":["Deflect"],"picked":"SKIP","floor":45.0},{"not_picked":[],"picked":"Choke+1","floor":46.0},{"not_picked":[],"picked":"Backstab+1","floor":47.0},{"not_picked":[],"picked":"Backflip","floor":48.0},{"not_picked":["Bane+1"],"picked":"SKIP","floor":55.0}],"player_experience":2174666,"relics_obtained":[{"floor":7.0,"key":"Tiny Chest"},{"floor":9.0,"key":"MawBank"},{"floor":11.0,"key":"Kunai"},{"floor":20.0,"key":"Ninja Scroll"},{"floor":24.0,"key":"Snake Skull"},{"floor":25.0,"key":"Lantern"},{"floor":26.0,"key":"Smiling Mask"},{"floor":28.0,"key":"Vajra"},{"floor":31.0,"key":"Gremlin Horn"},{"floor":36.0,"key":"CaptainsWheel"},{"floor":41.0,"key":"Girya"},{"floor":43.0,"key":"Gambling Chip"},{"floor":48.0,"key":"Thread and Needle"},{"floor":55.0,"key":"HornCleat"}],"event_choices":[{"damage_healed":0.0,"max_hp_gain":0.0,"max_hp_loss":0.0,"gold_gain":0.0,"event_name":"Liars Game","player_choice":"Ignored","floor":5.0,"gold_loss":0.0,"damage_taken":0.0},{"damage_healed":0.0,"max_hp_gain":0.0,"max_hp_loss":0.0,"gold_gain":0.0,"event_name":"Lab","player_choice":"Got Potions","floor":8.0,"gold_loss":0.0,"damage_taken":0.0},{"damage_healed":0.0,"max_hp_gain":0.0,"max_hp_loss":0.0,"gold_gain":0.0,"event_name":"The Library","player_choice":"Read","floor":22.0,"gold_loss":0.0,"damage_taken":0.0,"cards_obtained":["Dodge and Roll"]},{"damage_healed":0.0,"max_hp_gain":0.0,"max_hp_loss":0.0,"gold_gain":0.0,"event_name":"Back to Basics","player_choice":"Simplicity","floor":30.0,"gold_loss":0.0,"damage_taken":0.0,"cards_upgraded":["Strike_G","Strike_G","Strike_G","Strike_G","Defend_G","Defend_G","Defend_G","Defend_G","Defend_G"]},{"damage_healed":0.0,"max_hp_gain":0.0,"max_hp_loss":0.0,"gold_gain":0.0,"event_name":"MindBloom","player_choice":"Fight","floor":36.0,"gold_loss":0.0,"damage_taken":0.0},{"damage_healed":0.0,"max_hp_gain":0.0,"max_hp_loss":0.0,"gold_gain":0.0,"event_name":"Tomb of Lord Red Mask","player_choice":"Ignored","floor":44.0,"gold_loss":0.0,"damage_taken":0.0},{"damage_healed":0.0,"max_hp_gain":0.0,"max_hp_loss":0.0,"gold_gain":0.0,"event_name":"Mysterious Sphere","player_choice":"Fight","floor":48.0,"gold_loss":0.0,"damage_taken":0.0}],"is_beta":false,"boss_relics":[{"not_picked":["HoveringKite","SacredBark"],"picked":"SlaversCollar"},{"not_picked":["Cursed Key","Philosopher\u0027s Stone"],"picked":"Busted Crown"}],"items_purged_floors":[29,54],"is_endless":false,"potions_floor_spawned":[2,3,14,16,25,28,31,38,39,46],"killed_by":"The Heart","ascension_level":20}}