{"host":"eft627g0ddukeijo","time":1612892160,"event":{"mods":["AchievementEnabler","BaseMod","Bestiary","Better Note","Block Reminder","Colored Powertips","Highlight Path","Minty Spire (QoL Compilation)","Permanent Neow","Rare Cards Sparkle","Relic Stats","StSLib","Weighted Paths"],"gold_per_floor":[113,188,188,36,11,11,44,44,68,32,32,62,77,93,93,189,189,199,217,317,334,351,351,385,39,121,121,121],"floor_reached":27,"language":"ENG","playtime":774,"items_purged":[],"score":347,"play_id":"38596c7f-ac39-49fe-91f4-34f1fa5fd7b8","local_time":"20210210023600","is_ascension_mode":true,"campfire_choices":[{"floor":6.0,"key":"RECALL"},{"floor":11.0,"key":"REST"},{"data":"Heavy Blade","floor":15.0,"key":"SMITH"},{"floor":23.0,"key":"REST"}],"circlet_count":0,"master_deck":["Strike_R","Strike_R","Strike_R","Strike_R","Defend_R","Defend_R","Defend_R","Defend_R","Bash","Twin Strike","Flex","Inflame","Spot Weakness","Heavy Blade+1","Limit Break","Iron Wave+1"],"relics":["Burning Blood","PreservedInsect","Red Skull","Strawberry","Bottled Flame","Philosopher\u0027s Stone","Molten Egg 2","Turnip","Darkstone Periapt"],"acts_visited":["TheCity"],"potions_floor_usage":[],"damage_taken":[{"damage":3.0,"enemies":"2 Louse","floor":1.0,"turns":4.0},{"damage":10.0,"enemies":"Gremlin Nob","floor":7.0,"turns":3.0},{"damage":35.0,"enemies":"3 Sentries","floor":12.0,"turns":8.0},{"damage":12.0,"enemies":"Jaw Worm","floor":13.0,"turns":2.0},{"damage":4.0,"enemies":"Small Slimes","floor":14.0,"turns":4.0},{"damage":36.0,"enemies":"The Guardian","floor":16.0,"turns":11.0},{"damage":9.0,"enemies":"Chosen","floor":18.0,"turns":4.0},{"damage":53.0,"enemies":"3 Byrds","floor":19.0,"turns":5.0},{"damage":5.0,"enemies":"Centurion and Healer","floor":21.0,"turns":4.0},{"damage":17.0,"enemies":"Snecko","floor":22.0,"turns":4.0},{"damage":16.0,"enemies":"Book of Stabbing","floor":24.0,"turns":2.0},{"damage":27,"enemies":"Snake Plant","floor":27,"turns":1}],"seed_played":"6649181357178961262","potions_obtained":[{"floor":12.0,"key":"Dexterity Potion"},{"floor":14.0,"key":"CultistPotion"}],"is_trial":false,"path_per_floor":["M","?","?","$","$","R","E","?","T","$","R","E","M","M","R","B",null,"M","M","?","M","M","R","E","$","T","M"],"character_chosen":"IRONCLAD","items_purchased":["PreservedInsect","Flex","Spot Weakness","Turnip","Iron Wave+1"],"campfire_rested":2,"item_purchase_floors":[4,5,10,25,25],"current_hp_per_floor":[75,64,64,64,64,64,60,67,67,67,87,58,52,54,54,24,71,68,21,21,22,11,37,27,27,27,0,0],"gold":121,"neow_bonus":"REMOVE_CARD","is_daily":false,"chose_seed":false,"campfire_upgraded":1,"win_rate":0.0,"timestamp":1612892160,"path_taken":["M","?","?","?","$","R","E","?","T","$","R","E","M","M","R","BOSS","M","M","?","?","M","R","E","?","T","?"],"items_purchased_type":["Relic","Card","Card","Relic","Card"],"build_version":"2020-12-22","purchased_purges":0,"victory":false,"max_hp_per_floor":[80,80,80,80,80,80,80,87,87,87,87,87,87,87,87,87,87,87,87,87,87,87,87,87,87,87,87,87],"relic_stats":{"Darkstone Periapt":0,"counters":[12,52],"PreservedInsect":97,"Turnip":[0],"obtain_stats":[{"Darkstone Periapt":26,"Bottled Flame":12,"Strawberry":8,"Philosopher\u0027s Stone":17,"Molten Egg 2":24,"PreservedInsect":4,"Turnip":25,"Burning Blood":0,"Red Skull":7},{"Darkstone Periapt":11,"Bottled Flame":3,"Strawberry":2,"Philosopher\u0027s Stone":6,"Molten Egg 2":11,"PreservedInsect":1,"Turnip":11,"Burning Blood":0,"Red Skull":2},{"Darkstone Periapt":51,"Bottled Flame":15,"Strawberry":7,"Philosopher\u0027s Stone":32,"Molten Egg 2":51,"PreservedInsect":4,"Turnip":51,"Burning Blood":0,"Red Skull":7}],"Burning Blood":66},"card_choices":[{"not_picked":["Headbutt","Fire Breathing"],"picked":"Twin Strike","floor":1.0},{"not_picked":["Rage","Thunderclap"],"picked":"Inflame","floor":7.0},{"not_picked":["Wild Strike","Sentinel","Twin Strike"],"picked":"SKIP","floor":12.0},{"not_picked":["Metallicize","Carnage"],"picked":"Heavy Blade","floor":13.0},{"not_picked":["Rage","Havoc","Power Through"],"picked":"SKIP","floor":14.0},{"not_picked":["Berserk","Impervious"],"picked":"Limit Break","floor":16.0},{"not_picked":["Sentinel+1","Rupture","Searing Blow+1"],"picked":"SKIP","floor":18.0},{"not_picked":["Evolve","Armaments","True Grit"],"picked":"SKIP","floor":19.0},{"not_picked":["Heavy Blade","Dual Wield","True Grit"],"picked":"SKIP","floor":21.0},{"not_picked":["Combust+1","Sever Soul","Bloodletting"],"picked":"SKIP","floor":22.0},{"not_picked":["Armaments","Anger+1","Fire Breathing"],"picked":"SKIP","floor":24.0}],"player_experience":544981,"relics_obtained":[{"floor":7.0,"key":"Red Skull"},{"floor":8.0,"key":"Strawberry"},{"floor":12.0,"key":"Bottled Flame"},{"floor":24.0,"key":"Molten Egg 2"},{"floor":26.0,"key":"Darkstone Periapt"}],"event_choices":[{"damage_healed":0.0,"max_hp_gain":0.0,"max_hp_loss":0.0,"gold_gain":75.0,"event_name":"World of Goop","player_choice":"Gather Gold","floor":2.0,"gold_loss":0.0,"damage_taken":11.0},{"damage_healed":0.0,"max_hp_gain":0.0,"max_hp_loss":0.0,"gold_gain":0.0,"event_name":"Liars Game","player_choice":"Ignored","floor":3.0,"gold_loss":0.0,"damage_taken":0.0},{"damage_healed":0.0,"max_hp_gain":0.0,"max_hp_loss":0.0,"gold_gain":0.0,"event_name":"Wheel of Change","player_choice":"Relic","floor":8.0,"gold_loss":0.0,"damage_taken":0.0},{"damage_healed":0.0,"max_hp_gain":0.0,"max_hp_loss":0.0,"gold_gain":100.0,"event_name":"Golden Shrine","player_choice":"Pray","floor":20.0,"gold_loss":0.0,"damage_taken":0.0}],"is_beta":false,"boss_relics":[{"not_picked":["Black Blood","Black Star"],"picked":"Philosopher\u0027s Stone"}],"items_purged_floors":[],"is_endless":false,"potions_floor_spawned":[12,14],"killed_by":"Snake Plant","ascension_level":9}}