{"host":"n9fx05aq4lr38byd","time":1612874013,"event":{"mods":["BaseMod","Bestiary","Minty Spire (QoL Compilation)","Permanent Neow","Relic Stats"],"gold_per_floor":[109,125,125,125,90,120,120,189,214,214,242,279,306,306,306,306,306],"floor_reached":16,"language":"ENG","playtime":534,"items_purged":[],"score":277,"play_id":"611b7625-2772-49fd-a0af-52f47d7850c2","local_time":"20210209123333","is_ascension_mode":true,"campfire_choices":[{"data":"WheelKick","floor":7,"key":"SMITH"},{"floor":10,"key":"REST"},{"data":"Eruption","floor":15,"key":"SMITH"}],"circlet_count":0,"master_deck":["AscendersBane","Strike_P","Strike_P","Strike_P","Strike_P","Defend_P","Defend_P","Defend_P","Defend_P+1","Eruption+1","Vigilance","Scrawl+1","WheelKick+1","CutThroughFate","EmptyFist","FollowUp","EmptyMind","BowlingBash"],"relics":["PureWater","MealTicket","TungstenRod","CeramicFish","Regal Pillow","Oddly Smooth Stone"],"acts_visited":["Exordium"],"potions_floor_usage":[6,6,12,16],"damage_taken":[{"damage":16,"enemies":"Small Slimes","floor":1,"turns":5},{"damage":0,"enemies":"2 Louse","floor":2,"turns":1},{"damage":0,"enemies":"Lagavulin","floor":6,"turns":4},{"damage":12,"enemies":"Gremlin Nob","floor":8,"turns":4},{"damage":6,"enemies":"Jaw Worm","floor":11,"turns":2},{"damage":0,"enemies":"Gremlin Nob","floor":12,"turns":2},{"damage":2,"enemies":"Gremlin Gang","floor":13,"turns":4},{"damage":49,"enemies":"Hexaghost","floor":16,"turns":9}],"seed_played":"2894384541714687294","potions_obtained":[{"floor":1,"key":"SteroidPotion"},{"floor":2,"key":"FearPotion"},{"floor":8,"key":"FearPotion"},{"floor":12,"key":"CultistPotion"}],"is_trial":false,"path_per_floor":["M","M","?","?","?","E","R","?","T","R","M","E","M","?","R","B"],"character_chosen":"WATCHER","items_purchased":[],"campfire_rested":1,"item_purchase_floors":[],"current_hp_per_floor":[45,45,40,21,36,36,36,24,24,57,51,51,49,49,49,0,0],"gold":306,"neow_bonus":"THREE_RARE_CARDS","is_daily":false,"chose_seed":false,"campfire_upgraded":2,"win_rate":0.0,"timestamp":1612874013,"path_taken":["M","M","?","?","?","E","R","?","T","R","M","E","M","?","R","BOSS"],"items_purchased_type":[],"build_version":"2020-12-22","purchased_purges":0,"victory":false,"max_hp_per_floor":[62,62,62,62,62,62,62,62,62,62,62,62,62,62,62,62,62],"relic_stats":{"Regal Pillow":15,"counters":[8,31],"CeramicFish":36,"MealTicket":0,"obtain_stats":[{"Regal Pillow":9,"CeramicFish":8,"Oddly Smooth Stone":12,"MealTicket":3,"PureWater":0,"TungstenRod":6},{"Regal Pillow":4,"CeramicFish":4,"Oddly Smooth Stone":6,"MealTicket":2,"PureWater":0,"TungstenRod":3},{"Regal Pillow":14,"CeramicFish":14,"Oddly Smooth Stone":18,"MealTicket":6,"PureWater":0,"TungstenRod":10}],"TungstenRod":18},"card_choices":[{"not_picked":["Devotion","SpiritShield"],"picked":"Scrawl","floor":0},{"not_picked":["Pray","WaveOfTheHand","LikeWater"],"picked":"SKIP","floor":1},{"not_picked":["Study","Halt"],"picked":"WheelKick","floor":2},{"not_picked":["EmptyMind","BattleHymn"],"picked":"CutThroughFate","floor":6},{"not_picked":["EmptyBody","WaveOfTheHand"],"picked":"EmptyFist","floor":8},{"not_picked":["Halt","Prostrate"],"picked":"FollowUp","floor":11},{"not_picked":["FollowUp","JustLucky"],"picked":"EmptyMind","floor":12},{"not_picked":["Crescendo","Blasphemy"],"picked":"BowlingBash","floor":13}],"player_experience":848203,"relics_obtained":[{"floor":6,"key":"TungstenRod"},{"floor":8,"key":"CeramicFish"},{"floor":9,"key":"Regal Pillow"},{"floor":12,"key":"Oddly Smooth Stone"}],"event_choices":[{"damage_healed":0,"gold_gain":0,"player_choice":"Success","damage_taken":5,"relics_obtained":["MealTicket"],"max_hp_gain":0,"max_hp_loss":0,"event_name":"Scrap Ooze","floor":3,"gold_loss":0},{"damage_healed":0,"gold_gain":0,"player_choice":"Entered Light","damage_taken":19,"max_hp_gain":0,"max_hp_loss":0,"event_name":"Shining Light","floor":4,"gold_loss":0,"cards_upgraded":["Defend_P","Scrawl"]},{"damage_healed":15,"gold_gain":0,"player_choice":"Healed","damage_taken":0,"max_hp_gain":0,"max_hp_loss":0,"event_name":"The Cleric","floor":5,"gold_loss":35},{"damage_healed":0,"gold_gain":0,"player_choice":"Searched \u00271\u0027 times","damage_taken":0,"max_hp_gain":0,"max_hp_loss":0,"event_name":"Dead Adventurer","floor":8,"gold_loss":0},{"damage_healed":0,"gold_gain":0,"player_choice":"Ignored","damage_taken":0,"max_hp_gain":0,"max_hp_loss":0,"event_name":"Liars Game","floor":14,"gold_loss":0}],"is_beta":false,"boss_relics":[],"items_purged_floors":[],"is_endless":false,"potions_floor_spawned":[1,2,8,12],"killed_by":"Hexaghost","ascension_level":15}}