{"host":"d8cz15m779bv9isj","time":1612889413,"event":{"mods":["Aspiration","BaseMod","Colored Map","Colored Powertips","DeckTracker","Downfall","Hermit","Highlight Path","Hubris","Infinite Spire","Minty Spire (QoL Compilation)","Quick Restart","Random Character Button","Relic Sorter","Replay The Spire","StSLib","SuperFastMode","Synergy Search","The Cursed","The Disciple","The Jungle","The Runesmith"],"gold_per_floor":[113,113,113,38,38,38,69,69,69,94,138,138,138,138,138,268,268,292,310,310,310,330,330,330],"floor_reached":23,"language":"ENG","playtime":679,"items_purged":["Strike_G"],"score":254,"play_id":"99e5f1de-11f6-45d7-a236-fdd767ba4dc2","local_time":"20210209175013","is_ascension_mode":true,"campfire_choices":[{"floor":6,"key":"REST"},{"data":"After Image","floor":13,"key":"SMITH"},{"floor":15,"key":"REST"}],"circlet_count":0,"master_deck":["Strike_G","Strike_G","Strike_G","Defend_G","Defend_G","Defend_G","Defend_G","Defend_G","Survivor","ReplayTheSpireMod:From All Sides+1","Backstab","After Image+1","Phantasmal Killer","Well Laid Plans","Shame","Prepared"],"relics":["SlaversCollar","Golden Idol","Snack Pack","Darkstone Periapt","Pondfish Scales","hubris:SphereOfDissonance","Replay:Grab Bag","hubris:CrackedHourglass","Replay:Fungal Core","hubris:ScarierMask","theJungle:PaperFaux"],"acts_visited":["Exordium","Exordium"],"potions_floor_usage":[16],"damage_taken":[{"damage":6,"enemies":"Jaw Worm","floor":1,"turns":8},{"damage":30,"enemies":"3 Sentries","floor":7,"turns":9},{"damage":0,"enemies":"2 Louse","floor":10,"turns":1},{"damage":1,"enemies":"Gremlin Nob","floor":11,"turns":3},{"damage":31,"enemies":"Hexaghost","floor":16,"turns":13},{"damage":6,"enemies":"theJungle:MUSHROOMGANG","floor":18,"turns":5},{"damage":17,"enemies":"Shell Parasite","floor":19,"turns":5},{"damage":9,"enemies":"theJungle:2_Flameangoes","floor":22,"turns":6},{"damage":50,"enemies":"theJungle:MamaSnecko","floor":23,"turns":5}],"seed_played":"-8014780395894369035","potions_obtained":[{"floor":7,"key":"AttackPotion"},{"floor":16,"key":"CultistPotion"},{"floor":19,"key":"Languid Potion"}],"is_trial":false,"path_per_floor":["M","?","?","$","?","R","E","$","T","M","E","T","R","?","R","B",null,"M","M","?","?","M","E"],"character_chosen":"THE_SILENT","items_purchased":[],"campfire_rested":2,"item_purchase_floors":[],"current_hp_per_floor":[57,57,57,57,40,61,31,31,31,31,30,30,30,30,51,20,58,52,35,41,41,32,0,0],"gold":330,"neow_bonus":"BOSS_RELIC","is_daily":false,"chose_seed":false,"campfire_upgraded":1,"win_rate":0.0,"timestamp":1612889413,"path_taken":["M","?","?","$","?","R","E","$","T","M","E","?","R","?","R","BOSS","M","?","?","?","M","E"],"items_purchased_type":[],"build_version":"2020-12-22","purchased_purges":1,"victory":false,"max_hp_per_floor":[70,70,70,70,70,70,70,70,70,70,70,70,70,70,70,70,70,70,70,76,76,76,76,76],"card_choices":[{"not_picked":["Replay:Poison Smokescreen","Underhanded Strike"],"picked":"Quick Slash","floor":1},{"not_picked":["Heel Hook","Finisher"],"picked":"Backstab","floor":7},{"not_picked":["Hidden Blade","ReplayTheSpireMod:The Works","Skewer"],"picked":"SKIP","floor":10},{"not_picked":["PiercingWail","Caltrops"],"picked":"After Image","floor":11},{"not_picked":["Unload","Tools of the Trade"],"picked":"Phantasmal Killer","floor":16},{"not_picked":["Underhanded Strike+1","Sucker Punch","Crippling Poison"],"picked":"SKIP","floor":18},{"not_picked":["Terror","Hidden Blade"],"picked":"Well Laid Plans","floor":19},{"not_picked":["Riddle With Holes","ReplayTheSpireMod:Tripwire","Outmaneuver"],"picked":"SKIP","floor":22}],"player_experience":242334,"relics_obtained":[{"floor":7,"key":"Snack Pack"},{"floor":9,"key":"Darkstone Periapt"},{"floor":11,"key":"Pondfish Scales"},{"floor":12,"key":"hubris:SphereOfDissonance"}],"event_choices":[{"damage_healed":0,"gold_gain":0,"player_choice":"Take Damage","damage_taken":17,"relics_obtained":["Golden Idol"],"max_hp_gain":0,"max_hp_loss":0,"event_name":"Golden Idol","floor":5,"gold_loss":0},{"cards_removed":["Strike_G"],"damage_healed":0,"gold_gain":0,"player_choice":"Purged","damage_taken":0,"max_hp_gain":0,"max_hp_loss":0,"event_name":"Purifier","floor":14,"gold_loss":0},{"damage_healed":0,"gold_gain":0,"player_choice":"1 cards matched","damage_taken":0,"max_hp_gain":0,"max_hp_loss":0,"event_name":"Match and Keep!","floor":21,"gold_loss":0,"cards_obtained":["Prepared"]}],"is_beta":false,"boss_relics":[{"not_picked":["ReplayTheSpireMod:DimensionalGlitch","Astrolabe"],"picked":"Replay:Grab Bag"},{"not_picked":["Velvet Choker","Runesmith:UraniumAnvil"],"picked":"hubris:CrackedHourglass"},{"not_picked":["ReplayTheSpireMod:Onyx Gauntlets","infinitespire:Cupcake"],"picked":"Replay:Fungal Core"},{"not_picked":["aspiration:RitualDagger","aspiration:RunicSpoon"],"picked":"hubris:ScarierMask"}],"items_purged_floors":[4],"is_endless":false,"potions_floor_spawned":[7,16,19],"killed_by":"theJungle:MamaSnecko","ascension_level":6}}