{"host":"d61fcf2p3sjwe6yo","time":1612870967,"event":{"mods":["BaseMod","Colored Map","Koishi","Marisa????????","Minty Spire (QoL Compilation)","StSLib","SuperFastMode","The Servant 0.9.4"],"gold_per_floor":[110,138,138,138,138,138,180,180,203,243,393,468,20,20,20,20,20],"floor_reached":16,"language":"ENG","playtime":514,"items_purged":["Doubt"],"score":192,"play_id":"20a46899-4352-4ae6-81a7-c98917a06736","local_time":"20210209144247","is_ascension_mode":true,"campfire_choices":[{"data":"UpSweep","floor":6,"key":"SMITH"},{"data":"WitchOfGreed","floor":8,"key":"SMITH"},{"floor":15,"key":"REST"}],"circlet_count":0,"master_deck":["AscendersBane","Strike_MRS","Strike_MRS","Strike_MRS","Strike_MRS","Defend_MRS","Defend_MRS","Defend_MRS","MasterSpark","UpSweep+1","WitchOfGreed+1","MilkyWay+1","Acceleration+1","GrandCross"],"relics":["MiniHakkero","Toxic Egg 2","Toy Ornithopter","Juzu Bracelet","Frozen Egg 2"],"acts_visited":["Exordium"],"potions_floor_usage":[7,7],"damage_taken":[{"damage":7,"enemies":"Small Slimes","floor":1,"turns":4},{"damage":6,"enemies":"Jaw Worm","floor":2,"turns":5},{"damage":28,"enemies":"3 Sentries","floor":7,"turns":8},{"damage":2,"enemies":"2 Louse","floor":10,"turns":4},{"damage":26,"enemies":"Slime Boss","floor":16,"turns":5}],"seed_played":"-6087477885626025228","potions_obtained":[{"floor":2,"key":"LiquidMemories"},{"floor":2,"key":"PowerPotion"},{"floor":7,"key":"SteroidPotion"},{"floor":10,"key":"BlessingOfTheForge"},{"floor":10,"key":"Fire Potion"}],"is_trial":false,"path_per_floor":["M","M","?","T","?","R","E","R","T","M","?","?","$","?","R","B"],"character_chosen":"MARISA","items_purchased":["Frozen Egg 2","Acceleration+1","GrandCross"],"campfire_rested":1,"item_purchase_floors":[13,13,13],"current_hp_per_floor":[63,57,62,62,55,55,27,27,27,25,25,14,14,14,38,12,12],"gold":20,"neow_bonus":"TEN_PERCENT_HP_BONUS","is_daily":false,"chose_seed":false,"campfire_upgraded":2,"win_rate":0.0,"timestamp":1612870967,"path_taken":["M","M","?","?","?","R","E","R","T","M","?","?","$","?","R","BOSS"],"items_purchased_type":["Relic","Card","Card"],"build_version":"2020-12-22","purchased_purges":1,"victory":false,"max_hp_per_floor":[77,77,82,82,82,82,82,82,82,82,82,82,82,82,82,82,82],"card_choices":[{"not_picked":["Robbery","DragonMeteor"],"picked":"WitchOfGreed","floor":1},{"not_picked":["StarlightTyphoon","MysteriousBeam","OneTimeOff"],"picked":"SKIP","floor":2},{"not_picked":["6A","SuperNova"],"picked":"MilkyWay+1","floor":7},{"not_picked":["Occultation+1","WitchLeyline","MysteriousBeam"],"picked":"SKIP","floor":10}],"player_experience":309205,"relics_obtained":[{"floor":4,"key":"Toxic Egg 2"},{"floor":7,"key":"Toy Ornithopter"},{"floor":9,"key":"Juzu Bracelet"}],"event_choices":[{"damage_healed":0,"gold_gain":0,"player_choice":"Donut","damage_taken":0,"max_hp_gain":5,"max_hp_loss":0,"event_name":"Big Fish","floor":3,"gold_loss":0},{"cards_removed":["Defend_MRS"],"damage_healed":0,"gold_gain":0,"player_choice":"Card Removal","damage_taken":7,"max_hp_gain":0,"max_hp_loss":0,"event_name":"Golden Wing","floor":5,"gold_loss":0},{"damage_healed":0,"gold_gain":150,"player_choice":"AGREE","damage_taken":0,"max_hp_gain":0,"max_hp_loss":0,"event_name":"Liars Game","floor":11,"gold_loss":0,"cards_obtained":["Doubt"]},{"damage_healed":0,"gold_gain":75,"player_choice":"Gather Gold","damage_taken":11,"max_hp_gain":0,"max_hp_loss":0,"event_name":"World of Goop","floor":12,"gold_loss":0},{"damage_healed":0,"gold_gain":0,"player_choice":"Ignored","damage_taken":0,"max_hp_gain":0,"max_hp_loss":0,"event_name":"Shining Light","floor":14,"gold_loss":0}],"is_beta":false,"boss_relics":[],"items_purged_floors":[13],"is_endless":false,"potions_floor_spawned":[2,10],"killed_by":"Slime Boss","ascension_level":20}}