{"host":"r4yhuzs0e1z69tr3","time":1612829888,"event":{"mods":["BaseMod","Minty Spire (QoL Compilation)","Rare Cards Sparkle"],"gold_per_floor":[216,216,36,52,64,64,139,165,215,215,215,225,238,268,268,268,268],"floor_reached":16,"language":"ENG","playtime":649,"items_purged":[],"score":100,"play_id":"c48ea75c-416d-453a-8e0f-d3674bcace66","local_time":"20210208191808","is_ascension_mode":false,"campfire_choices":[{"data":"PathToVictory","floor":6,"key":"SMITH"},{"floor":10,"key":"REST"},{"floor":15,"key":"REST"}],"circlet_count":0,"master_deck":["Strike_P","Strike_P","Strike_P","Strike_P","Defend_P","Defend_P","Defend_P","Defend_P","Eruption+1","Vigilance","Violence","PathToVictory","PathToVictory+1","DeusExMachina","PathToVictory"],"relics":["PureWater","Happy Flower","Strawberry"],"acts_visited":["Exordium"],"potions_floor_usage":[16],"damage_taken":[{"damage":0,"enemies":"Small Slimes","floor":1,"turns":2},{"damage":0,"enemies":"2 Louse","floor":4,"turns":1},{"damage":6,"enemies":"Jaw Worm","floor":5,"turns":3},{"damage":31,"enemies":"Lagavulin","floor":8,"turns":3},{"damage":18,"enemies":"Lots of Slimes","floor":12,"turns":5},{"damage":0,"enemies":"Looter","floor":13,"turns":2},{"damage":61,"enemies":"Slime Boss","floor":16,"turns":12}],"seed_played":"827062266048545372","potions_obtained":[{"floor":5,"key":"BlessingOfTheForge"},{"floor":13,"key":"SteroidPotion"}],"is_trial":false,"path_per_floor":["M","?","$","M","M","R","?","E","T","R","?","M","M","?","R","B"],"character_chosen":"WATCHER","items_purchased":["Violence"],"campfire_rested":2,"item_purchase_floors":[3],"current_hp_per_floor":[72,72,72,72,66,66,55,24,31,54,54,36,36,36,59,0,0],"gold":268,"neow_bonus":"HUNDRED_GOLD","is_daily":false,"chose_seed":false,"campfire_upgraded":1,"win_rate":0.0,"timestamp":1612829888,"path_taken":["M","?","$","M","M","R","?","E","T","R","?","M","M","?","R","BOSS"],"items_purchased_type":["Card"],"build_version":"2020-12-22","purchased_purges":0,"victory":false,"max_hp_per_floor":[72,72,72,72,72,72,72,72,79,79,79,79,79,79,79,79,79],"card_choices":[{"not_picked":["EmptyBody","Protect","FollowUp"],"picked":"SKIP","floor":1},{"not_picked":["Fasting2","BowlingBash"],"picked":"PathToVictory","floor":4},{"not_picked":["DeceiveReality","CarveReality"],"picked":"PathToVictory","floor":5},{"not_picked":["EmptyFist","Protect"],"picked":"DeusExMachina","floor":8},{"not_picked":["FlyingSleeves","FollowUp","EmptyFist"],"picked":"SKIP","floor":12},{"not_picked":["DeceiveReality","SashWhip"],"picked":"PathToVictory","floor":13}],"player_experience":134859,"relics_obtained":[{"floor":8,"key":"Happy Flower"},{"floor":9,"key":"Strawberry"}],"event_choices":[{"damage_healed":0,"gold_gain":0,"player_choice":"Grow","damage_taken":0,"max_hp_gain":0,"max_hp_loss":0,"event_name":"Living Wall","floor":2,"gold_loss":0,"cards_upgraded":["Eruption"]},{"damage_healed":0,"gold_gain":75,"player_choice":"Gather Gold","damage_taken":11,"max_hp_gain":0,"max_hp_loss":0,"event_name":"World of Goop","floor":7,"gold_loss":0},{"damage_healed":0,"gold_gain":0,"player_choice":"Ignored","damage_taken":0,"max_hp_gain":0,"max_hp_loss":0,"event_name":"Golden Wing","floor":11,"gold_loss":0},{"damage_healed":0,"gold_gain":30,"player_choice":"Searched \u00271\u0027 times","damage_taken":0,"max_hp_gain":0,"max_hp_loss":0,"event_name":"Dead Adventurer","floor":14,"gold_loss":0}],"is_beta":false,"boss_relics":[],"items_purged_floors":[],"is_endless":false,"potions_floor_spawned":[5,13],"killed_by":"Slime Boss","ascension_level":0}}