{"host":"Bilverbakes","time":1612889886,"event":{"mods":["2.2 Compatiblity","AchievementEnabler","BaseMod","Bestiary","Colored Map","Minty Spire (QoL Compilation)","Relic Stats","StSLib","ojb\u0027s Info Mod"],"gold_per_floor":[118,268,287,287,287,329,31,31,31,63,63,76,101,26,26,103,103,119,119,134,152,45,77,77,109,135,155,155,155,2,37,37,111,111,122,134,0,0,0,0],"floor_reached":39,"language":"ENG","playtime":1333,"items_purged":["Doubt","Decay"],"score":1106,"play_id":"b375661a-d317-4c97-a59d-6e90692c92aa","local_time":"20210209105806","is_ascension_mode":true,"campfire_choices":[{"data":"Eruption","floor":8.0,"key":"SMITH"},{"data":"Meditate","floor":15.0,"key":"SMITH"},{"data":"Scrawl","floor":24.0,"key":"SMITH"},{"data":"MentalFortress","floor":29.0,"key":"SMITH"},{"data":"Fasting2","floor":32.0,"key":"SMITH"}],"circlet_count":0,"master_deck":["AscendersBane","Strike_P","Strike_P","Strike_P","Strike_P+1","Defend_P+1","Defend_P","Defend_P","Eruption+1","Vigilance","SandsOfTime+1","Meditate+1","EmptyFist+1","CarveReality","Scrawl+1","FollowUp","Evaluate+1","Wallop","LikeWater","CutThroughFate","FlurryOfBlows","EmptyMind+1","MentalFortress+1","EmptyFist","Fasting2+1","LessonLearned+1","EmptyMind","Writhe"],"relics":["PureWater","NeowsBlessing","MawBank","Whetstone","Bag of Marbles","Juzu Bracelet","Bottled Flame","TeardropLocket","Coffee Dripper","Tiny Chest","Letter Opener","PreservedInsect","Strawberry","Fusion Hammer","Red Mask"],"acts_visited":["Exordium","TheCity","TheBeyond"],"potions_floor_usage":[],"damage_taken":[{"damage":0.0,"enemies":"Cultist","floor":1.0,"turns":1.0},{"damage":0.0,"enemies":"Small Slimes","floor":3.0,"turns":2.0},{"damage":0.0,"enemies":"3 Sentries","floor":6.0,"turns":2.0},{"damage":2.0,"enemies":"Lagavulin","floor":10.0,"turns":5.0},{"damage":0.0,"enemies":"Jaw Worm","floor":12.0,"turns":2.0},{"damage":0.0,"enemies":"Gremlin Nob","floor":13.0,"turns":2.0},{"damage":27.0,"enemies":"Hexaghost","floor":16.0,"turns":7.0},{"damage":15.0,"enemies":"2 Thieves","floor":18.0,"turns":3.0},{"damage":0.0,"enemies":"Spheric Guardian","floor":20.0,"turns":2.0},{"damage":0.0,"enemies":"Snake Plant","floor":21.0,"turns":2.0},{"damage":0.0,"enemies":"Gremlin Leader","floor":23.0,"turns":4.0},{"damage":40.0,"enemies":"Slavers","floor":25.0,"turns":5.0},{"damage":0.0,"enemies":"Snecko","floor":27.0,"turns":2.0},{"damage":0.0,"enemies":"Gremlin Leader","floor":31.0,"turns":5.0},{"damage":3.0,"enemies":"Collector","floor":33.0,"turns":6.0},{"damage":15.0,"enemies":"3 Shapes","floor":35.0,"turns":4.0},{"damage":4.0,"enemies":"Orb Walker","floor":36.0,"turns":3.0},{"damage":6,"enemies":"4 Shapes","floor":39,"turns":5}],"seed_played":"7803377571421853266","potions_obtained":[{"floor":6.0,"key":"Energy Potion"},{"floor":10.0,"key":"Fire Potion"},{"floor":21.0,"key":"Regen Potion"},{"floor":25.0,"key":"Strength Potion"}],"is_trial":false,"path_per_floor":["M","?","M","?","T","E","$","R","T","E","?","M","E","?","R","B",null,"M","?","M","M","$","E","R","E","T","M","?","R","$","E","R","B",null,"M","M","?","?","M"],"character_chosen":"WATCHER","items_purchased":["Bag of Marbles","CarveReality","LikeWater","CutThroughFate","EmptyFist"],"campfire_rested":0,"item_purchase_floors":[7,7,22,22,30],"current_hp_per_floor":[61,61,61,61,61,61,61,61,61,59,55,55,55,55,55,28,58,43,43,43,43,43,43,43,17,17,17,17,17,17,24,24,21,62,47,43,43,58,52,52],"gold":0,"neow_bonus":"THREE_ENEMY_KILL","is_daily":false,"chose_seed":false,"campfire_upgraded":5,"win_rate":0.0,"timestamp":1612889886,"path_taken":["M","?","M","?","?","E","$","R","T","E","?","M","E","?","R","BOSS","M","?","M","M","?","E","R","E","T","M","?","R","$","E","R","BOSS","M","M","?","?","M"],"items_purchased_type":["Relic","Card","Card","Card","Card"],"build_version":"2020-12-18","purchased_purges":2,"victory":false,"max_hp_per_floor":[68,68,68,68,68,68,68,68,68,68,68,68,68,68,68,68,68,68,68,68,68,68,68,68,68,68,68,68,68,68,75,75,75,75,75,75,75,75,75,75],"relic_stats":{"counters":[18,62],"Tiny Chest":0,"PreservedInsect":47,"Juzu Bracelet":2,"Whetstone":["Strike_P","EmptyFist"],"Letter Opener":[30],"MawBank":24,"obtain_stats":[{"NeowsBlessing":0,"PreservedInsect":26,"Juzu Bracelet":9,"Whetstone":6,"TeardropLocket":13,"Letter Opener":25,"MawBank":5,"Bottled Flame":10,"Strawberry":31,"Tiny Chest":23,"Fusion Hammer":34,"Bag of Marbles":7,"Coffee Dripper":17,"Red Mask":37,"PureWater":0},{"NeowsBlessing":0,"PreservedInsect":12,"Juzu Bracelet":3,"Whetstone":3,"TeardropLocket":6,"Letter Opener":12,"MawBank":2,"Bottled Flame":4,"Strawberry":14,"Tiny Chest":11,"Fusion Hammer":15,"Bag of Marbles":3,"Coffee Dripper":7,"Red Mask":17,"PureWater":0},{"NeowsBlessing":0,"PreservedInsect":37,"Juzu Bracelet":5,"Whetstone":5,"TeardropLocket":14,"Letter Opener":37,"MawBank":3,"Bottled Flame":10,"Strawberry":44,"Tiny Chest":32,"Fusion Hammer":50,"Bag of Marbles":5,"Coffee Dripper":21,"Red Mask":57,"PureWater":0}]},"card_choices":[{"not_picked":["CrushJoints","EmptyFist"],"picked":"SandsOfTime","floor":1.0},{"not_picked":["Evaluate","JustLucky"],"picked":"Meditate","floor":3.0},{"not_picked":["FlurryOfBlows","WheelKick"],"picked":"EmptyFist","floor":6.0},{"not_picked":["Fasting2","Study","Crescendo"],"picked":"SKIP","floor":10.0},{"not_picked":["Swivel","ClearTheMind","Fasting2"],"picked":"SKIP","floor":12.0},{"not_picked":["SpiritShield","ForeignInfluence","CrushJoints"],"picked":"SKIP","floor":13.0},{"not_picked":["Blasphemy","Brilliance"],"picked":"Scrawl","floor":16.0},{"not_picked":["Halt","ThirdEye"],"picked":"FollowUp","floor":18.0},{"not_picked":["Halt","Pray"],"picked":"Evaluate+1","floor":20.0},{"not_picked":["Prostrate","Crescendo"],"picked":"Wallop","floor":21.0},{"not_picked":["Crescendo","Evaluate"],"picked":"FlurryOfBlows","floor":23.0},{"not_picked":["CrushJoints","FollowUp"],"picked":"EmptyMind","floor":25.0},{"not_picked":["Wish","Crescendo"],"picked":"MentalFortress","floor":27.0},{"not_picked":["Consecrate","FlyingSleeves"],"picked":"Fasting2","floor":31.0},{"not_picked":["Blasphemy","Wish"],"picked":"LessonLearned","floor":33.0},{"not_picked":["EmptyFist","BowlingBash","MentalFortress"],"picked":"SKIP","floor":35.0},{"not_picked":["Study","FlyingSleeves"],"picked":"EmptyMind","floor":36.0}],"player_experience":926974,"relics_obtained":[{"floor":5.0,"key":"MawBank"},{"floor":6.0,"key":"Whetstone"},{"floor":9.0,"key":"Juzu Bracelet"},{"floor":10.0,"key":"Bottled Flame"},{"floor":13.0,"key":"TeardropLocket"},{"floor":23.0,"key":"Tiny Chest"},{"floor":25.0,"key":"Letter Opener"},{"floor":26.0,"key":"PreservedInsect"},{"floor":31.0,"key":"Strawberry"}],"event_choices":[{"damage_healed":0.0,"max_hp_gain":0.0,"max_hp_loss":0.0,"gold_gain":150.0,"event_name":"Liars Game","player_choice":"AGREE","floor":2.0,"gold_loss":0.0,"damage_taken":0.0,"cards_obtained":["Doubt"]},{"damage_healed":0.0,"max_hp_gain":0.0,"max_hp_loss":0.0,"gold_gain":0.0,"event_name":"Living Wall","player_choice":"Grow","floor":4.0,"gold_loss":0.0,"damage_taken":0.0,"cards_upgraded":["SandsOfTime"]},{"damage_healed":0.0,"max_hp_gain":0.0,"max_hp_loss":0.0,"gold_gain":0.0,"event_name":"The Woman in Blue","player_choice":"Bought 0 Potions","floor":11.0,"gold_loss":0.0,"damage_taken":0.0},{"cards_removed":["Defend_P"],"damage_healed":0.0,"max_hp_gain":0.0,"max_hp_loss":0.0,"gold_gain":0.0,"event_name":"The Cleric","player_choice":"Card Removal","floor":14.0,"gold_loss":75.0,"damage_taken":0.0},{"damage_healed":0.0,"max_hp_gain":0.0,"max_hp_loss":0.0,"gold_gain":0.0,"event_name":"Match and Keep!","player_choice":"0 cards matched","floor":19.0,"gold_loss":0.0,"damage_taken":0.0,"cards_obtained":[]},{"damage_healed":0.0,"max_hp_gain":0.0,"max_hp_loss":0.0,"gold_gain":0.0,"event_name":"Forgotten Altar","player_choice":"Smashed Altar","floor":28.0,"gold_loss":0.0,"damage_taken":0.0,"cards_obtained":["Decay"]},{"damage_healed":0.0,"max_hp_gain":0.0,"max_hp_loss":0.0,"gold_gain":0.0,"event_name":"Tomb of Lord Red Mask","player_choice":"Paid","floor":37.0,"gold_loss":134.0,"damage_taken":0.0,"relics_obtained":["Red Mask"]},{"damage_healed":15.0,"max_hp_gain":0.0,"max_hp_loss":0.0,"gold_gain":0.0,"event_name":"Winding Halls","player_choice":"Writhe","floor":38.0,"gold_loss":0.0,"damage_taken":0.0,"cards_obtained":["Writhe"]}],"is_beta":true,"boss_relics":[{"not_picked":["VioletLotus","Philosopher\u0027s Stone"],"picked":"Coffee Dripper"},{"not_picked":["Cursed Key","HolyWater"],"picked":"Fusion Hammer"}],"items_purged_floors":[7,30],"is_endless":false,"potions_floor_spawned":[6,10,12,21,23,25],"killed_by":"4 Shapes","ascension_level":20}}