{"host":"74rphcgmhz43g39u","time":1612885626,"event":{"mods":["Act Like it!","BaseMod","Gensokyo","Minty Spire (QoL Compilation)","Quick Restart","Remilia£®¿Ÿ√◊¿Ú—«£©","StSLib"],"gold_per_floor":[366,23,37,48,65,65,90,106,155,155,60,75,388,388,388],"floor_reached":14,"language":"ZHS","playtime":828,"items_purged":["Defend_RM"],"score":178,"play_id":"a15d43bd-3f69-40ae-abc3-9f7b003033cb","local_time":"20210209234706","is_ascension_mode":true,"campfire_choices":[{"data":"ScarletSymphony","floor":6.0,"key":"SMITH"},{"data":"SuperhumanBloodyKnife","floor":10.0,"key":"SMITH"}],"circlet_count":0,"master_deck":["AscendersBane","Strike_RM","Strike_RM","Strike_RM","Strike_RM","Defend_RM","Defend_RM","Defend_RM","RedMoon","ScarletShoot","HunterOfTheNight","EternalNight","VampireSweep","ScarletSymphony+1","SuperhumanBloodyKnife+1","NightDance+1","BloodyHallows"],"relics":["ScarletHat","Sundial","Akabeko","Question Card","Juzu Bracelet","Bronze Scales"],"acts_visited":["Exordium"],"potions_floor_usage":[14],"damage_taken":[{"damage":0.0,"enemies":"Gensokyo:3_Fairies","floor":1.0,"turns":10.0},{"damage":0.0,"enemies":"Gensokyo:Python","floor":3.0,"turns":3.0},{"damage":0.0,"enemies":"Gensokyo:2_Kodama","floor":4.0,"turns":5.0},{"damage":2.0,"enemies":"Gensokyo:Kitsune","floor":5.0,"turns":2.0},{"damage":19.0,"enemies":"Gensokyo:Mamizou","floor":7.0,"turns":4.0},{"damage":6.0,"enemies":"Gensokyo:VengefulSpirit","floor":8.0,"turns":3.0},{"damage":0.0,"enemies":"Gensokyo:Gryphon_and_Rabbit","floor":12.0,"turns":14.0},{"damage":28.0,"enemies":"Gensokyo:Python_and_Kodama","floor":13.0,"turns":6.0},{"damage":5,"enemies":"Gensokyo:Cirno","floor":14,"turns":3}],"seed_played":"-1771416035819891589","potions_obtained":[{"floor":5.0,"key":"Ancient Potion"},{"floor":8.0,"key":"LiquidBronze"},{"floor":12.0,"key":"Strength Potion"},{"floor":13.0,"key":"Strength Potion"}],"is_trial":false,"path_per_floor":["M","$","M","M","M","R","E","M","T","R","COS","M","M","E"],"character_chosen":"REMILIA","items_purchased":["Sundial"],"campfire_rested":0,"item_purchase_floors":[2],"current_hp_per_floor":[45,45,45,45,44,44,25,20,20,20,20,29,1,0,0],"gold":388,"neow_bonus":"TWO_FIFTY_GOLD","is_daily":false,"chose_seed":false,"campfire_upgraded":2,"win_rate":0.0,"timestamp":1612885626,"path_taken":["M","$","M","M","M","R","E","M","T","R","COS","M","M","E"],"items_purchased_type":["Relic"],"build_version":"2020-12-22","purchased_purges":1,"victory":false,"max_hp_per_floor":[70,70,70,70,70,70,70,70,70,70,70,70,70,70,70],"card_choices":[{"not_picked":["StarOfDavid","MastersStateliness"],"picked":"HunterOfTheNight","floor":1.0},{"not_picked":["VampireFantasy","BloodyMagicSquare"],"picked":"EternalNight","floor":3.0},{"not_picked":["UnstableMagic","SuperhumanBloodyKnife"],"picked":"VampireSweep","floor":4.0},{"not_picked":["MiserableFate","VampireSweep"],"picked":"ScarletSymphony","floor":5.0},{"not_picked":["ScarletDevil","MastersStateliness","FavorOfDestiny"],"picked":"SKIP","floor":7.0},{"not_picked":["Stigmanizer","ScarletImprint"],"picked":"SuperhumanBloodyKnife","floor":8.0},{"not_picked":["RedRainbow+1","ScarletDevil+1","BloodHunter+1"],"picked":"NightDance+1","floor":12.0},{"not_picked":["UnderTheZenith","EternalNight","EndlessAdversity"],"picked":"BloodyHallows","floor":12.0},{"not_picked":["NightDance","CharismaGuard","TwelveNightmare","BloodHunter"],"picked":"SKIP","floor":13.0}],"player_experience":849057,"relics_obtained":[{"floor":7.0,"key":"Akabeko"},{"floor":8.0,"key":"Question Card"},{"floor":9.0,"key":"Juzu Bracelet"}],"event_choices":[],"is_beta":false,"boss_relics":[],"items_purged_floors":[2],"is_endless":false,"potions_floor_spawned":[5,8,12,13],"killed_by":"Gensokyo:Cirno","ascension_level":20}}