{"host":"zgbhbccg3hs73yp6","time":1612861337,"event":{"mods":["ATMod(°¢èªMod)","AchievementEnabler","BaseMod","Colored Powertips","Minty Spire (QoL Compilation)","StSLib","The Bug Knight"],"gold_per_floor":[109,109,109,123,123,149,166,166,166,194,207,281,281,297,297,297,297],"floor_reached":16,"language":"ZHS","playtime":902,"items_purged":[],"score":142,"play_id":"785520f0-23d6-4975-8a65-f484819a6b4d","local_time":"20210209170217","is_ascension_mode":true,"campfire_choices":[{"floor":8,"key":"RECALL"},{"data":"AT_FamilyPortrait","floor":13,"key":"SMITH"},{"data":"HollowMod:DashSlash","floor":15,"key":"SMITH"}],"circlet_count":0,"master_deck":["HollowMod:NailStrikeStart","HollowMod:NailStrikeStart","HollowMod:NailStrikeStart","HollowMod:QuickDashStart","HollowMod:QuickDashStart","HollowMod:QuickDashStart","HollowMod:QuickDashStart","HollowMod:FocusHealStart","HollowMod:PogoStrike","AT_FamilyPortrait+1","HollowMod:MantisMark","HollowMod:CornifersMapStart","HollowMod:ChannelNail","HollowMod:HowlingWraiths","HollowMod:SoulEater","HollowMod:DashSlash+1"],"relics":["HollowMod:VesselMask","AT_ATBox","NeowsBlessing","HollowMod:StagPassRelic","Matryoshka","HollowMod:MillibellesNoteRelic","Mercury Hourglass","Ginger"],"acts_visited":["Exordium"],"potions_floor_usage":[14,16],"damage_taken":[{"damage":0.0,"enemies":"Jaw Worm","floor":1.0,"turns":1.0},{"damage":0,"enemies":"2 Louse","floor":4,"turns":1},{"damage":0,"enemies":"3 Sentries","floor":6,"turns":1},{"damage":1,"enemies":"Cultist","floor":7,"turns":3},{"damage":28,"enemies":"Lagavulin","floor":10,"turns":6},{"damage":17,"enemies":"Large Slime","floor":11,"turns":4},{"damage":10,"enemies":"Exordium Thugs","floor":14,"turns":3},{"damage":43,"enemies":"Slime Boss","floor":16,"turns":8}],"seed_played":"3598831006417084974","potions_obtained":[{"floor":1.0,"key":"SpeedPotion"},{"floor":11,"key":"DistilledChaos"},{"floor":14,"key":"LiquidMemories"}],"is_trial":false,"path_per_floor":["M","?","?","M","?","E","M","R","T","E","M","?","R","M","R","B"],"character_chosen":"THE_BUGKNIGHT","items_purchased":[],"campfire_rested":0,"item_purchase_floors":[],"current_hp_per_floor":[75,75,75,75,75,75,74,74,74,46,35,35,35,25,25,0,0],"gold":297,"neow_bonus":"THREE_ENEMY_KILL","is_daily":false,"chose_seed":false,"campfire_upgraded":2,"win_rate":0.0,"timestamp":1612861337,"path_taken":["M","?","?","M","?","E","?","R","T","E","M","?","R","M","R","BOSS"],"items_purchased_type":[],"build_version":"2020-12-22","purchased_purges":0,"victory":false,"max_hp_per_floor":[75,75,75,75,75,75,75,75,75,75,75,75,75,75,75,75,75],"card_choices":[{"not_picked":["HollowMod:LifebloodCocoon","HollowMod:NewJinnsSoul"],"picked":"HollowMod:MantisMark","floor":1.0},{"not_picked":["HollowMod:InfectedAttack","HollowMod:SoulVessel"],"picked":"HollowMod:CornifersMapStart","floor":4},{"not_picked":["HollowMod:InfectedAttack","HollowMod:Grubsong"],"picked":"HollowMod:ChannelNail","floor":6},{"not_picked":["HollowMod:NewGlowingWomb","HollowMod:SharpenedNail"],"picked":"HollowMod:HowlingWraiths","floor":7},{"not_picked":["HollowMod:MothsMistake","HollowMod:TaintedHusks"],"picked":"HollowMod:SoulEater","floor":10},{"not_picked":["HollowMod:InfectedAttack","HollowMod:CrystalDash","HollowMod:AbyssShriek"],"picked":"SKIP","floor":11},{"not_picked":["HollowMod:NewJinnsSoul","HollowMod:Grubsong"],"picked":"HollowMod:DashSlash","floor":14}],"player_experience":65373,"relics_obtained":[{"floor":6,"key":"Matryoshka"},{"floor":9,"key":"HollowMod:MillibellesNoteRelic"},{"floor":9,"key":"Mercury Hourglass"},{"floor":10,"key":"Ginger"}],"event_choices":[{"damage_healed":0.0,"max_hp_gain":0.0,"max_hp_loss":0.0,"gold_gain":0.0,"event_name":"The Cleric","player_choice":"Leave","floor":2.0,"gold_loss":0.0,"damage_taken":0.0},{"damage_healed":0,"gold_gain":0,"player_choice":"Gave Potion","damage_taken":0,"relics_obtained":["HollowMod:StagPassRelic"],"max_hp_gain":0,"max_hp_loss":0,"event_name":"WeMeetAgain","floor":5,"gold_loss":0},{"damage_healed":0,"gold_gain":74,"player_choice":"Gained Gold","damage_taken":0,"max_hp_gain":0,"max_hp_loss":0,"event_name":"Golden Wing","floor":12,"gold_loss":0}],"is_beta":false,"boss_relics":[],"items_purged_floors":[],"is_endless":false,"potions_floor_spawned":[1,11,14],"killed_by":"Slime Boss","ascension_level":1}}