{"host":"fdq5pmhluajjrf8d","time":1612911850,"event":{"mods":["BaseMod","Minty Spire (QoL Compilation)"],"gold_per_floor":[118,118,118,136,152,152,302,377,377,21,21,34,34,66,66,139,139,149,149,110,129,148,148,161,161,161,161,161],"floor_reached":27,"language":"ENG","playtime":750,"items_purged":["Doubt"],"score":422,"play_id":"f9cdcb56-ae7e-433e-9f23-d999a5e2bd18","local_time":"20210209180410","is_ascension_mode":true,"campfire_choices":[{"data":"Ball Lightning","floor":6,"key":"SMITH"},{"floor":11,"key":"REST"},{"floor":13,"key":"REST"},{"floor":15,"key":"REST"},{"floor":23,"key":"REST"},{"floor":25,"key":"REST"}],"circlet_count":0,"master_deck":["AscendersBane","Zap+1","Dualcast+1","Sweeping Beam","Ball Lightning+1","Ball Lightning","Redo+1","Redo","Seek","Fusion","Genetic Algorithm","Loop","Steam Power","Glacier","Electrodynamics","Electrodynamics","Reboot","Defragment","Multi-Cast"],"relics":["Cracked Core","ClockworkSouvenir","War Paint","Happy Flower","Pandora\u0027s Box","Nloth\u0027s Gift","Cables"],"acts_visited":["Exordium","TheCity"],"potions_floor_usage":[16,16,27],"damage_taken":[{"damage":13,"enemies":"2 Louse","floor":1,"turns":3},{"damage":5,"enemies":"Small Slimes","floor":4,"turns":2},{"damage":2,"enemies":"Jaw Worm","floor":5,"turns":2},{"damage":15,"enemies":"Exordium Wildlife","floor":12,"turns":3},{"damage":17,"enemies":"3 Sentries","floor":14,"turns":4},{"damage":14,"enemies":"Slime Boss","floor":16,"turns":8},{"damage":5,"enemies":"Spheric Guardian","floor":18,"turns":5},{"damage":18,"enemies":"Shell Parasite","floor":21,"turns":2},{"damage":18,"enemies":"3 Cultists","floor":22,"turns":3},{"damage":12,"enemies":"Centurion and Healer","floor":24,"turns":4},{"damage":71,"enemies":"Book of Stabbing","floor":27,"turns":4}],"seed_played":"2556645023880443130","potions_obtained":[{"floor":5,"key":"SpeedPotion"},{"floor":12,"key":"Dexterity Potion"},{"floor":18,"key":"LiquidBronze"},{"floor":22,"key":"Dexterity Potion"}],"is_trial":false,"path_per_floor":["M","?","$","M","M","R","?","?","T","$","R","M","R","E","R","B",null,"M","?","$","M","M","R","M","R","T","E"],"character_chosen":"DEFECT","items_purchased":["ClockworkSouvenir","Redo","War Paint","Defragment"],"campfire_rested":5,"item_purchase_floors":[10,10,10,20],"current_hp_per_floor":[58,35,35,30,28,28,28,17,17,17,40,25,48,31,54,40,69,64,64,64,46,28,51,39,62,62,0,0],"gold":161,"neow_bonus":"TEN_PERCENT_HP_BONUS","is_daily":false,"chose_seed":false,"campfire_upgraded":1,"win_rate":0.0,"timestamp":1612911850,"path_taken":["M","?","$","M","M","R","?","?","T","$","R","M","R","E","R","BOSS","M","?","?","M","M","R","M","R","T","E"],"items_purchased_type":["Relic","Card","Relic","Card"],"build_version":"2020-12-22","purchased_purges":1,"victory":false,"max_hp_per_floor":[78,78,78,78,78,78,78,78,78,78,78,78,78,78,78,78,78,78,78,78,78,78,78,78,78,78,78,78],"card_choices":[{"not_picked":["Streamline","Conserve Battery"],"picked":"Sweeping Beam","floor":1},{"not_picked":["Compile Driver","Doom and Gloom"],"picked":"Ball Lightning","floor":4},{"not_picked":["Double Energy","Recycle"],"picked":"Ball Lightning","floor":5},{"not_picked":["Genetic Algorithm","Cold Snap","Glacier"],"picked":"SKIP","floor":12},{"not_picked":["Beam Cell","Leap"],"picked":"Redo","floor":14},{"not_picked":["Buffer","Meteor Strike"],"picked":"Seek","floor":16},{"not_picked":["Streamline","Beam Cell+1","Redo"],"picked":"SKIP","floor":18},{"not_picked":["Hello World","Steam","Chill"],"picked":"SKIP","floor":21},{"not_picked":["Melter+1","Sweeping Beam"],"picked":"Multi-Cast","floor":22},{"not_picked":["Reprogram","Sweeping Beam","Stack"],"picked":"SKIP","floor":24}],"player_experience":1978526,"relics_obtained":[{"floor":9,"key":"The Courier"},{"floor":14,"key":"Happy Flower"},{"floor":26,"key":"Cables"}],"event_choices":[{"damage_healed":0,"gold_gain":0,"player_choice":"Entered Light","damage_taken":23,"max_hp_gain":0,"max_hp_loss":0,"event_name":"Shining Light","floor":2,"gold_loss":0,"cards_upgraded":["Dualcast","Zap"]},{"damage_healed":0,"gold_gain":150,"player_choice":"AGREE","damage_taken":0,"max_hp_gain":0,"max_hp_loss":0,"event_name":"Liars Game","floor":7,"gold_loss":0,"cards_obtained":["Doubt"]},{"damage_healed":0,"gold_gain":75,"player_choice":"Gather Gold","damage_taken":11,"max_hp_gain":0,"max_hp_loss":0,"event_name":"World of Goop","floor":8,"gold_loss":0},{"damage_healed":0,"gold_gain":0,"player_choice":"Traded Relic","damage_taken":0,"relics_obtained":["Nloth\u0027s Gift"],"max_hp_gain":0,"max_hp_loss":0,"event_name":"N\u0027loth","floor":19,"relics_lost":["The Courier"],"gold_loss":0}],"is_beta":false,"boss_relics":[{"not_picked":["Empty Cage","Calling Bell"],"picked":"Pandora\u0027s Box"}],"items_purged_floors":[10],"is_endless":false,"potions_floor_spawned":[5,12,18,22],"killed_by":"Book of Stabbing","ascension_level":20}}