{"host":"zwezhz46a5cjkxff","time":1612848824,"event":{"mods":["AchievementEnabler","BaseMod","Colored Map","Colored Powertips","DeckTracker","Minty Spire (QoL Compilation)","Permanent Neow","Quick Restart","Rare Cards Sparkle","Relic Stats","StSLib","SuperFastMode"],"gold_per_floor":[113,128,128,145,157,157,157,157],"floor_reached":7,"language":"ENG","playtime":176,"items_purged":[],"score":47,"play_id":"a35d1b9d-db7a-4dd8-9357-ce1a40312693","local_time":"20210208233344","is_ascension_mode":true,"campfire_choices":[{"data":"White Noise","floor":6,"key":"SMITH"}],"circlet_count":0,"master_deck":["Strike_B","Strike_B","Strike_B","Strike_B","Defend_B","Defend_B","Defend_B","Defend_B","Zap","Dualcast","Echo Form","Steam","White Noise+1"],"relics":["Cracked Core","CultistMask"],"acts_visited":["Exordium"],"potions_floor_usage":[],"damage_taken":[{"damage":4,"enemies":"Jaw Worm","floor":1,"turns":3},{"damage":6,"enemies":"Cultist","floor":2,"turns":3},{"damage":4,"enemies":"2 Louse","floor":4,"turns":2},{"damage":35,"enemies":"Exordium Thugs","floor":5,"turns":5},{"damage":50,"enemies":"Gremlin Nob","floor":7,"turns":4}],"seed_played":"-8590398214954717956","potions_obtained":[{"floor":2,"key":"SteroidPotion"}],"is_trial":false,"path_per_floor":["M","M","?","M","M","R","E"],"character_chosen":"DEFECT","items_purchased":[],"campfire_rested":0,"item_purchase_floors":[],"current_hp_per_floor":[64,58,58,54,19,19,0,0],"gold":157,"neow_bonus":"THREE_RARE_CARDS","is_daily":false,"chose_seed":false,"campfire_upgraded":1,"win_rate":0.0,"timestamp":1612848824,"path_taken":["M","M","?","M","?","R","E"],"items_purchased_type":[],"build_version":"2020-12-22","purchased_purges":0,"victory":false,"max_hp_per_floor":[68,68,68,68,68,68,68,68],"relic_stats":{"counters":[5,17],"obtain_stats":[{"CultistMask":3,"Cracked Core":0},{"CultistMask":2,"Cracked Core":0},{"CultistMask":6,"Cracked Core":0}]},"card_choices":[{"not_picked":["Seek","Buffer"],"picked":"Echo Form","floor":0},{"not_picked":["Stack","Redo","Conserve Battery"],"picked":"SKIP","floor":1},{"not_picked":["Leap","Storm","Conserve Battery"],"picked":"SKIP","floor":2},{"not_picked":["Turbo","Tempest"],"picked":"Steam","floor":4},{"not_picked":["Compile Driver","Stack"],"picked":"White Noise","floor":5}],"player_experience":91328,"relics_obtained":[],"event_choices":[{"damage_healed":0,"gold_gain":0,"player_choice":"Trade","damage_taken":0,"relics_obtained":["CultistMask"],"max_hp_gain":0,"max_hp_loss":0,"event_name":"FaceTrader","floor":3,"gold_loss":0}],"is_beta":false,"boss_relics":[],"items_purged_floors":[],"is_endless":false,"potions_floor_spawned":[2],"killed_by":"Gremlin Nob","ascension_level":2}}