{"host":"v3qphhcqhwfpabne","time":1612860914,"event":{"mods":["100% Spire Juice","2.2 Compatiblity","AchievementEnabler","BaseMod","CapriCore","DeckTracker","KinomotoSakuraMod(ÙÊñýÜâ?)","Koishi","Marisa£¨Ùöéë¡¡Øª×âÞÞ£©","Minty Spire (QoL Compilation)","Permanent Neow","Prisma Mod","StSLib","Td1madao Mod","The Bug Knight","The Cursed","The Immortal","The Runesmith","WarShipGirlsR/??á´Ò³R mod"],"gold_per_floor":[59,112,37,82,82,82,119,180,207,207,157,157,0,107,107,231,231,273,341,341,5,5,43,104,30,30,90,183,219,274,332,332,332,332],"floor_reached":33,"language":"KOR","playtime":1681,"items_purged":["Strike_R"],"score":334,"play_id":"7b48a039-e0c8-4edd-b09d-b09b52c50ac7","local_time":"20210209175514","is_ascension_mode":true,"campfire_choices":[{"data":"HandOfGreed","floor":10,"key":"SMITH"},{"data":"Armaments","floor":12,"key":"SMITH"},{"data":"Berserk","floor":15,"key":"SMITH"},{"data":"True Grit","floor":32,"key":"SMITH"}],"circlet_count":0,"master_deck":["Strike_R","Strike_R","Defend_R","Defend_R","Defend_R","Defend_R","Bash","HandOfGreed+1","Armaments+1","Shrug It Off","True Grit+1","Berserk+1","Immolate","Reaper","Metallicize","HandOfGreed+1","Writhe","Seeing Red+1","Ghostly Armor","Sentinel","Ghostly Armor+1","Body Slam+1","Warcry"],"relics":["Burning Blood","Juzu Bracelet","Potion Belt","Philosopher\u0027s Stone","DollysMirror","Bag of Marbles","Meat on the Bone","Pantograph","Red Mask"],"acts_visited":["Exordium","TheCity"],"potions_floor_usage":[21,27,27,29,29,33,33],"damage_taken":[{"damage":7,"enemies":"2 Louse","floor":1,"turns":4},{"damage":16,"enemies":"Small Slimes","floor":2,"turns":3},{"damage":0,"enemies":"Jaw Worm","floor":4,"turns":4},{"damage":11,"enemies":"Looter","floor":7,"turns":3},{"damage":1,"enemies":"Large Slime","floor":8,"turns":5},{"damage":25,"enemies":"3 Sentries","floor":14,"turns":11},{"damage":19,"enemies":"The Guardian","floor":16,"turns":10},{"damage":27,"enemies":"Chosen","floor":18,"turns":5},{"damage":24,"enemies":"2 Thieves","floor":19,"turns":3},{"damage":1,"enemies":"Snecko","floor":23,"turns":3},{"damage":40,"enemies":"Centurion and Healer","floor":24,"turns":7},{"damage":19,"enemies":"Sentry and Sphere","floor":27,"turns":7},{"damage":4,"enemies":"3 Cultists","floor":28,"turns":4},{"damage":35,"enemies":"Centurion and Healer","floor":29,"turns":6},{"damage":50,"enemies":"Gremlin Leader","floor":30,"turns":8},{"damage":0,"enemies":"Masked Bandits","floor":31,"turns":3},{"damage":103,"enemies":"Champ","floor":33,"turns":15}],"seed_played":"3795330073403644598","potions_obtained":[{"floor":2,"key":"BlessingOfTheForge"},{"floor":8,"key":"AttackPotion"},{"floor":16,"key":"AttackPotion"},{"floor":19,"key":"FairyPotion"},{"floor":24,"key":"ElixirPotion"},{"floor":29,"key":"Energy Potion"},{"floor":30,"key":"SkillPotion"}],"is_trial":false,"path_per_floor":["M","M","$","M","?","?","M","M","T","R","?","R","$","E","R","B",null,"M","M","?","$","?","M","M","$","T","M","M","M","E","?","R","B"],"character_chosen":"IRONCLAD","items_purchased":["Berserk","Metallicize","Fruit Juice","DollysMirror","Ghostly Armor"],"campfire_rested":0,"item_purchase_floors":[13,21,21,21,25],"current_hp_per_floor":[79,69,69,75,75,68,63,68,68,68,68,68,68,49,49,36,80,65,55,40,45,45,56,28,28,28,27,49,44,45,63,63,0,0],"gold":332,"neow_bonus":"RANDOM_COLORLESS_2","is_daily":false,"chose_seed":false,"campfire_upgraded":4,"win_rate":0.0,"timestamp":1612860914,"path_taken":["M","M","$","M","?","?","M","M","T","R","?","R","$","E","R","BOSS","M","M","?","$","?","M","M","$","T","M","M","M","E","?","R","BOSS"],"items_purchased_type":["Card","Card","Potion","Relic","Card"],"build_version":"2020-12-22","purchased_purges":1,"victory":false,"max_hp_per_floor":[80,80,80,80,80,80,80,80,80,80,80,80,80,80,80,80,80,80,80,85,90,90,90,90,90,90,90,90,90,90,90,90,90,90],"card_choices":[{"not_picked":["The Bomb","Mayhem"],"picked":"HandOfGreed","floor":0},{"not_picked":["Evolve","Feel No Pain"],"picked":"Armaments","floor":1},{"not_picked":["Twin Strike","Heavy Blade"],"picked":"Shrug It Off","floor":2},{"not_picked":["Armaments","Disarm","Fire Breathing"],"picked":"SKIP","floor":4},{"not_picked":["Twin Strike","Anger"],"picked":"True Grit","floor":7},{"not_picked":["Twin Strike","Iron Wave","Wild Strike"],"picked":"SKIP","floor":8},{"not_picked":["Wild Strike","Twin Strike"],"picked":"Immolate","floor":14},{"not_picked":["Bludgeon","Demon Form"],"picked":"Reaper","floor":16},{"not_picked":["Anger","Cleave","Carnage"],"picked":"SKIP","floor":18},{"not_picked":["Armaments","Cleave","Twin Strike+1"],"picked":"SKIP","floor":19},{"not_picked":["Perfected Strike+1","Flex+1","Reckless Charge+1"],"picked":"SKIP","floor":23},{"not_picked":["Evolve+1","Pommel Strike"],"picked":"Seeing Red+1","floor":24},{"not_picked":["Flex","Sword Boomerang","Disarm"],"picked":"SKIP","floor":27},{"not_picked":["Perfected Strike","Heavy Blade"],"picked":"Sentinel","floor":28},{"not_picked":["Bloodletting","True Grit+1"],"picked":"Ghostly Armor+1","floor":29},{"not_picked":["Armaments+1","Metallicize"],"picked":"Body Slam+1","floor":30},{"not_picked":["Anger","Pommel Strike"],"picked":"Warcry","floor":31}],"player_experience":144133,"relics_obtained":[{"floor":9,"key":"Juzu Bracelet"},{"floor":14,"key":"Potion Belt"},{"floor":26,"key":"Meat on the Bone"},{"floor":30,"key":"Pantograph"},{"floor":31,"key":"Red Mask"}],"event_choices":[{"damage_healed":0,"gold_gain":0,"player_choice":"Ignored","damage_taken":0,"max_hp_gain":0,"max_hp_loss":0,"event_name":"Liars Game","floor":5,"gold_loss":0},{"cards_removed":["Strike_R"],"damage_healed":0,"gold_gain":0,"player_choice":"Card Removal","damage_taken":7,"max_hp_gain":0,"max_hp_loss":0,"event_name":"Golden Wing","floor":6,"gold_loss":0},{"cards_removed":["Strike_R"],"damage_healed":0,"gold_gain":0,"player_choice":"Card Removal","damage_taken":0,"max_hp_gain":0,"max_hp_loss":0,"event_name":"The Cleric","floor":11,"gold_loss":50},{"damage_healed":0,"gold_gain":0,"player_choice":"Shed Blood","damage_taken":20,"max_hp_gain":5,"max_hp_loss":0,"event_name":"Forgotten Altar","floor":20,"gold_loss":0},{"damage_healed":0,"gold_gain":0,"player_choice":"Opened","damage_taken":0,"relics_obtained":["Bag of Marbles"],"max_hp_gain":0,"max_hp_loss":0,"event_name":"The Mausoleum","floor":22,"gold_loss":0,"cards_obtained":["Writhe"]},{"damage_healed":0,"gold_gain":0,"player_choice":"Fought Bandits","damage_taken":0,"max_hp_gain":0,"max_hp_loss":0,"event_name":"Masked Bandits","floor":31,"gold_loss":0}],"is_beta":false,"boss_relics":[{"not_picked":["Runic Dome","Black Star"],"picked":"Philosopher\u0027s Stone"}],"items_purged_floors":[3],"is_endless":false,"potions_floor_spawned":[2,8,16,19,24,29,30],"killed_by":"Champ","ascension_level":3}}