{"host":"xw7092rw7wabncmm","time":1612839628,"event":{"mods":["AchievementEnabler","BaseMod","Bestiary","Block Reminder","Minty Spire (QoL Compilation)","Quick Restart","Relic Stats","Slay-I","Weighted Paths"],"gold_per_floor":[111,61,81,81,91,91,119,119,143,168,180,196,225,225,225,326,326,336,355,368,368,381,400,434,434,434,434,99,99,99,109,109,205,205,215,11,0,12,12,12,37,37,60,95,114,127,158,171,171,171],"floor_reached":51,"language":"ENG","playtime":4446,"items_purged":["Strike_B"],"score":1021,"play_id":"7c968b20-0aa4-4c03-8fa8-601cd6b95f5d","local_time":"20210208220028","is_ascension_mode":true,"campfire_choices":[{"data":"Go for the Eyes","floor":6,"key":"SMITH"},{"data":"Sunder","floor":8,"key":"SMITH"},{"data":"Defragment","floor":15,"key":"SMITH"},{"data":"Self Repair","floor":25,"key":"SMITH"},{"data":"Chill","floor":27,"key":"SMITH"},{"data":"Seek","floor":30,"key":"SMITH"},{"data":"Glacier","floor":32,"key":"SMITH"},{"data":"Master of Strategy","floor":40,"key":"SMITH"},{"data":"Amplify","floor":42,"key":"SMITH"},{"data":"Hologram","floor":49,"key":"SMITH"}],"circlet_count":0,"master_deck":["Strike_B","Strike_B","Strike_B","Defend_B","Defend_B","Defend_B","Defend_B","Chill+1","Go for the Eyes+1","Electrodynamics","Steam","Sunder+1","Leap","Go for the Eyes","Defragment+1","Self Repair+1","Seek+1","Conserve Battery","Glacier+1","Go for the Eyes+1","Scrape+1","Hologram+1","Go for the Eyes","Gash","Leap","Amplify+1","Recycle+1","Master of Strategy+1","Defragment+1","Reinforced Body+1","Go for the Eyes+1","Streamline+1","Gash+1"],"relics":["Cracked Core","Bag of Marbles","Blood Vial","Akabeko","DataDisk","Coffee Dripper","Kunai","Membership Card","Shuriken","Busted Crown","Cables","Red Mask","Anchor","Happy Flower","The Courier","Art of War"],"acts_visited":["Exordium","TheCity","TheBeyond"],"potions_floor_usage":[7,16,16,33,41,41,41,41,44,47,47,50],"damage_taken":[{"damage":5,"enemies":"Small Slimes","floor":1,"turns":4},{"damage":0,"enemies":"Jaw Worm","floor":3,"turns":3},{"damage":1,"enemies":"Cultist","floor":5,"turns":3},{"damage":24,"enemies":"Gremlin Nob","floor":7,"turns":4},{"damage":0,"enemies":"3 Sentries","floor":10,"turns":5},{"damage":0,"enemies":"Blue Slaver","floor":11,"turns":2},{"damage":0,"enemies":"3 Louse","floor":12,"turns":1},{"damage":24,"enemies":"Gremlin Nob","floor":13,"turns":4},{"damage":9,"enemies":"Hexaghost","floor":16,"turns":8},{"damage":1,"enemies":"Shell Parasite","floor":18,"turns":3},{"damage":5,"enemies":"3 Byrds","floor":19,"turns":3},{"damage":0,"enemies":"3 Cultists","floor":20,"turns":4},{"damage":3,"enemies":"Snake Plant","floor":22,"turns":3},{"damage":1,"enemies":"Sentry and Sphere","floor":23,"turns":5},{"damage":13,"enemies":"Book of Stabbing","floor":24,"turns":5},{"damage":0,"enemies":"Centurion and Healer","floor":31,"turns":5},{"damage":52,"enemies":"Automaton","floor":33,"turns":14},{"damage":16,"enemies":"3 Shapes","floor":35,"turns":3},{"damage":0,"enemies":"Orb Walker","floor":38,"turns":3},{"damage":23,"enemies":"Giant Head","floor":41,"turns":10},{"damage":24,"enemies":"Nemesis","floor":44,"turns":13},{"damage":0,"enemies":"Maw","floor":45,"turns":8},{"damage":0,"enemies":"Sphere and 2 Shapes","floor":46,"turns":4},{"damage":5,"enemies":"Reptomancer","floor":47,"turns":6},{"damage":0,"enemies":"Spire Growth","floor":48,"turns":4},{"damage":3,"enemies":"Time Eater","floor":50,"turns":15}],"seed_played":"8569637676366875592","potions_obtained":[{"floor":5,"key":"FocusPotion"},{"floor":10,"key":"FocusPotion"},{"floor":13,"key":"Swift Potion"},{"floor":19,"key":"DuplicationPotion"},{"floor":20,"key":"Explosive Potion"},{"floor":33,"key":"EssenceOfDarkness"},{"floor":38,"key":"EntropicBrew"},{"floor":44,"key":"BlessingOfTheForge"},{"floor":45,"key":"Swift Potion"},{"floor":48,"key":"PowerPotion"}],"is_trial":false,"path_per_floor":["M","?","M","?","M","R","E","R","T","E","M","M","E","?","R","B",null,"M","M","M","?","M","M","E","R","T","R","$","?","R","M","R","B",null,"M","$","?","M","?","R","E","R","T","E","M","M","E","M","R","B",null],"character_chosen":"DEFECT","items_purchased":["Membership Card","Shuriken","Gash","Cables","Master of Strategy"],"campfire_rested":0,"item_purchase_floors":[28,28,28,36,36],"current_hp_per_floor":[77,77,77,77,76,76,52,52,52,54,56,58,36,41,41,41,76,84,87,87,87,87,87,81,81,81,81,81,64,64,76,76,36,78,74,74,74,86,86,86,75,75,75,63,85,92,92,92,92,89],"gold":171,"neow_bonus":"TEN_PERCENT_HP_BONUS","is_daily":false,"chose_seed":false,"campfire_upgraded":10,"win_rate":0.0,"timestamp":1612839628,"path_taken":["M","?","M","?","M","R","E","R","T","E","M","?","E","?","R","BOSS","M","M","M","?","M","M","E","R","T","R","$","?","R","M","R","BOSS","M","$","?","M","?","R","E","R","T","E","?","M","E","M","R","BOSS"],"items_purchased_type":["Relic","Relic","Card","Relic","Card"],"build_version":"2020-12-22","purchased_purges":1,"victory":true,"max_hp_per_floor":[82,82,82,82,82,82,82,82,82,82,82,82,82,87,87,87,87,87,87,87,87,87,87,87,87,87,87,87,92,92,92,92,92,92,92,92,92,92,92,92,92,92,92,92,92,92,92,92,92,92],"relic_stats":{"Blood Vial":30,"Busted Crown":16,"Happy Flower":[16],"counters":[26,142],"Shuriken":[43],"Art of War":[2],"Kunai":[43],"obtain_stats":[{"Happy Flower":43,"The Courier":44,"Akabeko":10,"Cables":36,"Blood Vial":9,"DataDisk":13,"Anchor":41,"Busted Crown":34,"Shuriken":28,"Bag of Marbles":7,"Coffee Dripper":17,"Red Mask":37,"Art of War":47,"Kunai":24,"Membership Card":28,"Cracked Core":0},{"Happy Flower":20,"The Courier":21,"Akabeko":5,"Cables":18,"Blood Vial":4,"DataDisk":8,"Anchor":20,"Busted Crown":17,"Shuriken":15,"Bag of Marbles":4,"Coffee Dripper":9,"Red Mask":18,"Art of War":24,"Kunai":15,"Membership Card":15,"Cracked Core":0},{"Happy Flower":92,"The Courier":105,"Akabeko":19,"Cables":79,"Blood Vial":14,"DataDisk":26,"Anchor":92,"Busted Crown":76,"Shuriken":57,"Bag of Marbles":14,"Coffee Dripper":34,"Red Mask":79,"Art of War":123,"Kunai":57,"Membership Card":57,"Cracked Core":0}],"Cables":[56,16,35,5,0]},"card_choices":[{"not_picked":["Coolheaded","Rip and Tear"],"picked":"Chill","floor":1},{"not_picked":["Barrage","Reinforced Body"],"picked":"Go for the Eyes","floor":3},{"not_picked":["Rip and Tear","Melter"],"picked":"Steam","floor":5},{"not_picked":["Force Field","Redo"],"picked":"Sunder","floor":7},{"not_picked":["Coolheaded","Sweeping Beam"],"picked":"Leap","floor":10},{"not_picked":["Scrape","Blizzard"],"picked":"Go for the Eyes","floor":11},{"not_picked":["Darkness","Leap"],"picked":"Defragment","floor":12},{"not_picked":["Rainbow","Genetic Algorithm"],"picked":"Self Repair","floor":13},{"not_picked":["Rainbow","Reboot"],"picked":"Seek","floor":16},{"not_picked":["Rebound","Beam Cell+1"],"picked":"Conserve Battery","floor":18},{"not_picked":["Chill","Auto Shields+1"],"picked":"Glacier","floor":19},{"not_picked":["Gash","Sweeping Beam"],"picked":"Go for the Eyes+1","floor":20},{"not_picked":["Storm","Gash"],"picked":"Scrape+1","floor":22},{"not_picked":["Amplify","Hello World"],"picked":"Hologram","floor":23},{"not_picked":["Compile Driver","Ball Lightning"],"picked":"Go for the Eyes","floor":24},{"not_picked":["Conserve Battery+1","Hologram"],"picked":"Leap","floor":31},{"not_picked":["Meteor Strike","Thunder Strike"],"picked":"Amplify","floor":33},{"not_picked":[],"picked":"Recycle+1","floor":35},{"not_picked":["Capacitor+1"],"picked":"SKIP","floor":38},{"not_picked":[],"picked":"Reinforced Body+1","floor":41},{"not_picked":[],"picked":"Go for the Eyes+1","floor":44},{"not_picked":[],"picked":"Streamline+1","floor":45},{"not_picked":["Conserve Battery+1"],"picked":"SKIP","floor":46},{"not_picked":["Fission"],"picked":"SKIP","floor":47},{"not_picked":[],"picked":"Gash+1","floor":48}],"player_experience":1610159,"relics_obtained":[{"floor":7,"key":"Bag of Marbles"},{"floor":9,"key":"Blood Vial"},{"floor":10,"key":"Akabeko"},{"floor":13,"key":"DataDisk"},{"floor":24,"key":"Kunai"},{"floor":41,"key":"Anchor"},{"floor":43,"key":"Happy Flower"},{"floor":44,"key":"The Courier"},{"floor":47,"key":"Art of War"}],"event_choices":[{"cards_removed":["Zap"],"damage_healed":0,"gold_gain":0,"player_choice":"Card Removal","damage_taken":0,"max_hp_gain":0,"max_hp_loss":0,"event_name":"The Cleric","floor":2,"gold_loss":50},{"damage_healed":0,"gold_gain":0,"cards_transformed":["Dualcast"],"player_choice":"Transformed","damage_taken":0,"max_hp_gain":0,"max_hp_loss":0,"event_name":"Transmorgrifier","floor":4,"gold_loss":0,"cards_obtained":["Electrodynamics"]},{"damage_healed":0,"gold_gain":0,"player_choice":"Donut","damage_taken":0,"max_hp_gain":5,"max_hp_loss":0,"event_name":"Big Fish","floor":14,"gold_loss":0},{"damage_healed":0,"gold_gain":0,"player_choice":"Ignored","damage_taken":0,"max_hp_gain":0,"max_hp_loss":0,"event_name":"The Mausoleum","floor":21,"gold_loss":0},{"damage_healed":0,"gold_gain":0,"player_choice":"Shed Blood","damage_taken":22,"max_hp_gain":5,"max_hp_loss":0,"event_name":"Forgotten Altar","floor":29,"gold_loss":0},{"damage_healed":0,"gold_gain":0,"player_choice":"Paid","damage_taken":0,"relics_obtained":["Red Mask"],"max_hp_gain":0,"max_hp_loss":0,"event_name":"Tomb of Lord Red Mask","floor":37,"gold_loss":11},{"damage_healed":0,"gold_gain":0,"player_choice":"Copied","damage_taken":0,"max_hp_gain":0,"max_hp_loss":0,"event_name":"Duplicator","floor":39,"gold_loss":0,"cards_obtained":["Defragment"]}],"is_beta":false,"boss_relics":[{"not_picked":["Pandora\u0027s Box","Tiny House"],"picked":"Coffee Dripper"},{"not_picked":["Runic Dome","Empty Cage"],"picked":"Busted Crown"}],"items_purged_floors":[28],"is_endless":false,"potions_floor_spawned":[5,10,13,19,20,33,38,44,45,48],"ascension_level":5}}