{"host":"kaame4qwxxqnygv7","time":1612852817,"event":{"mods":["AchievementEnabler","BaseMod","Better Match","Better Skull","Better Third Choice","Block Reminder","DeckTracker","Energized Spire","GungeonMod","Minty Spire (QoL Compilation)","Quick Restart","Red Circlet Mod","StSLib","SuperFastMode","The Blue Laboratory"],"gold_per_floor":[109,109,109,122,122,147,161,161,161],"floor_reached":8,"language":"KOR","playtime":128,"items_purged":[],"score":113,"play_id":"f1636487-009b-491c-b89f-398ee4e79bce","local_time":"20210209154017","is_ascension_mode":true,"campfire_choices":[],"circlet_count":0,"master_deck":["Strike_G","Strike_G","Strike_G","Strike_G","Defend_G","Defend_G","Defend_G","Defend_G","Survivor","Neutralize","Backflip","Dagger Throw","Cloak And Dagger","Calculated Gamble"],"relics":["Ring of the Snake","NeowsBlessing","Blood Vial","DemoMod:Metronome","DemoMod:GlassGuonStoneRelic"],"acts_visited":["Exordium"],"potions_floor_usage":[],"damage_taken":[{"damage":0.0,"enemies":"Jaw Worm","floor":1.0,"turns":1.0},{"damage":0.0,"enemies":"2 Louse","floor":4.0,"turns":1.0},{"damage":0.0,"enemies":"Lagavulin","floor":6.0,"turns":1.0},{"damage":0.0,"enemies":"Cultist","floor":7.0,"turns":4.0},{"damage":0,"enemies":"Gremlin Nob","floor":8,"turns":1}],"seed_played":"-8449725134397285307","potions_obtained":[{"floor":4.0,"key":"SteroidPotion"},{"floor":6.0,"key":"blueLaboratory:BubblePotion"},{"floor":7.0,"key":"blueLaboratory:NullPotion"}],"is_trial":false,"path_per_floor":["M","?","?","M","?","E","M","E"],"character_chosen":"THE_SILENT","items_purchased":[],"campfire_rested":0,"item_purchase_floors":[],"current_hp_per_floor":[63,63,56,56,56,58,60,62,62],"gold":161,"neow_bonus":"THREE_ENEMY_KILL","is_daily":false,"chose_seed":false,"campfire_upgraded":0,"win_rate":0.0,"timestamp":1612852817,"path_taken":["M","?","?","M","?","E","?","E"],"items_purchased_type":[],"build_version":"2020-12-22","purchased_purges":0,"victory":false,"max_hp_per_floor":[70,70,70,70,70,70,70,70,70],"card_choices":[{"not_picked":["Sucker Punch","Dagger Spray"],"picked":"Backflip","floor":1.0},{"not_picked":["Glass Knife","Flechettes"],"picked":"Dagger Throw","floor":4.0},{"not_picked":["Poisoned Stab","Infinite Blades"],"picked":"Cloak And Dagger","floor":6.0},{"not_picked":["Caltrops","Venomology"],"picked":"Calculated Gamble","floor":7.0}],"player_experience":261857,"relics_obtained":[{"floor":6.0,"key":"DemoMod:Metronome"}],"event_choices":[{"cards_removed":["Strike_G"],"damage_healed":0.0,"max_hp_gain":0.0,"max_hp_loss":0.0,"gold_gain":0.0,"event_name":"Living Wall","player_choice":"Forget","floor":2.0,"gold_loss":0.0,"damage_taken":0.0},{"cards_removed":["Defend_G"],"damage_healed":0.0,"max_hp_gain":0.0,"max_hp_loss":0.0,"gold_gain":0.0,"event_name":"Golden Wing","player_choice":"Card Removal","floor":3.0,"gold_loss":0.0,"damage_taken":7.0},{"damage_healed":0.0,"max_hp_gain":0.0,"max_hp_loss":0.0,"gold_gain":0.0,"event_name":"WeMeetAgain","player_choice":"Gave Potion","floor":5.0,"gold_loss":0.0,"damage_taken":0.0,"relics_obtained":["Blood Vial"]}],"is_beta":false,"boss_relics":[],"items_purged_floors":[],"is_endless":false,"potions_floor_spawned":[4,6,7],"killed_by":"Gremlin Nob","ascension_level":8}}