{"host":"aqym1xxr3lb31d9m","time":1612889049,"event":{"mods":["BaseMod","Block Reminder","Colored Map","Colored Powertips","DeckTracker","Highlight Path","Minty Spire (QoL Compilation)","Quick Restart","Random Character Button","StSLib","SuperFastMode","UnlockEverythingMod"],"gold_per_floor":[114,114,128,53,203,203,235,235,235,71,81,100,100,115,115,190,190,203,173,90,90,101,101,126,126,126,126,140,140,55,73,73,73,73],"floor_reached":33,"language":"JPN","playtime":983,"items_purged":["Doubt"],"score":576,"play_id":"5bb85def-1d3d-4319-beda-b18440063d72","local_time":"20210210014409","is_ascension_mode":true,"campfire_choices":[{"data":"Bash","floor":6,"key":"SMITH"},{"data":"Shockwave","floor":13,"key":"SMITH"},{"data":"Combust","floor":15,"key":"SMITH"},{"data":"Bludgeon","floor":23,"key":"SMITH"},{"floor":25,"key":"REST"},{"floor":27,"key":"RECALL"},{"data":"Immolate","floor":32,"key":"SMITH"}],"circlet_count":0,"master_deck":["AscendersBane","Strike_R+1","Strike_R+1","Defend_R","Defend_R","Defend_R","Defend_R","Bash+1","Thunderclap","Combust+1","Shockwave+1","Carnage","Ghostly Armor+1","Carnage","Impervious+1","Bludgeon+1","CurseOfTheBell","Fire Breathing+1","Havoc+1","Havoc+1","Shrug It Off+1","Writhe","Headbutt","Wild Strike+1","Reckless Charge+1","True Grit+1","Havoc+1","Cleave","Immolate+1","True Grit+1","Bloodletting+1"],"relics":["Burning Blood","NeowsBlessing","Paper Frog","White Beast Statue","Toxic Egg 2","Calling Bell","Vajra","Kunai","Prayer Wheel","Strawberry","Torii","Lantern","Molten Egg 2"],"acts_visited":["Exordium","TheCity"],"potions_floor_usage":[12,14,16,16,18,19,22,24,28,33],"damage_taken":[{"damage":0,"enemies":"Small Slimes","floor":1,"turns":1},{"damage":0,"enemies":"2 Louse","floor":3,"turns":1},{"damage":0,"enemies":"3 Sentries","floor":7,"turns":2},{"damage":7,"enemies":"Jaw Worm","floor":11,"turns":3},{"damage":0,"enemies":"2 Fungi Beasts","floor":12,"turns":3},{"damage":5,"enemies":"Exordium Thugs","floor":14,"turns":3},{"damage":20,"enemies":"Hexaghost","floor":16,"turns":9},{"damage":28,"enemies":"2 Thieves","floor":18,"turns":4},{"damage":22,"enemies":"Shell Parasite","floor":22,"turns":3},{"damage":23,"enemies":"Slavers","floor":24,"turns":3},{"damage":21,"enemies":"Cultist and Chosen","floor":28,"turns":4},{"damage":2,"enemies":"3 Cultists","floor":31,"turns":4},{"damage":103,"enemies":"Collector","floor":33,"turns":9}],"seed_played":"-6537360099002918065","potions_obtained":[{"floor":3,"key":"PowerPotion"},{"floor":11,"key":"Energy Potion"},{"floor":12,"key":"DistilledChaos"},{"floor":14,"key":"SneckoOil"},{"floor":16,"key":"AttackPotion"},{"floor":18,"key":"Ancient Potion"},{"floor":19,"key":"BloodPotion"},{"floor":19,"key":"PowerPotion"},{"floor":22,"key":"ElixirPotion"},{"floor":24,"key":"Regen Potion"},{"floor":28,"key":"DuplicationPotion"},{"floor":31,"key":"FairyPotion"}],"is_trial":false,"path_per_floor":["M","?","M","?","?","R","E","?","T","$","M","M","R","M","R","B",null,"M","?","$","?","M","R","E","R","T","R","M","?","?","M","R","B"],"character_chosen":"IRONCLAD","items_purchased":["Carnage","Havoc+1","Shrug It Off+1"],"campfire_rested":1,"item_purchase_floors":[10,20,20],"current_hp_per_floor":[74,51,57,57,57,57,63,45,45,45,44,50,50,51,51,37,66,44,59,59,66,50,50,33,57,57,57,56,56,56,60,60,0,0],"gold":73,"neow_bonus":"THREE_ENEMY_KILL","is_daily":false,"chose_seed":false,"campfire_upgraded":5,"win_rate":0.0,"timestamp":1612889049,"path_taken":["M","?","M","?","?","R","E","?","T","?","M","M","R","?","R","BOSS","M","?","?","?","M","R","E","R","T","R","M","?","?","M","R","BOSS"],"items_purchased_type":["Card","Card","Card"],"build_version":"2020-12-22","purchased_purges":1,"victory":false,"max_hp_per_floor":[75,75,75,75,75,75,75,75,75,75,75,75,75,75,75,75,75,75,75,75,82,82,82,82,82,82,82,82,82,82,82,82,82,82],"card_choices":[{"not_picked":["Headbutt","Warcry"],"picked":"Thunderclap","floor":1},{"not_picked":["Cleave","Thunderclap"],"picked":"Combust","floor":3},{"not_picked":["Intimidate","Sword Boomerang"],"picked":"Shockwave","floor":7},{"not_picked":["Headbutt","Pummel"],"picked":"Ghostly Armor+1","floor":11},{"not_picked":["Iron Wave","Hemokinesis"],"picked":"Carnage","floor":12},{"not_picked":["Wild Strike","Uppercut"],"picked":"Impervious+1","floor":14},{"not_picked":["Brutality","Corruption"],"picked":"Bludgeon","floor":16},{"not_picked":["Hemokinesis","Dark Embrace+1"],"picked":"Fire Breathing+1","floor":18},{"not_picked":["Shockwave+1","Sword Boomerang"],"picked":"Havoc+1","floor":18},{"not_picked":["Wild Strike","Rampage"],"picked":"Headbutt","floor":22},{"not_picked":["Sword Boomerang+1","Perfected Strike"],"picked":"Wild Strike+1","floor":22},{"not_picked":["Second Wind+1","Juggernaut"],"picked":"Reckless Charge+1","floor":24},{"not_picked":["Thunderclap","Combust"],"picked":"True Grit+1","floor":28},{"not_picked":["Flex+1","Hemokinesis"],"picked":"Havoc+1","floor":28},{"not_picked":["Headbutt+1","Rupture"],"picked":"True Grit+1","floor":31},{"not_picked":["Flex+1","Intimidate+1"],"picked":"Bloodletting+1","floor":31}],"player_experience":4190137,"relics_obtained":[{"floor":7,"key":"Paper Frog"},{"floor":9,"key":"Toxic Egg 2"},{"floor":17,"key":"Vajra"},{"floor":17,"key":"Kunai"},{"floor":17,"key":"Prayer Wheel"},{"floor":24,"key":"Torii"},{"floor":26,"key":"Lantern"}],"event_choices":[{"damage_healed":0,"gold_gain":0,"player_choice":"Entered Light","damage_taken":23,"max_hp_gain":0,"max_hp_loss":0,"event_name":"Shining Light","floor":2,"gold_loss":0,"cards_upgraded":["Strike_R","Strike_R"]},{"cards_removed":["Strike_R"],"damage_healed":0,"gold_gain":0,"player_choice":"Card Removal","damage_taken":0,"max_hp_gain":0,"max_hp_loss":0,"event_name":"The Cleric","floor":4,"gold_loss":75},{"damage_healed":0,"gold_gain":150,"player_choice":"AGREE","damage_taken":0,"max_hp_gain":0,"max_hp_loss":0,"event_name":"Liars Game","floor":5,"gold_loss":0,"cards_obtained":["Doubt"]},{"damage_healed":0,"gold_gain":0,"player_choice":"Success","damage_taken":18,"relics_obtained":["White Beast Statue"],"max_hp_gain":0,"max_hp_loss":0,"event_name":"Scrap Ooze","floor":8,"gold_loss":0},{"damage_healed":0,"gold_gain":0,"player_choice":"Bought 2 Potions","damage_taken":0,"max_hp_gain":0,"max_hp_loss":0,"event_name":"The Woman in Blue","floor":19,"gold_loss":0},{"damage_healed":0,"gold_gain":0,"player_choice":"Opened","damage_taken":0,"relics_obtained":["Strawberry"],"max_hp_gain":0,"max_hp_loss":0,"event_name":"The Mausoleum","floor":21,"gold_loss":0,"cards_obtained":["Writhe"]},{"damage_healed":0,"gold_gain":0,"cards_transformed":["Strike_R","Strike_R"],"player_choice":"Became Test Subject","damage_taken":0,"max_hp_gain":0,"max_hp_loss":0,"event_name":"Drug Dealer","floor":29,"gold_loss":0,"cards_obtained":["Cleave","Immolate"]},{"damage_healed":0,"gold_gain":0,"player_choice":"Obtained Relic","damage_taken":0,"relics_obtained":["Molten Egg 2"],"max_hp_gain":0,"max_hp_loss":0,"event_name":"Addict","floor":30,"gold_loss":85}],"is_beta":false,"boss_relics":[{"not_picked":["Sozu","Empty Cage"],"picked":"Calling Bell"}],"items_purged_floors":[10],"is_endless":false,"potions_floor_spawned":[3,11,12,14,16,18,22,24,28,31],"killed_by":"Collector","ascension_level":20}}