{"host":"19r1ww88x2tc73i0","time":1612874465,"event":{"mods":["BaseMod","BetterRewards","Colored Map","Minty Spire (QoL Compilation)","Relic Stats","StSLib","SuperFastMode","slay the spire mod where everything is the same but ironclad has a cowboy hat"],"gold_per_floor":[114,114,114,137,137,137,151,151,178,178,178,212,212,243,243,334,334,348,348,348],"floor_reached":19,"language":"ENG","playtime":555,"items_purged":["Strike_B"],"score":346,"play_id":"d88571e9-4ab0-49ec-b292-c4207cf03fe9","local_time":"25640209194105","is_ascension_mode":true,"campfire_choices":[{"data":"Zap","floor":6,"key":"SMITH"},{"data":"Ball Lightning","floor":8,"key":"SMITH"},{"data":"Hologram","floor":13,"key":"SMITH"},{"floor":15,"key":"REST"}],"circlet_count":0,"master_deck":["AscendersBane","Strike_B","Strike_B","Defend_B","Defend_B","Defend_B","Defend_B","Zap+1","Dualcast","Capacitor+1","Loop+1","Hologram+1","Ball Lightning+1","Self Repair+1","BootSequence","Compile Driver","Buffer+1","Genetic Algorithm"],"relics":["FrozenCore","Frozen Egg 2","Matryoshka","Golden Idol","Mercury Hourglass","Anchor","Smiling Mask","Ornamental Fan"],"acts_visited":["Exordium","TheCity"],"potions_floor_usage":[12,14,19,19],"damage_taken":[{"damage":12,"enemies":"Jaw Worm","floor":1,"turns":3},{"damage":17,"enemies":"Small Slimes","floor":4,"turns":3},{"damage":6,"enemies":"Cultist","floor":7,"turns":3},{"damage":32,"enemies":"3 Sentries","floor":12,"turns":6},{"damage":35,"enemies":"Gremlin Nob","floor":14,"turns":4},{"damage":25,"enemies":"The Guardian","floor":16,"turns":9},{"damage":14,"enemies":"2 Thieves","floor":18,"turns":4},{"damage":56,"enemies":"Masked Bandits","floor":19,"turns":4}],"seed_played":"6095751223340295941","potions_obtained":[{"floor":4,"key":"Regen Potion"},{"floor":12,"key":"SkillPotion"},{"floor":14,"key":"ColorlessPotion"},{"floor":16,"key":"Energy Potion"},{"floor":18,"key":"SkillPotion"}],"is_trial":false,"path_per_floor":["M","?","?","M","$","R","M","R","T","?","?","E","R","E","R","B",null,"M","?"],"character_chosen":"DEFECT","items_purchased":["Frozen Egg 2","Capacitor+1","Matryoshka","Loop+1"],"campfire_rested":1,"item_purchase_floors":[0,0,0,0],"current_hp_per_floor":[52,52,52,35,35,35,29,29,29,50,50,42,42,17,36,21,53,49,0,0],"gold":348,"neow_bonus":"","is_daily":false,"chose_seed":false,"campfire_upgraded":3,"win_rate":0.0,"timestamp":1612874465,"path_taken":["M","?","?","M","?","R","?","R","T","?","?","E","R","E","R","BOSS","M","?"],"items_purchased_type":["Relic","Card","Relic","Card"],"build_version":"2020-12-22","purchased_purges":1,"victory":false,"max_hp_per_floor":[71,64,64,64,64,64,64,64,64,64,64,64,64,64,64,64,64,64,64,64],"relic_stats":{"counters":[14,53],"Golden Idol":49,"Ornamental Fan":[8],"Smiling Mask":0,"obtain_stats":[{"Lantern":0,"Golden Idol":2,"StoneCalendar":0,"Frozen Egg 2":0,"Smiling Mask":12,"Mercury Hourglass":9,"FrozenCore":17,"Anchor":9,"Matryoshka":0,"Ornamental Fan":14,"Pandora\u0027s Box":0,"Cracked Core":0,"Pocketwatch":0},{"Lantern":1,"Golden Idol":7,"StoneCalendar":1,"Frozen Egg 2":6,"Smiling Mask":10,"Mercury Hourglass":9,"FrozenCore":12,"Anchor":9,"Matryoshka":6,"Ornamental Fan":11,"Pandora\u0027s Box":0,"Cracked Core":0,"Pocketwatch":1},{"Lantern":4,"Golden Idol":21,"StoneCalendar":4,"Frozen Egg 2":18,"Smiling Mask":32,"Mercury Hourglass":27,"FrozenCore":45,"Anchor":27,"Matryoshka":18,"Ornamental Fan":36,"Pandora\u0027s Box":0,"Cracked Core":0,"Pocketwatch":4}],"FrozenCore":[4],"Mercury Hourglass":[136]},"card_choices":[{"not_picked":["Streamline","Go for the Eyes"],"picked":"Hologram","floor":1},{"not_picked":["Storm+1","Consume"],"picked":"Ball Lightning","floor":4},{"not_picked":["Sweeping Beam","Redo"],"picked":"Self Repair+1","floor":7},{"not_picked":["Go for the Eyes","Redo"],"picked":"BootSequence","floor":12},{"not_picked":["Barrage","Leap"],"picked":"Compile Driver","floor":14},{"not_picked":["Core Surge","Multi-Cast"],"picked":"Buffer+1","floor":16},{"not_picked":["Turbo","Darkness"],"picked":"Genetic Algorithm","floor":18}],"player_experience":1033552,"relics_obtained":[{"floor":9,"key":"Mercury Hourglass"},{"floor":9,"key":"Anchor"},{"floor":12,"key":"Smiling Mask"},{"floor":14,"key":"Ornamental Fan"}],"event_choices":[{"damage_healed":0,"gold_gain":0,"player_choice":"Lose Max HP","damage_taken":0,"relics_obtained":["Golden Idol"],"max_hp_gain":0,"max_hp_loss":7,"event_name":"Golden Idol","floor":2,"gold_loss":0},{"damage_healed":0,"gold_gain":0,"player_choice":"Ignored","damage_taken":0,"max_hp_gain":0,"max_hp_loss":0,"event_name":"Liars Game","floor":3,"gold_loss":0},{"damage_healed":21,"gold_gain":0,"player_choice":"Banana","damage_taken":0,"max_hp_gain":0,"max_hp_loss":0,"event_name":"Big Fish","floor":10,"gold_loss":0},{"cards_removed":["Strike_B"],"damage_healed":0,"gold_gain":0,"player_choice":"Forget","damage_taken":0,"max_hp_gain":0,"max_hp_loss":0,"event_name":"Living Wall","floor":11,"gold_loss":0},{"damage_healed":0,"gold_gain":0,"player_choice":"Fought Bandits","damage_taken":0,"max_hp_gain":0,"max_hp_loss":0,"event_name":"Masked Bandits","floor":19,"gold_loss":0}],"is_beta":false,"boss_relics":[{"not_picked":["Black Star","Snecko Eye"],"picked":"FrozenCore"}],"items_purged_floors":[0],"is_endless":false,"potions_floor_spawned":[4,12,14,16,18],"killed_by":"Masked Bandits","ascension_level":20}}