{"host":"6xsbn6ynqlzwllfm","time":1612901623,"event":{"mods":["2.2 Compatiblity","BaseMod","Bestiary","Colored Map","Colored Powertips","Curses Come First","Highlight Path","Keyboard Shortcuts","Minty Spire (QoL Compilation)","Relic Stats","Slay the Relics Exporter","StSLib","SuperFastMode"],"gold_per_floor":[113,113,113,131,152,191,191,235,235,253,253,296,296,310,310,310,310],"floor_reached":16,"language":"ENG","playtime":337,"items_purged":[],"score":240,"play_id":"c3a7d5fb-97ce-4341-90cb-db0996d716ba","local_time":"20210209151343","is_ascension_mode":true,"campfire_choices":[{"data":"Bash","floor":7,"key":"SMITH"},{"floor":11,"key":"REST"},{"data":"Strike_R","floor":15,"key":"PURGE"}],"circlet_count":0,"master_deck":["AscendersBane","Strike_R","Strike_R","Strike_R","Strike_R+1","Defend_R","Defend_R","Defend_R+1","Defend_R","Bash+1","Cleave","Carnage","Second Wind","True Grit+1","Reaper","Armaments+1","Ghostly Armor+1","True Grit+1"],"relics":["Burning Blood","NeowsBlessing","Golden Idol","Toxic Egg 2","Peace Pipe","Thread and Needle","Bronze Scales"],"acts_visited":["Exordium"],"potions_floor_usage":[8,12,16],"damage_taken":[{"damage":0,"enemies":"2 Louse","floor":1,"turns":1},{"damage":0,"enemies":"Small Slimes","floor":4,"turns":1},{"damage":0,"enemies":"Jaw Worm","floor":5,"turns":1},{"damage":35,"enemies":"3 Sentries","floor":6,"turns":7},{"damage":27,"enemies":"Lagavulin","floor":8,"turns":7},{"damage":14,"enemies":"3 Louse","floor":10,"turns":3},{"damage":43,"enemies":"Gremlin Nob","floor":12,"turns":5},{"damage":0,"enemies":"Blue Slaver","floor":14,"turns":4},{"damage":26,"enemies":"The Guardian","floor":16,"turns":5}],"seed_played":"5974053142984133923","potions_obtained":[{"floor":6,"key":"EssenceOfSteel"},{"floor":10,"key":"Regen Potion"},{"floor":14,"key":"LiquidMemories"}],"is_trial":false,"path_per_floor":["M","?","?","M","M","E","R","E","T","M","R","E","?","M","R","B"],"character_chosen":"IRONCLAD","items_purchased":[],"campfire_rested":1,"item_purchase_floors":[],"current_hp_per_floor":[74,68,48,54,60,31,31,10,10,14,34,11,11,21,21,0,0],"gold":310,"neow_bonus":"THREE_ENEMY_KILL","is_daily":false,"chose_seed":false,"campfire_upgraded":1,"win_rate":0.0,"timestamp":1612901623,"path_taken":["M","?","?","M","?","E","R","E","T","M","R","E","?","M","R","BOSS"],"items_purchased_type":[],"build_version":"2020-12-22","purchased_purges":0,"victory":false,"max_hp_per_floor":[75,68,68,68,68,68,68,68,68,68,68,68,68,68,68,68,68],"relic_stats":{"Peace Pipe":1,"counters":[9,34],"Golden Idol":41,"Bronze Scales":[18],"obtain_stats":[{"Peace Pipe":8,"NeowsBlessing":0,"Golden Idol":2,"Bronze Scales":12,"Thread and Needle":9,"Toxic Egg 2":6,"Burning Blood":0},{"Peace Pipe":5,"NeowsBlessing":0,"Golden Idol":1,"Bronze Scales":7,"Thread and Needle":5,"Toxic Egg 2":4,"Burning Blood":0},{"Peace Pipe":17,"NeowsBlessing":0,"Golden Idol":1,"Bronze Scales":25,"Thread and Needle":17,"Toxic Egg 2":10,"Burning Blood":0}],"Burning Blood":48},"card_choices":[{"not_picked":["Wild Strike","Headbutt"],"picked":"Cleave","floor":1},{"not_picked":["Shockwave","Pommel Strike"],"picked":"Carnage","floor":4},{"not_picked":["Heavy Blade","Bloodletting"],"picked":"Second Wind","floor":5},{"not_picked":["Rage+1","Armaments+1"],"picked":"True Grit+1","floor":6},{"not_picked":["Searing Blow","Entrench+1"],"picked":"Reaper","floor":8},{"not_picked":["Flex+1","Warcry+1"],"picked":"Armaments+1","floor":10},{"not_picked":["Carnage","Pummel"],"picked":"Ghostly Armor+1","floor":12},{"not_picked":["Clash","Perfected Strike"],"picked":"True Grit+1","floor":14}],"player_experience":1421358,"relics_obtained":[{"floor":6,"key":"Toxic Egg 2"},{"floor":8,"key":"Peace Pipe"},{"floor":9,"key":"Thread and Needle"},{"floor":12,"key":"Bronze Scales"}],"event_choices":[{"damage_healed":0,"gold_gain":0,"player_choice":"Lose Max HP","damage_taken":0,"relics_obtained":["Golden Idol"],"max_hp_gain":0,"max_hp_loss":7,"event_name":"Golden Idol","floor":2,"gold_loss":0},{"damage_healed":0,"gold_gain":0,"player_choice":"Entered Light","damage_taken":20,"max_hp_gain":0,"max_hp_loss":0,"event_name":"Shining Light","floor":3,"gold_loss":0,"cards_upgraded":["Defend_R","Strike_R"]},{"damage_healed":0,"gold_gain":0,"player_choice":"Searched \u00271\u0027 times","damage_taken":0,"max_hp_gain":0,"max_hp_loss":0,"event_name":"Dead Adventurer","floor":13,"gold_loss":0}],"is_beta":false,"boss_relics":[],"items_purged_floors":[],"is_endless":false,"potions_floor_spawned":[6,10,14],"killed_by":"The Guardian","ascension_level":20}}