{"host":"8is2j71l4wmybkoi","time":1612877917,"event":{"mods":["AchievementEnabler","BaseMod","Colored Map","Minty Spire (QoL Compilation)","Rare Cards Sparkle","StSLib","SuperFastMode"],"gold_per_floor":[115,126,126,126,126,126,160,235,314,21,21,21,61,16,16,111,111,132,147,161,161,184,222,222,235,260,274,27,61,76,76,76,167,167,183,198,254,109,442,477,477,477,477,489,489,514,533,84,84,84,84,84,36,65,65],"floor_reached":56,"language":"KOR","playtime":2921,"items_purged":["Strike_B"],"score":2171,"play_id":"6d93ac6f-9523-47ff-b4f1-178e7b83f4df","local_time":"20210209223837","is_ascension_mode":true,"campfire_choices":[{"data":"Zap","floor":6.0,"key":"SMITH"},{"data":"Dualcast","floor":12.0,"key":"SMITH"},{"floor":15.0,"key":"REST"},{"data":"Turbo","floor":24.0,"key":"SMITH"},{"floor":32.0,"key":"RECALL"},{"data":"Madness","floor":45.0,"key":"SMITH"},{"data":"Fission","floor":49,"key":"SMITH"},{"data":"Coolheaded","floor":52,"key":"SMITH"}],"circlet_count":0,"master_deck":["AscendersBane","Strike_B","Strike_B","Defend_B","Defend_B","Defend_B","Defend_B","Zap+1","Dualcast+1","Self Repair","White Noise","Capacitor+1","Creative AI+1","Biased Cognition+1","Turbo+1","Defragment+1","Compile Driver","Defragment+1","Undo","Meteor Strike","CurseOfTheBell","Steam Power+1","Coolheaded+1","Chill","Static Discharge+1","Fission+1","Madness+1","Madness","Heatsinks+1","Recycle+1","Defragment+1","Force Field"],"relics":["FrozenCore","NeowsBlessing","Frozen Egg 2","Vajra","White Beast Statue","Gambling Chip","Thread and Needle","Calipers","Nunchaku","MealTicket","Bottled Tornado","Mango","Nilry\u0027s Codex","Calling Bell","Oddly Smooth Stone","Matryoshka","Du-Vu Doll","StoneCalendar","HornCleat","Darkstone Periapt","Shuriken","Eternal Feather","Bag of Preparation","Bird Faced Urn","OrangePellets","Bronze Scales"],"acts_visited":["Exordium","TheCity","TheBeyond","TheEnding"],"potions_floor_usage":[55,55],"damage_taken":[{"damage":0.0,"enemies":"Small Slimes","floor":1.0,"turns":1.0},{"damage":0.0,"enemies":"2 Louse","floor":2.0,"turns":1.0},{"damage":5.0,"enemies":"3 Sentries","floor":7.0,"turns":2.0},{"damage":31.0,"enemies":"Gremlin Nob","floor":13.0,"turns":4.0},{"damage":16.0,"enemies":"Slime Boss","floor":16.0,"turns":7.0},{"damage":0.0,"enemies":"Chosen","floor":18.0,"turns":5.0},{"damage":5.0,"enemies":"3 Byrds","floor":19.0,"turns":8.0},{"damage":8.0,"enemies":"Cultist and Chosen","floor":20.0,"turns":6.0},{"damage":6.0,"enemies":"Shelled Parasite and Fungi","floor":22.0,"turns":6.0},{"damage":41.0,"enemies":"Slavers","floor":23.0,"turns":8.0},{"damage":8.0,"enemies":"3 Cultists","floor":25.0,"turns":4.0},{"damage":0.0,"enemies":"Cultist and Chosen","floor":27.0,"turns":8.0},{"damage":5.0,"enemies":"Book of Stabbing","floor":29.0,"turns":5.0},{"damage":6.0,"enemies":"Centurion and Healer","floor":30.0,"turns":5.0},{"damage":0.0,"enemies":"Automaton","floor":33.0,"turns":9.0},{"damage":5.0,"enemies":"Orb Walker","floor":35.0,"turns":5.0},{"damage":21.0,"enemies":"3 Darklings","floor":36.0,"turns":7.0},{"damage":17.0,"enemies":"2 Orb Walkers","floor":37.0,"turns":8.0},{"damage":5.0,"enemies":"Giant Head","floor":40.0,"turns":9.0},{"damage":27.0,"enemies":"Transient","floor":44.0,"turns":5.0},{"damage":34.0,"enemies":"Nemesis","floor":46.0,"turns":6.0},{"damage":0,"enemies":"Sphere and 2 Shapes","floor":47,"turns":5},{"damage":0,"enemies":"Donu and Deca","floor":50,"turns":11},{"damage":36,"enemies":"Shield and Spear","floor":54,"turns":6},{"damage":9,"enemies":"The Heart","floor":55,"turns":10}],"seed_played":"4480603028713952020","potions_obtained":[{"floor":1.0,"key":"DuplicationPotion"},{"floor":2.0,"key":"EssenceOfDarkness"},{"floor":13.0,"key":"EssenceOfSteel"},{"floor":16.0,"key":"LiquidBronze"},{"floor":18.0,"key":"SkillPotion"},{"floor":19.0,"key":"Block Potion"},{"floor":22.0,"key":"Swift Potion"},{"floor":23.0,"key":"FearPotion"},{"floor":25.0,"key":"EssenceOfDarkness"},{"floor":27.0,"key":"DuplicationPotion"},{"floor":29.0,"key":"AttackPotion"},{"floor":30.0,"key":"Dexterity Potion"},{"floor":33.0,"key":"Weak Potion"},{"floor":35.0,"key":"FearPotion"},{"floor":36.0,"key":"AttackPotion"},{"floor":37.0,"key":"DuplicationPotion"},{"floor":40.0,"key":"Fire Potion"},{"floor":44.0,"key":"LiquidMemories"},{"floor":46.0,"key":"SmokeBomb"},{"floor":47,"key":"LiquidBronze"}],"is_trial":false,"path_per_floor":["M","M","?","?","?","R","E","?","T","$","?","R","E","$","R","B",null,"M","M","M","?","M","E","R","M","T","M","$","E","M","?","R","B",null,"M","M","?","$","?","E","?","T","T","M","R","E","M","$","R","B",null,"R","$","E","B",null],"character_chosen":"DEFECT","items_purchased":["Gambling Chip","Steam","Bottled Tornado","Static Discharge+1","Bird Faced Urn","OrangePellets","FocusPotion"],"campfire_rested":1,"item_purchase_floors":[10,14,28,38,48,48,53],"current_hp_per_floor":[64,64,64,59,59,59,61,50,50,50,43,43,19,19,38,22,54,61,64,63,63,64,30,30,22,22,29,44,67,68,47,47,54,72,74,60,57,72,72,74,60,60,60,40,55,28,35,50,68,78,78,78,78,77,78],"gold":65,"neow_bonus":"THREE_ENEMY_KILL","is_daily":false,"chose_seed":false,"campfire_upgraded":6,"win_rate":0.0,"timestamp":1612877917,"path_taken":["M","M","?","?","?","R","E","?","T","$","?","R","E","?","R","BOSS","M","M","?","?","M","E","R","M","T","M","$","E","?","?","R","BOSS","M","M","?","?","?","E","?","?","T","M","R","E","?","$","R","BOSS","R","$","E","BOSS"],"items_purchased_type":["Relic","Card","Relic","Card","Relic","Relic","Potion"],"build_version":"2020-12-22","purchased_purges":1,"victory":true,"max_hp_per_floor":[71,71,71,71,64,64,64,64,64,64,64,64,64,64,64,64,64,64,64,64,64,64,64,64,64,64,64,64,78,78,78,78,78,78,78,78,78,78,78,78,78,78,78,78,78,78,78,78,78,78,78,78,78,78,78],"card_choices":[{"not_picked":["Chill","Turbo"],"picked":"Self Repair","floor":1.0},{"not_picked":["Scrape","Go for the Eyes"],"picked":"White Noise","floor":2.0},{"not_picked":["Barrage","Chaos"],"picked":"Capacitor+1","floor":7.0},{"not_picked":["Beam Cell","Turbo"],"picked":"Creative AI+1","floor":13.0},{"not_picked":["Creative AI+1","Seek"],"picked":"Biased Cognition+1","floor":16.0},{"not_picked":["Stack+1","Compile Driver+1"],"picked":"Turbo","floor":18.0},{"not_picked":["Sweeping Beam","Reinforced Body"],"picked":"Defragment+1","floor":19.0},{"not_picked":["Chaos","Beam Cell","Barrage"],"picked":"SKIP","floor":20.0},{"not_picked":["Steam","FTL"],"picked":"Compile Driver","floor":22.0},{"not_picked":["Sweeping Beam","Storm+1"],"picked":"Defragment+1","floor":23.0},{"not_picked":["Ball Lightning","Biased Cognition+1"],"picked":"Undo","floor":25.0},{"not_picked":["Compile Driver","Gash","Stack"],"picked":"SKIP","floor":27.0},{"not_picked":["Rebound","Lockon","Go for the Eyes"],"picked":"SKIP","floor":29.0},{"not_picked":["Sweeping Beam","Hyperbeam","Rebound"],"picked":"SKIP","floor":30.0},{"not_picked":["Biased Cognition+1","Machine Learning+1"],"picked":"Meteor Strike","floor":33.0},{"not_picked":["Lockon+1","Consume"],"picked":"Steam Power+1","floor":35.0},{"not_picked":["Leap","Rebound"],"picked":"Coolheaded","floor":36.0},{"not_picked":["Beam Cell","Capacitor+1"],"picked":"Chill","floor":37.0},{"not_picked":["Ball Lightning+1","Stack"],"picked":"Fission","floor":40.0},{"not_picked":["Darkness","Genetic Algorithm"],"picked":"Heatsinks+1","floor":44.0},{"not_picked":["Leap+1","Coolheaded"],"picked":"Recycle+1","floor":46.0},{"not_picked":["Genetic Algorithm","Streamline+1"],"picked":"Defragment+1","floor":47},{"not_picked":["Force Field","Turbo","Go for the Eyes"],"picked":"SKIP","floor":54},{"not_picked":["Turbo","Go for the Eyes"],"picked":"Force Field","floor":54}],"player_experience":1091205,"relics_obtained":[{"floor":7.0,"key":"Vajra"},{"floor":9.0,"key":"White Beast Statue"},{"floor":13.0,"key":"Thread and Needle"},{"floor":23.0,"key":"Nunchaku"},{"floor":26.0,"key":"MealTicket"},{"floor":29.0,"key":"Mango"},{"floor":31.0,"key":"Nilry\u0027s Codex"},{"floor":34.0,"key":"Oddly Smooth Stone"},{"floor":34.0,"key":"Matryoshka"},{"floor":34.0,"key":"Du-Vu Doll"},{"floor":37.0,"key":"StoneCalendar"},{"floor":40.0,"key":"HornCleat"},{"floor":42.0,"key":"Darkstone Periapt"},{"floor":43.0,"key":"Shuriken"},{"floor":43.0,"key":"Eternal Feather"},{"floor":46.0,"key":"Bag of Preparation"},{"floor":54,"key":"Bronze Scales"}],"event_choices":[{"damage_healed":0.0,"max_hp_gain":0.0,"max_hp_loss":0.0,"gold_gain":0.0,"event_name":"Liars Game","player_choice":"Ignored","floor":3.0,"gold_loss":0.0,"damage_taken":0.0},{"damage_healed":0.0,"max_hp_gain":0.0,"max_hp_loss":0.0,"gold_gain":0.0,"event_name":"Scrap Ooze","player_choice":"Success","floor":4.0,"gold_loss":0.0,"damage_taken":5.0,"relics_obtained":["Frozen Egg 2"]},{"damage_healed":0.0,"max_hp_gain":0.0,"max_hp_loss":7.0,"gold_gain":0.0,"event_name":"Golden Idol","player_choice":"Lose Max HP","floor":5.0,"gold_loss":0.0,"damage_taken":0.0,"relics_obtained":["Golden Idol"]},{"damage_healed":0.0,"max_hp_gain":0.0,"max_hp_loss":0.0,"gold_gain":75.0,"event_name":"World of Goop","player_choice":"Gather Gold","floor":8.0,"gold_loss":0.0,"damage_taken":11.0},{"cards_removed":["Strike_B"],"damage_healed":0.0,"max_hp_gain":0.0,"max_hp_loss":0.0,"gold_gain":0.0,"event_name":"Golden Wing","player_choice":"Card Removal","floor":11.0,"gold_loss":0.0,"damage_taken":7.0},{"cards_removed":["Steam"],"damage_healed":0.0,"max_hp_gain":0.0,"max_hp_loss":0.0,"gold_gain":0.0,"event_name":"WeMeetAgain","player_choice":"Gave Card","floor":21.0,"gold_loss":0.0,"damage_taken":0.0,"relics_obtained":["Calipers"]},{"damage_healed":0.0,"max_hp_gain":0.0,"max_hp_loss":0.0,"gold_gain":0.0,"event_name":"Cursed Tome","player_choice":"Obtained Book","floor":31.0,"gold_loss":0.0,"damage_taken":21.0},{"damage_healed":0.0,"max_hp_gain":0.0,"max_hp_loss":0.0,"gold_gain":0.0,"event_name":"Mysterious Sphere","player_choice":"Fight","floor":37.0,"gold_loss":0.0,"damage_taken":0.0},{"damage_healed":0.0,"max_hp_gain":0.0,"max_hp_loss":0.0,"gold_gain":333.0,"event_name":"The Moai Head","player_choice":"Gave Idol","floor":39.0,"relics_lost":["Golden Idol"],"gold_loss":0.0,"damage_taken":0.0},{"damage_healed":0.0,"max_hp_gain":0.0,"max_hp_loss":0.0,"gold_gain":0.0,"event_name":"Winding Halls","player_choice":"Embrace Madness","floor":41.0,"gold_loss":0.0,"damage_taken":14.0,"cards_obtained":["Madness","Madness"]}],"is_beta":false,"boss_relics":[{"not_picked":["Empty Cage","SlaversCollar"],"picked":"FrozenCore"},{"not_picked":["Black Star","Pandora\u0027s Box"],"picked":"Calling Bell"}],"items_purged_floors":[38],"is_endless":false,"potions_floor_spawned":[1,2,13,16,18,19,20,22,23,25,27,29,30,33,35,36,37,40,44,46,47,54],"ascension_level":15}}