{"host":"4cz9gr89nglr7k8k","time":1612906653,"event":{"mods":["BaseMod","Minty Spire (QoL Compilation)","Relic Stats","Slay-I"],"gold_per_floor":[118,268,63,82,82,117,117,24,24,49,49,65,165,178,178,256,256,272,187,207,220,237,237,261,261,286,286,336,349,359,4,4,4,4],"floor_reached":33,"language":"DEU","playtime":782,"items_purged":["Doubt"],"score":510,"play_id":"3e5148ad-ab6d-4393-b202-460ec2bb250e","local_time":"20210209223733","is_ascension_mode":true,"campfire_choices":[{"floor":7,"key":"REST"},{"floor":11,"key":"REST"},{"data":"Feed","floor":15,"key":"SMITH"},{"floor":23,"key":"REST"},{"floor":25,"key":"REST"},{"data":"Demon Form","floor":27,"key":"SMITH"},{"floor":32,"key":"REST"}],"circlet_count":0,"master_deck":["AscendersBane","Strike_R","Strike_R","Strike_R","Strike_R","Strike_R","Defend_R","Defend_R","Defend_R","Defend_R","Bash+1","Cleave","Metallicize+1","Shockwave","Seeing Red","Hemokinesis","Spot Weakness","Sword Boomerang","Heavy Blade","Flex","Feed+1","Demon Form+1","Clash","Perfected Strike+1","Clothesline","Cleave","Twin Strike","Cleave+1","Apotheosis","Good Instincts","Entrench"],"relics":["Burning Blood","Self Forming Clay","Paper Frog","Tiny Chest","Mark of Pain","Vajra","Oddly Smooth Stone","Ancient Tea Set"],"acts_visited":["Exordium","TheCity"],"potions_floor_usage":[6,6,21,22,33],"damage_taken":[{"damage":20,"enemies":"Small Slimes","floor":1,"turns":3},{"damage":6,"enemies":"Cultist","floor":4,"turns":4},{"damage":30,"enemies":"Lagavulin","floor":6,"turns":5},{"damage":10,"enemies":"Gremlin Nob","floor":10,"turns":3},{"damage":2,"enemies":"Jaw Worm","floor":12,"turns":1},{"damage":15,"enemies":"Lots of Slimes","floor":14,"turns":3},{"damage":62,"enemies":"The Guardian","floor":16,"turns":10},{"damage":20,"enemies":"2 Thieves","floor":18,"turns":3},{"damage":26,"enemies":"Shell Parasite","floor":20,"turns":3},{"damage":14,"enemies":"Snake Plant","floor":21,"turns":3},{"damage":21,"enemies":"Sentry and Sphere","floor":22,"turns":5},{"damage":24,"enemies":"Snecko","floor":29,"turns":4},{"damage":7,"enemies":"3 Cultists","floor":30,"turns":4},{"damage":95,"enemies":"Automaton","floor":33,"turns":6}],"seed_played":"-5984205346706219177","potions_obtained":[{"floor":1,"key":"DistilledChaos"},{"floor":4,"key":"PowerPotion"},{"floor":14,"key":"BloodPotion"},{"floor":16,"key":"ElixirPotion"},{"floor":21,"key":"Fire Potion"},{"floor":30,"key":"Swift Potion"}],"is_trial":false,"path_per_floor":["M","?","$","M","?","E","R","$","T","E","R","M","?","M","R","B",null,"M","?","M","M","M","R","T","R","T","R","?","M","M","$","R","B"],"character_chosen":"IRONCLAD","items_purchased":["Metallicize","Shockwave","Spot Weakness","Sword Boomerang","Apotheosis","Good Instincts","Entrench"],"campfire_rested":5,"item_purchase_floors":[3,3,8,8,31,31,31],"current_hp_per_floor":[54,54,54,54,54,30,52,52,52,48,70,74,74,65,65,9,59,45,45,29,36,21,44,44,67,67,67,67,49,48,48,71,0,0],"gold":4,"neow_bonus":"UPGRADE_CARD","is_daily":false,"chose_seed":false,"campfire_upgraded":2,"win_rate":0.0,"timestamp":1612906653,"path_taken":["M","?","$","M","?","E","R","$","T","E","R","M","?","?","R","BOSS","M","?","M","M","M","R","?","R","T","R","?","M","?","$","R","BOSS"],"items_purchased_type":["Card","Card","Card","Card","Card","Card","Card"],"build_version":"2020-12-22","purchased_purges":1,"victory":false,"max_hp_per_floor":[75,75,75,75,75,75,75,75,75,75,75,75,75,75,75,75,75,75,75,79,79,79,79,79,79,79,79,79,79,79,79,79,79,79],"relic_stats":{"counters":[14,57],"Self Forming Clay":[126],"Tiny Chest":1,"obtain_stats":[{"Self Forming Clay":6,"Vajra":19,"Oddly Smooth Stone":24,"Tiny Chest":10,"Mark of Pain":17,"Ancient Tea Set":26,"Burning Blood":0,"Paper Frog":9},{"Self Forming Clay":3,"Vajra":8,"Oddly Smooth Stone":11,"Tiny Chest":4,"Mark of Pain":7,"Ancient Tea Set":11,"Burning Blood":0,"Paper Frog":3},{"Self Forming Clay":12,"Vajra":32,"Oddly Smooth Stone":43,"Tiny Chest":15,"Mark of Pain":29,"Ancient Tea Set":43,"Burning Blood":0,"Paper Frog":12}],"Burning Blood":78},"card_choices":[{"not_picked":["Searing Blow","Clothesline"],"picked":"Cleave","floor":1},{"not_picked":["Sentinel","Entrench"],"picked":"Seeing Red","floor":4},{"not_picked":["Clothesline","Exhume"],"picked":"Hemokinesis","floor":6},{"not_picked":["Havoc","Burning Pact"],"picked":"Heavy Blade","floor":10},{"not_picked":["Body Slam","True Grit"],"picked":"Flex","floor":12},{"not_picked":["Cleave","Seeing Red"],"picked":"Feed","floor":14},{"not_picked":["Fiend Fire","Bludgeon"],"picked":"Demon Form","floor":16},{"not_picked":["Dual Wield","Pommel Strike"],"picked":"Clash","floor":18},{"not_picked":["Heavy Blade","Pummel"],"picked":"Perfected Strike+1","floor":20},{"not_picked":["Sever Soul","Havoc"],"picked":"Clothesline","floor":21},{"not_picked":["Sword Boomerang","True Grit"],"picked":"Cleave","floor":22},{"not_picked":["Bloodletting","Intimidate"],"picked":"Twin Strike","floor":29},{"not_picked":["Evolve","Wild Strike"],"picked":"Cleave+1","floor":30}],"player_experience":1547370,"relics_obtained":[{"floor":6,"key":"Self Forming Clay"},{"floor":9,"key":"Paper Frog"},{"floor":10,"key":"Tiny Chest"},{"floor":24,"key":"Oddly Smooth Stone"},{"floor":26,"key":"Ancient Tea Set"}],"event_choices":[{"damage_healed":0,"gold_gain":150,"player_choice":"AGREE","damage_taken":0,"max_hp_gain":0,"max_hp_loss":0,"event_name":"Liars Game","floor":2,"gold_loss":0,"cards_obtained":["Doubt"]},{"damage_healed":0,"gold_gain":0,"player_choice":"Grow","damage_taken":0,"max_hp_gain":0,"max_hp_loss":0,"event_name":"Living Wall","floor":5,"gold_loss":0,"cards_upgraded":["Metallicize"]},{"damage_healed":0,"gold_gain":100,"player_choice":"Gold","damage_taken":0,"max_hp_gain":0,"max_hp_loss":0,"event_name":"Wheel of Change","floor":13,"gold_loss":0},{"damage_healed":0,"gold_gain":0,"player_choice":"Obtained Relic","damage_taken":0,"relics_obtained":["Vajra"],"max_hp_gain":0,"max_hp_loss":0,"event_name":"Addict","floor":19,"gold_loss":85},{"damage_healed":0,"gold_gain":50,"player_choice":"Stole From Cult","damage_taken":0,"max_hp_gain":0,"max_hp_loss":0,"event_name":"Nest","floor":28,"gold_loss":0}],"is_beta":false,"boss_relics":[{"not_picked":["Runic Dome","Philosopher\u0027s Stone"],"picked":"Mark of Pain"}],"items_purged_floors":[3],"is_endless":false,"potions_floor_spawned":[1,4,14,16,18,21,30],"killed_by":"Automaton","ascension_level":20}}