{"host":"mi0eibewekhugwl1","time":1612860262,"event":{"mods":["AchievementEnabler","BaseMod","Colored Map","Colored Powertips","DeckTracker","Keyboard Shortcuts","Minty Spire (QoL Compilation)","Quick Restart","Rare Cards Sparkle","Relic Stats","StSLib","SuperFastMode","everything is the same but u backflip on backflip"],"gold_per_floor":[116,39,39,64,64,78,94,94,119,119,155,179,203,219,219,318,318,333,349,349,6,6,6,42,42,95,109,109,125,148,148],"floor_reached":30,"language":"KOR","playtime":633,"items_purged":["Strike_B"],"score":508,"play_id":"495720b2-242c-4a33-8ae5-25cf58ceeb7c","local_time":"20210209174422","is_ascension_mode":true,"campfire_choices":[{"data":"Sunder","floor":8,"key":"SMITH"},{"data":"Lockon","floor":10,"key":"SMITH"},{"data":"Zap","floor":15,"key":"SMITH"},{"data":"Seek","floor":23,"key":"SMITH"},{"floor":25,"key":"REST"},{"floor":28,"key":"REST"}],"circlet_count":0,"master_deck":["AscendersBane","Strike_B","Strike_B","Strike_B","Defend_B","Defend_B","Defend_B","Defend_B","Zap+1","Dualcast","Sweeping Beam","Self Repair","Sunder+1","Lockon+1","Conserve Battery","Darkness","Chill","Coolheaded","Tempest","Electrodynamics","Conserve Battery+1","Seek+1","Bandage Up","Seek","Turbo","Double Energy","Static Discharge+1"],"relics":["FrozenCore","Juzu Bracelet","Golden Idol","PreservedInsect","MealTicket","Bag of Preparation","Blood Vial"],"acts_visited":["Exordium","TheCity"],"potions_floor_usage":[19,19,24,27,30],"damage_taken":[{"damage":1,"enemies":"Cultist","floor":1,"turns":4},{"damage":2,"enemies":"Small Slimes","floor":4,"turns":3},{"damage":2,"enemies":"Jaw Worm","floor":6,"turns":3},{"damage":7,"enemies":"Looter","floor":7,"turns":4},{"damage":10,"enemies":"3 Sentries","floor":11,"turns":4},{"damage":12,"enemies":"Blue Slaver","floor":12,"turns":4},{"damage":0,"enemies":"Exordium Wildlife","floor":13,"turns":3},{"damage":6,"enemies":"2 Fungi Beasts","floor":14,"turns":4},{"damage":22,"enemies":"The Guardian","floor":16,"turns":11},{"damage":10,"enemies":"Chosen","floor":18,"turns":5},{"damage":26,"enemies":"2 Thieves","floor":19,"turns":4},{"damage":41,"enemies":"Book of Stabbing","floor":24,"turns":5},{"damage":50,"enemies":"Shelled Parasite and Fungi","floor":27,"turns":9},{"damage":21,"enemies":"Centurion and Healer","floor":29,"turns":7},{"damage":20,"enemies":"Snake Plant","floor":30,"turns":2}],"seed_played":"1566970811727005128","potions_obtained":[{"floor":1,"key":"AttackPotion"},{"floor":6,"key":"Explosive Potion"},{"floor":14,"key":"EntropicBrew"},{"floor":27,"key":"SteroidPotion"},{"floor":29,"key":"Regen Potion"},{"floor":30,"key":"FocusPotion"}],"is_trial":false,"path_per_floor":["M","$","?","M","$","M","M","R","T","R","E","M","M","M","R","B",null,"M","M","?","$","?","R","E","R","T","M","R","M","M"],"character_chosen":"DEFECT","items_purchased":["Self Repair","Seek","Bandage Up"],"campfire_rested":2,"item_purchase_floors":[2,21,21],"current_hp_per_floor":[63,63,39,44,44,49,49,49,49,49,46,41,48,49,49,34,62,59,40,40,55,55,55,25,46,46,9,30,22,13,13],"gold":148,"neow_bonus":"RANDOM_COMMON_RELIC","is_daily":false,"chose_seed":false,"campfire_upgraded":4,"win_rate":0.0,"timestamp":1612860262,"path_taken":["M","?","?","M","$","M","M","R","T","R","E","M","M","M","R","BOSS","M","M","?","$","?","R","E","R","T","M","R","M","M"],"items_purchased_type":["Card","Card","Card"],"build_version":"2020-12-22","purchased_purges":1,"victory":false,"max_hp_per_floor":[71,71,71,71,71,71,71,71,71,71,71,71,71,71,71,71,71,71,71,71,71,71,71,71,71,71,71,71,71,71,71],"relic_stats":{"Blood Vial":6,"counters":[15,72],"Golden Idol":75,"MealTicket":15,"PreservedInsect":75,"Juzu Bracelet":1,"Bag of Preparation":[6],"obtain_stats":[{"Blood Vial":26,"Golden Idol":3,"MealTicket":11,"PreservedInsect":9,"Juzu Bracelet":0,"Bag of Preparation":24,"Cracked Core":0,"FrozenCore":17},{"Blood Vial":12,"Golden Idol":1,"MealTicket":5,"PreservedInsect":4,"Juzu Bracelet":0,"Bag of Preparation":12,"Cracked Core":0,"FrozenCore":9},{"Blood Vial":54,"Golden Idol":4,"MealTicket":18,"PreservedInsect":14,"Juzu Bracelet":0,"Bag of Preparation":54,"Cracked Core":0,"FrozenCore":40}],"FrozenCore":[6]},"card_choices":[{"not_picked":["Chaos","Cold Snap"],"picked":"Sweeping Beam","floor":1},{"not_picked":["Steam Power","Double Energy"],"picked":"Sunder","floor":4},{"not_picked":["Auto Shields","Blizzard"],"picked":"Lockon","floor":6},{"not_picked":["Streamline","Sweeping Beam","Conserve Battery"],"picked":"SKIP","floor":7},{"not_picked":["Streamline","Sweeping Beam"],"picked":"Conserve Battery","floor":7},{"not_picked":["Barrage","Hello World"],"picked":"Darkness","floor":11},{"not_picked":["Conserve Battery","Steam Power"],"picked":"Chill","floor":12},{"not_picked":["Ball Lightning","Self Repair"],"picked":"Coolheaded","floor":13},{"not_picked":["Self Repair","Conserve Battery"],"picked":"Tempest","floor":14},{"not_picked":["Thunder Strike","Amplify"],"picked":"Electrodynamics","floor":16},{"not_picked":["Gash+1","Conserve Battery","Doom and Gloom"],"picked":"SKIP","floor":18},{"not_picked":["Hologram","Steam Power"],"picked":"Conserve Battery+1","floor":19},{"not_picked":["Go for the Eyes","Streamline"],"picked":"Turbo","floor":24},{"not_picked":["Storm","Sweeping Beam"],"picked":"Double Energy","floor":27},{"not_picked":["Machine Learning","Genetic Algorithm"],"picked":"Static Discharge+1","floor":29}],"player_experience":1790156,"relics_obtained":[{"floor":9,"key":"PreservedInsect"},{"floor":11,"key":"MealTicket"},{"floor":24,"key":"Bag of Preparation"},{"floor":26,"key":"Blood Vial"}],"event_choices":[{"damage_healed":0,"gold_gain":0,"player_choice":"Take Damage","damage_taken":24,"relics_obtained":["Golden Idol"],"max_hp_gain":0,"max_hp_loss":0,"event_name":"Golden Idol","floor":3,"gold_loss":0},{"damage_healed":0,"gold_gain":0,"player_choice":"Ignored","damage_taken":0,"max_hp_gain":0,"max_hp_loss":0,"event_name":"Ghosts","floor":20,"gold_loss":0},{"damage_healed":0,"gold_gain":0,"player_choice":"Copied","damage_taken":0,"max_hp_gain":0,"max_hp_loss":0,"event_name":"Duplicator","floor":22,"gold_loss":0,"cards_obtained":["Seek"]}],"is_beta":false,"boss_relics":[{"not_picked":["Calling Bell","Ectoplasm"],"picked":"FrozenCore"}],"items_purged_floors":[21],"is_endless":false,"potions_floor_spawned":[1,6,11,14,16,27,29,30],"killed_by":"Snake Plant","ascension_level":20}}