{"host":"r3islh0l1a1ykxfu","time":1612900592,"event":{"mods":["BaseMod","Bestiary","Colored Map","Colored Powertips","Highlight Path","Minty Spire (QoL Compilation)","Relic Stats","Slay-I"],"gold_per_floor":[114,114,129,103,118,148,148,163,163,193,223,223,398,413,413,513,513,528,443,458,473,23,53,53,68,93,93,108,73,103,118,118,218,218,233,248,248,273,315,327,39,69,119,119,149,179,209,224,224,224],"floor_reached":51,"language":"ENG","playtime":14844,"items_purged":[],"score":1253,"play_id":"73752abc-334c-462f-80a8-0d9b3aa82e67","local_time":"20210209135632","daily_mods":["Draft","Hoarder","DeadlyEvents"],"is_ascension_mode":false,"campfire_choices":[{"floor":7.0,"key":"REST"},{"floor":12.0,"key":"REST"},{"data":"Catalyst","floor":15.0,"key":"SMITH"},{"data":"Catalyst","floor":24.0,"key":"SMITH"},{"data":"Catalyst","floor":32.0,"key":"SMITH"},{"data":"Catalyst","floor":40.0,"key":"SMITH"},{"floor":44.0,"key":"REST"},{"data":"Catalyst","floor":49,"key":"SMITH"}],"circlet_count":0,"master_deck":["Crippling Poison","Crippling Poison","Crippling Poison","Leg Sweep","Leg Sweep","Leg Sweep","Backflip","Backflip+1","Backflip+1","Cloak And Dagger","Cloak And Dagger","Cloak And Dagger","Expertise","Expertise","Expertise","Deadly Poison","Deadly Poison","Deadly Poison","Backflip","Backflip","Backflip","Prepared","Prepared","Prepared","Quick Slash","Quick Slash","Quick Slash","Deadly Poison","Deadly Poison","Deadly Poison","Dash","Dash","Dash","Prepared","Prepared","Prepared","Deadly Poison","Deadly Poison","Deadly Poison","Prepared","Prepared","Prepared","Poisoned Stab","Poisoned Stab","Poisoned Stab","Bane","Bane","Bane","Pain","Pain","Pain","Prepared","Prepared","Prepared","Underhanded Strike","Underhanded Strike","Underhanded Strike","Dodge and Roll","Dodge and Roll","Dodge and Roll","Bouncing Flask","Bouncing Flask","Bouncing Flask","Bouncing Flask","Bouncing Flask","Bouncing Flask","Die Die Die","Die Die Die","Die Die Die","Eviscerate","Eviscerate","Eviscerate","Doubt","Doubt","Doubt","Catalyst+1","Catalyst+1","Catalyst+1","Envenom","Envenom","Eviscerate","Eviscerate","Eviscerate","Escape Plan+1","Escape Plan+1","Escape Plan+1","Dagger Throw+1","Dagger Throw+1","Dagger Throw+1","After Image","After Image","After Image","Bane","Bane","Bane","Eviscerate","Eviscerate","Eviscerate","Catalyst+1","Catalyst+1","Catalyst","Bane","Bane","Bane","Deadly Poison","Deadly Poison","Deadly Poison","Corpse Explosion","Corpse Explosion","Corpse Explosion","Bane+1","Bane+1","Bane+1","Bouncing Flask+1","Bouncing Flask+1","Bouncing Flask+1","Catalyst+1","Catalyst+1","Catalyst+1","Deadly Poison","Deadly Poison","Deadly Poison","Bouncing Flask+1","Bouncing Flask+1","Bouncing Flask+1","Prepared","Prepared","Prepared","Eviscerate+1","Eviscerate+1","Eviscerate+1"],"relics":["Ring of the Serpent","WarpedTongs","Blood Vial","Vajra","Mercury Hourglass","MealTicket","Akabeko","Snake Skull","TungstenRod","Prayer Wheel","Happy Flower","MutagenicStrength","Question Card","Snecko Eye","MawBank","Strawberry","Bird Faced Urn","Lantern","Pen Nib","Mummified Hand","War Paint","Eternal Feather"],"acts_visited":["Exordium","TheCity","TheBeyond"],"potions_floor_usage":[],"damage_taken":[{"damage":0.0,"enemies":"Small Slimes","floor":1.0,"turns":3.0},{"damage":1.0,"enemies":"Cultist","floor":3.0,"turns":2.0},{"damage":4.0,"enemies":"2 Louse","floor":5.0,"turns":2.0},{"damage":14.0,"enemies":"Gremlin Nob","floor":6.0,"turns":3.0},{"damage":3.0,"enemies":"Exordium Thugs","floor":8.0,"turns":4.0},{"damage":12.0,"enemies":"Lagavulin","floor":10.0,"turns":6.0},{"damage":19.0,"enemies":"Gremlin Nob","floor":11.0,"turns":3.0},{"damage":7.0,"enemies":"Looter","floor":14.0,"turns":2.0},{"damage":10.0,"enemies":"The Guardian","floor":16.0,"turns":6.0},{"damage":1.0,"enemies":"Spheric Guardian","floor":18.0,"turns":2.0},{"damage":4.0,"enemies":"Shell Parasite","floor":20.0,"turns":2.0},{"damage":20.0,"enemies":"Centurion and Healer","floor":21.0,"turns":7.0},{"damage":0.0,"enemies":"Gremlin Leader","floor":23.0,"turns":3.0},{"damage":0.0,"enemies":"Snecko","floor":25.0,"turns":2.0},{"damage":7.0,"enemies":"3 Cultists","floor":28.0,"turns":3.0},{"damage":6.0,"enemies":"Slavers","floor":30.0,"turns":3.0},{"damage":5.0,"enemies":"Cultist and Chosen","floor":31.0,"turns":3.0},{"damage":36.0,"enemies":"Collector","floor":33.0,"turns":7.0},{"damage":2.0,"enemies":"3 Shapes","floor":35.0,"turns":1.0},{"damage":5.0,"enemies":"3 Darklings","floor":36.0,"turns":2.0},{"damage":13.0,"enemies":"Giant Head","floor":39.0,"turns":5.0},{"damage":29.0,"enemies":"Reptomancer","floor":42.0,"turns":3.0},{"damage":13.0,"enemies":"Nemesis","floor":45.0,"turns":3.0},{"damage":16.0,"enemies":"Reptomancer","floor":46.0,"turns":3.0},{"damage":0.0,"enemies":"Giant Head","floor":47.0,"turns":4.0},{"damage":9,"enemies":"Spire Growth","floor":48,"turns":2},{"damage":50,"enemies":"Time Eater","floor":50,"turns":4}],"seed_played":"-878916022338446095","potions_obtained":[{"floor":1.0,"key":"BlessingOfTheForge"},{"floor":6.0,"key":"FearPotion"},{"floor":11.0,"key":"DuplicationPotion"},{"floor":25.0,"key":"Regen Potion"},{"floor":35.0,"key":"Fruit Juice"},{"floor":46.0,"key":"LiquidBronze"}],"is_trial":false,"path_per_floor":["M","?","M","$","M","E","R","M","T","E","E","R","?","M","R","B",null,"M","?","M","M","$","E","R","M","T","?","M","$","E","M","R","B",null,"M","M","?","T","E","R","$","E","T","R","E","E","E","M","R","B",null],"character_chosen":"THE_SILENT","items_purchased":["Underhanded Strike","Snake Skull","TungstenRod","Catalyst","Bird Faced Urn"],"campfire_rested":3,"item_purchase_floors":[4,22,22,29,41],"current_hp_per_floor":[70,70,69,69,65,51,70,67,67,57,40,61,61,56,56,48,70,69,69,66,48,63,65,65,67,67,67,62,70,64,61,61,27,70,68,65,70,70,66,66,81,55,55,79,69,59,67,60,82,32],"gold":224,"neow_bonus":"","is_daily":true,"chose_seed":false,"campfire_upgraded":5,"win_rate":0.0,"timestamp":1612900592,"path_taken":["M","?","?","?","M","E","R","M","T","E","?","R","?","?","R","BOSS","M","?","M","M","$","E","R","M","T","?","?","$","?","M","R","BOSS","M","M","?","?","?","R","$","E","T","R","?","E","?","M","R","BOSS"],"items_purchased_type":["Card","Relic","Relic","Card","Relic"],"build_version":"2020-12-22","purchased_purges":0,"victory":true,"max_hp_per_floor":[70,70,70,70,70,70,70,70,70,70,70,70,70,70,70,70,70,70,70,70,70,70,70,70,70,70,70,70,70,70,70,70,70,70,70,70,75,75,82,82,82,82,82,82,82,82,82,82,82,82],"relic_stats":{"Happy Flower":[14],"counters":[27,90],"Eternal Feather":22,"Snake Skull":[142],"Pen Nib":[2],"War Paint":["Backflip","Backflip"],"Question Card":14,"MawBank":36,"WarpedTongs":[87],"Mercury Hourglass":[286],"Blood Vial":34,"Mummified Hand":[9],"Bird Faced Urn":[13],"Snecko Eye":[59,75,56,47],"MealTicket":38,"Prayer Wheel":6,"obtain_stats":[{"Lantern":42,"Happy Flower":26,"Vajra":9,"Eternal Feather":47,"Snake Skull":22,"Pen Nib":43,"War Paint":46,"Question Card":30,"MawBank":38,"Akabeko":19,"WarpedTongs":2,"Mercury Hourglass":10,"Blood Vial":6,"Mummified Hand":45,"MutagenicStrength":27,"Strawberry":39,"Bird Faced Urn":41,"Snecko Eye":34,"MealTicket":11,"Prayer Wheel":23,"Ring of the Serpent":17,"TungstenRod":22,"Ring of the Snake":0},{"Lantern":22,"Happy Flower":14,"Vajra":5,"Eternal Feather":25,"Snake Skull":12,"Pen Nib":22,"War Paint":24,"Question Card":16,"MawBank":20,"Akabeko":10,"WarpedTongs":1,"Mercury Hourglass":6,"Blood Vial":4,"Mummified Hand":23,"MutagenicStrength":14,"Strawberry":21,"Bird Faced Urn":21,"Snecko Eye":18,"MealTicket":7,"Prayer Wheel":13,"Ring of the Serpent":9,"TungstenRod":12,"Ring of the Snake":0},{"Lantern":74,"Happy Flower":47,"Vajra":14,"Eternal Feather":84,"Snake Skull":42,"Pen Nib":74,"War Paint":80,"Question Card":53,"MawBank":66,"Akabeko":33,"WarpedTongs":3,"Mercury Hourglass":20,"Blood Vial":10,"Mummified Hand":77,"MutagenicStrength":47,"Strawberry":71,"Bird Faced Urn":71,"Snecko Eye":63,"MealTicket":23,"Prayer Wheel":45,"Ring of the Serpent":31,"TungstenRod":42,"Ring of the Snake":0}],"TungstenRod":54},"card_choices":[{"not_picked":["Dodge and Roll","Cloak And Dagger"],"picked":"Crippling Poison","floor":0.0},{"not_picked":["Outmaneuver","Predator"],"picked":"Leg Sweep","floor":0.0},{"not_picked":["Flechettes","Quick Slash"],"picked":"Backflip","floor":0.0},{"not_picked":["Sucker Punch","Skewer"],"picked":"Cloak And Dagger","floor":0.0},{"not_picked":["Backflip","Outmaneuver"],"picked":"Expertise","floor":0.0},{"not_picked":["Acrobatics","Bane"],"picked":"Deadly Poison","floor":0.0},{"not_picked":["Flying Knee","Skewer"],"picked":"Backflip","floor":0.0},{"not_picked":["PiercingWail","Deflect"],"picked":"Prepared","floor":0.0},{"not_picked":["Sucker Punch","PiercingWail"],"picked":"Quick Slash","floor":0.0},{"not_picked":["Dodge and Roll","Cloak And Dagger"],"picked":"Deadly Poison","floor":0.0},{"not_picked":["Setup","Dagger Spray"],"picked":"Dash","floor":0.0},{"not_picked":["Acrobatics","Dodge and Roll"],"picked":"Prepared","floor":0.0},{"not_picked":["Crippling Poison","Cloak And Dagger"],"picked":"Deadly Poison","floor":0.0},{"not_picked":["Deflect","Outmaneuver"],"picked":"Prepared","floor":0.0},{"not_picked":["Outmaneuver","Quick Slash"],"picked":"Poisoned Stab","floor":0.0},{"not_picked":["Finisher","Backflip"],"picked":"Bane","floor":1.0},{"not_picked":["PiercingWail","Endless Agony"],"picked":"Prepared","floor":3.0},{"not_picked":["Prepared","Tactician"],"picked":"Dodge and Roll","floor":5.0},{"not_picked":["Blade Dance","Poisoned Stab"],"picked":"Bouncing Flask","floor":6.0},{"not_picked":["Poisoned Stab","Choke"],"picked":"Bouncing Flask","floor":8.0},{"not_picked":["Sucker Punch","Quick Slash"],"picked":"Die Die Die","floor":10.0},{"not_picked":["Slice","Finisher"],"picked":"Eviscerate","floor":11.0},{"not_picked":["Dodge and Roll","Dagger Throw"],"picked":"Catalyst","floor":14.0},{"not_picked":["Doppelganger","Burst"],"picked":"Envenom","floor":16.0},{"not_picked":["Dodge and Roll+1","Outmaneuver"],"picked":"Eviscerate","floor":18.0},{"not_picked":["Sucker Punch","Dash"],"picked":"Escape Plan+1","floor":20.0},{"not_picked":["Slice","Poisoned Stab"],"picked":"Dagger Throw+1","floor":21.0},{"not_picked":["Crippling Poison","Blade Dance","Caltrops+1"],"picked":"SKIP","floor":23.0},{"not_picked":["Caltrops+1","Sucker Punch"],"picked":"After Image","floor":25.0},{"not_picked":["Prepared","Leg Sweep"],"picked":"Bane","floor":25.0},{"not_picked":["Poisoned Stab+1","Cloak And Dagger"],"picked":"Eviscerate","floor":28.0},{"not_picked":["Quick Slash","Skewer","Flying Knee"],"picked":"SKIP","floor":28.0},{"not_picked":["Malaise","Footwork+1"],"picked":"Bane","floor":30.0},{"not_picked":["Sucker Punch+1","Underhanded Strike","Quick Slash"],"picked":"Deadly Poison","floor":31.0},{"not_picked":["Sucker Punch","Quick Slash","Tactician+1","Underhanded Strike+1"],"picked":"SKIP","floor":31.0},{"not_picked":["Malaise","Wraith Form v2","A Thousand Cuts"],"picked":"Corpse Explosion","floor":33.0},{"not_picked":["Dodge and Roll","Well Laid Plans","Sucker Punch+1"],"picked":"Bane+1","floor":35.0},{"not_picked":["Eviscerate+1","Riddle With Holes","Outmaneuver+1","Prepared"],"picked":"SKIP","floor":35.0},{"not_picked":["Terror","Dodge and Roll","Dagger Throw"],"picked":"Bouncing Flask+1","floor":36.0},{"not_picked":["Accuracy+1","Dagger Spray","Quick Slash","Bane"],"picked":"SKIP","floor":36.0},{"not_picked":["Grand Finale","Flying Knee","Poisoned Stab+1","Slice"],"picked":"SKIP","floor":39.0},{"not_picked":["Underhanded Strike","Dash","Noxious Fumes"],"picked":"Catalyst+1","floor":42.0},{"not_picked":["Backstab","Dagger Spray","Deflect+1","Distraction"],"picked":"SKIP","floor":45.0},{"not_picked":["Reflex+1","Deflect","Slice+1"],"picked":"Deadly Poison","floor":46.0},{"not_picked":["Prepared","Choke+1","Riddle With Holes+1"],"picked":"Bouncing Flask+1","floor":47.0},{"not_picked":["Crippling Poison","Night Terror","Quick Slash+1"],"picked":"Prepared","floor":48},{"not_picked":["Outmaneuver","Reflex+1","Bane"],"picked":"Eviscerate+1","floor":48}],"player_experience":1237876,"relics_obtained":[{"floor":6.0,"key":"Blood Vial"},{"floor":9.0,"key":"Vajra"},{"floor":10.0,"key":"Mercury Hourglass"},{"floor":11.0,"key":"MealTicket"},{"floor":23.0,"key":"Prayer Wheel"},{"floor":26.0,"key":"Happy Flower"},{"floor":30.0,"key":"Question Card"},{"floor":38.0,"key":"MawBank"},{"floor":39.0,"key":"Strawberry"},{"floor":42.0,"key":"Lantern"},{"floor":43.0,"key":"Pen Nib"},{"floor":45.0,"key":"Mummified Hand"},{"floor":46.0,"key":"War Paint"},{"floor":47.0,"key":"Eternal Feather"}],"event_choices":[{"damage_healed":0.0,"max_hp_gain":0.0,"max_hp_loss":0.0,"gold_gain":0.0,"event_name":"Accursed Blacksmith","player_choice":"Rummage","floor":2.0,"gold_loss":0.0,"damage_taken":0.0,"relics_obtained":["WarpedTongs"],"cards_obtained":["Pain"]},{"damage_healed":0.0,"max_hp_gain":0.0,"max_hp_loss":0.0,"gold_gain":175.0,"event_name":"Liars Game","player_choice":"AGREE","floor":13.0,"gold_loss":0.0,"damage_taken":0.0,"cards_obtained":["Doubt"]},{"damage_healed":0.0,"max_hp_gain":0.0,"max_hp_loss":0.0,"gold_gain":0.0,"event_name":"Addict","player_choice":"Obtained Relic","floor":19.0,"gold_loss":85.0,"damage_taken":0.0,"relics_obtained":["Akabeko"]},{"damage_healed":0.0,"max_hp_gain":0.0,"max_hp_loss":0.0,"gold_gain":0.0,"event_name":"Drug Dealer","player_choice":"Inject Mutagens","floor":27.0,"gold_loss":0.0,"damage_taken":0.0,"relics_obtained":["MutagenicStrength"]},{"cards_removed":["Envenom"],"damage_healed":0.0,"max_hp_gain":0.0,"max_hp_loss":0.0,"gold_gain":0.0,"event_name":"Falling","player_choice":"Removed Power","floor":37.0,"gold_loss":0.0,"damage_taken":0.0}],"is_beta":false,"boss_relics":[{"not_picked":["Fusion Hammer","Sozu"],"picked":"Ring of the Serpent"},{"not_picked":["Runic Pyramid","Velvet Choker"],"picked":"Snecko Eye"}],"items_purged_floors":[],"is_endless":false,"potions_floor_spawned":[1,6,11,25,28,30,35,46,48],"ascension_level":0}}