{"host":"rb2p2z6v6vieend5","time":1612877434,"event":{"mods":["BaseMod","Block Reminder","Colored Map","DeckTracker","Highlight Path","Minty Spire (QoL Compilation)","Random Character Button","Relic Stats"],"gold_per_floor":[110,126,301,301,315,315,343,363,363,378,378,378],"floor_reached":11,"language":"ENG","playtime":612,"items_purged":[],"score":94,"play_id":"17e9deba-8c35-44fd-82a6-ca26e3ddd82a","local_time":"20210209143034","is_ascension_mode":true,"campfire_choices":[{"data":"Eruption","floor":6,"key":"SMITH"}],"circlet_count":0,"master_deck":["Strike_P","Strike_P","Strike_P","Defend_P","Defend_P+1","Defend_P+1","Defend_P","Eruption+1","Vigilance","CurseOfTheBell","Protect","PathToVictory","Doubt","Fasting2","DevaForm","Devotion","Prostrate"],"relics":["Calling Bell","Bag of Preparation","The Courier","CaptainsWheel","Bag of Marbles","War Paint"],"acts_visited":["Exordium"],"potions_floor_usage":[],"damage_taken":[{"damage":7,"enemies":"Small Slimes","floor":1,"turns":4},{"damage":3,"enemies":"2 Louse","floor":2,"turns":4},{"damage":0,"enemies":"Cultist","floor":5,"turns":4},{"damage":13,"enemies":"Lagavulin","floor":7,"turns":8},{"damage":23,"enemies":"Lots of Slimes","floor":8,"turns":4},{"damage":0,"enemies":"Large Slime","floor":10,"turns":7},{"damage":32,"enemies":"3 Sentries","floor":11,"turns":5}],"seed_played":"-4026838581979588237","potions_obtained":[{"floor":5,"key":"Weak Potion"},{"floor":7,"key":"SteroidPotion"},{"floor":8,"key":"Fire Potion"}],"is_trial":false,"path_per_floor":["M","M","?","?","M","R","E","M","T","M","E"],"character_chosen":"WATCHER","items_purchased":[],"campfire_rested":0,"item_purchase_floors":[],"current_hp_per_floor":[65,62,62,62,62,62,49,26,26,26,0,0],"gold":378,"neow_bonus":"BOSS_RELIC","is_daily":false,"chose_seed":false,"campfire_upgraded":1,"win_rate":0.0,"timestamp":1612877434,"path_taken":["M","M","?","?","M","R","E","M","T","?","E"],"items_purchased_type":[],"build_version":"2020-12-22","purchased_purges":0,"victory":false,"max_hp_per_floor":[72,72,72,72,72,72,72,72,72,72,72,72],"relic_stats":{"counters":[7,36],"Bag of Preparation":[14],"War Paint":["Defend_P","Defend_P"],"obtain_stats":[{"Calling Bell":0,"CaptainsWheel":0,"The Courier":0,"Bag of Preparation":0,"Bag of Marbles":7,"PureWater":0,"War Paint":9},{"Calling Bell":0,"CaptainsWheel":0,"The Courier":0,"Bag of Preparation":0,"Bag of Marbles":4,"PureWater":0,"War Paint":5},{"Calling Bell":0,"CaptainsWheel":0,"The Courier":0,"Bag of Preparation":0,"Bag of Marbles":20,"PureWater":0,"War Paint":24}]},"card_choices":[{"not_picked":["EmptyBody","EmptyFist"],"picked":"Protect","floor":1},{"not_picked":["Adaptation","FlurryOfBlows"],"picked":"PathToVictory","floor":2},{"not_picked":["BowlingBash","EmptyBody"],"picked":"DevaForm","floor":5},{"not_picked":["EmptyBody","Nirvana"],"picked":"Devotion","floor":7},{"not_picked":["CrushJoints","Consecrate","Crescendo"],"picked":"SKIP","floor":8},{"not_picked":["EmptyBody","Meditate"],"picked":"Prostrate","floor":10}],"player_experience":705946,"relics_obtained":[{"floor":0,"key":"Bag of Preparation"},{"floor":0,"key":"The Courier"},{"floor":0,"key":"CaptainsWheel"},{"floor":7,"key":"Bag of Marbles"},{"floor":9,"key":"War Paint"}],"event_choices":[{"damage_healed":0,"gold_gain":175,"player_choice":"AGREE","damage_taken":0,"max_hp_gain":0,"max_hp_loss":0,"event_name":"Liars Game","floor":3,"gold_loss":0,"cards_obtained":["Doubt"]},{"damage_healed":0,"gold_gain":0,"cards_transformed":["Strike_P"],"player_choice":"Transformed","damage_taken":0,"max_hp_gain":0,"max_hp_loss":0,"event_name":"Transmorgrifier","floor":4,"gold_loss":0,"cards_obtained":["Fasting2"]}],"is_beta":false,"boss_relics":[],"items_purged_floors":[],"is_endless":false,"potions_floor_spawned":[5,7,8],"killed_by":"3 Sentries","ascension_level":5}}