{"host":"a1eatafr7pisesky","time":1612856938,"event":{"mods":["AchievementEnabler","BaseMod","Colored Map","Keyboard Shortcuts","Minty Spire (QoL Compilation)","Say the Spire","StSLib","SuperFastMode","everything is the same but u backflip on backflip"],"gold_per_floor":[116,116,116,41,41,82,82,98,175,12,28,68,68,84,84,182,182,203,43,43,43,33,33,33,33,33,33,33,33],"floor_reached":28,"language":"KOR","playtime":413,"items_purged":["Strike_B"],"score":445,"play_id":"2f251ba3-8c4c-4de6-9871-023e739694ab","local_time":"20210209164858","is_ascension_mode":true,"campfire_choices":[{"data":"Darkness","floor":7.0,"key":"SMITH"},{"data":"Darkness","floor":13.0,"key":"SMITH"},{"floor":15.0,"key":"REST"},{"floor":23.0,"key":"REST"},{"floor":25.0,"key":"REST"}],"circlet_count":0,"master_deck":["AscendersBane","Defend_B","Defend_B","Zap","Dualcast","Sweeping Beam","Darkness+1","Compile Driver","Glacier","Capacitor","Darkness+1","Consume","Ball Lightning","Multi-Cast","Recycle","Defragment","Capacitor","Cold Snap","Coolheaded","Writhe"],"relics":["Cracked Core","NeowsBlessing","Golden Idol","Akabeko","Meat on the Bone","Dream Catcher","SacredBark","Runic Capacitor","Bottled Lightning","Gremlin Horn"],"acts_visited":["Exordium","TheCity"],"potions_floor_usage":[28],"damage_taken":[{"damage":0.0,"enemies":"Small Slimes","floor":1.0,"turns":1.0},{"damage":0.0,"enemies":"Lagavulin","floor":6.0,"turns":1.0},{"damage":0.0,"enemies":"2 Louse","floor":8.0,"turns":1.0},{"damage":7.0,"enemies":"Jaw Worm","floor":11.0,"turns":2.0},{"damage":16.0,"enemies":"Gremlin Nob","floor":12.0,"turns":3.0},{"damage":1.0,"enemies":"Looter","floor":14.0,"turns":3.0},{"damage":42.0,"enemies":"Hexaghost","floor":16.0,"turns":7.0},{"damage":55.0,"enemies":"Shell Parasite","floor":18.0,"turns":6.0},{"damage":17.0,"enemies":"2 Thieves","floor":22.0,"turns":4.0},{"damage":55,"enemies":"Colosseum Slavers","floor":28,"turns":6},{"damage":27,"enemies":"Colosseum Nobs","floor":28,"turns":2}],"seed_played":"7767923915783492892","potions_obtained":[{"floor":1.0,"key":"PowerPotion"},{"floor":8.0,"key":"PowerPotion"},{"floor":14.0,"key":"PowerPotion"},{"floor":18.0,"key":"Swift Potion"},{"floor":22.0,"key":"Strength Potion"}],"is_trial":false,"path_per_floor":["M","?","?","?","?","E","R","M","T","$","M","E","R","M","R","B",null,"M","$","?","$","M","R","?","R","T","?","?"],"character_chosen":"DEFECT","items_purchased":["Glacier","Runic Capacitor"],"campfire_rested":3,"item_purchase_floors":[10,19],"current_hp_per_floor":[64,40,40,40,33,33,33,33,33,33,38,34,34,45,66,36,62,19,19,19,19,14,35,35,56,56,56,0,0],"gold":33,"neow_bonus":"THREE_ENEMY_KILL","is_daily":false,"chose_seed":false,"campfire_upgraded":2,"win_rate":0.0,"timestamp":1612856938,"path_taken":["M","?","?","?","?","E","R","M","T","$","M","E","R","M","R","BOSS","M","$","?","$","M","R","?","R","T","?","?"],"items_purchased_type":["Card","Relic"],"build_version":"2020-12-22","purchased_purges":1,"victory":false,"max_hp_per_floor":[71,71,71,71,71,71,71,71,71,71,71,71,71,71,71,71,71,71,71,71,71,71,71,71,71,71,71,71,71],"card_choices":[{"not_picked":["Rip and Tear","Fusion"],"picked":"Sweeping Beam","floor":1.0},{"not_picked":["Turbo","Chaos"],"picked":"Darkness","floor":6.0},{"not_picked":["Redo","Reinforced Body"],"picked":"Compile Driver","floor":8.0},{"not_picked":["Compile Driver","Beam Cell"],"picked":"Capacitor","floor":11.0},{"not_picked":["Beam Cell","Hologram"],"picked":"Darkness","floor":12.0},{"not_picked":["Gash","Lockon"],"picked":"Consume","floor":14.0},{"not_picked":["Heatsinks","Gash"],"picked":"Ball Lightning","floor":15.0},{"not_picked":["Hyperbeam","Rainbow"],"picked":"Multi-Cast","floor":16.0},{"not_picked":["Streamline","Hello World","Beam Cell"],"picked":"SKIP","floor":18.0},{"not_picked":["Redo","Core Surge"],"picked":"Capacitor","floor":22.0},{"not_picked":["Stack","Rip and Tear"],"picked":"Cold Snap","floor":23.0},{"not_picked":["Doom and Gloom","Redo"],"picked":"Coolheaded","floor":25.0}],"player_experience":428553,"relics_obtained":[{"floor":6.0,"key":"Akabeko"},{"floor":9.0,"key":"Meat on the Bone"},{"floor":12.0,"key":"Dream Catcher"},{"floor":26.0,"key":"Bottled Lightning"}],"event_choices":[{"damage_healed":0.0,"max_hp_gain":0.0,"max_hp_loss":0.0,"gold_gain":0.0,"event_name":"Golden Idol","player_choice":"Take Damage","floor":2.0,"gold_loss":0.0,"damage_taken":24.0,"relics_obtained":["Golden Idol"]},{"cards_removed":["Strike_B"],"damage_healed":0.0,"max_hp_gain":0.0,"max_hp_loss":0.0,"gold_gain":0.0,"event_name":"Living Wall","player_choice":"Forget","floor":3.0,"gold_loss":0.0,"damage_taken":0.0},{"cards_removed":["Strike_B"],"damage_healed":0.0,"max_hp_gain":0.0,"max_hp_loss":0.0,"gold_gain":0.0,"event_name":"The Cleric","player_choice":"Card Removal","floor":4.0,"gold_loss":75.0,"damage_taken":0.0},{"cards_removed":["Defend_B"],"damage_healed":0.0,"max_hp_gain":0.0,"max_hp_loss":0.0,"gold_gain":0.0,"event_name":"Golden Wing","player_choice":"Card Removal","floor":5.0,"gold_loss":0.0,"damage_taken":7.0},{"damage_healed":0.0,"max_hp_gain":0.0,"max_hp_loss":0.0,"gold_gain":0.0,"cards_transformed":["Defend_B","Strike_B"],"event_name":"Drug Dealer","player_choice":"Became Test Subject","floor":20.0,"gold_loss":0.0,"damage_taken":0.0,"cards_obtained":["Recycle","Defragment"]},{"damage_healed":0.0,"max_hp_gain":0.0,"max_hp_loss":0.0,"gold_gain":0.0,"event_name":"The Mausoleum","player_choice":"Opened","floor":27.0,"gold_loss":0.0,"damage_taken":0.0,"relics_obtained":["Gremlin Horn"],"cards_obtained":["Writhe"]},{"damage_healed":0,"gold_gain":0,"player_choice":"Fight","damage_taken":0,"max_hp_gain":0,"max_hp_loss":0,"event_name":"Colosseum","floor":28,"gold_loss":0},{"damage_healed":0,"gold_gain":0,"player_choice":"Fought Nobs","damage_taken":0,"max_hp_gain":0,"max_hp_loss":0,"event_name":"Colosseum","floor":28,"gold_loss":0}],"is_beta":false,"boss_relics":[{"not_picked":["SlaversCollar","Empty Cage"],"picked":"SacredBark"}],"items_purged_floors":[10],"is_endless":false,"potions_floor_spawned":[1,8,14,18,22],"killed_by":"Colosseum Nobs","ascension_level":16}}