{"host":"824exx23qlyrdtjz","time":1612897688,"event":{"mods":["BaseMod","Colored Map","Downfall","Minty Spire (QoL Compilation)","StSLib"],"gold_per_floor":[99,274,16,16,31,481,481,381,381,381,394,408,408,408,426,426,426,426],"floor_reached":16,"language":"ENG","playtime":456,"items_purged":["Doubt"],"score":87,"play_id":"a7d26221-3a77-4dca-8d51-cddb58cfe7a1","local_time":"20210209140808","is_ascension_mode":false,"campfire_choices":[{"floor":1,"key":"RECALL"},{"data":"bronze:Replicate","floor":8,"key":"SMITH"},{"data":"expansioncontent:AwakenDeath","floor":10,"key":"SMITH"},{"data":"bronze:BronzeArmor","floor":13,"key":"SMITH"}],"circlet_count":0,"master_deck":["bronze:Strike","bronze:Strike","bronze:Strike","bronze:Defend","bronze:Defend","bronze:Defend","bronze:Defend","bronze:Replicate+1","bronze:Goto","bronze:Shield","bronze:BronzeArmor+1","expansioncontent:AwakenDeath+1","downfall:Icky","bronze:BitShift","downfall:Aged"],"relics":["Philosopher\u0027s Stone","Nunchaku","downfall:HeartBlessingRed","Spirit Poop"],"acts_visited":["Exordium"],"potions_floor_usage":[16],"damage_taken":[{"damage":10,"enemies":"downfall:FleeingMerchant","floor":3,"turns":4},{"damage":0,"enemies":"Small Slimes","floor":5,"turns":4},{"damage":8,"enemies":"Jaw Worm","floor":11,"turns":5},{"damage":2,"enemies":"Cultist","floor":12,"turns":3},{"damage":17,"enemies":"2 Fungi Beasts","floor":15,"turns":5},{"damage":81,"enemies":"DF_ARCHETYPE_STREAMLINE","floor":16,"turns":12}],"seed_played":"-8292355731960796563","potions_obtained":[{"floor":11,"key":"Energy Potion"}],"is_trial":false,"path_per_floor":["R","?","$","?","M","?","T","R","?","R","M","M","R","?","M","B"],"character_chosen":"THE_AUTOMATON","items_purchased":["bronze:BronzeArmor","expansioncontent:AwakenDeath"],"campfire_rested":0,"item_purchase_floors":[3,3],"current_hp_per_floor":[70,70,60,60,60,60,60,60,60,60,52,50,50,50,33,0,0,0],"gold":426,"neow_bonus":"BOSS_RELIC","is_daily":false,"chose_seed":false,"campfire_upgraded":3,"win_rate":0.0,"timestamp":1612897688,"path_taken":["R","?","$","?","M","?","T","R","?","R","M","?","R","?","M","BOSS"],"items_purchased_type":["Card","Card"],"build_version":"2020-12-22","purchased_purges":1,"victory":false,"max_hp_per_floor":[70,70,70,70,70,70,70,70,70,70,70,70,70,70,70,70,70,70],"card_choices":[{"not_picked":["bronze:BugBarrage","bronze:BuggyMess"],"picked":"bronze:Shield","floor":3},{"not_picked":["bronze:Frontload","bronze:Turbo","bronze:Shield"],"picked":"SKIP","floor":5},{"not_picked":["bronze:Deprecate","bronze:ForLoop","bronze:Invalidate"],"picked":"SKIP","floor":11},{"not_picked":["bronze:FineTuning","bronze:DelayedGuard"],"picked":"bronze:BitShift","floor":12},{"not_picked":["bronze:Invalidate","bronze:Constructor","bronze:BitShift"],"picked":"SKIP","floor":15}],"player_experience":202716,"relics_obtained":[{"floor":7,"key":"Nunchaku"}],"event_choices":[{"cards_removed":["bronze:Strike"],"damage_healed":0,"gold_gain":0,"player_choice":"Card Removal","damage_taken":0,"max_hp_gain":0,"max_hp_loss":0,"event_name":"The Cleric","floor":4,"gold_loss":0},{"cards_removed":["downfall:Icky"],"damage_healed":0,"gold_gain":0,"player_choice":"Offered Curse","damage_taken":0,"relics_obtained":["Spirit Poop"],"max_hp_gain":0,"max_hp_loss":0,"event_name":"Bonfire Elementals","floor":9,"gold_loss":0},{"damage_healed":0,"gold_gain":0,"cards_transformed":["downfall:Icky"],"player_choice":"Change","damage_taken":0,"max_hp_gain":0,"max_hp_loss":0,"event_name":"Living Wall","floor":14,"gold_loss":0,"cards_obtained":["downfall:Aged"]}],"is_beta":false,"boss_relics":[],"items_purged_floors":[3],"is_endless":false,"potions_floor_spawned":[11],"killed_by":"DF_ARCHETYPE_STREAMLINE","ascension_level":0}}