{"host":"xw7092rw7wabncmm","time":1612840854,"event":{"mods":["AchievementEnabler","BaseMod","Bestiary","Block Reminder","Minty Spire (QoL Compilation)","Quick Restart","Relic Stats","Slay-I","Weighted Paths"],"gold_per_floor":[114,132,151,166,166,166,199,199,280,280,310,320,354,83,83,188,188,204,216,232,232,232,244,244],"floor_reached":23,"language":"ENG","playtime":1206,"items_purged":[],"score":307,"play_id":"1ee4513c-0cc7-43b2-914b-c6abfc43660d","local_time":"20210208222054","is_ascension_mode":true,"campfire_choices":[{"data":"Hyperbeam","floor":6,"key":"SMITH"},{"data":"Zap","floor":8,"key":"SMITH"},{"data":"Dualcast","floor":10,"key":"SMITH"},{"floor":15,"key":"REST"}],"circlet_count":0,"master_deck":["Strike_B","Strike_B","Defend_B","Defend_B","Defend_B","Defend_B","Zap+1","Dualcast+1","Cold Snap","Hologram","Ball Lightning","Hyperbeam+1","Ball Lightning","Melter","Coolheaded","Conserve Battery","Rainbow","Steam","Leap","Stack","Consume","Barrage"],"relics":["Philosopher\u0027s Stone","NlothsMask","Pocketwatch","Juzu Bracelet","Ancient Tea Set","Regal Pillow","SlaversCollar","MawBank"],"acts_visited":["Exordium","TheCity"],"potions_floor_usage":[4,7,11,15,16,18,18,20,23],"damage_taken":[{"damage":3,"enemies":"Jaw Worm","floor":1,"turns":4},{"damage":0,"enemies":"Cultist","floor":2,"turns":4},{"damage":3,"enemies":"Small Slimes","floor":3,"turns":4},{"damage":5,"enemies":"3 Louse","floor":4,"turns":2},{"damage":11,"enemies":"3 Sentries","floor":7,"turns":3},{"damage":0,"enemies":"Gremlin Nob","floor":11,"turns":2},{"damage":0,"enemies":"Large Slime","floor":12,"turns":3},{"damage":39,"enemies":"Lagavulin","floor":13,"turns":4},{"damage":12,"enemies":"Hexaghost","floor":16,"turns":9},{"damage":2,"enemies":"2 Thieves","floor":18,"turns":2},{"damage":0,"enemies":"Spheric Guardian","floor":19,"turns":3},{"damage":18,"enemies":"Snake Plant","floor":20,"turns":4},{"damage":49,"enemies":"Book of Stabbing","floor":23,"turns":4}],"seed_played":"6785556140557680222","potions_obtained":[{"floor":1,"key":"Ancient Potion"},{"floor":2,"key":"AttackPotion"},{"floor":3,"key":"Energy Potion"},{"floor":16,"key":"PowerPotion"},{"floor":20,"key":"PowerPotion"}],"is_trial":false,"path_per_floor":["M","M","M","M","?","R","E","R","T","R","E","M","E","$","R","B",null,"M","M","M","?","T","E"],"character_chosen":"DEFECT","items_purchased":["Regal Pillow","EntropicBrew","Conserve Battery"],"campfire_rested":1,"item_purchase_floors":[14,14,14],"current_hp_per_floor":[65,65,62,57,57,57,46,46,46,46,46,46,7,7,44,32,64,62,62,44,44,44,0,0],"gold":244,"neow_bonus":"BOSS_RELIC","is_daily":false,"chose_seed":false,"campfire_upgraded":3,"win_rate":0.0,"timestamp":1612840854,"path_taken":["M","M","M","M","?","R","E","R","T","R","E","M","E","$","R","BOSS","M","M","M","?","?","E"],"items_purchased_type":["Relic","Potion","Card"],"build_version":"2020-12-22","purchased_purges":0,"victory":false,"max_hp_per_floor":[75,75,75,75,75,75,75,75,75,75,75,75,75,75,75,75,75,75,75,75,75,75,75,75],"relic_stats":{"Regal Pillow":15,"counters":[13,48],"Juzu Bracelet":0,"MawBank":12,"obtain_stats":[{"SlaversCollar":17,"Regal Pillow":14,"Philosopher\u0027s Stone":0,"Juzu Bracelet":11,"Cracked Core":0,"Ancient Tea Set":13,"MawBank":22,"NlothsMask":5,"Pocketwatch":7},{"SlaversCollar":9,"Regal Pillow":8,"Philosopher\u0027s Stone":0,"Juzu Bracelet":6,"Cracked Core":0,"Ancient Tea Set":8,"MawBank":12,"NlothsMask":4,"Pocketwatch":5},{"SlaversCollar":35,"Regal Pillow":26,"Philosopher\u0027s Stone":0,"Juzu Bracelet":19,"Cracked Core":0,"Ancient Tea Set":26,"MawBank":44,"NlothsMask":14,"Pocketwatch":17}],"Pocketwatch":[21]},"card_choices":[{"not_picked":["Defragment","Double Energy"],"picked":"Cold Snap","floor":1},{"not_picked":["Beam Cell","Redo"],"picked":"Hologram","floor":2},{"not_picked":["Loop","Reinforced Body"],"picked":"Ball Lightning","floor":3},{"not_picked":["Barrage","Reprogram"],"picked":"Hyperbeam","floor":4},{"not_picked":["Scrape","Sweeping Beam"],"picked":"Ball Lightning","floor":7},{"not_picked":["Gash","Auto Shields"],"picked":"Melter","floor":11},{"not_picked":["Turbo","Gash","Redo"],"picked":"SKIP","floor":12},{"not_picked":["Meteor Strike","Cold Snap"],"picked":"Coolheaded","floor":13},{"not_picked":["Echo Form","Biased Cognition"],"picked":"Rainbow","floor":16},{"not_picked":["Auto Shields+1","Stack"],"picked":"Steam","floor":18},{"not_picked":["Rip and Tear+1","Defragment"],"picked":"Leap","floor":19},{"not_picked":["Steam Power","Rebound"],"picked":"Stack","floor":20}],"player_experience":1614605,"relics_obtained":[{"floor":7,"key":"Pocketwatch"},{"floor":11,"key":"Juzu Bracelet"},{"floor":13,"key":"Ancient Tea Set"},{"floor":22,"key":"MawBank"}],"event_choices":[{"damage_healed":0,"gold_gain":0,"player_choice":"Trade","damage_taken":0,"relics_obtained":["NlothsMask"],"max_hp_gain":0,"max_hp_loss":0,"event_name":"FaceTrader","floor":5,"gold_loss":0},{"damage_healed":0,"gold_gain":0,"cards_transformed":["Strike_B","Strike_B"],"player_choice":"Became Test Subject","damage_taken":0,"max_hp_gain":0,"max_hp_loss":0,"event_name":"Drug Dealer","floor":21,"gold_loss":0,"cards_obtained":["Consume","Barrage"]}],"is_beta":false,"boss_relics":[{"not_picked":["Velvet Choker","Cursed Key"],"picked":"SlaversCollar"}],"items_purged_floors":[],"is_endless":false,"potions_floor_spawned":[1,2,3,16,20],"killed_by":"Book of Stabbing","ascension_level":6}}