{"host":"abdxwahegzejqccj","time":1612863381,"event":{"mods":["BaseMod","Better Note","BetterRewards","Colored Powertips","Downfall","Hermit","Minty Spire (QoL Compilation)","StSLib","The Cursed"],"gold_per_floor":[109,284,300,312,325,325,358,358,383,411,411,381,393,403,403,508,508,518,76,86,112,122,152,152,170,244,278,13,24,24,37,37,139,139,154,454,76,76,91,126,126,159,207,207,218,16,16,27,27,27],"floor_reached":51,"language":"ENG","playtime":2381,"items_purged":["Strike_G","Strike_G","Doubt","Strike_G"],"score":1261,"play_id":"764becbd-b382-41d2-94a3-bdfc9ea9e137","local_time":"20210209203621","is_ascension_mode":true,"campfire_choices":[{"floor":6,"key":"REST"},{"floor":8,"key":"REST"},{"floor":15,"key":"REST"},{"data":"Mayhem","floor":24,"key":"SMITH"},{"floor":30,"key":"REST"},{"data":"Mayhem","floor":32,"key":"SMITH"},{"data":"Burst","floor":41,"key":"SMITH"},{"data":"Malaise","floor":44,"key":"SMITH"},{"floor":49,"key":"REST"}],"circlet_count":0,"master_deck":["Defend_G","Defend_G","Defend_G","Defend_G","Defend_G","Survivor","Neutralize","Mayhem+1","Accuracy","Cloak And Dagger","Dagger Spray+1","Footwork","Sadistic Nature","Sucker Punch+1","Infinite Blades","Dodge and Roll","Cloak And Dagger","Deflect","Deflect","Accuracy","Malaise+1","Dagger Spray+1","Mayhem+1","PiercingWail","PiercingWail","Caltrops","Dodge and Roll+1","Burst+1","Infinite Blades","Accuracy","Panache","Bouncing Flask","After Image"],"relics":["Ring of the Serpent","Molten Egg 2","Chemical X","PreservedInsect","Strawberry","Blood Vial","Black Star","Lee\u0027s Waffle","Happy Flower","Ninja Scroll","Smiling Mask","Kunai","Oddly Smooth Stone","Blue Candle","Membership Card","Mummified Hand","Orichalcum","Sundial","Guardian:PocketSentry","Letter Opener","Turnip","Snake Skull","Dream Catcher","Vajra","Regal Pillow"],"acts_visited":["Exordium","TheCity","TheBeyond"],"potions_floor_usage":[7,13,13,16,22,27,33,33,38,40,50],"damage_taken":[{"damage":0,"enemies":"2 Louse","floor":1,"turns":2},{"damage":3,"enemies":"Jaw Worm","floor":3,"turns":4},{"damage":0,"enemies":"Cultist","floor":4,"turns":4},{"damage":6,"enemies":"Exordium Thugs","floor":5,"turns":4},{"damage":16,"enemies":"3 Sentries","floor":7,"turns":7},{"damage":14,"enemies":"Lagavulin","floor":10,"turns":7},{"damage":1,"enemies":"Looter","floor":12,"turns":4},{"damage":4,"enemies":"Gremlin Gang","floor":13,"turns":3},{"damage":0,"enemies":"Blue Slaver","floor":14,"turns":4},{"damage":26,"enemies":"The Guardian","floor":16,"turns":11},{"damage":20,"enemies":"Spheric Guardian","floor":18,"turns":6},{"damage":12,"enemies":"3 Byrds","floor":20,"turns":7},{"damage":3,"enemies":"Snecko","floor":22,"turns":8},{"damage":30,"enemies":"Gremlin Leader","floor":23,"turns":6},{"damage":6,"enemies":"Centurion and Healer","floor":25,"turns":6},{"damage":10,"enemies":"Book of Stabbing","floor":27,"turns":6},{"damage":0,"enemies":"Chosen and Byrds","floor":29,"turns":7},{"damage":0,"enemies":"Snake Plant","floor":31,"turns":7},{"damage":6,"enemies":"Automaton","floor":33,"turns":9},{"damage":7,"enemies":"Orb Walker","floor":35,"turns":4},{"damage":2,"enemies":"3 Darklings","floor":38,"turns":2},{"damage":4,"enemies":"Maw","floor":39,"turns":7},{"damage":7,"enemies":"Nemesis","floor":40,"turns":6},{"damage":5,"enemies":"Reptomancer","floor":42,"turns":6},{"damage":0,"enemies":"Sphere and 2 Shapes","floor":45,"turns":4},{"damage":0,"enemies":"Spire Growth","floor":48,"turns":5},{"damage":23,"enemies":"Donu and Deca","floor":50,"turns":7}],"seed_played":"-3054310814676029007","potions_obtained":[{"floor":4,"key":"AttackPotion"},{"floor":5,"key":"bronze:BurnAndBuffPotion"},{"floor":10,"key":"CunningPotion"},{"floor":13,"key":"SteroidPotion"},{"floor":14,"key":"Poison Potion"},{"floor":20,"key":"Block Potion"},{"floor":22,"key":"SmokeBomb"},{"floor":27,"key":"CultistPotion"},{"floor":29,"key":"GamblersBrew"},{"floor":31,"key":"Fire Potion"},{"floor":39,"key":"Swift Potion"},{"floor":40,"key":"GamblersBrew"},{"floor":48,"key":"Strength Potion"}],"is_trial":false,"path_per_floor":["M","?","M","M","M","R","E","R","T","E","?","M","M","M","R","B",null,"M","$","M","T","M","E","R","M","T","E","$","M","R","M","R","B",null,"M","?","$","M","M","E","R","E","T","R","M","$","?","M","R","B",null],"character_chosen":"THE_SILENT","items_purchased":["Mayhem","Molten Egg 2","Accuracy","Cloak And Dagger","Dagger Spray+1","Footwork","Chemical X","Sadistic Nature","Mayhem","Lee\u0027s Waffle","Membership Card","Mummified Hand","Accuracy","Panache","Orichalcum","Sundial","Vajra","Regal Pillow"],"campfire_rested":5,"item_purchase_floors":[0,0,0,0,0,0,0,0,19,19,28,28,37,37,37,37,46,46],"current_hp_per_floor":[32,32,29,29,23,44,28,49,56,42,35,36,34,36,59,35,67,49,84,72,72,71,43,43,39,39,31,31,33,58,60,60,56,77,72,72,72,72,70,65,65,62,62,62,64,64,64,66,84,61],"gold":27,"neow_bonus":"","is_daily":false,"chose_seed":false,"campfire_upgraded":4,"win_rate":0.0,"timestamp":1612863381,"path_taken":["M","?","M","M","M","R","E","R","T","E","?","M","?","M","R","BOSS","M","$","M","?","M","E","R","M","T","E","$","M","R","?","R","BOSS","M","?","$","M","?","E","R","E","T","R","M","$","?","M","R","BOSS"],"items_purchased_type":["Card","Relic","Card","Card","Card","Card","Relic","Card","Card","Relic","Relic","Relic","Card","Card","Relic","Relic","Relic","Relic"],"build_version":"2020-12-22","purchased_purges":4,"victory":true,"max_hp_per_floor":[70,70,70,70,70,70,70,70,77,77,77,77,77,77,77,77,77,77,84,84,84,84,84,84,84,84,84,84,84,84,84,84,84,84,84,84,84,84,84,84,84,84,84,84,84,84,84,84,84,84],"card_choices":[{"not_picked":["Finisher+1","Bane+1"],"picked":"Sucker Punch+1","floor":1},{"not_picked":["Deadly Poison","Reflex","Finisher+1"],"picked":"SKIP","floor":3},{"not_picked":["Escape Plan","Backflip"],"picked":"Infinite Blades","floor":4},{"not_picked":["Quick Slash+1","Poisoned Stab+1"],"picked":"Dodge and Roll","floor":5},{"not_picked":["Outmaneuver","Expertise","Predator+1"],"picked":"SKIP","floor":7},{"not_picked":["Flying Knee+1","Deadly Poison"],"picked":"Cloak And Dagger","floor":10},{"not_picked":["Outmaneuver","Eviscerate+1"],"picked":"Deflect","floor":12},{"not_picked":["Finisher+1","Bane+1"],"picked":"Deflect","floor":13},{"not_picked":["Escape Plan","Outmaneuver"],"picked":"Accuracy","floor":14},{"not_picked":["Venomology","Doppelganger"],"picked":"Malaise","floor":16},{"not_picked":["Flying Knee+1","Dash+1"],"picked":"Dagger Spray+1","floor":18},{"not_picked":["Reflex","Outmaneuver"],"picked":"PiercingWail","floor":20},{"not_picked":["Acrobatics","Deadly Poison","Skewer+1"],"picked":"SKIP","floor":22},{"not_picked":["Dash+1","Terror"],"picked":"PiercingWail","floor":23},{"not_picked":["Eviscerate+1","Backstab+1","Outmaneuver"],"picked":"SKIP","floor":25},{"not_picked":["Poisoned Stab+1","Underhanded Strike+1","Masterful Stab+1"],"picked":"SKIP","floor":27},{"not_picked":["Underhanded Strike+1","Corpse Explosion"],"picked":"Caltrops","floor":29},{"not_picked":["Prepared","Flechettes+1"],"picked":"Dodge and Roll+1","floor":31},{"not_picked":["Unload+1","Phantasmal Killer"],"picked":"Burst","floor":33},{"not_picked":["Dash+1","Bane+1"],"picked":"Infinite Blades","floor":35},{"not_picked":["Predator+1","Skewer+1","Poisoned Stab+1"],"picked":"SKIP","floor":39},{"not_picked":["Flying Knee+1","Acrobatics+1","Escape Plan"],"picked":"SKIP","floor":40},{"not_picked":["Sucker Punch+1","Riddle With Holes+1","Tactician"],"picked":"SKIP","floor":42},{"not_picked":["PiercingWail","Dash+1"],"picked":"Bouncing Flask","floor":45},{"not_picked":["Masterful Stab+1","Flying Knee+1","Storm of Steel"],"picked":"SKIP","floor":48}],"player_experience":401477,"relics_obtained":[{"floor":7,"key":"PreservedInsect"},{"floor":9,"key":"Strawberry"},{"floor":10,"key":"Blood Vial"},{"floor":21,"key":"Happy Flower"},{"floor":23,"key":"Ninja Scroll"},{"floor":23,"key":"Smiling Mask"},{"floor":26,"key":"Kunai"},{"floor":27,"key":"Oddly Smooth Stone"},{"floor":27,"key":"Blue Candle"},{"floor":40,"key":"Guardian:PocketSentry"},{"floor":40,"key":"Letter Opener"},{"floor":42,"key":"Turnip"},{"floor":42,"key":"Snake Skull"},{"floor":43,"key":"Dream Catcher"}],"event_choices":[{"damage_healed":0,"gold_gain":175,"player_choice":"AGREE","damage_taken":0,"max_hp_gain":0,"max_hp_loss":0,"event_name":"Liars Game","floor":2,"gold_loss":0,"cards_obtained":["Doubt"]},{"cards_removed":["Strike_G"],"damage_healed":0,"gold_gain":0,"player_choice":"Card Removal","damage_taken":7,"max_hp_gain":0,"max_hp_loss":0,"event_name":"Golden Wing","floor":11,"gold_loss":0},{"damage_healed":0,"gold_gain":300,"player_choice":"Gold","damage_taken":0,"max_hp_gain":0,"max_hp_loss":0,"event_name":"Wheel of Change","floor":36,"gold_loss":0},{"damage_healed":0,"gold_gain":0,"cards_transformed":["Strike_G"],"player_choice":"Transformed","damage_taken":0,"max_hp_gain":0,"max_hp_loss":0,"event_name":"Transmorgrifier","floor":47,"gold_loss":0,"cards_obtained":["After Image"]}],"is_beta":false,"boss_relics":[{"not_picked":["Pandora\u0027s Box","Empty Cage"],"picked":"Black Star"},{"not_picked":["Astrolabe","Snecko Eye"],"picked":"Ring of the Serpent"}],"items_purged_floors":[0,19,37,46],"is_endless":false,"potions_floor_spawned":[4,5,10,13,14,20,22,27,29,31,39,40,48],"ascension_level":5}}