{"host":"rw1trt79hfpl7pom","time":1612907741,"event":{"mods":["BaseMod","Bestiary","Colored Map","Minty Spire (QoL Compilation)","Relic Stats","StSLib","SuperFastMode"],"gold_per_floor":[115,134,151,35,54,84,84,115,115,146,146,146,158,170,170,241,241,258,258,274,26,41,73,73,88,114,148,148,160,160,30,30,105,105,121,137,149,159,175,221,221,240,240,270,282,311,324,653,653,653,653,653,653,134,168,168],"floor_reached":57,"language":"ENG","playtime":4499,"items_purged":["Pain","Neutralize"],"score":2916,"play_id":"5bf007af-4bb3-4010-971b-48947fa600af","local_time":"20210209135541","is_ascension_mode":true,"campfire_choices":[{"floor":7.0,"key":"REST"},{"data":"Bane","floor":12.0,"key":"SMITH"},{"data":"Crippling Poison","floor":15.0,"key":"SMITH"},{"data":"Wraith Form v2","floor":24.0,"key":"SMITH"},{"data":"Catalyst","floor":30.0,"key":"SMITH"},{"data":"Catalyst","floor":32.0,"key":"SMITH"},{"data":"Noxious Fumes","floor":41.0,"key":"SMITH"},{"floor":49.0,"key":"RECALL"},{"data":"Footwork","floor":53.0,"key":"SMITH"}],"circlet_count":0,"master_deck":["AscendersBane","Survivor","Acrobatics","PiercingWail","All Out Attack","Crippling Poison+1","Poisoned Stab","Dodge and Roll","Bane+1","Dagger Spray","Wraith Form v2+1","Cloak And Dagger","Riddle With Holes","After Image","Tactician","Dash","Leg Sweep","Deadly Poison","Prepared","Blur","Flying Knee","Expertise","Backflip","Dodge and Roll","Catalyst+1","Poisoned Stab","Ghostly","Ghostly","Ghostly","Catalyst+1","Leg Sweep","Acrobatics","Malaise","PiercingWail","Bouncing Flask","Noxious Fumes+1","Footwork+1","PiercingWail","Leg Sweep","Predator","Calculated Gamble","Burst","Expertise"],"relics":["Velvet Choker","Dream Catcher","The Specimen","CaptainsWheel","Mercury Hourglass","Pandora\u0027s Box","WarpedTongs","ClockworkSouvenir","TungstenRod","Nunchaku","Blood Vial","Sozu","Peace Pipe","FossilizedHelix","Anchor","Old Coin","Orichalcum","Chemical X","Gambling Chip"],"acts_visited":["Exordium","TheCity","TheBeyond","TheEnding"],"potions_floor_usage":[55,56],"damage_taken":[{"damage":4.0,"enemies":"Cultist","floor":1.0,"turns":6.0},{"damage":0.0,"enemies":"Jaw Worm","floor":2.0,"turns":4.0},{"damage":0.0,"enemies":"2 Louse","floor":3.0,"turns":4.0},{"damage":0.0,"enemies":"Exordium Wildlife","floor":5.0,"turns":4.0},{"damage":27.0,"enemies":"Gremlin Nob","floor":6.0,"turns":4.0},{"damage":32.0,"enemies":"Lagavulin","floor":8.0,"turns":9.0},{"damage":12.0,"enemies":"3 Sentries","floor":10.0,"turns":9.0},{"damage":0.0,"enemies":"3 Louse","floor":13.0,"turns":2.0},{"damage":2.0,"enemies":"Blue Slaver","floor":14.0,"turns":3.0},{"damage":40.0,"enemies":"Slime Boss","floor":16.0,"turns":10.0},{"damage":0.0,"enemies":"Shell Parasite","floor":18.0,"turns":4.0},{"damage":9.0,"enemies":"2 Thieves","floor":20.0,"turns":4.0},{"damage":0.0,"enemies":"Snake Plant","floor":22.0,"turns":4.0},{"damage":10.0,"enemies":"Gremlin Leader","floor":23.0,"turns":8.0},{"damage":8.0,"enemies":"Shelled Parasite and Fungi","floor":25.0,"turns":5.0},{"damage":6.0,"enemies":"Book of Stabbing","floor":27.0,"turns":5.0},{"damage":0.0,"enemies":"Snecko","floor":29.0,"turns":4.0},{"damage":14.0,"enemies":"Automaton","floor":33.0,"turns":10.0},{"damage":0.0,"enemies":"3 Darklings","floor":35.0,"turns":6.0},{"damage":11.0,"enemies":"Orb Walker","floor":36.0,"turns":2.0},{"damage":0.0,"enemies":"Maw","floor":37.0,"turns":4.0},{"damage":0.0,"enemies":"4 Shapes","floor":38.0,"turns":4.0},{"damage":0.0,"enemies":"Writhing Mass","floor":39.0,"turns":8.0},{"damage":0.0,"enemies":"2 Orb Walkers","floor":40.0,"turns":7.0},{"damage":6.0,"enemies":"Transient","floor":42.0,"turns":6.0},{"damage":0.0,"enemies":"Reptomancer","floor":44.0,"turns":5.0},{"damage":0.0,"enemies":"3 Darklings","floor":45.0,"turns":6.0},{"damage":12.0,"enemies":"Nemesis","floor":46.0,"turns":5.0},{"damage":4.0,"enemies":"Sphere and 2 Shapes","floor":47.0,"turns":4.0},{"damage":0.0,"enemies":"Reptomancer","floor":48.0,"turns":5.0},{"damage":7.0,"enemies":"Time Eater","floor":50.0,"turns":10.0},{"damage":15.0,"enemies":"Awakened One","floor":51.0,"turns":18.0},{"damage":9,"enemies":"Shield and Spear","floor":55,"turns":8},{"damage":14,"enemies":"The Heart","floor":56,"turns":10}],"seed_played":"4187163630648170428","potions_obtained":[{"floor":3.0,"key":"GamblersBrew"},{"floor":5.0,"key":"Block Potion"},{"floor":8.0,"key":"ColorlessPotion"},{"floor":10.0,"key":"Block Potion"},{"floor":22.0,"key":"Swift Potion"},{"floor":23.0,"key":"Energy Potion"},{"floor":29.0,"key":"Strength Potion"}],"is_trial":false,"path_per_floor":["M","M","M","$","M","E","R","E","T","E","?","R","M","M","R","B",null,"M","?","M","$","M","E","R","M","T","E","?","M","R","$","R","B",null,"M","M","M","M","M","?","R","M","T","E","M","E","M","E","R","B","B",null,"R","$","E","B",null],"character_chosen":"THE_SILENT","items_purchased":["Crippling Poison","Choke","ClockworkSouvenir","Leg Sweep","Acrobatics","Orichalcum","Chemical X","Expertise"],"campfire_rested":1,"item_purchase_floors":[4,4,21,31,31,54,54,54],"current_hp_per_floor":[55,55,55,55,55,28,47,15,15,3,66,66,66,64,64,24,56,56,56,47,47,47,37,37,29,29,23,23,25,25,25,25,13,28,30,21,23,25,27,29,29,25,25,27,29,19,17,19,19,14,1,25,25,25,18,6],"gold":168,"neow_bonus":"BOSS_RELIC","is_daily":false,"chose_seed":false,"campfire_upgraded":7,"win_rate":0.0,"timestamp":1612907741,"path_taken":["M","M","?","?","M","E","R","E","T","E","?","R","M","M","R","BOSS","M","?","?","$","M","E","R","M","T","E","?","M","R","?","R","BOSS","M","M","M","M","M","?","R","M","T","E","M","E","M","E","R","BOSS","BOSS","R","$","E","BOSS"],"items_purchased_type":["Card","Card","Relic","Card","Card","Relic","Relic","Card"],"build_version":"2020-12-22","purchased_purges":2,"victory":true,"max_hp_per_floor":[66,66,66,66,66,66,66,66,66,66,66,66,66,66,66,66,66,66,66,66,66,66,66,66,66,66,66,33,33,33,33,33,33,33,33,33,33,33,33,33,33,33,33,33,33,33,33,33,33,33,33,33,33,33,33,33],"relic_stats":{"counters":[34,207],"Orichalcum":[12],"Mercury Hourglass":[721],"WarpedTongs":[147],"Blood Vial":36,"Sozu":7,"Peace Pipe":0,"Dream Catcher":1,"Nunchaku":[13],"Gambling Chip":[3],"Pandora\u0027s Box":["Cloak And Dagger","Riddle With Holes","After Image","Tactician","Dash","Leg Sweep","Deadly Poison","Prepared","Blur","Flying Knee"],"Chemical X":[2],"obtain_stats":[{"The Specimen":8,"Velvet Choker":0,"Orichalcum":54,"Mercury Hourglass":10,"WarpedTongs":19,"ClockworkSouvenir":21,"Old Coin":48,"Blood Vial":27,"Sozu":34,"Peace Pipe":40,"Dream Catcher":6,"CaptainsWheel":9,"Nunchaku":26,"Anchor":46,"Gambling Chip":55,"Pandora\u0027s Box":17,"Chemical X":54,"TungstenRod":23,"FossilizedHelix":44,"Ring of the Snake":0},{"The Specimen":6,"Velvet Choker":0,"Orichalcum":32,"Mercury Hourglass":7,"WarpedTongs":11,"ClockworkSouvenir":12,"Old Coin":30,"Blood Vial":16,"Sozu":18,"Peace Pipe":24,"Dream Catcher":5,"CaptainsWheel":6,"Nunchaku":15,"Anchor":28,"Gambling Chip":33,"Pandora\u0027s Box":10,"Chemical X":32,"TungstenRod":14,"FossilizedHelix":26,"Ring of the Snake":0},{"The Specimen":31,"Velvet Choker":0,"Orichalcum":189,"Mercury Hourglass":40,"WarpedTongs":59,"ClockworkSouvenir":63,"Old Coin":161,"Blood Vial":85,"Sozu":99,"Peace Pipe":130,"Dream Catcher":22,"CaptainsWheel":31,"Nunchaku":80,"Anchor":152,"Gambling Chip":197,"Pandora\u0027s Box":55,"Chemical X":189,"TungstenRod":75,"FossilizedHelix":141,"Ring of the Snake":0}],"TungstenRod":32},"card_choices":[{"not_picked":["Slice","Blade Dance"],"picked":"Acrobatics","floor":1.0},{"not_picked":["Escape Plan","Accuracy"],"picked":"PiercingWail","floor":2.0},{"not_picked":["Acrobatics","Blade Dance"],"picked":"All Out Attack","floor":3.0},{"not_picked":["Cloak And Dagger","Sucker Punch"],"picked":"Poisoned Stab","floor":5.0},{"not_picked":["Blade Dance","Deflect"],"picked":"Dodge and Roll","floor":6.0},{"not_picked":["Envenom","Quick Slash"],"picked":"Bane","floor":8.0},{"not_picked":["Prepared","Quick Slash"],"picked":"Dagger Spray","floor":10.0},{"not_picked":["Eviscerate","Slice","Underhanded Strike"],"picked":"SKIP","floor":13.0},{"not_picked":["Concentrate","Dagger Throw","Tactician"],"picked":"SKIP","floor":14.0},{"not_picked":["Die Die Die","Unload"],"picked":"Wraith Form v2","floor":16.0},{"not_picked":["Cloak And Dagger","Dagger Spray"],"picked":"Expertise","floor":18.0},{"not_picked":["Distraction","Endless Agony"],"picked":"Backflip","floor":20.0},{"not_picked":["Prepared","Deflect"],"picked":"Dodge and Roll","floor":22.0},{"not_picked":["Bane+1","Accuracy"],"picked":"Catalyst","floor":23.0},{"not_picked":["Prepared","Flying Knee"],"picked":"Poisoned Stab","floor":25.0},{"not_picked":["Tactician","Deadly Poison","Heel Hook"],"picked":"SKIP","floor":27.0},{"not_picked":["Tactician","Deadly Poison","Heel Hook"],"picked":"SKIP","floor":27.0},{"not_picked":["Endless Agony","Prepared"],"picked":"Catalyst","floor":29.0},{"not_picked":["A Thousand Cuts","Glass Knife"],"picked":"Malaise","floor":33.0},{"not_picked":["Slice","Quick Slash"],"picked":"PiercingWail","floor":35.0},{"not_picked":["Backflip","Predator"],"picked":"Bouncing Flask","floor":36.0},{"not_picked":["Dodge and Roll","Sucker Punch","All Out Attack+1"],"picked":"SKIP","floor":37.0},{"not_picked":["Endless Agony+1","Blade Dance+1"],"picked":"Noxious Fumes","floor":38.0},{"not_picked":["Skewer","Backflip"],"picked":"Footwork","floor":39.0},{"not_picked":["Infinite Blades","Dagger Throw+1"],"picked":"PiercingWail","floor":40.0},{"not_picked":["Choke","Prepared","Reflex"],"picked":"SKIP","floor":42.0},{"not_picked":["Dodge and Roll","PiercingWail","Eviscerate"],"picked":"SKIP","floor":44.0},{"not_picked":["Poisoned Stab","Flechettes+1"],"picked":"Leg Sweep","floor":45.0},{"not_picked":["Dodge and Roll","Dagger Spray"],"picked":"Predator","floor":46.0},{"not_picked":["Setup","Dodge and Roll+1"],"picked":"Calculated Gamble","floor":47.0},{"not_picked":["Acrobatics","Setup+1"],"picked":"Burst","floor":48.0},{"not_picked":["Bane","Poisoned Stab","Deadly Poison+1"],"picked":"SKIP","floor":55}],"player_experience":2661900,"relics_obtained":[{"floor":6.0,"key":"Dream Catcher"},{"floor":8.0,"key":"The Specimen"},{"floor":9.0,"key":"CaptainsWheel"},{"floor":10.0,"key":"Mercury Hourglass"},{"floor":23.0,"key":"TungstenRod"},{"floor":26.0,"key":"Nunchaku"},{"floor":27.0,"key":"Blood Vial"},{"floor":40.0,"key":"Peace Pipe"},{"floor":44.0,"key":"FossilizedHelix"},{"floor":46.0,"key":"Anchor"},{"floor":48.0,"key":"Old Coin"},{"floor":55,"key":"Gambling Chip"}],"event_choices":[{"cards_removed":["Choke"],"damage_healed":63.0,"max_hp_gain":0.0,"max_hp_loss":0.0,"gold_gain":0.0,"event_name":"Bonfire Elementals","player_choice":"Offered Uncommon","floor":11.0,"gold_loss":0.0,"damage_taken":0.0},{"damage_healed":0.0,"max_hp_gain":0.0,"max_hp_loss":0.0,"gold_gain":0.0,"event_name":"Accursed Blacksmith","player_choice":"Rummage","floor":19.0,"gold_loss":0.0,"damage_taken":0.0,"relics_obtained":["WarpedTongs"],"cards_obtained":["Pain"]},{"damage_healed":0.0,"max_hp_gain":0.0,"max_hp_loss":33.0,"gold_gain":0.0,"event_name":"Ghosts","player_choice":"Became a Ghost","floor":28.0,"gold_loss":0.0,"damage_taken":0.0,"cards_obtained":["Ghostly","Ghostly","Ghostly"]},{"damage_healed":0.0,"max_hp_gain":0.0,"max_hp_loss":0.0,"gold_gain":0.0,"event_name":"Mysterious Sphere","player_choice":"Fight","floor":40.0,"gold_loss":0.0,"damage_taken":0.0}],"is_beta":false,"boss_relics":[{"not_picked":["Cursed Key","Calling Bell"],"picked":"Pandora\u0027s Box"},{"not_picked":["Astrolabe","SacredBark"],"picked":"Sozu"}],"items_purged_floors":[21,54],"is_endless":false,"potions_floor_spawned":[3,5,8,10,16,22,23,29,36,38,42,44,46,48,55],"ascension_level":20}}