{"host":"2smcgt1ki1qcud40","time":1612897488,"event":{"mods":["BaseMod","Minty Spire (QoL Compilation)"],"gold_per_floor":[116,136,136,149,25,60,60,86,86,114,114,130,149,74,74,174,174,187,205,405,157,256,286,302,302,349,375,475,475,504,517,517,620,620,631,649,649,177,177,212,230,263,344,386,395,395,230,271,271,271,271,271,2,31,31],"floor_reached":56,"language":"ENG","playtime":6353,"items_purged":["Strike_B","Zap","Pain","Decay","Redo"],"score":2002,"play_id":"bdc9fb20-46a6-4632-a6b8-633deeb91537","local_time":"20210209200448","is_ascension_mode":true,"campfire_choices":[{"floor":7.0,"key":"REST"},{"data":"Sweeping Beam","floor":11.0,"key":"SMITH"},{"data":"Capacitor","floor":15.0,"key":"SMITH"},{"floor":25.0,"key":"REST"},{"data":"Fission","floor":29.0,"key":"SMITH"},{"data":"Seek","floor":32.0,"key":"SMITH"},{"data":"Seek","floor":46.0,"key":"SMITH"},{"floor":49.0,"key":"RECALL"},{"data":"Amplify","floor":52.0,"key":"SMITH"}],"circlet_count":0,"master_deck":["AscendersBane","Coolheaded","Melter","Compile Driver","Sweeping Beam+1","Beam Cell","Reinforced Body","Static Discharge","Chaos","Capacitor+1","Multi-Cast","Sunder","Chill","Seek+1","Darkness","Streamline","Aggregate","Undo","Stack+1","Seek+1","Turbo","Reboot","Fission+1","Compile Driver","Amplify+1","Echo Form","Leap+1","Turbo+1","Deep Breath+1","Core Surge","Double Energy+1","White Noise+1","Multi-Cast+1","Hologram+1","Static Discharge+1","Creative AI","Consume+1","Panacea+1","Steam Power+1","Enlightenment+1"],"relics":["Nuclear Battery","Centennial Puzzle","Letter Opener","PreservedInsect","Du-Vu Doll","Pandora\u0027s Box","DollysMirror","Lizard Tail","MealTicket","Smiling Mask","Prayer Wheel","Singing Bowl","Juzu Bracelet","Cursed Key","WarpedTongs","Toxic Egg 2","Boot","Kunai","CeramicFish","Shuriken","Bag of Marbles","Vajra"],"acts_visited":["Exordium","TheCity","TheBeyond","TheEnding"],"potions_floor_usage":[55],"damage_taken":[{"damage":4.0,"enemies":"Jaw Worm","floor":1.0,"turns":3.0},{"damage":0.0,"enemies":"Cultist","floor":2.0,"turns":4.0},{"damage":4.0,"enemies":"Small Slimes","floor":4.0,"turns":3.0},{"damage":37.0,"enemies":"3 Sentries","floor":6.0,"turns":8.0},{"damage":9.0,"enemies":"Lagavulin","floor":8.0,"turns":6.0},{"damage":20.0,"enemies":"Gremlin Nob","floor":10.0,"turns":3.0},{"damage":0.0,"enemies":"3 Louse","floor":12.0,"turns":2.0},{"damage":4.0,"enemies":"Looter","floor":13.0,"turns":2.0},{"damage":5.0,"enemies":"The Guardian","floor":16.0,"turns":8.0},{"damage":21.0,"enemies":"Shell Parasite","floor":18.0,"turns":4.0},{"damage":13.0,"enemies":"3 Byrds","floor":19.0,"turns":3.0},{"damage":5.0,"enemies":"Gremlin Leader","floor":23.0,"turns":5.0},{"damage":9.0,"enemies":"Snake Plant","floor":24.0,"turns":4.0},{"damage":4.0,"enemies":"Book of Stabbing","floor":27.0,"turns":3.0},{"damage":0.0,"enemies":"Colosseum Slavers","floor":28.0,"turns":2.0},{"damage":0.0,"enemies":"Colosseum Nobs","floor":28.0,"turns":4.0},{"damage":7.0,"enemies":"Slavers","floor":30.0,"turns":4.0},{"damage":6.0,"enemies":"Centurion and Healer","floor":31.0,"turns":6.0},{"damage":31.0,"enemies":"Collector","floor":33.0,"turns":8.0},{"damage":5.0,"enemies":"3 Darklings","floor":35.0,"turns":4.0},{"damage":0.0,"enemies":"Orb Walker","floor":36.0,"turns":3.0},{"damage":11.0,"enemies":"Nemesis","floor":40.0,"turns":5.0},{"damage":0.0,"enemies":"Spire Growth","floor":41.0,"turns":4.0},{"damage":8.0,"enemies":"Giant Head","floor":42.0,"turns":4.0},{"damage":0.0,"enemies":"Nemesis","floor":44.0,"turns":5.0},{"damage":3.0,"enemies":"Reptomancer","floor":48.0,"turns":4.0},{"damage":14.0,"enemies":"Donu and Deca","floor":50.0,"turns":6.0},{"damage":29.0,"enemies":"Shield and Spear","floor":54.0,"turns":3.0},{"damage":32,"enemies":"The Heart","floor":55,"turns":9}],"seed_played":"5309104153234232063","potions_obtained":[{"floor":2.0,"key":"LiquidBronze"},{"floor":3.0,"key":"PotionOfCapacity"},{"floor":3.0,"key":"ColorlessPotion"},{"floor":10.0,"key":"Regen Potion"},{"floor":23.0,"key":"LiquidMemories"},{"floor":31.0,"key":"PowerPotion"},{"floor":36.0,"key":"LiquidMemories"},{"floor":40.0,"key":"PowerPotion"}],"is_trial":false,"path_per_floor":["M","M","?","M","$","E","R","E","T","E","R","M","M","$","R","B",null,"M","M","?","$","?","E","M","R","T","E","?","R","E","M","R","B",null,"M","M","?","$","?","E","M","E","T","E","?","R","$","E","R","B",null,"R","$","E","B",null],"character_chosen":"DEFECT","items_purchased":["Sweeping Beam","Capacitor","DollysMirror","Toxic Egg 2","Leap+1","Turbo+1","Deep Breath+1","Consume+1","Panacea+1","Enlightenment+1","Bag of Marbles"],"campfire_rested":2,"item_purchase_floors":[5,14,21,38,38,38,38,47,47,53,53],"current_hp_per_floor":[64,64,64,60,60,23,45,36,36,16,16,16,12,12,12,22,62,41,28,28,28,28,23,14,36,36,32,34,34,29,23,23,32,67,66,70,70,85,85,74,74,66,66,66,66,66,81,78,78,64,81,81,87,60,28],"gold":31,"neow_bonus":"BOSS_RELIC","is_daily":false,"chose_seed":false,"campfire_upgraded":6,"win_rate":0.0,"timestamp":1612897488,"path_taken":["M","M","?","M","$","E","R","E","T","E","R","M","M","$","R","BOSS","M","M","?","?","?","E","M","R","T","E","?","R","E","M","R","BOSS","M","M","?","?","?","E","M","E","T","E","?","R","$","E","R","BOSS","R","$","E","BOSS"],"items_purchased_type":["Card","Card","Relic","Relic","Card","Card","Card","Card","Card","Card","Relic"],"build_version":"2020-12-22","purchased_purges":5,"victory":true,"max_hp_per_floor":[75,75,75,75,75,75,75,75,75,75,75,75,75,75,75,75,75,75,75,75,75,75,75,75,75,75,75,77,77,79,79,79,79,79,83,87,87,87,87,87,87,87,87,87,87,87,87,87,87,87,87,87,87,89,89],"card_choices":[{"not_picked":["Redo","White Noise"],"picked":"Coolheaded","floor":1.0},{"not_picked":["Auto Shields","Rip and Tear"],"picked":"Melter","floor":2.0},{"not_picked":["Steam","Chill"],"picked":"Compile Driver","floor":4.0},{"not_picked":["Storm","Tempest"],"picked":"Beam Cell","floor":6.0},{"not_picked":["Stack","Aggregate"],"picked":"Reinforced Body","floor":8.0},{"not_picked":["Sweeping Beam","Melter"],"picked":"Static Discharge","floor":10.0},{"not_picked":["Blizzard","Turbo"],"picked":"Chaos","floor":12.0},{"not_picked":["Sweeping Beam","Lockon","Steam"],"picked":"SKIP","floor":13.0},{"not_picked":["Machine Learning","Hyperbeam"],"picked":"Multi-Cast","floor":16.0},{"not_picked":["Gash","Redo"],"picked":"Undo","floor":18.0},{"not_picked":["Skim","Beam Cell"],"picked":"Stack+1","floor":19.0},{"not_picked":["Streamline","Capacitor"],"picked":"Turbo","floor":23.0},{"not_picked":["Conserve Battery","Beam Cell"],"picked":"Reboot","floor":24.0},{"not_picked":["Conserve Battery+1","Go for the Eyes"],"picked":"Fission","floor":27.0},{"not_picked":["Ball Lightning","Coolheaded","Heatsinks"],"picked":"Singing Bowl","floor":28.0},{"not_picked":["Compile Driver","Reprogram+1","Hello World"],"picked":"Singing Bowl","floor":30.0},{"not_picked":["Barrage","Turbo"],"picked":"Compile Driver","floor":31.0},{"not_picked":["Rip and Tear","Streamline"],"picked":"Amplify","floor":31.0},{"not_picked":["Rainbow","Reboot"],"picked":"Echo Form","floor":33.0},{"not_picked":["Turbo","Ball Lightning+1","Chill"],"picked":"Singing Bowl","floor":35.0},{"not_picked":["Genetic Algorithm+1","Storm","Coolheaded"],"picked":"Singing Bowl","floor":35.0},{"not_picked":["Stack","Chaos","Streamline"],"picked":"Singing Bowl","floor":36.0},{"not_picked":["Barrage","Rip and Tear+1","Streamline"],"picked":"Singing Bowl","floor":36.0},{"not_picked":["Hello World+1","Undo+1"],"picked":"Double Energy+1","floor":40.0},{"not_picked":["Lockon+1","Turbo+1"],"picked":"White Noise+1","floor":41.0},{"not_picked":["Ball Lightning","Barrage"],"picked":"Multi-Cast+1","floor":41.0},{"not_picked":["Ball Lightning","Reprogram+1"],"picked":"Hologram+1","floor":42.0},{"not_picked":["Rebound","Steam+1"],"picked":"Static Discharge+1","floor":44.0},{"not_picked":["Genetic Algorithm+1","Thunder Strike"],"picked":"Steam Power+1","floor":48.0},{"not_picked":["Leap+1","Steam+1","Go for the Eyes+1"],"picked":"Singing Bowl","floor":54.0}],"player_experience":737091,"relics_obtained":[{"floor":6.0,"key":"Centennial Puzzle"},{"floor":8.0,"key":"Letter Opener"},{"floor":9.0,"key":"PreservedInsect"},{"floor":10.0,"key":"Du-Vu Doll"},{"floor":23.0,"key":"Lizard Tail"},{"floor":26.0,"key":"MealTicket"},{"floor":27.0,"key":"Smiling Mask"},{"floor":28.0,"key":"Prayer Wheel"},{"floor":28.0,"key":"Singing Bowl"},{"floor":30.0,"key":"Juzu Bracelet"},{"floor":40.0,"key":"Boot"},{"floor":42.0,"key":"Kunai"},{"floor":44.0,"key":"CeramicFish"},{"floor":48.0,"key":"Shuriken"},{"floor":54.0,"key":"Vajra"}],"event_choices":[{"damage_healed":0.0,"max_hp_gain":0.0,"max_hp_loss":0.0,"gold_gain":0.0,"event_name":"Lab","player_choice":"Got Potions","floor":3.0,"gold_loss":0.0,"damage_taken":0.0},{"damage_healed":0.0,"max_hp_gain":0.0,"max_hp_loss":0.0,"gold_gain":200.0,"event_name":"Wheel of Change","player_choice":"Gold","floor":20.0,"gold_loss":0.0,"damage_taken":0.0},{"damage_healed":0.0,"max_hp_gain":0.0,"max_hp_loss":0.0,"gold_gain":99.0,"event_name":"Nest","player_choice":"Stole From Cult","floor":22.0,"gold_loss":0.0,"damage_taken":0.0},{"damage_healed":0.0,"max_hp_gain":0.0,"max_hp_loss":0.0,"gold_gain":0.0,"event_name":"Colosseum","player_choice":"Fight","floor":28.0,"gold_loss":0.0,"damage_taken":0.0},{"damage_healed":0.0,"max_hp_gain":0.0,"max_hp_loss":0.0,"gold_gain":0.0,"event_name":"Colosseum","player_choice":"Fought Nobs","floor":28.0,"gold_loss":0.0,"damage_taken":0.0},{"damage_healed":0.0,"max_hp_gain":0.0,"max_hp_loss":0.0,"gold_gain":0.0,"event_name":"Accursed Blacksmith","player_choice":"Rummage","floor":37.0,"gold_loss":0.0,"damage_taken":0.0,"relics_obtained":["WarpedTongs"],"cards_obtained":["Pain"]},{"damage_healed":0.0,"max_hp_gain":0.0,"max_hp_loss":0.0,"gold_gain":0.0,"event_name":"Match and Keep!","player_choice":"1 cards matched","floor":39.0,"gold_loss":0.0,"damage_taken":0.0,"cards_obtained":["Core Surge"]},{"damage_healed":0.0,"max_hp_gain":0.0,"max_hp_loss":0.0,"gold_gain":0.0,"cards_transformed":["Dualcast"],"event_name":"Transmorgrifier","player_choice":"Transformed","floor":45.0,"gold_loss":0.0,"damage_taken":0.0,"cards_obtained":["Creative AI"]}],"is_beta":false,"boss_relics":[{"not_picked":["SlaversCollar","Empty Cage"],"picked":"Pandora\u0027s Box"},{"not_picked":["Runic Dome","Velvet Choker"],"picked":"Cursed Key"}],"items_purged_floors":[5,21,38,47,53],"is_endless":false,"potions_floor_spawned":[2,10,13,23,24,28,31,36,40,41],"ascension_level":12}}