{"host":"ydg0vn0pu4pubmdt","time":1612861660,"event":{"mods":["AchievementEnabler","BaseMod","Colored Map","Gold Saver","Minty Spire (QoL Compilation)","Quick Restart","SuperFastMode"],"gold_per_floor":[833,122,122,146,167,211,211,251,251,266,266,301,301,345,345,471,471,487,507,507,312,411,442,442,60,86,129,154,279,279,322,322,446,446,467,530,830,845,279,310,310,350,419,444,181,206,6,22,22,22],"floor_reached":51,"language":"KOR","playtime":1848,"items_purged":["Strike_P","Strike_P","Strike_P","Defend_P","Defend_P","FollowUp"],"score":1424,"play_id":"b2cf146e-ca57-4775-a517-7c07e19f17f1","local_time":"20210209180740","is_ascension_mode":true,"campfire_choices":[{"data":"Eruption","floor":11.0,"key":"SMITH"},{"data":"Adaptation","floor":15.0,"key":"SMITH"},{"floor":24.0,"key":"DIG"},{"floor":32,"key":"DIG"},{"floor":41,"key":"DIG"},{"floor":49,"key":"DIG"}],"circlet_count":0,"master_deck":["Eruption+1","Vigilance","Fasting2","Adaptation+1","FlurryOfBlows+1","WheelKick+1","EmptyBody+1","EmptyMind+1","Scrawl+1","TalkToTheHand","InnerPeace+1","MentalFortress","Adaptation+1","Wish+1"],"relics":["PureWater","TheAbacus","Shovel","Golden Idol","Lantern","Ginger","Toxic Egg 2","Anchor","Meat on the Bone","Runic Pyramid","Mercury Hourglass","Thread and Needle","Whetstone","Mummified Hand","Potion Belt","Vajra","GoldenEye","Pantograph","Regal Pillow","Orichalcum","Empty Cage","Unceasing Top","Matryoshka","Medical Kit","Juzu Bracelet","Bag of Preparation","Happy Flower","MawBank","Blue Candle","Nunchaku"],"acts_visited":["Exordium","TheCity","TheBeyond"],"potions_floor_usage":[29,29,33,33,50,50,50],"damage_taken":[{"damage":3.0,"enemies":"2 Louse","floor":1.0,"turns":4.0},{"damage":2.0,"enemies":"Jaw Worm","floor":4.0,"turns":3.0},{"damage":0.0,"enemies":"Cultist","floor":5.0,"turns":3.0},{"damage":0.0,"enemies":"Lagavulin","floor":6.0,"turns":3.0},{"damage":16.0,"enemies":"Gremlin Nob","floor":8.0,"turns":3.0},{"damage":1.0,"enemies":"Looter","floor":10.0,"turns":2.0},{"damage":0.0,"enemies":"3 Sentries","floor":12.0,"turns":7.0},{"damage":6.0,"enemies":"Lagavulin","floor":14.0,"turns":3.0},{"damage":0.0,"enemies":"Slime Boss","floor":16.0,"turns":4.0},{"damage":0.0,"enemies":"Spheric Guardian","floor":18.0,"turns":1.0},{"damage":0.0,"enemies":"2 Thieves","floor":19.0,"turns":2.0},{"damage":0.0,"enemies":"Gremlin Leader","floor":23.0,"turns":5.0},{"damage":0.0,"enemies":"Slavers","floor":27.0,"turns":3.0},{"damage":0.0,"enemies":"Snake Plant","floor":28.0,"turns":1.0},{"damage":0,"enemies":"Colosseum Slavers","floor":29,"turns":1},{"damage":0,"enemies":"Colosseum Nobs","floor":29,"turns":2},{"damage":0,"enemies":"Book of Stabbing","floor":31,"turns":3},{"damage":43,"enemies":"Automaton","floor":33,"turns":8},{"damage":0,"enemies":"3 Shapes","floor":35,"turns":2},{"damage":0,"enemies":"Mind Bloom Boss Battle","floor":36,"turns":4},{"damage":0,"enemies":"Orb Walker","floor":38,"turns":1},{"damage":0,"enemies":"Nemesis","floor":40,"turns":3},{"damage":0,"enemies":"Reptomancer","floor":42,"turns":2},{"damage":0,"enemies":"Maw","floor":44,"turns":1},{"damage":0,"enemies":"Transient","floor":46,"turns":5},{"damage":0,"enemies":"4 Shapes","floor":48,"turns":1},{"damage":0,"enemies":"Donu and Deca","floor":50,"turns":1}],"seed_played":"4200379666413330724","potions_obtained":[{"floor":0.0,"key":"Weak Potion"},{"floor":0.0,"key":"SmokeBomb"},{"floor":0.0,"key":"SneckoOil"},{"floor":4.0,"key":"Regen Potion"},{"floor":12.0,"key":"LiquidBronze"},{"floor":14.0,"key":"Strength Potion"},{"floor":16.0,"key":"PowerPotion"},{"floor":23.0,"key":"PowerPotion"},{"floor":28.0,"key":"PowerPotion"},{"floor":31,"key":"BottledMiracle"},{"floor":40,"key":"Ambrosia"},{"floor":44,"key":"Explosive Potion"}],"is_trial":false,"path_per_floor":["M","$","?","M","M","E","?","E","T","M","R","E","?","E","R","B",null,"M","M","?","$","?","E","R","$","T","E","M","?","?","E","R","B",null,"M","?","?","M","$","E","R","E","T","M","$","M","$","M","R","B",null],"character_chosen":"WATCHER","items_purchased":["Adaptation","TheAbacus","FlurryOfBlows","Shovel","EntropicBrew","Ambrosia","Mummified Hand","Matryoshka","Medical Kit","Strength Potion","SteroidPotion"],"campfire_rested":0,"item_purchase_floors":[2,2,2,2,2,21,25,39,39,45,45],"current_hp_per_floor":[69,69,51,49,49,49,49,33,33,32,32,47,47,41,41,41,64,64,64,64,64,64,64,64,64,64,64,64,64,64,64,64,41,64,64,72,72,72,72,72,72,72,72,72,72,72,72,72,72,72],"gold":22,"neow_bonus":"THREE_SMALL_POTIONS","is_daily":false,"chose_seed":false,"campfire_upgraded":2,"win_rate":0.0,"timestamp":1612861660,"path_taken":["M","$","?","M","M","E","?","E","T","M","R","E","?","E","R","BOSS","M","M","?","$","?","E","R","$","T","E","?","?","?","E","R","BOSS","M","?","?","?","$","E","R","E","T","M","$","M","?","M","R","BOSS"],"items_purchased_type":["Card","Relic","Card","Relic","Potion","Potion","Relic","Relic","Relic","Potion","Potion"],"build_version":"2020-12-22","purchased_purges":6,"victory":true,"max_hp_per_floor":[72,72,72,72,72,72,72,72,72,72,72,72,72,72,72,72,72,72,72,72,72,72,72,72,72,72,72,72,72,72,72,72,72,72,72,72,72,72,72,72,72,72,72,72,72,72,72,72,72,72],"card_choices":[{"not_picked":["FollowUp","ForeignInfluence"],"picked":"Fasting2","floor":1.0},{"not_picked":["CutThroughFate","Worship"],"picked":"FollowUp","floor":4.0},{"not_picked":["Vengeance","Swivel"],"picked":"WheelKick","floor":5.0},{"not_picked":["SashWhip","JustLucky","Omniscience"],"picked":"SKIP","floor":6.0},{"not_picked":["SashWhip","JustLucky","Weave"],"picked":"SKIP","floor":8.0},{"not_picked":["ThirdEye+1","Prostrate+1"],"picked":"EmptyBody+1","floor":10.0},{"not_picked":["CrushJoints","Crescendo+1"],"picked":"EmptyMind+1","floor":12.0},{"not_picked":["ClearTheMind+1","Swivel+1","WreathOfFlame+1"],"picked":"SKIP","floor":14.0},{"not_picked":["Establishment","Judgement+1"],"picked":"Scrawl+1","floor":16.0},{"not_picked":["Sanctity+1","WindmillStrike+1","Halt+1"],"picked":"SKIP","floor":18.0},{"not_picked":["CutThroughFate","EmptyFist+1","ClearTheMind+1"],"picked":"SKIP","floor":19.0},{"not_picked":["JustLucky","WheelKick","Consecrate"],"picked":"SKIP","floor":23.0},{"not_picked":["Brilliance","Vengeance+1","SandsOfTime"],"picked":"SKIP","floor":27.0},{"not_picked":["FollowUp","EmptyBody+1","CrushJoints"],"picked":"SKIP","floor":28.0},{"not_picked":["Blasphemy+1","EmptyFist","BowlingBash+1"],"picked":"SKIP","floor":31},{"not_picked":["FlurryOfBlows","WindmillStrike+1"],"picked":"InnerPeace+1","floor":35},{"not_picked":["WheelKick+1","Indignation+1"],"picked":"MentalFortress","floor":36},{"not_picked":["Indignation+1","EmptyBody+1"],"picked":"Adaptation+1","floor":38},{"not_picked":["Indignation+1","ReachHeaven+1","Protect+1"],"picked":"SKIP","floor":40},{"not_picked":["EmptyFist+1","ThirdEye+1","FlyingSleeves"],"picked":"SKIP","floor":42},{"not_picked":["Worship+1","FearNoEvil","PathToVictory+1"],"picked":"SKIP","floor":44},{"not_picked":["Meditate+1","FlyingSleeves+1"],"picked":"Wish+1","floor":46},{"not_picked":["SandsOfTime","JustLucky+1","WheelKick+1"],"picked":"SKIP","floor":48}],"player_experience":507952,"relics_obtained":[{"floor":6.0,"key":"Lantern"},{"floor":8.0,"key":"Ginger"},{"floor":9.0,"key":"Toxic Egg 2"},{"floor":12.0,"key":"Anchor"},{"floor":14.0,"key":"Meat on the Bone"},{"floor":23.0,"key":"Thread and Needle"},{"floor":24.0,"key":"Whetstone"},{"floor":26.0,"key":"Potion Belt"},{"floor":27.0,"key":"Vajra"},{"floor":29,"key":"GoldenEye"},{"floor":29,"key":"Pantograph"},{"floor":31,"key":"Regal Pillow"},{"floor":32,"key":"Orichalcum"},{"floor":36,"key":"Unceasing Top"},{"floor":40,"key":"Juzu Bracelet"},{"floor":41,"key":"Bag of Preparation"},{"floor":42,"key":"Happy Flower"},{"floor":43,"key":"MawBank"},{"floor":43,"key":"Blue Candle"},{"floor":49,"key":"Nunchaku"}],"event_choices":[{"damage_healed":0.0,"max_hp_gain":0.0,"max_hp_loss":0.0,"gold_gain":0.0,"event_name":"Golden Idol","player_choice":"Take Damage","floor":3.0,"gold_loss":0.0,"damage_taken":18.0,"relics_obtained":["Golden Idol"]},{"damage_healed":0.0,"max_hp_gain":0.0,"max_hp_loss":0.0,"gold_gain":0.0,"event_name":"Liars Game","player_choice":"Ignored","floor":7.0,"gold_loss":0.0,"damage_taken":0.0},{"cards_removed":["Defend_P"],"damage_healed":0.0,"max_hp_gain":0.0,"max_hp_loss":0.0,"gold_gain":0.0,"event_name":"Purifier","player_choice":"Purged","floor":13.0,"gold_loss":0.0,"damage_taken":0.0},{"damage_healed":0.0,"max_hp_gain":0.0,"max_hp_loss":0.0,"gold_gain":0.0,"event_name":"The Mausoleum","player_choice":"Opened","floor":20.0,"gold_loss":0.0,"damage_taken":0.0,"relics_obtained":["Mercury Hourglass"]},{"damage_healed":0.0,"max_hp_gain":0.0,"max_hp_loss":0.0,"gold_gain":99.0,"event_name":"Nest","player_choice":"Stole From Cult","floor":22.0,"gold_loss":0.0,"damage_taken":0.0},{"damage_healed":0,"gold_gain":0,"player_choice":"Fight","damage_taken":0,"max_hp_gain":0,"max_hp_loss":0,"event_name":"Colosseum","floor":29,"gold_loss":0},{"damage_healed":0,"gold_gain":0,"player_choice":"Fought Nobs","damage_taken":0,"max_hp_gain":0,"max_hp_loss":0,"event_name":"Colosseum","floor":29,"gold_loss":0},{"damage_healed":0,"gold_gain":0,"player_choice":"Read","damage_taken":0,"max_hp_gain":0,"max_hp_loss":0,"event_name":"The Library","floor":30,"gold_loss":0,"cards_obtained":["TalkToTheHand"]},{"damage_healed":0,"gold_gain":0,"player_choice":"Fight","damage_taken":0,"max_hp_gain":0,"max_hp_loss":0,"event_name":"MindBloom","floor":36,"gold_loss":0},{"damage_healed":0,"gold_gain":300,"player_choice":"Gold","damage_taken":0,"max_hp_gain":0,"max_hp_loss":0,"event_name":"Wheel of Change","floor":37,"gold_loss":0}],"is_beta":false,"boss_relics":[{"not_picked":["Runic Dome","Coffee Dripper"],"picked":"Runic Pyramid"},{"not_picked":["Pandora\u0027s Box","Snecko Eye"],"picked":"Empty Cage"}],"items_purged_floors":[2,21,25,39,45,47],"is_endless":false,"potions_floor_spawned":[4,5,12,14,16,23,28,29,31,40,44,48],"ascension_level":5}}