{"host":"Doisman","time":1612897509,"event":{"mods":["AchievementEnabler","BaseMod","Better Note","Curses Come First","Minty Spire (QoL Compilation)","Permanent Neow","Relic Stats","Replay The Spire","StSLib"],"gold_per_floor":[13,25,25,38,38,38,71,91,171,6,40,95,105,124,124,225,325,340,11,13,30,30,30,30],"floor_reached":23,"language":"ENG","playtime":1120,"items_purged":["Strike_R","Sever Soul"],"score":213,"play_id":"98792436-c490-4439-a3f7-115d1329acd2","local_time":"20210209130509","is_ascension_mode":true,"campfire_choices":[{"data":"Bash","floor":6,"key":"SMITH"},{"data":"Hologram","floor":15,"key":"SMITH"}],"circlet_count":0,"master_deck":["Strike_R","Strike_R","Defend_R","Defend_R","Defend_R","Defend_R","Bash+1","Anger","Spot Weakness","Anger","Self Repair+1","True Grit+1","Flame Barrier","Flash of Steel","Shrug It Off","Hologram+1","Hemogenesis+1","Evolve","Iron Wave+1"],"relics":["Iron Core","Du-Vu Doll","Chameleon Ring","Strawberry","Pen Nib","Replay:Wanted Poster","Medical Kit"],"acts_visited":["Exordium","TheCity"],"potions_floor_usage":[18,21],"damage_taken":[{"damage":3,"enemies":"Jaw Worm","floor":1,"turns":4},{"damage":5,"enemies":"Cultist","floor":2,"turns":4},{"damage":1,"enemies":"2 Louse","floor":4,"turns":2},{"damage":23,"enemies":"Gremlin Nob","floor":7,"turns":4},{"damage":3,"enemies":"Blue Slaver","floor":8,"turns":3},{"damage":21,"enemies":"3 Sentries","floor":11,"turns":10},{"damage":7,"enemies":"3 Louse","floor":13,"turns":4},{"damage":5,"enemies":"Looter","floor":14,"turns":4},{"damage":84,"enemies":"Fading Forest","floor":16,"turns":11},{"damage":1,"enemies":"Shell Parasite","floor":18,"turns":7},{"damage":23,"enemies":"2 Thieves","floor":20,"turns":4},{"damage":43,"enemies":"Snake Plant","floor":21,"turns":6},{"damage":2,"enemies":"Centurion and Healer","floor":23,"turns":1}],"seed_played":"8773308183638508596","potions_obtained":[{"floor":1,"key":"Languid Potion"},{"floor":8,"key":"Block Potion"},{"floor":14,"key":"FearPotion"},{"floor":16,"key":"DuplicationPotion"},{"floor":18,"key":"BlessingOfTheForge"}],"is_trial":false,"path_per_floor":["M","M","?","M","?","R","E","M","T","$","E","T","M","M","R","B",null,"M","$","M","M","?","M"],"character_chosen":"IRONCLAD","items_purchased":["Flash of Steel","Medical Kit","Evolve"],"campfire_rested":0,"item_purchase_floors":[10,19,19],"current_hp_per_floor":[80,80,80,79,79,79,66,73,73,73,69,69,72,77,77,13,87,87,87,79,66,66,64,64],"gold":30,"neow_bonus":"TRANSFORM_TWO_CARDS","is_daily":false,"chose_seed":false,"campfire_upgraded":2,"win_rate":0.0,"timestamp":1612897509,"path_taken":["M","M","?","M","?","R","E","?","T","?","E","?","M","M","R","BOSS","M","$","M","M","?","M"],"items_purchased_type":["Card","Relic","Card"],"build_version":"2020-12-18","purchased_purges":2,"victory":false,"max_hp_per_floor":[80,80,80,80,80,80,80,80,80,80,87,87,87,87,87,87,87,87,87,87,87,87,87,87],"relic_stats":{"counters":[13,64],"Pen Nib":[7],"Medical Kit":[0],"obtain_stats":[{"Du-Vu Doll":7,"Replay:Wanted Poster":17,"Iron Core":3,"Chameleon Ring":9,"Strawberry":11,"Pen Nib":12,"Medical Kit":19,"Burning Blood":0},{"Du-Vu Doll":4,"Replay:Wanted Poster":9,"Iron Core":2,"Chameleon Ring":5,"Strawberry":6,"Pen Nib":6,"Medical Kit":10,"Burning Blood":0},{"Du-Vu Doll":14,"Replay:Wanted Poster":46,"Iron Core":8,"Chameleon Ring":17,"Strawberry":27,"Pen Nib":27,"Medical Kit":53,"Burning Blood":0}]},"card_choices":[{"not_picked":["Blood for Blood","Wild Strike"],"picked":"Spot Weakness","floor":1},{"not_picked":["Flex","True Grit"],"picked":"Anger","floor":2},{"not_picked":["Sword Boomerang","Cleave"],"picked":"True Grit","floor":4},{"not_picked":["ReplayTheSpireMod:Omega Cannon","Heavy Blade"],"picked":"Flame Barrier","floor":7},{"not_picked":["Warcry","Burning Pact","Sentinel"],"picked":"SKIP","floor":8},{"not_picked":["Thunderclap","Burning Pact","Blood for Blood"],"picked":"SKIP","floor":11},{"not_picked":["Run Through","Thunderclap"],"picked":"Shrug It Off","floor":13},{"not_picked":["Warcry","Heavy Blade"],"picked":"Hologram","floor":14},{"not_picked":["Bludgeon","Eclipse"],"picked":"Hemogenesis","floor":16},{"not_picked":["Abandon+1","Replay:Undeath\u0027s Touch","Flex+1"],"picked":"SKIP","floor":18},{"not_picked":["Spot Weakness","ReplayTheSpireMod:LeadingStrike","Run Through+1"],"picked":"SKIP","floor":20},{"not_picked":["Sword Boomerang+1","Replay:Many Hands"],"picked":"Iron Wave+1","floor":21}],"player_experience":1098565,"relics_obtained":[{"floor":7,"key":"Du-Vu Doll"},{"floor":9,"key":"Chameleon Ring"},{"floor":11,"key":"Strawberry"},{"floor":12,"key":"Pen Nib"}],"event_choices":[{"damage_healed":0,"gold_gain":0,"player_choice":"Upgraded","damage_taken":0,"max_hp_gain":0,"max_hp_loss":0,"event_name":"Upgrade Shrine","floor":5,"gold_loss":0,"cards_upgraded":["True Grit"]},{"damage_healed":0,"gold_gain":0,"player_choice":"Upgraded","damage_taken":0,"max_hp_gain":0,"max_hp_loss":0,"event_name":"Upgrade Shrine","floor":22,"gold_loss":0,"cards_upgraded":["Hemogenesis"]}],"is_beta":true,"boss_relics":[{"not_picked":["Painkiller Herb","Calling Bell"],"picked":"Replay:Wanted Poster"}],"items_purged_floors":[10,19],"is_endless":false,"potions_floor_spawned":[1,8,14,16,18],"killed_by":"Centurion and Healer","ascension_level":1}}