{"host":"4w0ph6h4vm9bom6o","time":1612887154,"event":{"mods":["BaseMod","Minty Spire (QoL Compilation)","Relic Stats","ojb\u0027s Better Paths Mod","ojb\u0027s Info Mod"],"gold_per_floor":[113,129,50,50,50,50,90,90,90,115,65,65,109,122,122,243,243,266,266,112,27,52,90,103,134,134,150,150,150,185,210,210,331,331,350,368,368,388,388,112,112,130,154,173,186,236,236,272,272,272],"floor_reached":51,"language":"ENG","playtime":5166,"items_purged":["Strike_R","Strike_R"],"score":870,"play_id":"f3885528-5523-4055-a729-84499358e6d2","local_time":"20210209181234","is_ascension_mode":false,"campfire_choices":[{"data":"Bash","floor":6.0,"key":"SMITH"},{"data":"Reaper","floor":8.0,"key":"SMITH"},{"data":"Battle Trance","floor":12.0,"key":"SMITH"},{"data":"Sword Boomerang","floor":15.0,"key":"SMITH"},{"data":"Corruption","floor":28.0,"key":"SMITH"},{"data":"True Grit","floor":32.0,"key":"SMITH"},{"data":"Body Slam","floor":41.0,"key":"SMITH"},{"data":"Second Wind","floor":47.0,"key":"SMITH"},{"data":"Impervious","floor":49.0,"key":"SMITH"}],"circlet_count":0,"master_deck":["Strike_R+1","Strike_R+1","Defend_R","Defend_R","Defend_R","Defend_R","Bash+1","Sword Boomerang+1","Reaper+1","Battle Trance+1","Flex","Dropkick","Corruption+1","RitualDagger","Metallicize","Ghostly Armor","Thunderclap","Entrench","Inflame+1","Shrug It Off","True Grit+1","Second Wind+1","Impervious+1","Blood for Blood","Disarm+1","Dark Embrace+1","Body Slam+1"],"relics":["Burning Blood","NeowsBlessing","Golden Idol","Happy Flower","Sundial","Strawberry","Runic Pyramid","Calipers","Frozen Egg 2","InkBottle","Shuriken","Darkstone Periapt","Mark of Pain","Bag of Marbles","Juzu Bracelet","Whetstone"],"acts_visited":["Exordium","TheCity","TheBeyond"],"potions_floor_usage":[],"damage_taken":[{"damage":0.0,"enemies":"2 Louse","floor":1.0,"turns":1.0},{"damage":0.0,"enemies":"Small Slimes","floor":2.0,"turns":1.0},{"damage":0.0,"enemies":"Lagavulin","floor":7.0,"turns":1.0},{"damage":6.0,"enemies":"Jaw Worm","floor":10.0,"turns":3.0},{"damage":34.0,"enemies":"Gremlin Nob","floor":13.0,"turns":4.0},{"damage":7.0,"enemies":"Large Slime","floor":14.0,"turns":3.0},{"damage":36.0,"enemies":"The Guardian","floor":16.0,"turns":12.0},{"damage":14.0,"enemies":"Chosen","floor":18.0,"turns":5.0},{"damage":0.0,"enemies":"3 Byrds","floor":22.0,"turns":4.0},{"damage":41.0,"enemies":"Book of Stabbing","floor":23.0,"turns":5.0},{"damage":13.0,"enemies":"Cultist and Chosen","floor":24.0,"turns":5.0},{"damage":36.0,"enemies":"Slavers","floor":25.0,"turns":6.0},{"damage":31.0,"enemies":"Shelled Parasite and Fungi","floor":27.0,"turns":5.0},{"damage":24.0,"enemies":"Gremlin Leader","floor":30.0,"turns":5.0},{"damage":1.0,"enemies":"Centurion and Healer","floor":31.0,"turns":5.0},{"damage":38.0,"enemies":"Champ","floor":33.0,"turns":9.0},{"damage":1.0,"enemies":"Orb Walker","floor":35.0,"turns":3.0},{"damage":46.0,"enemies":"3 Darklings","floor":36.0,"turns":6.0},{"damage":0.0,"enemies":"Maw","floor":38.0,"turns":9.0},{"damage":31.0,"enemies":"4 Shapes","floor":42.0,"turns":4.0},{"damage":10.0,"enemies":"3 Darklings","floor":44.0,"turns":5.0},{"damage":17.0,"enemies":"Jaw Worm Horde","floor":45.0,"turns":6.0},{"damage":0.0,"enemies":"Giant Head","floor":48.0,"turns":3.0},{"damage":16.0,"enemies":"Awakened One","floor":50.0,"turns":6.0}],"seed_played":"5170803355343703079","potions_obtained":[{"floor":7.0,"key":"DistilledChaos"},{"floor":10.0,"key":"FearPotion"},{"floor":13.0,"key":"BlessingOfTheForge"},{"floor":24.0,"key":"SmokeBomb"},{"floor":25.0,"key":"BloodPotion"},{"floor":31.0,"key":"SkillPotion"},{"floor":35.0,"key":"SpeedPotion"},{"floor":44.0,"key":"CultistPotion"}],"is_trial":false,"path_per_floor":["M","M","$","?","?","R","E","R","T","M","?","R","E","M","R","B",null,"M","?","$","?","M","E","M","E","T","M","R","?","E","M","R","B",null,"M","M","?","M","?","$","R","M","T","M","M","T","R","E","R","B",null],"character_chosen":"IRONCLAD","items_purchased":["Reaper","Metallicize","Dark Embrace+1","Body Slam","Weak Potion"],"campfire_rested":0,"item_purchase_floors":[3,20,40,40,40],"current_hp_per_floor":[80,80,80,80,74,74,74,74,74,74,74,74,53,52,52,22,81,80,74,74,74,81,53,66,43,43,28,28,28,41,59,59,43,81,81,59,59,65,65,65,65,62,62,81,71,71,71,77,77,80],"gold":272,"neow_bonus":"THREE_ENEMY_KILL","is_daily":false,"chose_seed":false,"campfire_upgraded":9,"win_rate":0.0,"timestamp":1612887154,"path_taken":["M","M","$","?","?","R","E","R","T","M","?","R","E","?","R","BOSS","M","?","$","?","M","E","M","E","T","M","R","?","E","M","R","BOSS","M","M","?","M","?","$","R","M","T","?","M","?","R","E","R","BOSS"],"items_purchased_type":["Card","Card","Card","Card","Potion"],"build_version":"2020-12-22","purchased_purges":2,"victory":true,"max_hp_per_floor":[80,80,80,80,74,74,74,74,74,74,74,74,81,81,81,81,81,81,81,81,81,81,81,81,81,81,81,81,81,81,81,81,81,81,81,81,81,81,81,81,81,81,81,81,81,81,81,81,81,81],"relic_stats":{"Darkstone Periapt":0,"Happy Flower":[37],"counters":[24,116],"Golden Idol":171,"Sundial":[36],"Shuriken":[25],"Juzu Bracelet":0,"Whetstone":["Strike_R","Strike_R"],"obtain_stats":[{"Darkstone Periapt":30,"Calipers":21,"NeowsBlessing":0,"Happy Flower":7,"Golden Idol":5,"Juzu Bracelet":46,"Whetstone":48,"Frozen Egg 2":23,"Burning Blood":0,"Sundial":9,"Shuriken":26,"Strawberry":13,"Mark of Pain":34,"Bag of Marbles":43,"InkBottle":25,"Runic Pyramid":17},{"Darkstone Periapt":14,"Calipers":8,"NeowsBlessing":0,"Happy Flower":3,"Golden Idol":2,"Juzu Bracelet":22,"Whetstone":23,"Frozen Egg 2":10,"Burning Blood":0,"Sundial":3,"Shuriken":12,"Strawberry":5,"Mark of Pain":16,"Bag of Marbles":20,"InkBottle":12,"Runic Pyramid":7},{"Darkstone Periapt":60,"Calipers":30,"NeowsBlessing":0,"Happy Flower":3,"Golden Idol":2,"Juzu Bracelet":107,"Whetstone":110,"Frozen Egg 2":39,"Burning Blood":0,"Sundial":3,"Shuriken":50,"Strawberry":10,"Mark of Pain":74,"Bag of Marbles":96,"InkBottle":50,"Runic Pyramid":25}],"Burning Blood":104,"InkBottle":[24]},"card_choices":[{"not_picked":["Armaments","True Grit"],"picked":"Twin Strike","floor":1.0},{"not_picked":["True Grit","Headbutt"],"picked":"Sword Boomerang","floor":2.0},{"not_picked":["Anger","Juggernaut"],"picked":"Battle Trance","floor":7.0},{"not_picked":["Sword Boomerang","Warcry"],"picked":"Flex","floor":10.0},{"not_picked":["Pummel","Headbutt"],"picked":"Dropkick","floor":13.0},{"not_picked":["Flex","Perfected Strike","Sword Boomerang"],"picked":"SKIP","floor":14.0},{"not_picked":["Barricade","Double Tap"],"picked":"Corruption","floor":16.0},{"not_picked":["Perfected Strike","Sword Boomerang","Warcry+1"],"picked":"SKIP","floor":18.0},{"not_picked":["Headbutt","Pommel Strike"],"picked":"Ghostly Armor","floor":22.0},{"not_picked":["Flex","Brutality+1"],"picked":"Thunderclap","floor":23.0},{"not_picked":["Headbutt","Twin Strike"],"picked":"Entrench","floor":24.0},{"not_picked":["Double Tap","Thunderclap"],"picked":"Inflame+1","floor":25.0},{"not_picked":["Pommel Strike","Flex","Perfected Strike"],"picked":"SKIP","floor":27.0},{"not_picked":["Pommel Strike","Body Slam"],"picked":"True Grit","floor":30.0},{"not_picked":["Flex","Cleave"],"picked":"Second Wind","floor":31.0},{"not_picked":["Feed","Reaper"],"picked":"Impervious","floor":33.0},{"not_picked":["Pommel Strike","Dual Wield"],"picked":"Blood for Blood","floor":35.0},{"not_picked":["Battle Trance","Bloodletting"],"picked":"Disarm+1","floor":36.0},{"not_picked":["Pommel Strike","Clash+1","Clothesline"],"picked":"SKIP","floor":38.0},{"not_picked":["Clothesline","Clash+1","Infernal Blade+1"],"picked":"SKIP","floor":42.0},{"not_picked":["Clash+1","Headbutt","Ghostly Armor"],"picked":"SKIP","floor":44.0},{"not_picked":["Rage+1","Headbutt+1","Dark Embrace+1"],"picked":"SKIP","floor":45.0},{"not_picked":["Sword Boomerang","Twin Strike+1","Rage"],"picked":"SKIP","floor":48.0}],"player_experience":0,"relics_obtained":[{"floor":7.0,"key":"Happy Flower"},{"floor":9.0,"key":"Sundial"},{"floor":13.0,"key":"Strawberry"},{"floor":23.0,"key":"Frozen Egg 2"},{"floor":25.0,"key":"InkBottle"},{"floor":26.0,"key":"Shuriken"},{"floor":30.0,"key":"Darkstone Periapt"},{"floor":43.0,"key":"Bag of Marbles"},{"floor":46.0,"key":"Juzu Bracelet"},{"floor":48.0,"key":"Whetstone"}],"event_choices":[{"damage_healed":0.0,"max_hp_gain":0.0,"max_hp_loss":0.0,"gold_gain":0.0,"event_name":"Liars Game","player_choice":"Ignored","floor":4.0,"gold_loss":0.0,"damage_taken":0.0},{"damage_healed":0.0,"max_hp_gain":0.0,"max_hp_loss":6.0,"gold_gain":0.0,"event_name":"Golden Idol","player_choice":"Lose Max HP","floor":5.0,"gold_loss":0.0,"damage_taken":0.0,"relics_obtained":["Golden Idol"]},{"cards_removed":["Strike_R"],"damage_healed":0.0,"max_hp_gain":0.0,"max_hp_loss":0.0,"gold_gain":0.0,"event_name":"The Cleric","player_choice":"Card Removal","floor":11.0,"gold_loss":50.0,"damage_taken":0.0},{"damage_healed":0.0,"max_hp_gain":0.0,"max_hp_loss":0.0,"gold_gain":0.0,"event_name":"Nest","player_choice":"Joined the Cult","floor":19.0,"gold_loss":0.0,"damage_taken":6.0,"cards_obtained":["RitualDagger"]},{"damage_healed":0.0,"max_hp_gain":0.0,"max_hp_loss":0.0,"gold_gain":0.0,"event_name":"Addict","player_choice":"Obtained Relic","floor":21.0,"gold_loss":85.0,"damage_taken":0.0,"relics_obtained":["Calipers"]},{"damage_healed":0.0,"max_hp_gain":0.0,"max_hp_loss":0.0,"gold_gain":0.0,"event_name":"The Library","player_choice":"Read","floor":29.0,"gold_loss":0.0,"damage_taken":0.0,"cards_obtained":["Shrug It Off"]},{"cards_removed":["Twin Strike"],"damage_healed":0.0,"max_hp_gain":0.0,"max_hp_loss":0.0,"gold_gain":0.0,"event_name":"Falling","player_choice":"Removed Attack","floor":37.0,"gold_loss":0.0,"damage_taken":0.0},{"damage_healed":0.0,"max_hp_gain":0.0,"max_hp_loss":0.0,"gold_gain":0.0,"event_name":"Tomb of Lord Red Mask","player_choice":"Ignored","floor":39.0,"gold_loss":0.0,"damage_taken":0.0}],"is_beta":false,"boss_relics":[{"not_picked":["SlaversCollar","Cursed Key"],"picked":"Runic Pyramid"},{"not_picked":["Busted Crown","Empty Cage"],"picked":"Mark of Pain"}],"items_purged_floors":[20,40],"is_endless":false,"potions_floor_spawned":[7,10,13,24,25,27,31,35,44,48],"ascension_level":0}}