{"host":"msfr2axb1w9025n0","time":1612846819,"event":{"mods":["BaseMod","Bestiary","Block Reminder","Colored Map","DeckTracker","Minty Spire (QoL Compilation)","Relic Stats","Weighted Paths"],"gold_per_floor":[111,122,173,69,69,69,69,69,69,99,109,144,160,193,193,272,272,291,304,324,340,55,55,55,55,55],"floor_reached":25,"language":"ENG","playtime":664,"items_purged":[],"score":406,"play_id":"6839760a-a27d-4f92-82d7-d9892fb07f6b","local_time":"20210209120019","is_ascension_mode":true,"campfire_choices":[{"data":"Wild Strike","floor":6,"key":"SMITH"},{"data":"Bash","floor":8,"key":"SMITH"},{"data":"Perfected Strike","floor":15,"key":"SMITH"},{"data":"True Grit","floor":23,"key":"SMITH"}],"circlet_count":0,"master_deck":["AscendersBane","Strike_R","Strike_R","Strike_R","Strike_R","Strike_R","Defend_R","Defend_R","Defend_R","Defend_R","Bash+1","Wild Strike+1","Evolve+1","Cleave","Wild Strike","Rage","Perfected Strike+1","Disarm","Juggernaut","Flame Barrier","Fire Breathing","Shrug It Off","True Grit+1"],"relics":["Burning Blood","NeowsBlessing","WingedGreaves","Tiny Chest","Orichalcum","HornCleat","Mark of Pain","Gremlin Horn"],"acts_visited":["Exordium","TheCity"],"potions_floor_usage":[12,25],"damage_taken":[{"damage":0,"enemies":"2 Louse","floor":1,"turns":1},{"damage":0,"enemies":"Jaw Worm","floor":2,"turns":1},{"damage":0,"enemies":"Lagavulin","floor":10,"turns":1},{"damage":0,"enemies":"Cultist","floor":11,"turns":2},{"damage":19,"enemies":"3 Sentries","floor":12,"turns":7},{"damage":7,"enemies":"3 Louse","floor":13,"turns":2},{"damage":20,"enemies":"Gremlin Nob","floor":14,"turns":4},{"damage":32,"enemies":"Slime Boss","floor":16,"turns":7},{"damage":7,"enemies":"Chosen","floor":18,"turns":4},{"damage":0,"enemies":"Spheric Guardian","floor":19,"turns":3},{"damage":28,"enemies":"Snake Plant","floor":20,"turns":3},{"damage":17,"enemies":"Centurion and Healer","floor":21,"turns":5},{"damage":39,"enemies":"Book of Stabbing","floor":25,"turns":4}],"seed_played":"5216923088032885140","potions_obtained":[{"floor":2,"key":"SteroidPotion"},{"floor":11,"key":"LiquidMemories"},{"floor":13,"key":"CultistPotion"},{"floor":19,"key":"PowerPotion"}],"is_trial":false,"path_per_floor":["M","M","?","$","?","R","$","R","T","E","M","E","M","E","R","B",null,"M","M","M","M","$","R","?","E"],"character_chosen":"IRONCLAD","items_purchased":["Evolve","Cleave","Gremlin Horn","True Grit"],"campfire_rested":0,"item_purchase_floors":[4,4,22,22],"current_hp_per_floor":[78,80,80,80,80,80,80,80,80,80,80,67,66,52,52,26,67,66,72,50,39,39,39,39,0,0],"gold":55,"neow_bonus":"THREE_ENEMY_KILL","is_daily":false,"chose_seed":false,"campfire_upgraded":4,"win_rate":0.0,"timestamp":1612846819,"path_taken":["M","M","?","$","?","R","?","R","T","E","?","E","M","E","R","BOSS","M","M","M","M","$","R","?","E"],"items_purchased_type":["Card","Card","Relic","Card"],"build_version":"2020-12-22","purchased_purges":0,"victory":false,"max_hp_per_floor":[80,80,80,80,80,80,80,80,80,80,80,80,80,80,80,80,80,80,80,80,80,80,80,80,80,80],"relic_stats":{"Gremlin Horn":[0,0],"counters":[13,44],"Tiny Chest":0,"Orichalcum":[66],"obtain_stats":[{"HornCleat":14,"NeowsBlessing":0,"Gremlin Horn":22,"Tiny Chest":10,"WingedGreaves":9,"Mark of Pain":17,"Orichalcum":12,"Burning Blood":0},{"HornCleat":7,"NeowsBlessing":0,"Gremlin Horn":12,"Tiny Chest":3,"WingedGreaves":2,"Mark of Pain":8,"Orichalcum":5,"Burning Blood":0},{"HornCleat":18,"NeowsBlessing":0,"Gremlin Horn":40,"Tiny Chest":3,"WingedGreaves":2,"Mark of Pain":25,"Orichalcum":12,"Burning Blood":0}],"Burning Blood":56},"card_choices":[{"not_picked":["Havoc","Thunderclap","Iron Wave"],"picked":"SKIP","floor":1},{"not_picked":["Warcry","Anger"],"picked":"Wild Strike","floor":2},{"not_picked":["Evolve","Havoc"],"picked":"Wild Strike","floor":10},{"not_picked":["Iron Wave","Flex"],"picked":"Rage","floor":11},{"not_picked":["Juggernaut","Warcry"],"picked":"Perfected Strike","floor":12},{"not_picked":["Havoc","Armaments"],"picked":"Disarm","floor":13},{"not_picked":["Clash","Armaments","Heavy Blade"],"picked":"SKIP","floor":14},{"not_picked":["Impervious","Corruption"],"picked":"Juggernaut","floor":16},{"not_picked":["Second Wind+1","Havoc"],"picked":"Flame Barrier","floor":18},{"not_picked":["True Grit","Blood for Blood"],"picked":"Fire Breathing","floor":19},{"not_picked":["Intimidate","Hemokinesis","Bloodletting"],"picked":"SKIP","floor":20},{"not_picked":["Sword Boomerang","Iron Wave"],"picked":"Shrug It Off","floor":21}],"player_experience":299420,"relics_obtained":[{"floor":9,"key":"WingedGreaves"},{"floor":10,"key":"Tiny Chest"},{"floor":12,"key":"Orichalcum"},{"floor":14,"key":"HornCleat"}],"event_choices":[{"damage_healed":0,"gold_gain":51,"player_choice":"Gained Gold","damage_taken":0,"max_hp_gain":0,"max_hp_loss":0,"event_name":"Golden Wing","floor":3,"gold_loss":0},{"damage_healed":0,"gold_gain":0,"player_choice":"Grow","damage_taken":0,"max_hp_gain":0,"max_hp_loss":0,"event_name":"Living Wall","floor":5,"gold_loss":0,"cards_upgraded":["Evolve"]},{"damage_healed":0,"gold_gain":0,"player_choice":"Leave","damage_taken":0,"max_hp_gain":0,"max_hp_loss":0,"event_name":"FaceTrader","floor":24,"gold_loss":0}],"is_beta":false,"boss_relics":[{"not_picked":["SacredBark","Tiny House"],"picked":"Mark of Pain"}],"items_purged_floors":[],"is_endless":false,"potions_floor_spawned":[2,11,13,14,16,19],"killed_by":"Book of Stabbing","ascension_level":13}}