{"host":"xhy9gc4eyomy2i9o","time":1612853879,"event":{"mods":["AchievementEnabler","Act Like it!","BaseMod","Better Vampires","Minty Spire (QoL Compilation)","Permanent Neow","Quick Restart","Shop Mod","StSLib","Waifu the Spire"],"gold_per_floor":[118,138,150,162,178,204,129,129,129,129,129,229,246,277,277,380,380,393,146,157,168,168,201,201,201,201],"floor_reached":25,"language":"ZHS","playtime":1353,"items_purged":["Strike_B","Strike_B"],"score":373,"play_id":"ee74ef81-1697-48f5-a5bd-f1c6837d5246","local_time":"20210209145759","is_ascension_mode":true,"campfire_choices":[{"data":"Defragment","floor":8.0,"key":"SMITH"},{"floor":10.0,"key":"REST"},{"data":"Defragment","floor":15.0,"key":"SMITH"},{"data":"Chill","floor":24.0,"key":"SMITH"}],"circlet_count":0,"master_deck":["AscendersBane","Strike_B","Strike_B","Defend_B","Defend_B","Defend_B","Defend_B","Zap","Dualcast","Defragment+1","Genetic Algorithm","Redo","Ball Lightning","Chill+1","Coolheaded","Loop","Defragment+1","Machine Learning","Recycle","Coolheaded","Loop"],"relics":["Philosopher\u0027s Stone","Bronze Scales","Bottled Tornado","Velvet Choker","Lee\u0027s Waffle","Bottled Flame"],"acts_visited":["Exordium","TheCity"],"potions_floor_usage":[25],"damage_taken":[{"damage":1.0,"enemies":"Cultist","floor":1.0,"turns":4.0},{"damage":8.0,"enemies":"Small Slimes","floor":2.0,"turns":4.0},{"damage":3.0,"enemies":"2 Louse","floor":3.0,"turns":3.0},{"damage":15.0,"enemies":"Blue Slaver","floor":4.0,"turns":3.0},{"damage":8.0,"enemies":"Large Slime","floor":5.0,"turns":5.0},{"damage":21.0,"enemies":"3 Sentries","floor":6.0,"turns":7.0},{"damage":0.0,"enemies":"Exordium Thugs","floor":13.0,"turns":4.0},{"damage":4.0,"enemies":"Lagavulin","floor":14.0,"turns":6.0},{"damage":13.0,"enemies":"Hexaghost","floor":16.0,"turns":9.0},{"damage":7.0,"enemies":"Shell Parasite","floor":18.0,"turns":5.0},{"damage":4.0,"enemies":"2 Thieves","floor":20.0,"turns":4.0},{"damage":12.0,"enemies":"3 Cultists","floor":21.0,"turns":6.0},{"damage":17.0,"enemies":"Gremlin Leader","floor":23.0,"turns":7.0},{"damage":52,"enemies":"Slavers","floor":25,"turns":4}],"seed_played":"2444000469078854664","potions_obtained":[{"floor":1.0,"key":"SkillPotion"},{"floor":3.0,"key":"Strength Potion"},{"floor":5.0,"key":"PowerPotion"},{"floor":6.0,"key":"Strength Potion"},{"floor":16.0,"key":"SpeedPotion"},{"floor":23.0,"key":"SneckoOil"}],"is_trial":false,"path_per_floor":["M","M","M","M","M","E","$","R","T","R","?","?","M","E","R","B",null,"M","$","M","M","?","E","R","E"],"character_chosen":"DEFECT","items_purchased":["Lee\u0027s Waffle"],"campfire_rested":1,"item_purchase_floors":[19],"current_hp_per_floor":[67,59,56,41,33,12,12,12,12,34,34,34,34,30,30,17,61,54,82,78,66,66,49,49,0,0],"gold":201,"neow_bonus":"BOSS_RELIC","is_daily":false,"chose_seed":false,"campfire_upgraded":3,"win_rate":0.0,"timestamp":1612853879,"path_taken":["M","M","M","M","M","E","$","R","T","R","?","?","?","E","R","BOSS","M","$","M","M","?","E","R","E"],"items_purchased_type":["Relic"],"build_version":"2020-12-22","purchased_purges":2,"victory":false,"max_hp_per_floor":[75,75,75,75,75,75,75,75,75,75,75,75,75,75,75,75,75,75,82,82,82,82,82,82,82,82],"card_choices":[{"not_picked":["Steam Power","Steam"],"picked":"Defragment","floor":1.0},{"not_picked":["Barrage","Turbo"],"picked":"Genetic Algorithm","floor":2.0},{"not_picked":["Hologram","Beam Cell"],"picked":"Redo","floor":3.0},{"not_picked":["Stack","FTL"],"picked":"Ball Lightning","floor":4.0},{"not_picked":["Genetic Algorithm","Barrage"],"picked":"Chill","floor":5.0},{"not_picked":["Leap","Sweeping Beam"],"picked":"Coolheaded","floor":6.0},{"not_picked":["Doom and Gloom","Consume"],"picked":"Loop","floor":13.0},{"not_picked":["Streamline","Echo Form"],"picked":"Defragment","floor":14.0},{"not_picked":["Thunder Strike","All For One"],"picked":"Machine Learning","floor":16.0},{"not_picked":["Redo","Fusion","Darkness"],"picked":"SKIP","floor":18.0},{"not_picked":["Hello World+1","Undo"],"picked":"Recycle","floor":20.0},{"not_picked":["Stack","Redo"],"picked":"Coolheaded","floor":21.0},{"not_picked":["Reprogram","Compile Driver"],"picked":"Loop","floor":23.0}],"player_experience":549443,"relics_obtained":[{"floor":6.0,"key":"Bronze Scales"},{"floor":14.0,"key":"Bottled Tornado"},{"floor":23.0,"key":"Bottled Flame"}],"event_choices":[{"damage_healed":0.0,"max_hp_gain":0.0,"max_hp_loss":0.0,"gold_gain":0.0,"event_name":"Dead Adventurer","player_choice":"Searched \u00270\u0027 times","floor":11.0,"gold_loss":0.0,"damage_taken":0.0},{"damage_healed":0.0,"max_hp_gain":0.0,"max_hp_loss":0.0,"gold_gain":100.0,"event_name":"Golden Shrine","player_choice":"Pray","floor":12.0,"gold_loss":0.0,"damage_taken":0.0},{"damage_healed":0.0,"max_hp_gain":0.0,"max_hp_loss":0.0,"gold_gain":0.0,"event_name":"The Mausoleum","player_choice":"Ignored","floor":22.0,"gold_loss":0.0,"damage_taken":0.0}],"is_beta":false,"boss_relics":[{"not_picked":["Cursed Key","SlaversCollar"],"picked":"Velvet Choker"}],"items_purged_floors":[7,19],"is_endless":false,"potions_floor_spawned":[1,3,5,6,16,23],"killed_by":"Slavers","ascension_level":12}}