{"host":"4pckc3u5mqcilakq","time":1612887945,"event":{"mods":["AchievementEnabler","BaseMod","Bestiary","Colored Map","Colored Powertips","Highlight Path","Minty Spire (QoL Compilation)","Quick Restart","Relic Stats"],"gold_per_floor":[109,125,125,199,199,225,241,271,271,281,43,71,82,101,101,203,203,223,241,241,261,274,274,302,302,302,302,314,342,17,17,17,113,113,124,124,124,144,163,163,197,197,197,197,228,32,45,77,77,77,77,77,4,31,31,31],"floor_reached":55,"language":"ENG","playtime":4707,"items_purged":["Defend_R"],"score":1069,"play_id":"7a57ed03-8675-4256-aaeb-95c7f11cdab6","local_time":"20210209192545","is_ascension_mode":true,"campfire_choices":[{"data":"Evolve","floor":15,"key":"SMITH"},{"data":"Double Tap","floor":23,"key":"SMITH"},{"data":"Wild Strike","floor":32,"key":"SMITH"},{"data":"Inflame","floor":40,"key":"SMITH"},{"data":"Shockwave","floor":42,"key":"SMITH"},{"data":"Offering","floor":44,"key":"SMITH"},{"floor":49,"key":"RECALL"},{"data":"Fire Breathing","floor":52,"key":"SMITH"}],"circlet_count":0,"master_deck":["Defend_R","Defend_R","Wild Strike+1","Shockwave+1","Sword Boomerang+1","Pommel Strike+1","Shrug It Off","Offering+1","Evolve+1","Double Tap+1","Fiend Fire+1","Wild Strike+1","Inflame+1","Feed+1","True Grit+1","Bite+1","Bite+1","Bite+1","Bite+1","Bite+1","Wild Strike+1","Fire Breathing+1","Shrug It Off+1","Shockwave+1","Metallicize"],"relics":["Black Blood","Boot","Molten Egg 2","Eternal Feather","InkBottle","Magic Flower","Mummified Hand","Bottled Tornado","Busted Crown","Meat on the Bone","Pantograph","Kunai","Lantern","Blue Candle","Toxic Egg 2","Bag of Preparation","Red Skull","Nunchaku"],"acts_visited":["Exordium","TheCity","TheBeyond","TheEnding"],"potions_floor_usage":[14,24,24,48,55,55,55],"damage_taken":[{"damage":3,"enemies":"Small Slimes","floor":1,"turns":5},{"damage":7,"enemies":"Jaw Worm","floor":2,"turns":3},{"damage":55,"enemies":"3 Sentries","floor":6,"turns":7},{"damage":0,"enemies":"2 Louse","floor":7,"turns":2},{"damage":6,"enemies":"Gremlin Nob","floor":8,"turns":3},{"damage":4,"enemies":"Blue Slaver","floor":10,"turns":3},{"damage":21,"enemies":"3 Sentries","floor":12,"turns":5},{"damage":6,"enemies":"Large Slime","floor":13,"turns":1},{"damage":13,"enemies":"Exordium Thugs","floor":14,"turns":2},{"damage":6,"enemies":"Slime Boss","floor":16,"turns":2},{"damage":17,"enemies":"Spheric Guardian","floor":18,"turns":4},{"damage":9,"enemies":"3 Byrds","floor":19,"turns":6},{"damage":6,"enemies":"Snake Plant","floor":21,"turns":2},{"damage":6,"enemies":"Cultist and Chosen","floor":22,"turns":3},{"damage":19,"enemies":"Slavers","floor":24,"turns":4},{"damage":43,"enemies":"Centurion and Healer","floor":28,"turns":5},{"damage":29,"enemies":"Gremlin Leader","floor":29,"turns":4},{"damage":85,"enemies":"Collector","floor":33,"turns":9},{"damage":17,"enemies":"Orb Walker","floor":35,"turns":2},{"damage":22,"enemies":"3 Shapes","floor":38,"turns":3},{"damage":44,"enemies":"Writhing Mass","floor":39,"turns":4},{"damage":15,"enemies":"Giant Head","floor":41,"turns":4},{"damage":10,"enemies":"Nemesis","floor":45,"turns":3},{"damage":15,"enemies":"3 Darklings","floor":47,"turns":4},{"damage":22,"enemies":"Giant Head","floor":48,"turns":7},{"damage":67,"enemies":"Donu and Deca","floor":50,"turns":5},{"damage":96,"enemies":"Shield and Spear","floor":54,"turns":4},{"damage":99,"enemies":"The Heart","floor":55,"turns":6}],"seed_played":"4904576388692042088","potions_obtained":[{"floor":7,"key":"ElixirPotion"},{"floor":12,"key":"ColorlessPotion"},{"floor":14,"key":"Ancient Potion"},{"floor":16,"key":"Swift Potion"},{"floor":18,"key":"BlessingOfTheForge"},{"floor":29,"key":"Regen Potion"},{"floor":33,"key":"Explosive Potion"},{"floor":39,"key":"CultistPotion"},{"floor":48,"key":"Fruit Juice"},{"floor":54,"key":"FearPotion"}],"is_trial":false,"path_per_floor":["M","M","?","T","?","E","M","E","T","M","$","E","M","M","R","B",null,"M","M","?","M","M","R","E","?","T","?","M","E","$","?","R","B",null,"M","?","?","M","M","R","E","R","T","R","E","$","M","E","R","B",null,"R","$","E","B"],"character_chosen":"IRONCLAD","items_purchased":["Evolve","Double Tap","Kunai","Bag of Preparation","Shrug It Off+1","Metallicize"],"campfire_rested":0,"item_purchase_floors":[11,11,30,46,46,53],"current_hp_per_floor":[80,79,84,84,77,28,34,34,34,39,39,27,30,26,38,41,74,72,78,78,81,90,97,93,93,93,70,67,62,62,62,74,51,68,78,78,78,82,66,78,86,86,86,86,86,86,90,95,95,79,91,95,95,50,0,0],"gold":31,"neow_bonus":"RANDOM_COMMON_RELIC","is_daily":false,"chose_seed":false,"campfire_upgraded":7,"win_rate":0.0,"timestamp":1612887945,"path_taken":["M","M","?","?","?","E","M","E","T","M","$","E","M","?","R","BOSS","M","M","?","M","M","R","E","?","T","?","M","E","$","?","R","BOSS","M","?","?","M","M","R","E","R","T","R","E","$","M","E","R","BOSS","R","$","E","BOSS"],"items_purchased_type":["Card","Card","Relic","Relic","Card","Card"],"build_version":"2020-12-22","purchased_purges":1,"victory":false,"max_hp_per_floor":[80,80,85,85,85,85,85,85,85,85,85,85,85,85,85,85,85,89,93,93,93,97,97,101,101,101,70,74,74,74,74,74,74,74,78,78,78,82,82,82,86,86,86,86,86,86,90,95,95,95,95,95,95,95,95,95],"relic_stats":{"counters":[28,112],"Blue Candle":[0],"Black Blood":235,"Magic Flower":[179],"Eternal Feather":47,"Bag of Preparation":[10],"Boot":[111],"Nunchaku":[1],"Busted Crown":32,"Mummified Hand":[44],"Pantograph":38,"Kunai":[32],"obtain_stats":[{"Lantern":41,"Blue Candle":43,"Magic Flower":8,"Black Blood":34,"Eternal Feather":5,"Bag of Preparation":46,"Bottled Tornado":12,"Boot":0,"Burning Blood":0,"Nunchaku":54,"Busted Crown":17,"Mummified Hand":9,"Pantograph":29,"Molten Egg 2":4,"Kunai":30,"Toxic Egg 2":45,"InkBottle":6,"Red Skull":48,"Meat on the Bone":24},{"Lantern":22,"Blue Candle":22,"Magic Flower":5,"Black Blood":18,"Eternal Feather":2,"Bag of Preparation":23,"Bottled Tornado":7,"Boot":0,"Burning Blood":0,"Nunchaku":27,"Busted Crown":10,"Mummified Hand":5,"Pantograph":17,"Molten Egg 2":2,"Kunai":17,"Toxic Egg 2":23,"InkBottle":3,"Red Skull":25,"Meat on the Bone":15},{"Lantern":83,"Blue Candle":83,"Magic Flower":20,"Black Blood":70,"Eternal Feather":8,"Bag of Preparation":86,"Bottled Tornado":28,"Boot":0,"Burning Blood":0,"Nunchaku":106,"Busted Crown":33,"Mummified Hand":20,"Pantograph":61,"Molten Egg 2":8,"Kunai":61,"Toxic Egg 2":86,"InkBottle":15,"Red Skull":97,"Meat on the Bone":52}],"InkBottle":[40],"Meat on the Bone":54},"card_choices":[{"not_picked":["Twin Strike","Havoc"],"picked":"Wild Strike","floor":1},{"not_picked":["Clash","Intimidate"],"picked":"Shockwave","floor":2},{"not_picked":["Perfected Strike+1","Entrench"],"picked":"Sword Boomerang+1","floor":6},{"not_picked":["Juggernaut","Hemokinesis+1"],"picked":"Pommel Strike+1","floor":7},{"not_picked":["Pummel+1","Armaments"],"picked":"Shrug It Off","floor":8},{"not_picked":["Anger+1","Havoc"],"picked":"Offering","floor":10},{"not_picked":["Armaments","Iron Wave+1"],"picked":"Fiend Fire+1","floor":12},{"not_picked":["Headbutt+1","Warcry"],"picked":"Wild Strike+1","floor":13},{"not_picked":["Headbutt+1","True Grit"],"picked":"Inflame","floor":14},{"not_picked":["Fiend Fire+1","Brutality"],"picked":"Feed+1","floor":16},{"not_picked":["Perfected Strike+1"],"picked":"SKIP","floor":18},{"not_picked":["Intimidate"],"picked":"SKIP","floor":19},{"not_picked":["Clash+1"],"picked":"SKIP","floor":21},{"not_picked":[],"picked":"True Grit+1","floor":22},{"not_picked":["True Grit"],"picked":"SKIP","floor":24},{"not_picked":["Pommel Strike+1"],"picked":"SKIP","floor":28},{"not_picked":[],"picked":"Wild Strike+1","floor":29},{"not_picked":["Thunderclap+1"],"picked":"SKIP","floor":35},{"not_picked":["Combust"],"picked":"SKIP","floor":38},{"not_picked":["Clash+1"],"picked":"SKIP","floor":39},{"not_picked":["Flex+1"],"picked":"SKIP","floor":41},{"not_picked":[],"picked":"Fire Breathing","floor":45},{"not_picked":["Heavy Blade+1"],"picked":"SKIP","floor":47},{"not_picked":[],"picked":"Shockwave+1","floor":48},{"not_picked":["Pommel Strike+1"],"picked":"SKIP","floor":54}],"player_experience":245595,"relics_obtained":[{"floor":4,"key":"Molten Egg 2"},{"floor":6,"key":"InkBottle"},{"floor":8,"key":"Magic Flower"},{"floor":9,"key":"Mummified Hand"},{"floor":12,"key":"Bottled Tornado"},{"floor":24,"key":"Meat on the Bone"},{"floor":29,"key":"Pantograph"},{"floor":41,"key":"Lantern"},{"floor":43,"key":"Blue Candle"},{"floor":45,"key":"Toxic Egg 2"},{"floor":48,"key":"Red Skull"},{"floor":54,"key":"Nunchaku"}],"event_choices":[{"damage_healed":0,"gold_gain":0,"player_choice":"Donut","damage_taken":0,"max_hp_gain":5,"max_hp_loss":0,"event_name":"Big Fish","floor":3,"gold_loss":0},{"damage_healed":0,"gold_gain":0,"player_choice":"Success","damage_taken":7,"relics_obtained":["Eternal Feather"],"max_hp_gain":0,"max_hp_loss":0,"event_name":"Scrap Ooze","floor":5,"gold_loss":0},{"damage_healed":0,"gold_gain":0,"player_choice":"Ignored","damage_taken":0,"max_hp_gain":0,"max_hp_loss":0,"event_name":"Beggar","floor":20,"gold_loss":0},{"damage_healed":0,"gold_gain":0,"player_choice":"Ignored","damage_taken":0,"max_hp_gain":0,"max_hp_loss":0,"event_name":"Ghosts","floor":25,"gold_loss":0},{"damage_healed":0,"gold_gain":0,"player_choice":"Became a vampire","damage_taken":0,"max_hp_gain":0,"max_hp_loss":31,"event_name":"Vampires","floor":27,"gold_loss":0,"cards_obtained":["Bite","Bite","Bite","Bite","Bite"]},{"cards_removed":["Defend_R"],"damage_healed":0,"gold_gain":0,"player_choice":"Card Removal","damage_taken":0,"max_hp_gain":0,"max_hp_loss":0,"event_name":"Wheel of Change","floor":31,"gold_loss":0},{"damage_healed":0,"gold_gain":0,"player_choice":"Ignored","damage_taken":0,"max_hp_gain":0,"max_hp_loss":0,"event_name":"Tomb of Lord Red Mask","floor":36,"gold_loss":0},{"cards_removed":["Bash"],"damage_healed":0,"gold_gain":0,"player_choice":"Removed Attack","damage_taken":0,"max_hp_gain":0,"max_hp_loss":0,"event_name":"Falling","floor":37,"gold_loss":0}],"is_beta":false,"boss_relics":[{"not_picked":["Coffee Dripper","Philosopher\u0027s Stone"],"picked":"Busted Crown"},{"not_picked":["Calling Bell","Runic Pyramid"],"picked":"Black Blood"}],"items_purged_floors":[30],"is_endless":false,"potions_floor_spawned":[7,12,14,16,18,22,29,33,38,39,47,48,54],"killed_by":"The Heart","ascension_level":5}}