{"host":"qekv59dthhdg54sz","time":1612867250,"event":{"mods":["AchievementEnabler","BaseMod","Colored Map","DeckTracker","KOR Keyword Fix","Minty Spire (QoL Compilation)","Rare Cards Sparkle","StSLib","SuperFastMode"],"gold_per_floor":[118,137,137,62,79,79,89,102,179,179,179],"floor_reached":10,"language":"KOR","playtime":103,"items_purged":["Strike_G"],"score":120,"play_id":"b492ccb1-b73b-4a4f-b4d7-652fb8a71e97","local_time":"20210209194050","is_ascension_mode":true,"campfire_choices":[{"data":"Quick Slash","floor":6,"key":"SMITH"}],"circlet_count":0,"master_deck":["AscendersBane","Strike_G","Strike_G","Strike_G","Strike_G","Defend_G","Defend_G","Defend_G","Defend_G","Defend_G","Survivor","Neutralize","Acrobatics","Quick Slash+1","Backflip","Deadly Poison","Dagger Throw"],"relics":["Ring of the Snake","NeowsBlessing","Sundial"],"acts_visited":["Exordium"],"potions_floor_usage":[7],"damage_taken":[{"damage":0,"enemies":"Cultist","floor":1,"turns":1},{"damage":0,"enemies":"Jaw Worm","floor":2,"turns":1},{"damage":0,"enemies":"2 Louse","floor":5,"turns":1},{"damage":1,"enemies":"Looter","floor":7,"turns":4},{"damage":1,"enemies":"2 Fungi Beasts","floor":8,"turns":4},{"damage":0,"enemies":"Lagavulin","floor":10,"turns":2}],"seed_played":"-7448365034293714585","potions_obtained":[{"floor":1,"key":"Fire Potion"},{"floor":2,"key":"Dexterity Potion"}],"is_trial":false,"path_per_floor":["M","M","?","$","M","R","M","M","T","E"],"character_chosen":"THE_SILENT","items_purchased":[],"campfire_rested":0,"item_purchase_floors":[],"current_hp_per_floor":[59,59,66,66,66,66,65,64,64,64,64],"gold":179,"neow_bonus":"THREE_ENEMY_KILL","is_daily":false,"chose_seed":false,"campfire_upgraded":1,"win_rate":0.0,"timestamp":1612867250,"path_taken":["M","?","?","$","M","R","M","?","T","E"],"items_purchased_type":[],"build_version":"2020-12-22","purchased_purges":1,"victory":false,"max_hp_per_floor":[66,66,66,66,66,66,66,66,66,66,66],"card_choices":[{"not_picked":["Quick Slash","Sucker Punch"],"picked":"Acrobatics","floor":1},{"not_picked":["Acrobatics","All Out Attack"],"picked":"Quick Slash","floor":2},{"not_picked":["Cloak And Dagger","Concentrate"],"picked":"Backflip","floor":5},{"not_picked":["Wraith Form v2","Leg Sweep"],"picked":"Deadly Poison","floor":7},{"not_picked":["Flying Knee","PiercingWail"],"picked":"Dagger Throw","floor":8}],"player_experience":882924,"relics_obtained":[{"floor":9,"key":"Sundial"}],"event_choices":[{"damage_healed":7,"gold_gain":0,"player_choice":"Full Heal","damage_taken":0,"max_hp_gain":0,"max_hp_loss":0,"event_name":"Wheel of Change","floor":3,"gold_loss":0}],"is_beta":false,"boss_relics":[],"items_purged_floors":[4],"is_endless":false,"potions_floor_spawned":[1,2],"killed_by":"Lagavulin","ascension_level":20}}