{"host":"ydh61a5ftgdajrbo","time":1612871286,"event":{"mods":["BaseMod","Colored Map","DeckTracker","Downfall","HololiveMod","Minty Spire (QoL Compilation)","Prisma Mod","Reimu¡]³Õ???¡^","Replay The Spire","Spire Arcade","StSLib","The Cursed","The Gatherer","The Jungle","The Mystic","The Runesmith","The Servant 0.9.4","WarShipGirlsR/??¤Ö¤kR mod"],"gold_per_floor":[118,118,118,168,181,181,208,228,228,244,318,338,338,357,357,357,357,357],"floor_reached":16,"language":"ZHS","playtime":622,"items_purged":[],"score":127,"play_id":"85ac1102-aaba-440e-8522-d2ed671b8f68","local_time":"20210209194806","is_ascension_mode":false,"metric_token":1173,"campfire_choices":[{"data":"Gatherer:FinishingStrike","floor":13,"key":"SMITH"},{"data":"Gatherer:MiningStrike","floor":15,"key":"SMITH"}],"circlet_count":1,"master_deck":["Gatherer:Strike_Gatherer","Gatherer:Strike_Gatherer","Gatherer:Strike_Gatherer","Gatherer:Strike_Gatherer","Gatherer:Defend_Gatherer","Gatherer:Defend_Gatherer","Gatherer:Defend_Gatherer","Gatherer:Defend_Gatherer","Gatherer:Defend_Gatherer","Gatherer:Centralize","Gatherer:FlowerWhip","Gatherer:Snatch","downfall:Bewildered","Gatherer:MiningStrike+1","Gatherer:FinishingStrike+1","Gatherer:UpgradeBag","Overencumbered","Gatherer:TacticalStrike+1","Gatherer:Uplift"],"relics":["SlaversCollar","Gatherer:Leftovers","Ring of Greed","Tiny Chest","MealTicket","ReplayTheSpireMod:Ring of Addiction","Circlet","Chameleon Ring","Darkstone Periapt","Molten Egg 2"],"acts_visited":["Exordium"],"potions_floor_usage":[7,16],"damage_taken":[{"damage":0.0,"enemies":"Small Slimes","floor":1.0,"turns":4.0},{"damage":6,"enemies":"2 Louse","floor":5,"turns":3},{"damage":0,"enemies":"3 Sentries","floor":7,"turns":8},{"damage":0,"enemies":"Cultist","floor":8,"turns":2},{"damage":22,"enemies":"Exordium Thugs","floor":10,"turns":5},{"damage":0,"enemies":"2 Fungi Beasts","floor":12,"turns":2},{"damage":0,"enemies":"Blue Slaver","floor":14,"turns":1},{"damage":0,"enemies":"The Guardian","floor":16,"turns":2}],"seed_played":"1191849770580924056","potions_obtained":[{"floor":1.0,"key":"EssenceOfSteel"},{"floor":4,"key":"SkillPotion"},{"floor":4,"key":"LiquidMemories"},{"floor":8,"key":"PowerPotion"}],"is_trial":false,"path_per_floor":["M","?","?","?","M","?","E","M","T","M","?","M","R","M","R","B"],"character_chosen":"THE_GATHERER","items_purchased":[],"campfire_rested":0,"item_purchase_floors":[],"current_hp_per_floor":[72,65,70,70,64,64,64,64,64,42,48,48,48,48,48,48,48,48],"gold":357,"neow_bonus":"BOSS_RELIC","is_daily":false,"chose_seed":false,"campfire_upgraded":2,"win_rate":0.0,"timestamp":1612871286,"path_taken":["M","?","?","?","M","?","E","M","T","M","?","M","R","M","R","BOSS"],"items_purchased_type":[],"build_version":"2020-12-22","purchased_purges":0,"victory":false,"max_hp_per_floor":[72,72,77,77,77,77,77,77,77,77,83,83,83,81,81,81,81,81],"card_choices":[{"not_picked":["Gatherer:OddSpoils","Gatherer:GlowingPlant"],"picked":"Gatherer:Snatch","floor":1.0},{"not_picked":["Gatherer:Frenzy","Gatherer:FragileHammer"],"picked":"Gatherer:MiningStrike","floor":5},{"not_picked":["Gatherer:GatherMaterial","Gatherer:SealedBomb"],"picked":"Gatherer:FinishingStrike","floor":7},{"not_picked":["Gatherer:AcidicSpray","Gatherer:OddSpoils"],"picked":"Gatherer:UpgradeBag","floor":8},{"not_picked":["Gatherer:AromaProtection","Gatherer:Pollute","Gatherer:ScrollOfWall"],"picked":"SKIP","floor":10},{"not_picked":["Gatherer:Duality+1","Gatherer:Snatch+1"],"picked":"Gatherer:TacticalStrike+1","floor":12},{"not_picked":["Gatherer:TreeGrowth","Gatherer:SaveValuables"],"picked":"Gatherer:Uplift","floor":14}],"player_experience":374823,"relics_obtained":[{"floor":4,"key":"Ring of Greed"},{"floor":4,"key":"Tiny Chest"},{"floor":4,"key":"MealTicket"},{"floor":4,"key":"ReplayTheSpireMod:Ring of Addiction"},{"floor":4,"key":"Circlet"},{"floor":4,"key":"Chameleon Ring"},{"floor":7,"key":"Darkstone Periapt"},{"floor":9,"key":"Molten Egg 2"}],"event_choices":[{"damage_healed":0.0,"max_hp_gain":0.0,"max_hp_loss":0.0,"gold_gain":0.0,"event_name":"Scrap Ooze","player_choice":"Success","floor":2.0,"gold_loss":0.0,"damage_taken":7.0,"relics_obtained":["Gatherer:Leftovers"]},{"damage_healed":0,"gold_gain":0,"player_choice":"Donut","damage_taken":0,"max_hp_gain":5,"max_hp_loss":0,"event_name":"Big Fish","floor":3,"gold_loss":0},{"damage_healed":0,"gold_gain":74,"player_choice":"Gained Gold","damage_taken":0,"max_hp_gain":0,"max_hp_loss":0,"event_name":"Golden Wing","floor":11,"gold_loss":0}],"is_beta":false,"boss_relics":[],"items_purged_floors":[],"is_endless":false,"potions_floor_spawned":[1,8,10,14],"killed_by":"The Guardian","ascension_level":0}}