{"host":"vumwfieg2b2mnrfl","time":1612909598,"event":{"mods":["AchievementEnabler","BaseMod","Minty Spire (QoL Compilation)","Rare Cards Sparkle","Relic Stats"],"gold_per_floor":[116,266,191,24,35,66,80,80,80,106,123,123,156,5,5,76,76,88,98,117,117,42,67,67,67,67,101,101,132,132,152,152,223,223,242,1241,714,765,765,765,778,804,804,89,115,115,133,149,149,149,149,149],"floor_reached":51,"language":"ENG","playtime":2315,"items_purged":["Strike_G","Normality","Normality"],"score":1523,"play_id":"bf645ffe-5ec5-42f5-9488-690801d99aea","local_time":"20210209162638","is_ascension_mode":true,"campfire_choices":[{"data":"Dash","floor":8,"key":"SMITH"},{"data":"Dagger Spray","floor":12,"key":"SMITH"},{"data":"Footwork","floor":15,"key":"SMITH"},{"floor":25,"key":"REST"},{"floor":28,"key":"REST"},{"floor":30,"key":"REST"},{"floor":32,"key":"RECALL"},{"floor":40,"key":"REST"},{"floor":49,"key":"REST"}],"circlet_count":0,"master_deck":["AscendersBane","Strike_G+1","Strike_G+1","Strike_G+1","Strike_G+1","Defend_G+1","Defend_G+1","Defend_G+1","Defend_G+1","Survivor+1","Neutralize","Well Laid Plans","Crippling Poison+1","Dash+1","Dagger Spray+1","PiercingWail","After Image","Footwork+1","Phantasmal Killer","Prepared","Crippling Poison+1","Acrobatics","Prepared","After Image","Deflect","Noxious Fumes","Wraith Form v2","Bouncing Flask","Bouncing Flask","Regret","Chrysalis","Blade Dance","Bouncing Flask+1"],"relics":["Ring of the Snake","NeowsBlessing","OrangePellets","Mercury Hourglass","Letter Opener","Bag of Marbles","Kunai","Fusion Hammer","Ginger","Mummified Hand","Regal Pillow","Eternal Feather","Cursed Key","Blue Candle","Anchor","Incense Burner","Peace Pipe","Omamori","Pear","War Paint"],"acts_visited":["Exordium","TheCity","TheBeyond"],"potions_floor_usage":[18,23,23],"damage_taken":[{"damage":0,"enemies":"Small Slimes","floor":1,"turns":2},{"damage":0,"enemies":"Jaw Worm","floor":5,"turns":1},{"damage":0,"enemies":"Gremlin Nob","floor":6,"turns":1},{"damage":0,"enemies":"2 Louse","floor":7,"turns":3},{"damage":24,"enemies":"Lagavulin","floor":10,"turns":10},{"damage":1,"enemies":"2 Fungi Beasts","floor":11,"turns":3},{"damage":5,"enemies":"3 Sentries","floor":13,"turns":5},{"damage":18,"enemies":"The Guardian","floor":16,"turns":19},{"damage":13,"enemies":"Spheric Guardian","floor":18,"turns":4},{"damage":10,"enemies":"2 Thieves","floor":19,"turns":5},{"damage":4,"enemies":"Snecko","floor":20,"turns":7},{"damage":35,"enemies":"Book of Stabbing","floor":23,"turns":9},{"damage":0,"enemies":"Gremlin Leader","floor":27,"turns":7},{"damage":15,"enemies":"Slavers","floor":29,"turns":5},{"damage":0,"enemies":"Centurion and Healer","floor":31,"turns":5},{"damage":18,"enemies":"Collector","floor":33,"turns":10},{"damage":0,"enemies":"Orb Walker","floor":35,"turns":4},{"damage":0,"enemies":"2 Orb Walkers","floor":38,"turns":4},{"damage":0,"enemies":"3 Shapes","floor":41,"turns":2},{"damage":39,"enemies":"Giant Head","floor":42,"turns":10},{"damage":3,"enemies":"Writhing Mass","floor":47,"turns":6},{"damage":6,"enemies":"3 Darklings","floor":48,"turns":5},{"damage":87,"enemies":"Time Eater","floor":50,"turns":16},{"damage":51,"enemies":"Awakened One","floor":51,"turns":6}],"seed_played":"3063229428716374411","potions_obtained":[{"floor":1,"key":"SpeedPotion"},{"floor":7,"key":"Explosive Potion"},{"floor":16,"key":"Regen Potion"},{"floor":20,"key":"Energy Potion"},{"floor":27,"key":"FairyPotion"},{"floor":29,"key":"Swift Potion"},{"floor":33,"key":"Fire Potion"}],"is_trial":false,"path_per_floor":["M","?","?","$","M","E","M","R","T","E","M","R","E","$","R","B",null,"M","M","M","$","?","E","?","R","T","E","R","E","R","M","R","B",null,"M","?","$","?","?","R","M","E","T","$","T","?","M","M","R","B","B"],"character_chosen":"THE_SILENT","items_purchased":["OrangePellets","Footwork","Blue Candle","Anchor","Pear","FairyPotion","Chrysalis"],"campfire_rested":5,"item_purchase_floors":[4,14,37,37,44,44,44],"current_hp_per_floor":[59,59,59,59,59,59,59,59,59,35,34,34,29,29,29,11,52,39,29,25,25,25,5,5,24,24,24,58,43,66,66,66,48,62,62,62,62,62,52,66,66,27,27,37,37,37,34,28,76,22,0,0],"gold":149,"neow_bonus":"THREE_ENEMY_KILL","is_daily":false,"chose_seed":false,"campfire_upgraded":3,"win_rate":0.0,"timestamp":1612909598,"path_taken":["M","?","?","$","M","E","M","R","T","E","M","R","E","?","R","BOSS","M","M","M","$","?","E","?","R","T","E","R","E","R","M","R","BOSS","M","?","$","?","?","R","?","E","T","$","?","?","M","M","R","BOSS","BOSS"],"items_purchased_type":["Relic","Card","Relic","Relic","Relic","Potion","Card"],"build_version":"2020-12-22","purchased_purges":3,"victory":false,"max_hp_per_floor":[66,66,66,66,66,66,66,66,66,66,66,66,66,66,66,66,66,66,66,66,66,66,66,66,66,66,66,66,66,66,66,66,66,66,66,66,66,66,66,66,66,66,66,76,76,76,76,76,76,76,76,76],"relic_stats":{"Regal Pillow":23,"counters":[24,146],"Blue Candle":[3],"Eternal Feather":47,"Letter Opener":[254],"Ginger":[11],"War Paint":["Crippling Poison","Survivor"],"Cursed Key":2,"Mercury Hourglass":[550],"Peace Pipe":0,"OrangePellets":[15],"Mummified Hand":[61],"Kunai":[25],"obtain_stats":[{"Regal Pillow":27,"Pear":44,"NeowsBlessing":0,"Blue Candle":37,"Eternal Feather":29,"Incense Burner":38,"Omamori":43,"Letter Opener":9,"Ginger":23,"War Paint":45,"Cursed Key":34,"Mercury Hourglass":6,"Peace Pipe":42,"OrangePellets":4,"Anchor":37,"Mummified Hand":26,"Fusion Hammer":17,"Bag of Marbles":10,"Kunai":13,"Ring of the Snake":0},{"Regal Pillow":13,"Pear":20,"NeowsBlessing":0,"Blue Candle":17,"Eternal Feather":14,"Incense Burner":18,"Omamori":20,"Letter Opener":4,"Ginger":12,"War Paint":20,"Cursed Key":16,"Mercury Hourglass":3,"Peace Pipe":20,"OrangePellets":1,"Anchor":17,"Mummified Hand":12,"Fusion Hammer":8,"Bag of Marbles":5,"Kunai":7,"Ring of the Snake":0},{"Regal Pillow":73,"Pear":113,"NeowsBlessing":0,"Blue Candle":97,"Eternal Feather":78,"Incense Burner":101,"Omamori":113,"Letter Opener":6,"Ginger":66,"War Paint":113,"Cursed Key":93,"Mercury Hourglass":4,"Peace Pipe":113,"OrangePellets":2,"Anchor":97,"Mummified Hand":66,"Fusion Hammer":41,"Bag of Marbles":15,"Kunai":22,"Ring of the Snake":0}],"Ring of the Snake":[48]},"card_choices":[{"not_picked":["Calculated Gamble","Deflect"],"picked":"Well Laid Plans","floor":1},{"not_picked":["Infinite Blades","Quick Slash"],"picked":"Crippling Poison","floor":5},{"not_picked":["Terror","Calculated Gamble"],"picked":"Dash","floor":6},{"not_picked":["Sucker Punch","Outmaneuver","Bane"],"picked":"SKIP","floor":7},{"not_picked":["Cloak And Dagger","Acrobatics"],"picked":"Dagger Spray","floor":10},{"not_picked":["Well Laid Plans","A Thousand Cuts"],"picked":"PiercingWail","floor":11},{"not_picked":["Blade Dance","Bane"],"picked":"After Image","floor":13},{"not_picked":["Night Terror","Adrenaline"],"picked":"Phantasmal Killer","floor":16},{"not_picked":["Finisher","Dagger Throw"],"picked":"Prepared","floor":18},{"not_picked":["Backstab+1","Poisoned Stab"],"picked":"Crippling Poison+1","floor":19},{"not_picked":["Bane+1","Outmaneuver"],"picked":"Acrobatics","floor":20},{"not_picked":["Dodge and Roll","Bane"],"picked":"Prepared","floor":23},{"not_picked":["Heel Hook","Bouncing Flask"],"picked":"After Image","floor":27},{"not_picked":["Slice","Dagger Spray"],"picked":"Deflect","floor":29},{"not_picked":["Quick Slash+1","Well Laid Plans"],"picked":"Noxious Fumes","floor":31},{"not_picked":["Glass Knife","Malaise"],"picked":"Wraith Form v2","floor":33},{"not_picked":["All Out Attack","Dodge and Roll"],"picked":"Bouncing Flask","floor":35},{"not_picked":["Acrobatics","Slice"],"picked":"Bouncing Flask","floor":38},{"not_picked":["Dagger Throw","Slice","Deadly Poison"],"picked":"SKIP","floor":41},{"not_picked":["Dagger Spray+1","PiercingWail","Bane"],"picked":"SKIP","floor":42},{"not_picked":["Underhanded Strike","Deadly Poison"],"picked":"Blade Dance","floor":47},{"not_picked":["Doppelganger","Deadly Poison"],"picked":"Bouncing Flask+1","floor":48}],"player_experience":540335,"relics_obtained":[{"floor":6,"key":"Mercury Hourglass"},{"floor":9,"key":"Letter Opener"},{"floor":10,"key":"Bag of Marbles"},{"floor":13,"key":"Kunai"},{"floor":23,"key":"Ginger"},{"floor":26,"key":"Mummified Hand"},{"floor":27,"key":"Regal Pillow"},{"floor":29,"key":"Eternal Feather"},{"floor":38,"key":"Incense Burner"},{"floor":42,"key":"Peace Pipe"},{"floor":43,"key":"Omamori"},{"floor":45,"key":"War Paint"}],"event_choices":[{"damage_healed":0,"gold_gain":150,"player_choice":"AGREE","damage_taken":0,"max_hp_gain":0,"max_hp_loss":0,"event_name":"Liars Game","floor":2,"gold_loss":0,"cards_obtained":["Doubt"]},{"cards_removed":["Doubt"],"damage_healed":0,"gold_gain":0,"player_choice":"Card Removal","damage_taken":0,"max_hp_gain":0,"max_hp_loss":0,"event_name":"The Cleric","floor":3,"gold_loss":75},{"cards_removed":["Defend_G"],"damage_healed":0,"gold_gain":0,"player_choice":"Gave Gold","damage_taken":0,"max_hp_gain":0,"max_hp_loss":0,"event_name":"Beggar","floor":22,"gold_loss":75},{"damage_healed":0,"gold_gain":0,"player_choice":"Simplicity","damage_taken":0,"max_hp_gain":0,"max_hp_loss":0,"event_name":"Back to Basics","floor":24,"gold_loss":0,"cards_upgraded":["Strike_G","Strike_G","Strike_G","Strike_G","Defend_G","Defend_G","Defend_G","Defend_G"]},{"damage_healed":0,"gold_gain":999,"player_choice":"Gold","damage_taken":0,"max_hp_gain":0,"max_hp_loss":0,"event_name":"MindBloom","floor":36,"gold_loss":0,"cards_obtained":["Normality","Normality"]},{"damage_healed":0,"gold_gain":0,"player_choice":"Fight","damage_taken":0,"max_hp_gain":0,"max_hp_loss":0,"event_name":"Mysterious Sphere","floor":38,"gold_loss":0},{"damage_healed":0,"gold_gain":0,"player_choice":"Memory 3","damage_taken":10,"max_hp_gain":0,"max_hp_loss":0,"event_name":"SensoryStone","floor":39,"gold_loss":0},{"damage_healed":0,"gold_gain":0,"player_choice":"Ignored","damage_taken":0,"max_hp_gain":0,"max_hp_loss":0,"event_name":"The Moai Head","floor":46,"gold_loss":0}],"is_beta":false,"boss_relics":[{"not_picked":["Pandora\u0027s Box","Ring of the Serpent"],"picked":"Fusion Hammer"},{"not_picked":["Coffee Dripper","Snecko Eye"],"picked":"Cursed Key"}],"items_purged_floors":[14,37,44],"is_endless":false,"potions_floor_spawned":[1,7,16,20,27,29,31,33,38,41,42],"killed_by":"Awakened One","ascension_level":20}}