{"host":"1vy6j31128f61x2z","time":1612911968,"event":{"mods":["AchievementEnabler","BaseMod","Colored Powertips","Minty Spire (QoL Compilation)","Permanent Neow"],"gold_per_floor":[119,138,138,159,179,179,218,121,121,160,335,335,356,356,356,475,475,488,501,501,519,193,231,252,290,317,85,0,0,0,40,40,166,166,179,512,529,541,208,208,45,91,91,91,120,120,134,149,149,149],"floor_reached":51,"language":"ENG","playtime":1962,"items_purged":["Defend_R","Doubt"],"score":881,"play_id":"c8339c04-cba3-4420-9aeb-353e0194ec6c","local_time":"20210209180608","is_ascension_mode":true,"campfire_choices":[{"data":"Bash","floor":6.0,"key":"SMITH"},{"data":"Clothesline","floor":12.0,"key":"SMITH"},{"data":"Inflame","floor":15.0,"key":"SMITH"},{"data":"Limit Break","floor":29.0,"key":"SMITH"},{"data":"Rupture","floor":32.0,"key":"SMITH"},{"data":"Demon Form","floor":40.0,"key":"SMITH"},{"floor":44.0,"key":"REST"},{"data":"Power Through","floor":46.0,"key":"SMITH"},{"data":"Fire Breathing","floor":49.0,"key":"SMITH"}],"circlet_count":0,"master_deck":["Strike_R","Strike_R","Strike_R","Strike_R","Defend_R","Defend_R","Defend_R","Bash+1","Ghostly Armor","Clothesline+1","Cleave","Inflame+1","Offering","Shrug It Off","Limit Break+1","Dropkick+1","Heavy Blade+1","Power Through+1","Whirlwind+1","Seeing Red","Rupture+1","Demon Form+1","Fire Breathing+1","Fire Breathing","Master of Strategy","Flex+1","Pain","Battle Trance+1","Spot Weakness"],"relics":["Burning Blood","Pen Nib","Paper Frog","Bird Faced Urn","Cursed Key","Nunchaku","Sling","Mercury Hourglass","Anchor","Regal Pillow","Chemical X","Charon\u0027s Ashes","Mango","Mark of Pain","Pantograph","Magic Flower","Ornamental Fan","Vajra"],"acts_visited":["Exordium","TheCity","TheBeyond"],"potions_floor_usage":[50,50],"damage_taken":[{"damage":0.0,"enemies":"2 Louse","floor":1.0,"turns":2.0},{"damage":0.0,"enemies":"Cultist","floor":2.0,"turns":4.0},{"damage":3.0,"enemies":"Jaw Worm","floor":4.0,"turns":4.0},{"damage":5.0,"enemies":"2 Fungi Beasts","floor":5.0,"turns":5.0},{"damage":10.0,"enemies":"Gremlin Nob","floor":7.0,"turns":4.0},{"damage":7.0,"enemies":"3 Sentries","floor":10.0,"turns":6.0},{"damage":6.0,"enemies":"Looter","floor":13.0,"turns":3.0},{"damage":33.0,"enemies":"The Guardian","floor":16.0,"turns":9.0},{"damage":14.0,"enemies":"3 Byrds","floor":18.0,"turns":5.0},{"damage":6.0,"enemies":"Shell Parasite","floor":19.0,"turns":2.0},{"damage":5.0,"enemies":"Snake Plant","floor":21.0,"turns":3.0},{"damage":6.0,"enemies":"Book of Stabbing","floor":23.0,"turns":3.0},{"damage":0.0,"enemies":"Snecko","floor":24.0,"turns":3.0},{"damage":19.0,"enemies":"Gremlin Leader","floor":25.0,"turns":4.0},{"damage":12.0,"enemies":"Book of Stabbing","floor":31.0,"turns":3.0},{"damage":88.0,"enemies":"Collector","floor":33.0,"turns":8.0},{"damage":14.0,"enemies":"3 Shapes","floor":35.0,"turns":3.0},{"damage":6.0,"enemies":"3 Darklings","floor":37.0,"turns":2.0},{"damage":30.0,"enemies":"Writhing Mass","floor":38.0,"turns":4.0},{"damage":41.0,"enemies":"2 Orb Walkers","floor":42.0,"turns":4.0},{"damage":0.0,"enemies":"Reptomancer","floor":45.0,"turns":3.0},{"damage":6.0,"enemies":"Sphere and 2 Shapes","floor":47.0,"turns":3.0},{"damage":10.0,"enemies":"Jaw Worm Horde","floor":48.0,"turns":3.0},{"damage":44,"enemies":"Time Eater","floor":50,"turns":4}],"seed_played":"969293222689356381","potions_obtained":[{"floor":5.0,"key":"BloodPotion"},{"floor":10.0,"key":"BlessingOfTheForge"},{"floor":13.0,"key":"SkillPotion"},{"floor":21.0,"key":"Regen Potion"},{"floor":33.0,"key":"Dexterity Potion"},{"floor":37.0,"key":"LiquidMemories"}],"is_trial":false,"path_per_floor":["M","M","?","M","M","R","E","$","T","E","?","R","M","?","R","B",null,"M","M","T","M","$","E","M","E","T","$","?","R","?","E","R","B",null,"M","?","M","M","$","R","$","?","T","R","E","R","M","M","R","B",null],"character_chosen":"IRONCLAD","items_purchased":["Shrug It Off","Sling","Power Through","Chemical X","Seeing Red","Fire Breathing","Pantograph","Master of Strategy"],"campfire_rested":1,"item_purchase_floors":[8,22,22,27,27,39,39,41],"current_hp_per_floor":[80,80,60,63,64,64,60,60,60,59,59,59,61,61,61,36,80,72,74,74,77,77,79,80,69,69,69,69,69,69,79,79,15,94,86,86,88,70,70,70,70,41,41,84,94,94,94,94,94,62],"gold":149,"neow_bonus":"TRANSFORM_CARD","is_daily":false,"chose_seed":false,"campfire_upgraded":8,"win_rate":0.0,"timestamp":1612911968,"path_taken":["M","M","?","M","M","R","E","$","T","E","?","R","M","?","R","BOSS","M","?","?","M","?","E","M","E","T","$","?","R","?","E","R","BOSS","M","?","M","M","$","R","$","?","T","R","E","R","M","M","R","BOSS"],"items_purchased_type":["Card","Relic","Card","Relic","Card","Card","Relic","Card"],"build_version":"2020-12-22","purchased_purges":2,"victory":true,"max_hp_per_floor":[80,80,80,80,80,80,80,80,80,80,80,80,80,80,80,80,80,80,80,80,80,80,80,80,80,80,80,80,80,80,94,94,94,94,94,94,94,94,94,94,94,94,94,94,94,94,94,94,94,94],"card_choices":[{"not_picked":["Armaments","Perfected Strike"],"picked":"Clothesline","floor":1.0},{"not_picked":["Clothesline","Intimidate"],"picked":"Cleave","floor":2.0},{"not_picked":["Body Slam","Perfected Strike"],"picked":"Inflame","floor":4.0},{"not_picked":["Iron Wave","Perfected Strike","Thunderclap"],"picked":"SKIP","floor":5.0},{"not_picked":["Inflame","Sword Boomerang"],"picked":"Offering","floor":7.0},{"not_picked":["Body Slam","Warcry","Iron Wave"],"picked":"SKIP","floor":10.0},{"not_picked":["Armaments","Flex","Evolve"],"picked":"SKIP","floor":13.0},{"not_picked":["Fiend Fire","Reaper"],"picked":"Limit Break","floor":16.0},{"not_picked":["Thunderclap","Rampage+1","Dark Embrace+1"],"picked":"SKIP","floor":18.0},{"not_picked":["Perfected Strike","Heavy Blade"],"picked":"Dropkick+1","floor":19.0},{"not_picked":["Rage","Thunderclap"],"picked":"Heavy Blade+1","floor":21.0},{"not_picked":["True Grit","Reckless Charge"],"picked":"Whirlwind+1","floor":23.0},{"not_picked":["Pommel Strike","Searing Blow","Wild Strike"],"picked":"SKIP","floor":24.0},{"not_picked":["Body Slam","Clash","Barricade"],"picked":"SKIP","floor":25.0},{"not_picked":["Dropkick","Feel No Pain"],"picked":"Rupture","floor":31.0},{"not_picked":["Impervious","Double Tap"],"picked":"Demon Form","floor":33.0},{"not_picked":["Feel No Pain+1","Carnage+1"],"picked":"Fire Breathing","floor":35.0},{"not_picked":["Shrug It Off","Perfected Strike","Cleave+1"],"picked":"SKIP","floor":37.0},{"not_picked":["True Grit","Body Slam+1","Sever Soul"],"picked":"SKIP","floor":38.0},{"not_picked":["Entrench","Reckless Charge"],"picked":"Flex+1","floor":42.0},{"not_picked":["Anger+1","Intimidate+1"],"picked":"Battle Trance+1","floor":45.0},{"not_picked":["Armaments+1","Combust+1"],"picked":"Spot Weakness","floor":47.0},{"not_picked":["Iron Wave+1","Berserk","Combust"],"picked":"SKIP","floor":48.0}],"player_experience":22673,"relics_obtained":[{"floor":7.0,"key":"Pen Nib"},{"floor":9.0,"key":"Paper Frog"},{"floor":10.0,"key":"Bird Faced Urn"},{"floor":20.0,"key":"Nunchaku"},{"floor":23.0,"key":"Mercury Hourglass"},{"floor":25.0,"key":"Anchor"},{"floor":26.0,"key":"Regal Pillow"},{"floor":31.0,"key":"Mango"},{"floor":42.0,"key":"Magic Flower"},{"floor":43.0,"key":"Ornamental Fan"},{"floor":45.0,"key":"Vajra"}],"event_choices":[{"damage_healed":0.0,"max_hp_gain":0.0,"max_hp_loss":0.0,"gold_gain":0.0,"event_name":"Golden Idol","player_choice":"Take Damage","floor":3.0,"gold_loss":0.0,"damage_taken":20.0,"relics_obtained":["Golden Idol"]},{"damage_healed":0.0,"max_hp_gain":0.0,"max_hp_loss":0.0,"gold_gain":175.0,"event_name":"Liars Game","player_choice":"AGREE","floor":11.0,"gold_loss":0.0,"damage_taken":0.0,"cards_obtained":["Doubt"]},{"cards_removed":["Doubt"],"damage_healed":0.0,"max_hp_gain":0.0,"max_hp_loss":0.0,"gold_gain":0.0,"event_name":"Fountain of Cleansing","player_choice":"Removed Curses","floor":14.0,"gold_loss":0.0,"damage_taken":0.0},{"damage_healed":0.0,"max_hp_gain":0.0,"max_hp_loss":0.0,"gold_gain":0.0,"event_name":"Addict","player_choice":"Obtained Relic","floor":28.0,"gold_loss":85.0,"damage_taken":0.0,"relics_obtained":["Charon\u0027s Ashes"]},{"cards_removed":["Injury"],"damage_healed":0.0,"max_hp_gain":0.0,"max_hp_loss":0.0,"gold_gain":0.0,"event_name":"Back to Basics","player_choice":"Elegance","floor":30.0,"gold_loss":0.0,"damage_taken":0.0},{"damage_healed":0.0,"max_hp_gain":0.0,"max_hp_loss":0.0,"gold_gain":333.0,"event_name":"The Moai Head","player_choice":"Gave Idol","floor":36.0,"relics_lost":["Golden Idol"],"gold_loss":0.0,"damage_taken":0.0},{"damage_healed":0.0,"max_hp_gain":0.0,"max_hp_loss":0.0,"gold_gain":0.0,"event_name":"Mysterious Sphere","player_choice":"Fight","floor":42.0,"gold_loss":0.0,"damage_taken":0.0}],"is_beta":false,"boss_relics":[{"not_picked":["Busted Crown","Runic Cube"],"picked":"Cursed Key"},{"not_picked":["Velvet Choker","SacredBark"],"picked":"Mark of Pain"}],"items_purged_floors":[8,22],"is_endless":false,"potions_floor_spawned":[5,10,13,19,21,25,33,37,45,47],"ascension_level":1}}