{"host":"q4gna5474eaqkyg4","time":1612885398,"event":{"mods":["BaseMod","HololiveMod","KinomotoSakuraMod(Ä¾Ö®±¾Ó£)","Minty Spire (QoL Compilation)","StSLib","The Animator"],"gold_per_floor":[114,114,114,39,49,92,103,103,103,132,132,199,227,78,78,178,178,195,195,195,206,50,50,60,60,131,172,172,200,247,275,275,427,427,441,468,468,533,154,210,210,237,237,237,237,258,288,193,193,211,211],"floor_reached":50,"language":"ZHS","playtime":4096,"items_purged":["Regret","animator:Strike"],"score":576,"play_id":"49920b7f-ac7a-46ce-b1a1-4587f0d23987","local_time":"20210209234318","is_ascension_mode":false,"campfire_choices":[{"data":"animator:Aqua","floor":8.0,"key":"SMITH"},{"data":"animator:Darkness","floor":11.0,"key":"SMITH"},{"floor":15.0,"key":"REST"},{"data":"animator:Eris","floor":23,"key":"SMITH"},{"data":"animator:ChlammyZell","floor":25,"key":"SMITH"},{"data":"animator:Megumin+4","floor":28,"key":"SMITH"},{"data":"animator:FielNirvalen","floor":32,"key":"SMITH"},{"data":"animator:Demiurge","floor":44,"key":"SMITH"},{"data":"animator:Kazuma","floor":49,"key":"SMITH"}],"circlet_count":0,"master_deck":["animator:Strike_Konosuba","animator:Defend_Konosuba","animator:Defend","animator:Defend","animator:Kazuma+1","animator:Aqua+1","animator:EmiyaShirou+1","animator:Darkness+1","animator:DolaSchwi","animator:ChlammyZell+1","animator:Eris+1","animator:Kazuma","animator:Megumin+13","animator:NarberalGamma","animator:FielNirvalen+1","animator:Chris+1","animator:Demiurge+1","animator:Ainz+1","animator:Caster+1","animator:Verdia","animator:HigakiRinne","animator:Demiurge+1","animator:Canti","animator:Entoma+2","animator:Darkness+1"],"relics":["animator:LivingPicture","animator:TheMissingPiece","NeowsBlessing","animator:WornHelmet","Strawberry","Oddly Smooth Stone","animator:Buoy","Nunchaku","Eternal Feather","MealTicket","animator:RacePiece","Enchiridion","Medical Kit","animator:OldCoffin","Ice Cream","Frozen Egg 2","animator:HolyGrailRelic","Peace Pipe","Membership Card","FossilizedHelix","Paper Frog","CloakClasp","Strange Spoon"],"acts_visited":["Exordium","TheCity","TheBeyond"],"potions_floor_usage":[38,50,50],"damage_taken":[{"damage":0.0,"enemies":"Jaw Worm","floor":1.0,"turns":1.0},{"damage":0.0,"enemies":"2 Louse","floor":5.0,"turns":1.0},{"damage":0.0,"enemies":"3 Sentries","floor":6.0,"turns":2.0},{"damage":0.0,"enemies":"Small Slimes","floor":7.0,"turns":4.0},{"damage":66.0,"enemies":"Gremlin Nob","floor":10.0,"turns":7.0},{"damage":8.0,"enemies":"Lagavulin Event","floor":12.0,"turns":15.0},{"damage":0.0,"enemies":"Lagavulin","floor":13.0,"turns":8.0},{"damage":2.0,"enemies":"Slime Boss","floor":16.0,"turns":12.0},{"damage":3.0,"enemies":"Shell Parasite","floor":18.0,"turns":8.0},{"damage":0.0,"enemies":"Chosen","floor":21.0,"turns":7.0},{"damage":15,"enemies":"Centurion and Healer","floor":24,"turns":7},{"damage":30,"enemies":"Slavers","floor":27,"turns":7},{"damage":1,"enemies":"Snake Plant","floor":29,"turns":4},{"damage":4,"enemies":"animator:HornedBat","floor":30,"turns":5},{"damage":0,"enemies":"Snecko","floor":31,"turns":5},{"damage":22,"enemies":"Champ","floor":33,"turns":10},{"damage":7,"enemies":"3 Darklings","floor":35,"turns":4},{"damage":20,"enemies":"Orb Walker","floor":36,"turns":5},{"damage":61,"enemies":"2 Orb Walkers","floor":38,"turns":6},{"damage":22,"enemies":"Giant Head","floor":40,"turns":9},{"damage":2,"enemies":"Transient","floor":42,"turns":5},{"damage":0,"enemies":"Spire Growth","floor":46,"turns":5},{"damage":0,"enemies":"4 Shapes","floor":47,"turns":5},{"damage":98,"enemies":"Awakened One","floor":50,"turns":8}],"seed_played":"9213606222914319442","potions_obtained":[{"floor":6.0,"key":"Energy Potion"},{"floor":7.0,"key":"Block Potion"},{"floor":16.0,"key":"SmokeBomb"},{"floor":27,"key":"Block Potion"},{"floor":30,"key":"Strength Potion"},{"floor":33,"key":"DistilledChaos"},{"floor":46,"key":"PowerPotion"}],"is_trial":false,"path_per_floor":["M","?","?","$","M","E","M","R","T","E","R","?","E","$","R","B",null,"M","?","?","M","$","R","M","R","T","E","R","M","E","M","R","B",null,"M","M","?","?","$","E","?","M","T","R","?","M","M","$","R","B"],"character_chosen":"THE_ANIMATOR","items_purchased":["MealTicket","Medical Kit","Membership Card","animator:Demiurge","FossilizedHelix","Strange Spoon","animator:Darkness+1"],"campfire_rested":1,"item_purchase_floors":[14,22,39,39,39,48,48],"current_hp_per_floor":[66,66,66,66,66,73,73,73,73,10,10,5,9,9,37,39,75,72,56,56,62,75,75,60,66,66,45,54,62,67,76,76,54,84,82,67,56,6,21,8,8,17,17,29,77,78,80,80,80,0,0],"gold":211,"neow_bonus":"THREE_ENEMY_KILL","is_daily":false,"chose_seed":false,"campfire_upgraded":8,"win_rate":0.0,"timestamp":1612885398,"path_taken":["M","?","?","$","M","E","M","R","T","E","R","?","E","$","R","BOSS","M","?","?","M","?","R","?","R","T","E","R","M","E","M","R","BOSS","M","M","?","?","$","E","?","M","T","R","?","M","M","$","R","BOSS"],"items_purchased_type":["Relic","Relic","Relic","Card","Relic","Relic","Card"],"build_version":"2020-12-22","purchased_purges":2,"victory":false,"max_hp_per_floor":[66,66,66,66,66,73,73,73,73,73,73,73,74,74,74,75,75,75,75,75,75,75,75,75,75,75,75,75,75,75,76,76,76,84,86,87,87,89,89,86,86,88,88,88,77,78,80,80,80,80,80],"card_choices":[{"not_picked":["animator:SilverFang","animator:RinTohsaka"],"picked":"animator:EmiyaShirou","floor":1.0},{"not_picked":["animator:Jibril","animator:Kazuma","animator:EmiyaShirou"],"picked":"SKIP","floor":5.0},{"not_picked":["animator:YuiTsuruno","animator:MumenRider"],"picked":"animator:Darkness","floor":6.0},{"not_picked":["animator:SayakaMiki","animator:Gillette","animator:Kazuma"],"picked":"SKIP","floor":10.0},{"not_picked":["animator:AcuraShin","animator:YuiTsuruno"],"picked":"animator:DolaSchwi","floor":12.0},{"not_picked":["animator:Alexander","animator:Vanir"],"picked":"animator:ChlammyZell","floor":13.0},{"not_picked":["animator:ChaikaTrabant","animator:Albedo"],"picked":"animator:Eris","floor":16.0},{"not_picked":["animator:Verdia","animator:Vanir"],"picked":"animator:Megumin","floor":18.0},{"not_picked":["animator:Illya","animator:Fredrika","animator:Assassin"],"picked":"SKIP","floor":21.0},{"not_picked":["animator:Cocytus","animator:Berserker","animator:IrohaTamaki+1"],"picked":"SKIP","floor":24},{"not_picked":["animator:Caster","animator:Lancer"],"picked":"animator:NarberalGamma","floor":27},{"not_picked":["animator:Jibril","animator:DolaSchwi"],"picked":"animator:FielNirvalen","floor":29},{"not_picked":["animator:IzunaHatsuse","animator:RinTohsaka"],"picked":"animator:Chris+1","floor":30},{"not_picked":["animator:Kazuma","animator:DolaStephanie"],"picked":"animator:Demiurge+1","floor":31},{"not_picked":["animator:Albedo","animator:Eris"],"picked":"animator:Ainz+1","floor":33},{"not_picked":["animator:YunYun","animator:DolaCouronne+1"],"picked":"animator:Caster+1","floor":35},{"not_picked":["animator:Vanir","animator:Kazuma"],"picked":"animator:Verdia","floor":36},{"not_picked":["animator:Rider","animator:Albedo"],"picked":"animator:Megumin+1","floor":40},{"not_picked":["animator:Urushihara","animator:Hibiki"],"picked":"animator:Canti","floor":41},{"not_picked":["animator:Mitsurugi","animator:Chris+1","animator:DolaCouronne"],"picked":"SKIP","floor":42},{"not_picked":["animator:MamiTomoe+1","animator:YunYun+1"],"picked":"animator:Entoma+1","floor":46}],"player_experience":56831,"relics_obtained":[{"floor":6.0,"key":"Strawberry"},{"floor":9.0,"key":"Oddly Smooth Stone"},{"floor":10.0,"key":"animator:Buoy"},{"floor":12.0,"key":"Nunchaku"},{"floor":13.0,"key":"Eternal Feather"},{"floor":19.0,"key":"Enchiridion"},{"floor":26,"key":"animator:OldCoffin"},{"floor":27,"key":"Ice Cream"},{"floor":30,"key":"Frozen Egg 2"},{"floor":38,"key":"Peace Pipe"},{"floor":40,"key":"Paper Frog"},{"floor":43,"key":"CloakClasp"}],"event_choices":[{"damage_healed":0.0,"max_hp_gain":0.0,"max_hp_loss":0.0,"gold_gain":0.0,"event_name":"Living Wall","player_choice":"Grow","floor":2.0,"gold_loss":0.0,"damage_taken":0.0,"cards_upgraded":["animator:EmiyaShirou"]},{"damage_healed":0.0,"max_hp_gain":0.0,"max_hp_loss":0.0,"gold_gain":0.0,"event_name":"Big Fish","player_choice":"Box","floor":3.0,"gold_loss":0.0,"damage_taken":0.0,"relics_obtained":["animator:WornHelmet"],"cards_obtained":["Regret"]},{"damage_healed":0.0,"max_hp_gain":0.0,"max_hp_loss":0.0,"gold_gain":30.0,"event_name":"Dead Adventurer","player_choice":"Searched \u00273\u0027 times","floor":12.0,"gold_loss":0.0,"damage_taken":0.0},{"damage_healed":0.0,"max_hp_gain":0.0,"max_hp_loss":0.0,"gold_gain":0.0,"event_name":"Cursed Tome","player_choice":"Obtained Book","floor":19.0,"gold_loss":0.0,"damage_taken":16.0},{"damage_healed":0.0,"max_hp_gain":0.0,"max_hp_loss":0.0,"gold_gain":0.0,"event_name":"Vampires","player_choice":"Ignored","floor":20.0,"gold_loss":0.0,"damage_taken":0.0},{"damage_healed":0,"gold_gain":0,"player_choice":"Embrace Madness","damage_taken":11,"max_hp_gain":0,"max_hp_loss":0,"event_name":"Winding Halls","floor":37,"gold_loss":0,"cards_obtained":["animator:HigakiRinne"]},{"damage_healed":0,"gold_gain":0,"player_choice":"Fight","damage_taken":0,"max_hp_gain":0,"max_hp_loss":0,"event_name":"Mysterious Sphere","floor":38,"gold_loss":0},{"damage_healed":0,"gold_gain":0,"player_choice":"Memory 1","damage_taken":0,"max_hp_gain":0,"max_hp_loss":0,"event_name":"SensoryStone","floor":41,"gold_loss":0},{"damage_healed":77,"gold_gain":0,"player_choice":"Heal","damage_taken":0,"max_hp_gain":0,"max_hp_loss":11,"event_name":"The Moai Head","floor":45,"gold_loss":0}],"is_beta":false,"boss_relics":[{"not_picked":["Hololive_ChaosS","Fusion Hammer"],"picked":"animator:RacePiece"},{"not_picked":["Hololive_TopUpMoneyS","Tiny House"],"picked":"animator:HolyGrailRelic"}],"items_purged_floors":[4,39],"is_endless":false,"potions_floor_spawned":[6,7,16,27,30,33,35,36,46],"killed_by":"Awakened One","ascension_level":0}}