{"host":"a1eatafr7pisesky","time":1612881093,"event":{"mods":["AchievementEnabler","BaseMod","Colored Map","Keyboard Shortcuts","Minty Spire (QoL Compilation)","Say the Spire","StSLib","SuperFastMode","everything is the same but u backflip on backflip"],"gold_per_floor":[109,109,125,139,157,157,184,201,247,247,258,258,288,301,301,375,375,395,411,391,391,391],"floor_reached":21,"language":"KOR","playtime":515,"items_purged":[],"score":374,"play_id":"5118e88a-7840-45ec-800a-8d7e5142f6d9","local_time":"20210209233133","is_ascension_mode":true,"campfire_choices":[{"floor":6.0,"key":"REST"},{"floor":10.0,"key":"REST"},{"data":"Catalyst","floor":12.0,"key":"SMITH"},{"floor":15.0,"key":"REST"}],"circlet_count":0,"master_deck":["AscendersBane","Strike_G","Strike_G","Strike_G","Strike_G","Defend_G","Defend_G","Defend_G","Defend_G","Survivor","Neutralize","Noxious Fumes","Envenom","Blade Dance","Catalyst+1","Bouncing Flask","Sucker Punch","PiercingWail","PiercingWail","Catalyst","Blade Dance+1","Doppelganger+1"],"relics":["Ring of the Snake","Paper Crane","PreservedInsect","Toxic Egg 2","WristBlade"],"acts_visited":["Exordium","TheCity"],"potions_floor_usage":[21,21],"damage_taken":[{"damage":3.0,"enemies":"Jaw Worm","floor":1.0,"turns":5.0},{"damage":6.0,"enemies":"Cultist","floor":3.0,"turns":4.0},{"damage":8.0,"enemies":"2 Louse","floor":4.0,"turns":3.0},{"damage":19.0,"enemies":"Large Slime","floor":5.0,"turns":8.0},{"damage":20.0,"enemies":"Lagavulin","floor":7.0,"turns":6.0},{"damage":0.0,"enemies":"Red Slaver","floor":8.0,"turns":3.0},{"damage":11.0,"enemies":"Looter","floor":11.0,"turns":3.0},{"damage":17.0,"enemies":"Lots of Slimes","floor":14.0,"turns":4.0},{"damage":10.0,"enemies":"Hexaghost","floor":16.0,"turns":6.0},{"damage":8.0,"enemies":"Shell Parasite","floor":18.0,"turns":3.0},{"damage":27.0,"enemies":"3 Byrds","floor":19.0,"turns":4.0},{"damage":32,"enemies":"Shelled Parasite and Fungi","floor":21,"turns":3}],"seed_played":"8711544679759649850","potions_obtained":[{"floor":5.0,"key":"BlessingOfTheForge"},{"floor":7.0,"key":"AttackPotion"},{"floor":8.0,"key":"LiquidBronze"},{"floor":16.0,"key":"Swift Potion"},{"floor":18.0,"key":"DuplicationPotion"}],"is_trial":false,"path_per_floor":["M","?","M","M","M","R","E","M","T","R","M","R","?","M","R","B",null,"M","M","?","M"],"character_chosen":"THE_SILENT","items_purchased":[],"campfire_rested":3,"item_purchase_floors":[],"current_hp_per_floor":[56,56,50,42,23,41,21,21,21,39,28,28,28,11,29,19,50,42,15,15,0,0],"gold":391,"neow_bonus":"REMOVE_TWO","is_daily":false,"chose_seed":false,"campfire_upgraded":1,"win_rate":0.0,"timestamp":1612881093,"path_taken":["M","?","?","M","M","R","E","M","T","R","M","R","?","M","R","BOSS","M","M","?","M"],"items_purchased_type":[],"build_version":"2020-12-22","purchased_purges":0,"victory":false,"max_hp_per_floor":[60,60,60,60,60,60,60,60,60,60,60,60,60,60,60,60,60,60,60,60,60,60],"card_choices":[{"not_picked":["Blade Dance","Deadly Poison"],"picked":"Noxious Fumes","floor":1.0},{"not_picked":["Acrobatics","Endless Agony"],"picked":"Catalyst","floor":3.0},{"not_picked":["Footwork","All Out Attack"],"picked":"Bouncing Flask","floor":4.0},{"not_picked":["Skewer","Flying Knee"],"picked":"Sucker Punch","floor":5.0},{"not_picked":["Choke","Underhanded Strike"],"picked":"PiercingWail","floor":7.0},{"not_picked":["Phantasmal Killer","Terror"],"picked":"PiercingWail","floor":8.0},{"not_picked":["Sucker Punch","Outmaneuver"],"picked":"Catalyst","floor":11.0},{"not_picked":["Sucker Punch","Quick Slash"],"picked":"Blade Dance+1","floor":14.0},{"not_picked":["Wraith Form v2","Phantasmal Killer+1"],"picked":"Doppelganger+1","floor":16.0},{"not_picked":["Heel Hook","Dagger Throw","Skewer"],"picked":"SKIP","floor":18.0},{"not_picked":["Skewer+1","Concentrate+1","Finisher"],"picked":"SKIP","floor":19.0}],"player_experience":436261,"relics_obtained":[{"floor":7.0,"key":"Paper Crane"},{"floor":9.0,"key":"PreservedInsect"}],"event_choices":[{"damage_healed":0.0,"max_hp_gain":0.0,"max_hp_loss":0.0,"gold_gain":0.0,"event_name":"Match and Keep!","player_choice":"2 cards matched","floor":2.0,"gold_loss":0.0,"damage_taken":0.0,"cards_obtained":["Envenom","Blade Dance"]},{"damage_healed":0.0,"max_hp_gain":0.0,"max_hp_loss":0.0,"gold_gain":30.0,"event_name":"Dead Adventurer","player_choice":"Searched \u00272\u0027 times","floor":13.0,"gold_loss":0.0,"damage_taken":0.0,"relics_obtained":["Toxic Egg 2"]},{"damage_healed":0.0,"max_hp_gain":0.0,"max_hp_loss":0.0,"gold_gain":0.0,"event_name":"The Woman in Blue","player_choice":"Bought 1 Potion","floor":20.0,"gold_loss":0.0,"damage_taken":0.0}],"is_beta":false,"boss_relics":[{"not_picked":["Busted Crown","Runic Dome"],"picked":"WristBlade"}],"items_purged_floors":[],"is_endless":false,"potions_floor_spawned":[5,7,8,11,16,18],"killed_by":"Shelled Parasite and Fungi","ascension_level":16}}