{"host":"d8cz15m779bv9isj","time":1612872902,"event":{"mods":["Aspiration","BaseMod","Colored Map","Colored Powertips","DeckTracker","Downfall","Hermit","Highlight Path","Hubris","Infinite Spire","Minty Spire (QoL Compilation)","Quick Restart","Random Character Button","Relic Sorter","Replay The Spire","StSLib","SuperFastMode","Synergy Search","The Cursed","The Disciple","The Jungle","The Runesmith"],"gold_per_floor":[111,61,77,2,2,37,37,62,89,89,103,133,133,153,153,254,254,269,298,313,313,313],"floor_reached":21,"language":"ENG","playtime":738,"items_purged":["Strike_G"],"score":278,"play_id":"69b1042d-ab84-4478-8808-eb1fd7f87c89","local_time":"20210209131502","is_ascension_mode":true,"campfire_choices":[{"data":"Infinite Blades","floor":7,"key":"SMITH"},{"floor":10,"key":"REST"},{"data":"WeaponsOverheat","floor":15,"key":"SMITH"}],"circlet_count":0,"master_deck":["Strike_G","Strike_G","Strike_G","Defend_G","Defend_G","Defend_G","Defend_G","Defend_G","Survivor","Neutralize","Infinite Blades+1","Hidden Blade","WeaponsOverheat+1","Flex","Heavy Blade","ReplayTheSpireMod:From All Sides","Infinite Blades","Escape Plan","Choke"],"relics":["Iron Core","infinitespire:Cubic Diamond","NeowsBlessing","Bag of Preparation","hubris:TinFlute","Bronze Scales","hubris:ToyBattleship","Replay:Fungal Core","Basket Of Snakes"],"acts_visited":["Exordium","Exordium"],"potions_floor_usage":[12],"damage_taken":[{"damage":0,"enemies":"2 Louse","floor":1,"turns":1},{"damage":0,"enemies":"Small Slimes","floor":3,"turns":1},{"damage":0,"enemies":"Lagavulin","floor":6,"turns":1},{"damage":57,"enemies":"Gremlin Nob","floor":8,"turns":6},{"damage":0,"enemies":"Cultist","floor":11,"turns":4},{"damage":28,"enemies":"3 Sentries","floor":12,"turns":7},{"damage":0,"enemies":"Large Slime","floor":14,"turns":4},{"damage":30,"enemies":"Fading Forest","floor":16,"turns":11},{"damage":22,"enemies":"theJungle:MUSHROOMGANG","floor":18,"turns":4},{"damage":12,"enemies":"Shell Parasite","floor":20,"turns":4},{"damage":12,"enemies":"theJungle:JungleHuntersEncounter","floor":21,"turns":2}],"seed_played":"-1332972638783911986","potions_obtained":[{"floor":3,"key":"Weak Potion"},{"floor":6,"key":"Weak Potion"},{"floor":12,"key":"DuplicationPotion"},{"floor":14,"key":"Dexterity Potion"}],"is_trial":false,"path_per_floor":["M","?","M","$","?","E","R","E","T","R","M","E","?","M","R","B",null,"M","?","M","M"],"character_chosen":"THE_SILENT","items_purchased":[],"campfire_rested":1,"item_purchase_floors":[],"current_hp_per_floor":[70,70,70,70,70,70,70,13,13,34,34,6,70,70,70,40,63,41,24,12,0,0],"gold":313,"neow_bonus":"THREE_ENEMY_KILL","is_daily":false,"chose_seed":false,"campfire_upgraded":2,"win_rate":0.0,"timestamp":1612872902,"path_taken":["M","?","M","$","?","E","R","E","T","R","M","E","?","?","R","BOSS","M","?","M","M"],"items_purchased_type":[],"build_version":"2020-12-22","purchased_purges":1,"victory":false,"max_hp_per_floor":[70,70,70,70,70,70,70,70,70,70,70,70,70,70,70,70,70,70,70,70,70,70],"card_choices":[{"not_picked":["Acrobatics","ReplayTheSpireMod:Shiv Toss"],"picked":"Infinite Blades","floor":1},{"not_picked":["Deflect","ReplayTheSpireMod:Speed Training"],"picked":"Hidden Blade","floor":3},{"not_picked":["Eviscerate","Recycle","ReplayTheSpireMod:The Works"],"picked":"SKIP","floor":6},{"not_picked":["Turbo","ReplayTheSpireMod:Repulse"],"picked":"WeaponsOverheat","floor":8},{"not_picked":["Bouncing Flask","Calculated Gamble"],"picked":"Flex","floor":11},{"not_picked":["PiercingWail","Well Laid Plans"],"picked":"Fire Breathing","floor":12},{"not_picked":["Iron Wave","ReplayTheSpireMod:Tripwire"],"picked":"Heavy Blade","floor":14},{"not_picked":["Glass Knife","Offering"],"picked":"ReplayTheSpireMod:From All Sides","floor":16},{"not_picked":["Sucker Punch","Flying Knee"],"picked":"Infinite Blades","floor":18},{"not_picked":["Eviscerate","Outmaneuver"],"picked":"Escape Plan","floor":19},{"not_picked":["Bane","Replay:Poison Smokescreen"],"picked":"Choke","floor":20}],"player_experience":239577,"relics_obtained":[{"floor":6,"key":"Bag of Preparation"},{"floor":8,"key":"hubris:TinFlute"},{"floor":9,"key":"Bronze Scales"},{"floor":12,"key":"hubris:ToyBattleship"},{"floor":19,"key":"Basket Of Snakes"}],"event_choices":[{"cards_removed":["Strike_G"],"damage_healed":0,"gold_gain":0,"player_choice":"Card Removal","damage_taken":0,"max_hp_gain":0,"max_hp_loss":0,"event_name":"The Cleric","floor":2,"gold_loss":50},{"cards_removed":["Fire Breathing"],"damage_healed":64,"gold_gain":0,"player_choice":"Offered Uncommon","damage_taken":0,"max_hp_gain":0,"max_hp_loss":0,"event_name":"Bonfire Elementals","floor":13,"gold_loss":0}],"is_beta":false,"boss_relics":[{"not_picked":["Tiny House","Replay:Drink Me"],"picked":"Replay:Fungal Core"}],"items_purged_floors":[4],"is_endless":false,"potions_floor_spawned":[3,6,12,14,16,18,20],"killed_by":"theJungle:JungleHuntersEncounter","ascension_level":5}}