{"host":"f0dbpmn0khgeoqc0","time":1612895075,"event":{"mods":["2.2 Compatiblity","AchievementEnabler","Act Like it!","Ascension Unlocker","Aspiration","BaseMod","Better Altar","Better Match","Better Sensory Stone","Better Skull","Better Third Choice","BetterRewards","Block Reminder","Colored Map","Colored Powertips","Conspire","DNKmod","Disable Question Mark Monsters","Displayed Cursed Tome","Evolution","Friendly Minions","Hermit","Highlight Path","Humility","Infinite Spire","Jorbs\u0027s Wanderer Trilogy","Koishi","Marisa????????","Minty Spire (QoL Compilation)","Monster B Gone","MostiFishMod","Permanent Neow","Random Character Button","Relic Filter","Relic Stats","Replay The Spire","Spicy Shops","Spire Arcade","StSLib","Td1madao Mod","The Gatherer","Treasure Hunter","Wandering Minibosses","??????REMEMod"],"gold_per_floor":[570,570,587,587,226,226,253,253,253,253,281,296,296,313,313,391,391,406,234,251,262,262,290,290,319,319,353,403,403,217,217,217,298,298,322,322,-1252,-1252,-1234,-1234,-1208,-1208,-1161,-1143,-1143,271,284,46,46,51,56,56,56,26,57,60],"floor_reached":57,"language":"ENG","playtime":3106,"items_purged":["Decay","Regret"],"score":2688,"play_id":"8e871632-0ee7-493c-ad0d-d0d83db663d4","local_time":"20210209132435","is_ascension_mode":true,"campfire_choices":[{"data":"Multi-Cast","floor":6,"key":"SMITH"},{"data":"Zap","floor":8,"key":"SMITH"},{"data":"Dualcast","floor":13,"key":"SMITH"},{"data":"Go for the Eyes","floor":15,"key":"SMITH"},{"floor":24,"key":"REST"},{"floor":32,"key":"REST"},{"data":"MostiFishMod:LinkProtocol","floor":40,"key":"SMITH"},{"floor":42,"key":"RECALL"},{"floor":49,"key":"REST"},{"data":"Coolheaded","floor":53,"key":"SMITH"}],"circlet_count":0,"master_deck":["AscendersBane","Ball Lightning","Sweeping Beam","Cold Snap","Compile Driver","Conserve Battery","Leap","Conserve Battery","Leap","Zap+1","Dualcast+1","Multi-Cast+1","Coolheaded","Ball Lightning","Injury","Blizzard+1","Coolheaded","Storm+1","TH:CopperCoins","FIFO Queue+1","TH:CursedSword","TH:ElvenBoots","TH:CursedSword","Redo","Loop+1","Go for the Eyes+1","TH:TreasureMap","MostiFishMod:Distribution+1","REME_SelfUpgrade+1","Heatsinks+1","FTL","Loop+1","Stack","Voices","TH:ElvenBoots","Biased Cognition+1","TH:CopperCoins","Sweeping Beam","TH:CursedSword","TH:CopperCoins","Self Repair+1","TH:DeckOfManyThings","Amnesia","Injury","Rebound","TH:CopperCoins","MostiFishMod:StrandedSiren+1","MostiFishMod:LinkProtocol+1","FIFO Queue+1","Doom and Gloom","TH:DeckOfManyThings","MostiFishMod:SeaWaves+1","TH:CursedSword","White Noise","TH:CopperCoins","White Noise","Coolheaded+1","Glacier","TH:CursedSword","Coolheaded"],"relics":["Cracked Core","EVO:Axolotl","DaveBox","REME_ComplimentaryCards","RhineCircuit","aspiration:Nostalgia","Sizzling Blood","SynthV:TestCard","Frozen Egg 2","Tiny Chest","Replay:Kaleidoscope","conspire:GlowingRock","NightmareShop","OrangePellets","Ginger","TungstenRod","HornCleat","Blue Candle","Replay:Bottled Flurry","White Beast Statue","ReplayTheSpireMod:CursedCoin","TH:Strongbox","PreservedInsect","aspiration:SecretTechniqueScroll","SynthV:MejaisSoulstealer","Gremlin Horn","Replay:Antivirus Software","Nunchaku","Mango","Mummified Hand","REME_LimitBreaker","aspiration:EnhancedActuators","Strawberry"],"acts_visited":["Exordium","TheCity","TheBeyond","TheEnding"],"potions_floor_usage":[14,21,33,56,56],"damage_taken":[{"damage":0,"enemies":"Cultist","floor":1,"turns":2},{"damage":0,"enemies":"infinitespire:Voidling","floor":3,"turns":3},{"damage":9,"enemies":"Replay:BlueRogue","floor":7,"turns":4},{"damage":28,"enemies":"3 Sentries","floor":11,"turns":6},{"damage":0,"enemies":"Small Slimes","floor":12,"turns":2},{"damage":9,"enemies":"Exordium Wildlife","floor":14,"turns":3},{"damage":7,"enemies":"Slime Boss","floor":16,"turns":8},{"damage":17,"enemies":"Shell Parasite","floor":18,"turns":5},{"damage":5,"enemies":"conspire:FuzzyDice","floor":20,"turns":4},{"damage":21,"enemies":"Snake Plant","floor":21,"turns":6},{"damage":16,"enemies":"Gremlin Leader","floor":23,"turns":5},{"damage":17,"enemies":"Nightmare","floor":25,"turns":6},{"damage":16,"enemies":"REME_1_Revenger","floor":27,"turns":4},{"damage":28,"enemies":"Automaton","floor":33,"turns":6},{"damage":7,"enemies":"3 Shapes","floor":35,"turns":7},{"damage":25,"enemies":"3 Darklings","floor":39,"turns":3},{"damage":20,"enemies":"Nemesis","floor":41,"turns":4},{"damage":4,"enemies":"Transient","floor":44,"turns":7},{"damage":0,"enemies":"Sphere and 2 Shapes","floor":46,"turns":2},{"damage":17,"enemies":"Spire Growth","floor":47,"turns":3},{"damage":0,"enemies":"Replay:Hell Engine","floor":50,"turns":3},{"damage":0,"enemies":"Awakened One","floor":51,"turns":4},{"damage":45,"enemies":"Shield and Spear","floor":55,"turns":3},{"damage":14,"enemies":"The Heart","floor":56,"turns":7}],"seed_played":"1875544091260584","potions_obtained":[{"floor":12,"key":"DistilledChaos"},{"floor":16,"key":"Adrenaline Potion"},{"floor":18,"key":"DuplicationPotion"},{"floor":25,"key":"SteroidPotion"},{"floor":33,"key":"Explosive Potion"},{"floor":39,"key":"Languid Potion"},{"floor":44,"key":"Weak Potion"}],"is_trial":false,"path_per_floor":["M","?","M","?","$","R","E","R","T","T","E","M","R","M","R","B",null,"M","$","M","M","?","E","R","NM","T","E","?","T","$","?","R","B",null,"M","?","$","T","M","R","E","R","T","M","?","M","M","$","R","B","B",null,"R","$","E","B",null],"character_chosen":"DEFECT","items_purchased":["Blizzard+1","Coolheaded","Storm+1","MostiFishMod:PushDownKick","Heatsinks+1","FTL","ReplayTheSpireMod:CursedCoin","TH:Strongbox","Rebound","PreservedInsect","FIFO Queue+1","Doom and Gloom","SynthV:MejaisSoulstealer","Mango","REME_LimitBreaker","aspiration:EnhancedActuators","Glacier"],"campfire_rested":3,"item_purchase_floors":[5,5,5,5,19,19,30,30,30,30,37,37,37,48,54,54,54],"current_hp_per_floor":[74,74,77,77,77,77,72,72,72,72,48,52,52,47,47,44,69,56,56,55,38,38,26,49,36,36,24,24,24,24,24,47,33,66,73,73,73,73,62,62,46,46,46,46,46,50,47,61,88,91,91,91,91,91,67,67],"gold":60,"neow_bonus":"NOSTALGIA","is_daily":false,"chose_seed":false,"campfire_upgraded":6,"win_rate":0.0,"timestamp":1612895075,"path_taken":["M","?","?","?","$","R","E","R","T","?","E","M","R","M","R","BOSS","M","$","M","M","?","E","R","NM","T","E","?","?","?","?","R","BOSS","M","?","$","?","M","R","E","R","T","M","?","?","M","$","R","BOSS","BOSS","R","$","E","BOSS"],"items_purchased_type":["Card","Card","Card","Card","Card","Card","Relic","Relic","Card","Relic","Card","Card","Relic","Relic","Relic","Relic","Card"],"build_version":"2020-12-22","purchased_purges":2,"victory":true,"max_hp_per_floor":[77,77,77,77,77,77,77,77,77,77,77,77,77,77,77,77,77,77,77,77,77,77,77,77,77,77,77,77,77,77,77,77,77,77,77,77,77,77,77,77,77,77,77,77,77,77,77,91,91,91,91,91,91,91,98,98],"relic_stats":{"OrangePellets":[26],"Nunchaku":[6],"Gremlin Horn":[8,8],"counters":[24,105],"Mummified Hand":[49],"Blue Candle":[80],"Tiny Chest":2,"PreservedInsect":127,"Ginger":[5],"obtain_stats":[{"DaveBox":0,"Gremlin Horn":38,"Mango":48,"TH:Strongbox":30,"Sizzling Blood":0,"EVO:Axolotl":0,"Ginger":22,"conspire:GlowingRock":11,"Nunchaku":43,"HornCleat":25,"aspiration:EnhancedActuators":54,"NightmareShop":17,"Mummified Hand":48,"Strawberry":55,"Tiny Chest":7,"Replay:Bottled Flurry":27,"Replay:Antivirus Software":41,"Cracked Core":0,"SynthV:MejaisSoulstealer":37,"aspiration:Nostalgia":0,"ReplayTheSpireMod:CursedCoin":30,"Blue Candle":26,"PreservedInsect":30,"Replay:Kaleidoscope":10,"aspiration:SecretTechniqueScroll":34,"Frozen Egg 2":4,"REME_LimitBreaker":54,"White Beast Statue":29,"RhineCircuit":0,"OrangePellets":17,"SynthV:TestCard":1,"TungstenRod":23,"REME_ComplimentaryCards":0},{"DaveBox":0,"Gremlin Horn":15,"Mango":20,"TH:Strongbox":13,"Sizzling Blood":0,"EVO:Axolotl":0,"Ginger":10,"conspire:GlowingRock":4,"Nunchaku":17,"HornCleat":12,"aspiration:EnhancedActuators":22,"NightmareShop":7,"Mummified Hand":20,"Strawberry":23,"Tiny Chest":3,"Replay:Bottled Flurry":13,"Replay:Antivirus Software":17,"Cracked Core":0,"SynthV:MejaisSoulstealer":15,"aspiration:Nostalgia":0,"ReplayTheSpireMod:CursedCoin":13,"Blue Candle":12,"PreservedInsect":13,"Replay:Kaleidoscope":3,"aspiration:SecretTechniqueScroll":14,"Frozen Egg 2":2,"REME_LimitBreaker":22,"White Beast Statue":13,"RhineCircuit":0,"OrangePellets":7,"SynthV:TestCard":1,"TungstenRod":11,"REME_ComplimentaryCards":0},{"DaveBox":0,"Gremlin Horn":70,"Mango":89,"TH:Strongbox":58,"Sizzling Blood":0,"EVO:Axolotl":0,"Ginger":43,"conspire:GlowingRock":15,"Nunchaku":77,"HornCleat":54,"aspiration:EnhancedActuators":96,"NightmareShop":28,"Mummified Hand":89,"Strawberry":99,"Tiny Chest":9,"Replay:Bottled Flurry":58,"Replay:Antivirus Software":77,"Cracked Core":0,"SynthV:MejaisSoulstealer":70,"aspiration:Nostalgia":0,"ReplayTheSpireMod:CursedCoin":58,"Blue Candle":54,"PreservedInsect":58,"Replay:Kaleidoscope":9,"aspiration:SecretTechniqueScroll":63,"Frozen Egg 2":5,"REME_LimitBreaker":96,"White Beast Statue":58,"RhineCircuit":0,"OrangePellets":28,"SynthV:TestCard":2,"TungstenRod":48,"REME_ComplimentaryCards":0}],"TungstenRod":105},"card_choices":[{"not_picked":["Conserve Battery","Compile Driver"],"picked":"Coolheaded","floor":1},{"not_picked":["BasicCrystalCard","Coolheaded","Stack","Redo"],"picked":"Ball Lightning","floor":3},{"not_picked":["TH:Mimic","TH:ArmorSpikes","TH:EnergyPotion"],"picked":"TH:CopperCoins","floor":7},{"not_picked":["Turbo","Hologram","MostiFishMod:Exploitation","Reboot"],"picked":"FIFO Queue+1","floor":7},{"not_picked":["TH:TreasureMap","TH:PixieDust","TH:ArmorSpikes"],"picked":"TH:CursedSword","floor":9},{"not_picked":["TH:PixieDust","TH:Mimic","TH:ArmorSpikes"],"picked":"TH:ElvenBoots","floor":10},{"not_picked":["TH:DeckOfManyThings","TH:BikiniMail","TH:Mimic"],"picked":"TH:CursedSword","floor":11},{"not_picked":["Rebound","MostiFishMod:Exploitation","Leap","Cold Snap"],"picked":"Redo","floor":11},{"not_picked":["Ball Lightning","Beam Cell","ReplayTheSpireMod:Reroute Power","Barrage"],"picked":"Loop+1","floor":12},{"not_picked":["FTL","Stack","Redo","Steam"],"picked":"Go for the Eyes","floor":14},{"not_picked":["TH:Mimic","TH:PixieDust","TH:BikiniMail"],"picked":"TH:TreasureMap","floor":16},{"not_picked":["ReplayTheSpireMod:Omega Cannon","MostiFishMod:Hijack","MostiFishMod:Exploitation","MostiFishMod:InterfaceCompatibility+1"],"picked":"MostiFishMod:Distribution","floor":16},{"not_picked":["Rip and Tear","MostiFishMod:PushDownKick","Redo","Blizzard"],"picked":"REME_SelfUpgrade+1","floor":18},{"not_picked":["Panic Button+1","Cold Snap","ReplayTheSpireMod:GoodbyeWorld+1","Ball Lightning+1","Heatsinks+1","Beam Cell"],"picked":"Loop+1","floor":20},{"not_picked":["Sweeping Beam","Genetic Algorithm","Consume","Time Bomb","Compile Driver","MostiFishMod:StarOceanB"],"picked":"Stack","floor":21},{"not_picked":["TH:TreasureMap","TH:EnergyPotion","TH:BikiniMail"],"picked":"TH:ElvenBoots","floor":23},{"not_picked":["Go for the Eyes","Blizzard","Glacier","Streamline","BasicCrystalCard","Redo"],"picked":"Biased Cognition+1","floor":23},{"not_picked":["TH:BikiniMail","TH:DeckOfManyThings","TH:Mimic"],"picked":"TH:CopperCoins","floor":25},{"not_picked":["Darkness","Streamline","Time Bomb","ReplaySort","Gash","Conserve Battery"],"picked":"Sweeping Beam","floor":25},{"not_picked":["TH:BikiniMail","TH:EnergyPotion","TH:ArmorSpikes"],"picked":"TH:CursedSword","floor":26},{"not_picked":["TH:ArmorSpikes","TH:ElvenBoots","TH:TreasureMap"],"picked":"TH:CopperCoins","floor":27},{"not_picked":["Aggregate","Compile Driver","Hologram","MostiFishMod:LinkProtocol","Redo","Storm+1"],"picked":"Self Repair+1","floor":27},{"not_picked":["TH:ArmorSpikes","TH:EnergyPotion","TH:Mimic"],"picked":"TH:DeckOfManyThings","floor":29},{"not_picked":["TH:PixieDust","TH:DeckOfManyThings","TH:ArmorSpikes"],"picked":"TH:CopperCoins","floor":33},{"not_picked":["MostiFishMod:Hijack","MostiFishMod:TalkingToTheRain+1","MostiFishMod:Distribution","Meteor Strike","MostiFishMod:DawningShadow+1","REME_ForAll"],"picked":"MostiFishMod:StrandedSiren+1","floor":33},{"not_picked":["Redo","Stack+1","BasicCrystalCard+1","Panic Button","Compile Driver","Steam+1"],"picked":"MostiFishMod:LinkProtocol","floor":35},{"not_picked":["TH:EnergyPotion","TH:ArmorSpikes","TH:ElvenBoots"],"picked":"TH:DeckOfManyThings","floor":38},{"not_picked":["MostiFishMod:Prepare+1","Hologram","Stack","Compile Driver","Turbo+1","Coolheaded"],"picked":"MostiFishMod:SeaWaves+1","floor":39},{"not_picked":["TH:Mimic","TH:ElvenBoots","TH:TreasureMap"],"picked":"TH:CursedSword","floor":41},{"not_picked":["Blizzard","Reprogram","Machine Learning+1","Cold Snap"],"picked":"White Noise","floor":41},{"not_picked":["TH:ElvenBoots","TH:BikiniMail","TH:EnergyPotion"],"picked":"TH:CopperCoins","floor":43},{"not_picked":["BasicCrystalCard","Turbo","Genetic Algorithm","All For One","Steam","Go for the Eyes"],"picked":"White Noise","floor":44},{"not_picked":["BasicCrystalCard","Panic Button","Streamline","FIFO Queue+1","Stack"],"picked":"SKIP","floor":46},{"not_picked":["Turbo+1","MostiFishMod:Distribution","Scrape+1","Hologram+1","ReplayTheSpireMod:Dual Polarity","Force Field+1"],"picked":"Coolheaded","floor":47},{"not_picked":["TH:EnergyPotion","TH:ElvenBoots","TH:DeckOfManyThings"],"picked":"TH:CursedSword","floor":55},{"not_picked":["BasicCrystalCard","MostiFishMod:PushDownKick+1","REME_DataAnalysis","Reinforced Body","Redo+1","Streamline"],"picked":"Coolheaded","floor":55}],"player_experience":582360,"relics_obtained":[{"floor":1,"key":"SynthV:TestCard"},{"floor":7,"key":"Tiny Chest"},{"floor":10,"key":"Replay:Kaleidoscope"},{"floor":11,"key":"conspire:GlowingRock"},{"floor":23,"key":"TungstenRod"},{"floor":25,"key":"HornCleat"},{"floor":26,"key":"Blue Candle"},{"floor":27,"key":"Replay:Bottled Flurry"},{"floor":29,"key":"White Beast Statue"},{"floor":38,"key":"Gremlin Horn"},{"floor":41,"key":"Replay:Antivirus Software"},{"floor":43,"key":"Nunchaku"},{"floor":55,"key":"Strawberry"}],"event_choices":[{"damage_healed":0,"gold_gain":0,"player_choice":"Cursed","damage_taken":0,"max_hp_gain":0,"max_hp_loss":0,"event_name":"Wheel of Change","floor":2,"gold_loss":0,"cards_obtained":["Decay"]},{"damage_healed":0,"gold_gain":100,"player_choice":"Bet on Murderer","damage_taken":0,"max_hp_gain":0,"max_hp_loss":0,"event_name":"The Joust","floor":28,"gold_loss":50},{"damage_healed":0,"gold_gain":0,"player_choice":"Adaptability","damage_taken":0,"max_hp_gain":0,"max_hp_loss":0,"event_name":"betterThird:BetterWriting","floor":31,"gold_loss":0},{"cards_removed":["MostiFishMod:PushDownKick"],"damage_healed":0,"gold_gain":0,"player_choice":"Removed Attack","damage_taken":0,"max_hp_gain":0,"max_hp_loss":0,"event_name":"Falling","floor":36,"gold_loss":0},{"damage_healed":0,"gold_gain":0,"player_choice":"Forge","damage_taken":0,"max_hp_gain":0,"max_hp_loss":0,"event_name":"Accursed Blacksmith","floor":45,"gold_loss":0,"cards_upgraded":["MostiFishMod:Distribution"]}],"is_beta":false,"boss_relics":[{"not_picked":["Painkiller Herb","aspiration:PoetsPen"],"picked":"NightmareShop"},{"not_picked":["Cursed Key","ReplayTheSpireMod:SealedPack"],"picked":"aspiration:SecretTechniqueScroll"}],"items_purged_floors":[5,48],"is_endless":false,"potions_floor_spawned":[12,16,18,25,33,35,39,41,44,46,47,55],"ascension_level":20,"is_humility":true}}