{"host":"msfr2axb1w9025n0","time":1612846134,"event":{"mods":["BaseMod","Bestiary","Block Reminder","Colored Map","DeckTracker","Minty Spire (QoL Compilation)","Relic Stats","Weighted Paths"],"gold_per_floor":[113,128,147,167,242,242,273,273,273,24,34,68,87,87,87],"floor_reached":14,"language":"ENG","playtime":696,"items_purged":[],"score":168,"play_id":"85aea770-da98-4c2e-9dcc-d46e20848f00","local_time":"20210209114854","is_ascension_mode":true,"campfire_choices":[{"data":"Uppercut","floor":6.0,"key":"SMITH"},{"data":"Inflame","floor":8.0,"key":"SMITH"}],"circlet_count":0,"master_deck":["AscendersBane","Strike_R","Strike_R","Strike_R","Strike_R","Strike_R","Defend_R","Defend_R","Defend_R","Defend_R","Bash+1","Ghostly Armor","Twin Strike","Uppercut+1","Cleave","Inflame+1","Burning Pact","Battle Trance"],"relics":["Burning Blood","Dream Catcher","Bag of Marbles","Potion Belt","Question Card"],"acts_visited":["Exordium"],"potions_floor_usage":[14],"damage_taken":[{"damage":14.0,"enemies":"Jaw Worm","floor":1.0,"turns":5.0},{"damage":4.0,"enemies":"Small Slimes","floor":2.0,"turns":4.0},{"damage":0.0,"enemies":"Cultist","floor":3.0,"turns":3.0},{"damage":18.0,"enemies":"Large Slime","floor":4.0,"turns":6.0},{"damage":21.0,"enemies":"Gremlin Nob","floor":7.0,"turns":4.0},{"damage":7.0,"enemies":"Blue Slaver","floor":11.0,"turns":4.0},{"damage":25.0,"enemies":"3 Sentries","floor":12.0,"turns":6.0},{"damage":0.0,"enemies":"3 Louse","floor":13.0,"turns":2.0},{"damage":25,"enemies":"Lagavulin","floor":14,"turns":3}],"seed_played":"2943539987756372441","potions_obtained":[{"floor":3.0,"key":"Ancient Potion"},{"floor":4.0,"key":"Explosive Potion"},{"floor":13.0,"key":"SmokeBomb"}],"is_trial":false,"path_per_floor":["M","M","M","M","?","R","E","R","T","$","M","E","M","E"],"character_chosen":"IRONCLAD","items_purchased":["Potion Belt","SteroidPotion","Strength Potion"],"campfire_rested":0,"item_purchase_floors":[10,10,10],"current_hp_per_floor":[64,66,72,60,49,49,34,34,34,34,33,14,20,0,0],"gold":87,"neow_bonus":"UPGRADE_CARD","is_daily":false,"chose_seed":false,"campfire_upgraded":2,"win_rate":0.0,"timestamp":1612846134,"path_taken":["M","M","M","M","?","R","E","R","T","$","M","E","M","E"],"items_purchased_type":["Relic","Potion","Potion"],"build_version":"2020-12-22","purchased_purges":0,"victory":false,"max_hp_per_floor":[80,80,80,80,80,80,80,80,80,80,80,80,80,80,80],"relic_stats":{"Dream Catcher":0,"counters":[9,37],"Question Card":1,"obtain_stats":[{"Potion Belt":10,"Dream Catcher":7,"Bag of Marbles":9,"Question Card":12,"Burning Blood":0},{"Potion Belt":5,"Dream Catcher":5,"Bag of Marbles":5,"Question Card":7,"Burning Blood":0},{"Potion Belt":22,"Dream Catcher":22,"Bag of Marbles":22,"Question Card":32,"Burning Blood":0}],"Burning Blood":48},"card_choices":[{"not_picked":["Thunderclap","Havoc"],"picked":"Ghostly Armor","floor":1.0},{"not_picked":["Feel No Pain","Warcry"],"picked":"Twin Strike","floor":2.0},{"not_picked":["Clothesline","Havoc"],"picked":"Uppercut","floor":3.0},{"not_picked":["Armaments","Clothesline"],"picked":"Cleave","floor":4.0},{"not_picked":["Iron Wave","Fiend Fire"],"picked":"Inflame","floor":7.0},{"not_picked":["True Grit","Uppercut","Dark Embrace"],"picked":"SKIP","floor":11.0},{"not_picked":["Corruption","Fire Breathing"],"picked":"Burning Pact","floor":12.0},{"not_picked":["Flex","Shockwave","Feel No Pain"],"picked":"Battle Trance","floor":13.0}],"player_experience":298724,"relics_obtained":[{"floor":7.0,"key":"Dream Catcher"},{"floor":9.0,"key":"Bag of Marbles"},{"floor":12.0,"key":"Question Card"}],"event_choices":[{"damage_healed":0.0,"max_hp_gain":0.0,"max_hp_loss":0.0,"gold_gain":75.0,"event_name":"World of Goop","player_choice":"Gather Gold","floor":5.0,"gold_loss":0.0,"damage_taken":11.0}],"is_beta":false,"boss_relics":[],"items_purged_floors":[],"is_endless":false,"potions_floor_spawned":[3,4,13],"killed_by":"Lagavulin","ascension_level":13}}