{"host":"4eao2pkwlmv012cz","time":1612862840,"event":{"mods":["BaseMod","Colored Powertips","Minty Spire (QoL Compilation)","Permanent Neow","Quick Restart","Random Character Button","StSLib"],"gold_per_floor":[111,128,146,160,29,64,64,78,129,129,155,169,169,188,188,264,264,277,295,210,0,0,25,25,52,52,21,21,21],"floor_reached":28,"language":"ENG","playtime":1091,"items_purged":["Strike_B"],"score":586,"play_id":"a4689b9f-868f-4249-abb9-4732021736d6","local_time":"20210209042720","is_ascension_mode":true,"campfire_choices":[{"data":"Fission","floor":7.0,"key":"SMITH"},{"data":"Fusion","floor":10.0,"key":"SMITH"},{"data":"Fission","floor":13.0,"key":"SMITH"},{"data":"Recycle","floor":15.0,"key":"SMITH"},{"data":"Strike_B","floor":24,"key":"PURGE"}],"circlet_count":0,"master_deck":["AscendersBane","Strike_B","Defend_B","Defend_B","Defend_B","Zap","Dualcast","Fission+1","Melter","Sweeping Beam","Compile Driver","Auto Shields","Fission+1","Ball Lightning","Fusion+1","Seek","Cold Snap","Recycle+1","Conserve Battery","Rainbow","Lockon","Steam Power+1","Conserve Battery","Capacitor"],"relics":["Cracked Core","Lizard Tail","Akabeko","The Courier","Black Star","Regal Pillow","Eternal Feather","Peace Pipe","Strawberry","Ice Cream","Bottled Lightning","White Beast Statue"],"acts_visited":["Exordium","TheCity"],"potions_floor_usage":[23,23,25],"damage_taken":[{"damage":4.0,"enemies":"Jaw Worm","floor":1.0,"turns":3.0},{"damage":1.0,"enemies":"2 Louse","floor":2.0,"turns":2.0},{"damage":1.0,"enemies":"Cultist","floor":3.0,"turns":3.0},{"damage":0.0,"enemies":"2 Fungi Beasts","floor":4.0,"turns":3.0},{"damage":0.0,"enemies":"Gremlin Nob","floor":6.0,"turns":3.0},{"damage":16.0,"enemies":"Gremlin Gang","floor":8.0,"turns":3.0},{"damage":7.0,"enemies":"3 Sentries","floor":11.0,"turns":7.0},{"damage":0.0,"enemies":"Lots of Slimes","floor":12.0,"turns":2.0},{"damage":0.0,"enemies":"Large Slime","floor":14.0,"turns":4.0},{"damage":29.0,"enemies":"The Guardian","floor":16.0,"turns":15.0},{"damage":19.0,"enemies":"2 Thieves","floor":18.0,"turns":4.0},{"damage":0.0,"enemies":"Spheric Guardian","floor":19.0,"turns":1.0},{"damage":42,"enemies":"Slavers","floor":23,"turns":6},{"damage":22,"enemies":"Book of Stabbing","floor":25,"turns":4},{"damage":33,"enemies":"Snecko","floor":28,"turns":3}],"seed_played":"983770216287431239","potions_obtained":[{"floor":1.0,"key":"ColorlessPotion"},{"floor":3.0,"key":"PotionOfCapacity"},{"floor":8.0,"key":"EssenceOfSteel"},{"floor":14.0,"key":"SpeedPotion"},{"floor":16.0,"key":"PotionOfCapacity"},{"floor":18.0,"key":"Fruit Juice"},{"floor":19.0,"key":"Swift Potion"},{"floor":23,"key":"PotionOfCapacity"},{"floor":25,"key":"PotionOfCapacity"}],"is_trial":false,"path_per_floor":["M","M","M","M","$","E","R","M","T","R","E","M","R","M","R","B",null,"M","M","?","$","?","E","R","E","T","$","M"],"character_chosen":"DEFECT","items_purchased":["Ball Lightning","Eternal Feather","Capacitor"],"campfire_rested":0,"item_purchase_floors":[5,21,27],"current_hp_per_floor":[60,59,58,58,58,58,58,42,42,42,35,35,35,35,35,6,50,31,36,36,36,36,41,53,31,31,31,0,0],"gold":21,"neow_bonus":"TRANSFORM_TWO_CARDS","is_daily":false,"chose_seed":false,"campfire_upgraded":4,"win_rate":0.0,"timestamp":1612862840,"path_taken":["M","M","M","M","$","E","R","M","T","R","E","M","R","M","R","BOSS","M","M","?","$","?","E","R","E","T","?","M"],"items_purchased_type":["Card","Relic","Card"],"build_version":"2020-12-22","purchased_purges":1,"victory":false,"max_hp_per_floor":[64,64,64,64,64,64,64,64,64,64,64,64,64,64,64,64,64,64,69,69,69,69,76,76,76,76,76,76,76],"card_choices":[{"not_picked":["Blizzard","Conserve Battery"],"picked":"Sweeping Beam","floor":1.0},{"not_picked":["Beam Cell","Chill"],"picked":"Compile Driver","floor":2.0},{"not_picked":["Self Repair","Steam Power"],"picked":"Auto Shields","floor":3.0},{"not_picked":["Conserve Battery","Coolheaded"],"picked":"Fission","floor":4.0},{"not_picked":["Go for the Eyes","Leap"],"picked":"Fusion","floor":6.0},{"not_picked":["Coolheaded","Recycle"],"picked":"Seek","floor":8.0},{"not_picked":["Go for the Eyes","Amplify"],"picked":"Cold Snap","floor":11.0},{"not_picked":["Turbo","Stack"],"picked":"Recycle","floor":12.0},{"not_picked":["Cold Snap","Sweeping Beam"],"picked":"Conserve Battery","floor":14.0},{"not_picked":["Seek","Amplify"],"picked":"Rainbow","floor":16.0},{"not_picked":["Gash","Force Field"],"picked":"Lockon","floor":18.0},{"not_picked":["Tempest","Gash"],"picked":"Steam Power+1","floor":19.0},{"not_picked":["Sweeping Beam","Amplify"],"picked":"Conserve Battery","floor":23},{"not_picked":["Steam Power","Redo","Go for the Eyes"],"picked":"SKIP","floor":25}],"player_experience":2912055,"relics_obtained":[{"floor":6.0,"key":"Lizard Tail"},{"floor":9.0,"key":"Akabeko"},{"floor":11.0,"key":"The Courier"},{"floor":23,"key":"Peace Pipe"},{"floor":23,"key":"Strawberry"},{"floor":25,"key":"Ice Cream"},{"floor":25,"key":"Bottled Lightning"},{"floor":26,"key":"White Beast Statue"}],"event_choices":[{"damage_healed":0.0,"max_hp_gain":0.0,"max_hp_loss":0.0,"gold_gain":0.0,"event_name":"Addict","player_choice":"Obtained Relic","floor":20.0,"gold_loss":85.0,"damage_taken":0.0,"relics_obtained":["Regal Pillow"]},{"damage_healed":0.0,"max_hp_gain":0.0,"max_hp_loss":0.0,"gold_gain":0.0,"event_name":"Vampires","player_choice":"Ignored","floor":22.0,"gold_loss":0.0,"damage_taken":0.0}],"is_beta":false,"boss_relics":[{"not_picked":["Snecko Eye","Coffee Dripper"],"picked":"Black Star"}],"items_purged_floors":[5],"is_endless":false,"potions_floor_spawned":[1,3,8,14,16,18,19,23,25],"killed_by":"Snecko","ascension_level":20}}