{"host":"farxtl2u8hmkbdo2","time":1612839181,"event":{"mods":["A Magickal Journey","BaseMod","Better Altar","Better Note","Better Sensory Stone","Better Skull","Better Third Choice","Challenge The Spire","Colored Map","Colored Powertips","Current Relic Mod","Downfall","Energized Spire","Fox Events","Gremlin Mod","Hermit","Hubris","Mimic Mod","Minty Spire (QoL Compilation)","Quick Restart","READ ME - Guardian Mod","Rare Cards Sparkle","StSLib","The Bladedancer","The Bug Knight","The Cursed","The Disciple","The Hierophant","The Marked","The Necromancer","The Runesmith","Transform Curses"],"gold_per_floor":[99,111,111,111,36,36,36,65,2,2,15,35,62,79,98,198,198,148,148,165,250,261,289,289,3,16,34,54,4,4,4,17,121,171,21,35,54,54,64,64,64,93,43,75,25,25,25,35,48,48],"floor_reached":51,"language":"SPA","playtime":3239,"items_purged":["downfall:Bewildered"],"score":928,"play_id":"dff09b6c-c94d-4c29-84f3-cd875aed70a0","local_time":"20210208235301","is_ascension_mode":true,"campfire_choices":[{"data":"Slimebound:Split","floor":1.0,"key":"SMITH"},{"data":"Slimebound:CorrosiveSpit","floor":6.0,"key":"SMITH"},{"data":"Slimebound:Prepare","floor":10.0,"key":"SMITH"},{"data":"Slimebound:MinionMaster","floor":18.0,"key":"SMITH"},{"data":"Slimebound:Tackle","floor":29.0,"key":"SMITH"},{"data":"Slimebound:TongueLash","floor":35.0,"key":"SMITH"},{"data":"Bite","floor":43,"key":"SMITH"},{"data":"Slimebound:ComboTackle","floor":45,"key":"SMITH"},{"data":"Bite","floor":47,"key":"SMITH"}],"circlet_count":0,"master_deck":["Slimebound:Tackle+1","Slimebound:Defend_Slimebound","Slimebound:Defend_Slimebound","Slimebound:Split+1","Slimebound:CorrosiveSpit+1","Slimebound:Prepare+1","Slimebound:SplitSpecialist+1","Slimebound:HauntingLick+1","Slimebound:HauntingLick+1","Slimebound:LivingWall+1","Slimebound:GoopSpray+1","Slimebound:Prepare+1","Slimebound:SplitMire+1","Slimebound:MinionMaster+1","Slimebound:DouseInSlime+1","Slimebound:SplitLeeching+1","Slimebound:ProtectTheBoss+1","Slimebound:Schlurp+1","Slimebound:RainOfGoop+1","Slimebound:SplitAcid+1","Slimebound:SplitBruiser+1","Slimebound:SplitLeeching+1","Slimebound:RejuvenatingLick+1","Bite+1","Bite+1","Bite","Bite","Bite+1","Slimebound:SamplingLick+1","Slimebound:WasteNot+1","Slimebound:TongueLash+1","Slimebound:Equalize+1","Slimebound:Prepare+1","Slimebound:SamplingLick+1","Slimebound:WasteNot+1","Slimebound:ComboTackle+1","Slimebound:AcidTongue+1","Slimebound:SpikyOuterGoop+1"],"relics":["Slimebound:AbsorbEndCombat","hubris:Towel","Slimebound:GreedOozeRelic","Toxic Egg 2","Ornamental Fan","Nunchaku","energizedSpire:SpiderWeb","sneckomod:BabySnecko","Lizard Tail","FossilizedHelix","Bag of Marbles","Tiny House","downfall:HeartBlessingGreen","Gremlin Horn","hubris:PeanutButter","Dead Branch","hubris:Icosahedron"],"acts_visited":["Exordium","TheCity","TheBeyond"],"potions_floor_usage":[42,50,50],"damage_taken":[{"damage":8.0,"enemies":"Jaw Worm","floor":2.0,"turns":3.0},{"damage":15.0,"enemies":"Gremlin Nob","floor":8.0,"turns":4.0},{"damage":6.0,"enemies":"downfall:FleeingMerchant","floor":9.0,"turns":4.0},{"damage":1.0,"enemies":"2 Louse","floor":11.0,"turns":2.0},{"damage":0.0,"enemies":"Small Slimes","floor":12.0,"turns":3.0},{"damage":1.0,"enemies":"3 Sentries","floor":13.0,"turns":5.0},{"damage":0.0,"enemies":"2 Fungi Beasts","floor":14.0,"turns":3.0},{"damage":1.0,"enemies":"Large Slime","floor":15.0,"turns":3.0},{"damage":28.0,"enemies":"IC_STATUS_ARCHETYPE","floor":16.0,"turns":9.0},{"damage":9.0,"enemies":"Spheric Guardian","floor":20.0,"turns":5.0},{"damage":16.0,"enemies":"Cultist and Chosen","floor":22.0,"turns":6.0},{"damage":16.0,"enemies":"Slavers","floor":23.0,"turns":5.0},{"damage":0.0,"enemies":"downfall:FleeingMerchant","floor":25.0,"turns":4.0},{"damage":0.0,"enemies":"Centurion and Healer","floor":26.0,"turns":4.0},{"damage":16.0,"enemies":"Snake Plant","floor":27.0,"turns":3.0},{"damage":0.0,"enemies":"Shelled Parasite and Fungi","floor":28.0,"turns":4.0},{"damage":0.0,"enemies":"Sentry and Sphere","floor":32.0,"turns":4.0},{"damage":0.0,"enemies":"SI_MIRROR_ARCHETYPE","floor":33.0,"turns":7.0},{"damage":0.0,"enemies":"Orb Walker","floor":36.0,"turns":4.0},{"damage":5.0,"enemies":"3 Shapes","floor":37.0,"turns":3.0},{"damage":17.0,"enemies":"Jaw Worm Horde","floor":39.0,"turns":5.0},{"damage":0,"enemies":"Reptomancer","floor":42,"turns":4},{"damage":0,"enemies":"Giant Head","floor":44,"turns":7},{"damage":0,"enemies":"Sphere and 2 Shapes","floor":48,"turns":3},{"damage":0,"enemies":"Writhing Mass","floor":49,"turns":4},{"damage":62,"enemies":"DF_ARCHETYPE_ORBS","floor":50,"turns":7}],"seed_played":"-8671113691559527496","potions_obtained":[{"floor":11.0,"key":"Weak Potion"},{"floor":12.0,"key":"SpeedPotion"},{"floor":13.0,"key":"BlessingOfTheForge"},{"floor":16.0,"key":"PowerPotion"},{"floor":22.0,"key":"bronze:BurnAndBuffPotion"},{"floor":23.0,"key":"DistilledChaos"},{"floor":27.0,"key":"ColorlessPotion"},{"floor":28.0,"key":"Swift Potion"},{"floor":34.0,"key":"Explosive Potion"},{"floor":37.0,"key":"Slimebound:SlimedPotion"},{"floor":48,"key":"LiquidBronze"}],"is_trial":false,"path_per_floor":["R","M","?","?","?","R","T","E","$","R","M","M","E","M","M","B",null,"R","?","M","?","M","E","T","$","M","M","M","R","?","?","M","B",null,"R","M","M","?","M","?","T","E","R","E","R","?","R","M","M","B",null],"character_chosen":"SLIMEBOUND","items_purchased":["Slimebound:HauntingLick+1","Bag of Marbles","Slimebound:SplitAcid+1"],"campfire_rested":0,"item_purchase_floors":[9,25,25],"current_hp_per_floor":[59,55,55,55,55,55,55,46,44,44,45,51,56,59,59,39,59,59,59,52,40,28,18,18,24,28,14,16,16,16,16,22,41,46,46,46,46,46,41,41,41,46,46,46,46,46,46,46,46,30],"gold":48,"neow_bonus":"REMOVE_TWO","is_daily":false,"chose_seed":false,"campfire_upgraded":9,"win_rate":0.0,"timestamp":1612839181,"path_taken":["R","M","?","?","?","R","T","E","$","R","M","M","E","M","M","BOSS","R","?","M","?","M","E","T","$","M","M","M","R","?","?","M","BOSS","R","M","M","?","M","?","T","E","R","E","R","?","R","M","M","BOSS"],"items_purchased_type":["Card","Relic","Card"],"build_version":"2020-12-22","purchased_purges":1,"victory":true,"max_hp_per_floor":[59,59,59,59,59,59,59,59,59,59,59,59,59,59,59,59,59,59,59,59,59,59,59,59,59,59,59,59,59,59,41,41,41,46,46,46,46,46,46,46,46,46,46,46,46,46,46,46,46,46],"card_choices":[{"not_picked":["Slimebound:SplitAcid","Slimebound:HauntingLick"],"picked":"Slimebound:Prepare","floor":2.0},{"not_picked":["Slimebound:PressTheAttack","Slimebound:LevelUp"],"picked":"Slimebound:SplitSpecialist+1","floor":8.0},{"not_picked":["Slimebound:RejuvenatingLick+1","Slimebound:DuplicatedForm"],"picked":"Slimebound:HauntingLick+1","floor":9.0},{"not_picked":["Slimebound:RollThrough","Slimebound:Schlurp+1"],"picked":"Slimebound:LivingWall+1","floor":11.0},{"not_picked":["Slimebound:SamplingLick+1","Slimebound:FinishingTackle"],"picked":"Slimebound:GoopSpray+1","floor":12.0},{"not_picked":["Slimebound:HauntingLick+1","Slimebound:ComboTackle"],"picked":"Slimebound:Prepare+1","floor":13.0},{"not_picked":["Slimebound:SamplingLick+1","Slimebound:PressTheAttack"],"picked":"Slimebound:SplitMire+1","floor":14.0},{"not_picked":["Slimebound:SplitMire+1","Slimebound:ForwardTackle"],"picked":"Slimebound:MinionMaster","floor":15.0},{"not_picked":["Slimebound:MassFeed","Slimebound:DuplicatedForm"],"picked":"Slimebound:DouseInSlime+1","floor":16.0},{"not_picked":["Slimebound:SplitMire+1","Slimebound:SlimeBarrage"],"picked":"Slimebound:SplitLeeching+1","floor":20.0},{"not_picked":["Slimebound:RejuvenatingLick+1","Slimebound:FormOfPuddle+1"],"picked":"Slimebound:ProtectTheBoss+1","floor":22.0},{"not_picked":["Slimebound:Grow","Slimebound:LevelUp"],"picked":"Slimebound:Schlurp+1","floor":23.0},{"not_picked":["Slimebound:Grow+1","Slimebound:LeechEnergy"],"picked":"Slimebound:RainOfGoop+1","floor":25.0},{"not_picked":["Slimebound:ComboTackle","Slimebound:Nibble"],"picked":"Slimebound:SplitBruiser+1","floor":26.0},{"not_picked":["Slimebound:SlimeSpikes+1","Slimebound:SplitMire+1"],"picked":"Slimebound:SplitLeeching+1","floor":27.0},{"not_picked":["Slimebound:LivingWall+1","Slimebound:Schlurp+1"],"picked":"Slimebound:RejuvenatingLick+1","floor":28.0},{"not_picked":["Slimebound:LeechEnergy","Slimebound:GoopTackle"],"picked":"Slimebound:SamplingLick+1","floor":32.0},{"not_picked":["Slimebound:DuplicatedForm","Slimebound:SlimeSlap"],"picked":"Slimebound:WasteNot+1","floor":33.0},{"not_picked":["Slimebound:SplitBruiser+1","Slimebound:ItLooksTasty"],"picked":"Slimebound:TongueLash","floor":34.0},{"not_picked":["Slimebound:Grow+1","Slimebound:SplitLeeching+1"],"picked":"Slimebound:Equalize","floor":36.0},{"not_picked":["Slimebound:GoopSpray+1","Slimebound:SamplingLick+1"],"picked":"Slimebound:Prepare+1","floor":37.0},{"not_picked":["Slimebound:Prepare+1","Slimebound:Chomp+1"],"picked":"Slimebound:SamplingLick+1","floor":39.0},{"not_picked":["Slimebound:SamplingLick+1","Slimebound:ComboTackle+1"],"picked":"Slimebound:WasteNot+1","floor":42},{"not_picked":["Slimebound:MassFeed","Slimebound:SplitSpecialist+1"],"picked":"Slimebound:ComboTackle","floor":44},{"not_picked":["Slimebound:PressTheAttack","Slimebound:GoopSpray+1"],"picked":"Slimebound:AcidTongue+1","floor":48},{"not_picked":["Slimebound:Prepare+1","Slimebound:SlimeSpikes+1"],"picked":"Slimebound:SpikyOuterGoop+1","floor":49}],"player_experience":2035828,"relics_obtained":[{"floor":7.0,"key":"Toxic Egg 2"},{"floor":8.0,"key":"Ornamental Fan"},{"floor":13.0,"key":"Nunchaku"},{"floor":23.0,"key":"Lizard Tail"},{"floor":24.0,"key":"FossilizedHelix"},{"floor":41.0,"key":"Gremlin Horn"},{"floor":42,"key":"hubris:PeanutButter"},{"floor":44,"key":"Dead Branch"}],"event_choices":[{"cards_removed":["Slimebound:Strike_Slimebound"],"damage_healed":0.0,"max_hp_gain":0.0,"max_hp_loss":0.0,"gold_gain":0.0,"event_name":"The Cleric","player_choice":"Card Removal","floor":3.0,"gold_loss":0.0,"damage_taken":0.0},{"damage_healed":0.0,"max_hp_gain":0.0,"max_hp_loss":18.0,"gold_gain":0.0,"event_name":"Vampires","player_choice":"Became a vampire","floor":31.0,"gold_loss":0.0,"damage_taken":0.0,"cards_obtained":["Bite","Bite","Bite","Bite","Bite"]}],"is_beta":false,"boss_relics":[{"not_picked":["Sozu","energizedSpire:DeadBattery"],"picked":"energizedSpire:SpiderWeb"},{"not_picked":["Pandora\u0027s Box","Runic Pyramid"],"picked":"Tiny House"}],"items_purged_floors":[25],"is_endless":false,"potions_floor_spawned":[11,12,13,14,16,22,23,27,28,37,48],"ascension_level":1}}