{"host":"qc8p2flj7wsy3zpg","time":1612885257,"event":{"mods":["BaseMod","Highlight Path","Minty Spire (QoL Compilation)","Monster List Patch","Relic Stats","StSLib"],"gold_per_floor":[111,122,122,17,36,61,61,91,140,150,18,53,65,85,85,159,159,175,175,187,14,14,14],"floor_reached":22,"language":"ENG","playtime":997,"items_purged":[],"score":412,"play_id":"7b60f07c-6941-4b65-bba5-21e3f433cd5e","local_time":"20210209094057","is_ascension_mode":true,"campfire_choices":[{"data":"Eruption","floor":7.0,"key":"SMITH"},{"data":"CutThroughFate","floor":15.0,"key":"SMITH"}],"circlet_count":0,"master_deck":["AscendersBane","Strike_P","Strike_P","Strike_P","Strike_P","Defend_P","Defend_P","Defend_P","Defend_P","Eruption+1","Vigilance","CutThroughFate+1","FlurryOfBlows","EmptyFist","Protect","Wallop","Weave","Adaptation","ThirdEye","FlurryOfBlows","DevaForm","ConjureBlade","JustLucky","RitualDagger","JustLucky+1"],"relics":["Philosopher\u0027s Stone","Darkstone Periapt","Bag of Preparation","Dream Catcher","Potion Belt","StoneCalendar","SacredBark","OrangePellets"],"acts_visited":["Exordium","TheCity"],"potions_floor_usage":[22,22,22],"damage_taken":[{"damage":0.0,"enemies":"Jaw Worm","floor":1.0,"turns":4.0},{"damage":0.0,"enemies":"Cultist","floor":2.0,"turns":2.0},{"damage":0.0,"enemies":"2 Louse","floor":5.0,"turns":2.0},{"damage":9.0,"enemies":"Gremlin Nob","floor":6.0,"turns":3.0},{"damage":1.0,"enemies":"Lagavulin","floor":8.0,"turns":5.0},{"damage":0.0,"enemies":"Lots of Slimes","floor":10.0,"turns":4.0},{"damage":6.0,"enemies":"3 Sentries","floor":12.0,"turns":5.0},{"damage":0.0,"enemies":"2 Fungi Beasts","floor":13.0,"turns":2.0},{"damage":3.0,"enemies":"Exordium Thugs","floor":14.0,"turns":5.0},{"damage":39.0,"enemies":"The Guardian","floor":16.0,"turns":8.0},{"damage":14.0,"enemies":"Spheric Guardian","floor":18.0,"turns":4.0},{"damage":24.0,"enemies":"3 Byrds","floor":20.0,"turns":4.0},{"damage":23,"enemies":"Shelled Parasite and Fungi","floor":22,"turns":2}],"seed_played":"8495325505191257439","potions_obtained":[{"floor":6.0,"key":"BlessingOfTheForge"},{"floor":10.0,"key":"Strength Potion"},{"floor":12.0,"key":"Weak Potion"},{"floor":14.0,"key":"Strength Potion"},{"floor":16.0,"key":"Dexterity Potion"},{"floor":20.0,"key":"FearPotion"}],"is_trial":false,"path_per_floor":["M","M","?","$","M","E","R","E","T","M","$","E","M","M","R","B",null,"M","?","M","$","M"],"character_chosen":"WATCHER","items_purchased":["FearPotion","FlurryOfBlows","Adaptation","ThirdEye","OrangePellets"],"campfire_rested":0,"item_purchase_floors":[4,4,11,11,21],"current_hp_per_floor":[61,61,61,61,61,52,52,51,51,51,51,45,45,42,42,3,52,38,32,8,8,0,0],"gold":14,"neow_bonus":"BOSS_RELIC","is_daily":false,"chose_seed":false,"campfire_upgraded":2,"win_rate":0.0,"timestamp":1612885257,"path_taken":["M","M","?","$","M","E","R","E","T","M","$","E","?","M","R","BOSS","M","?","M","$","M"],"items_purchased_type":["Potion","Card","Card","Card","Relic"],"build_version":"2020-12-22","purchased_purges":0,"victory":false,"max_hp_per_floor":[68,68,68,68,68,68,68,68,68,68,68,68,68,68,68,68,68,68,68,68,68,68,68],"relic_stats":{"Darkstone Periapt":0,"OrangePellets":[0],"Dream Catcher":0,"counters":[13,50],"StoneCalendar":[52],"Bag of Preparation":[18],"obtain_stats":[{"Darkstone Periapt":3,"Potion Belt":9,"OrangePellets":21,"Dream Catcher":8,"SacredBark":17,"Philosopher\u0027s Stone":0,"StoneCalendar":12,"Bag of Preparation":6,"PureWater":0},{"Darkstone Periapt":2,"Potion Belt":5,"OrangePellets":12,"Dream Catcher":5,"SacredBark":10,"Philosopher\u0027s Stone":0,"StoneCalendar":7,"Bag of Preparation":4,"PureWater":0},{"Darkstone Periapt":6,"Potion Belt":16,"OrangePellets":48,"Dream Catcher":16,"SacredBark":40,"Philosopher\u0027s Stone":0,"StoneCalendar":25,"Bag of Preparation":11,"PureWater":0}]},"card_choices":[{"not_picked":["JustLucky","EmptyBody"],"picked":"CutThroughFate","floor":1.0},{"not_picked":["CrushJoints","JustLucky"],"picked":"CutThroughFate","floor":2.0},{"not_picked":["WaveOfTheHand","Pray"],"picked":"EmptyFist","floor":5.0},{"not_picked":["EmptyMind","Collect"],"picked":"Protect","floor":6.0},{"not_picked":["Nirvana","Meditate"],"picked":"Wallop","floor":8.0},{"not_picked":["CarveReality","EmptyFist"],"picked":"Weave","floor":10.0},{"not_picked":["Crescendo","SignatureMove"],"picked":"FlurryOfBlows","floor":12.0},{"not_picked":["EmptyFist","CutThroughFate"],"picked":"DevaForm","floor":13.0},{"not_picked":["DevaForm","Judgement"],"picked":"ConjureBlade","floor":16.0},{"not_picked":["FlyingSleeves","ThirdEye"],"picked":"JustLucky","floor":18.0},{"not_picked":["CrushJoints","PathToVictory"],"picked":"JustLucky+1","floor":20.0}],"player_experience":2347616,"relics_obtained":[{"floor":6.0,"key":"Bag of Preparation"},{"floor":8.0,"key":"Dream Catcher"},{"floor":9.0,"key":"Potion Belt"},{"floor":12.0,"key":"StoneCalendar"}],"event_choices":[{"cards_removed":["CutThroughFate"],"damage_healed":0.0,"max_hp_gain":0.0,"max_hp_loss":0.0,"gold_gain":0.0,"event_name":"WeMeetAgain","player_choice":"Gave Card","floor":3.0,"gold_loss":0.0,"damage_taken":0.0,"relics_obtained":["Darkstone Periapt"]},{"damage_healed":0.0,"max_hp_gain":0.0,"max_hp_loss":0.0,"gold_gain":0.0,"event_name":"Nest","player_choice":"Joined the Cult","floor":19.0,"gold_loss":0.0,"damage_taken":6.0,"cards_obtained":["RitualDagger"]}],"is_beta":false,"boss_relics":[{"not_picked":["Ectoplasm","Fusion Hammer"],"picked":"SacredBark"}],"items_purged_floors":[],"is_endless":false,"potions_floor_spawned":[6,10,12,14,16,20],"killed_by":"Shelled Parasite and Fungi","ascension_level":20}}