{"host":"5jyeqch4fosnsiz2","time":1612895707,"event":{"mods":["BaseMod","Bestiary","Colored Map","Colored Powertips","Filter the Spire","Minty Spire (QoL Compilation)","Relic Stats","StSLib","Waifu the Spire","ojb\u0027s Better Paths Mod","ojb\u0027s Info Mod"],"gold_per_floor":[118,133,133,103,115,142,142,158,234,24,42,75,75,75,75,171,171,183,208,208,222,222,222,248,263,287,305,320,337,337,89,89,194,194,208,60,77,94,109,128,158,158,158],"floor_reached":42,"language":"ENG","playtime":2389,"items_purged":["Strike_G","Defend_G"],"score":462,"play_id":"2e228a1b-ba02-4029-8670-71089c857f2d","local_time":"20210209133507","is_ascension_mode":false,"campfire_choices":[{"data":"Dagger Spray","floor":7,"key":"SMITH"},{"data":"Footwork","floor":13,"key":"SMITH"},{"data":"Cloak And Dagger","floor":15,"key":"SMITH"},{"data":"Well Laid Plans","floor":23,"key":"SMITH"},{"floor":32,"key":"REST"}],"circlet_count":0,"master_deck":["Strike_G","Strike_G","Defend_G","Defend_G","Defend_G","Defend_G","Survivor","Neutralize","Slice","Dagger Spray+1","Flying Knee","Blade Dance","Blade Dance","Footwork+1","Cloak And Dagger+1","Heel Hook","Underhanded Strike","Die Die Die","Dagger Throw+1","Backflip","Dodge and Roll+1","Well Laid Plans+1","Slice","PiercingWail","Masterful Stab","Tactician+1","Noxious Fumes","Burst","Prepared+1","Acrobatics+1","Parasite","Slice","Sucker Punch+1","Malaise"],"relics":["Ring of the Snake","Regal Pillow","Du-Vu Doll","Meat on the Bone","Boot","Ancient Tea Set","WristBlade","Red Mask","GremlinMask","Smiling Mask","Potion Belt","SacredBark","Omamori"],"acts_visited":["Exordium","TheCity","TheBeyond"],"potions_floor_usage":[1,5,6,6,12,18,19,25,27,28,33,33,33,33,38,38,38,39,41,42],"damage_taken":[{"damage":2,"enemies":"Cultist","floor":1,"turns":5},{"damage":1,"enemies":"2 Louse","floor":2,"turns":2},{"damage":1,"enemies":"Small Slimes","floor":5,"turns":3},{"damage":17,"enemies":"Gremlin Nob","floor":6,"turns":4},{"damage":8,"enemies":"Exordium Thugs","floor":8,"turns":5},{"damage":0,"enemies":"Gremlin Gang","floor":11,"turns":3},{"damage":6,"enemies":"Lagavulin","floor":12,"turns":6},{"damage":8,"enemies":"Slime Boss","floor":16,"turns":11},{"damage":2,"enemies":"2 Thieves","floor":18,"turns":3},{"damage":4,"enemies":"Masked Bandits","floor":19,"turns":2},{"damage":0,"enemies":"Chosen","floor":21,"turns":3},{"damage":31,"enemies":"Book of Stabbing","floor":24,"turns":6},{"damage":14,"enemies":"Snecko","floor":25,"turns":5},{"damage":19,"enemies":"Cultist and Chosen","floor":27,"turns":4},{"damage":22,"enemies":"Sentry and Sphere","floor":28,"turns":5},{"damage":6,"enemies":"Centurion and Healer","floor":29,"turns":6},{"damage":18,"enemies":"Collector","floor":33,"turns":11},{"damage":0,"enemies":"3 Shapes","floor":35,"turns":7},{"damage":6,"enemies":"3 Darklings","floor":37,"turns":6},{"damage":4,"enemies":"Transient","floor":38,"turns":5},{"damage":9,"enemies":"Writhing Mass","floor":39,"turns":6},{"damage":9,"enemies":"Sphere and 2 Shapes","floor":40,"turns":6},{"damage":30,"enemies":"Reptomancer","floor":41,"turns":7},{"damage":34,"enemies":"Spire Growth","floor":42,"turns":4}],"seed_played":"8364665468793886880","potions_obtained":[{"floor":1,"key":"Fruit Juice"},{"floor":4,"key":"LiquidMemories"},{"floor":4,"key":"PowerPotion"},{"floor":5,"key":"LiquidMemories"},{"floor":8,"key":"CunningPotion"},{"floor":12,"key":"GhostInAJar"},{"floor":18,"key":"FearPotion"},{"floor":24,"key":"LiquidMemories"},{"floor":27,"key":"EntropicBrew"},{"floor":35,"key":"Weak Potion"},{"floor":40,"key":"SkillPotion"},{"floor":41,"key":"Fire Potion"}],"is_trial":false,"path_per_floor":["M","M","?","?","M","E","R","M","T","$","M","E","R","?","R","B",null,"M","?","?","M","?","R","E","M","T","M","M","M","?","$","R","B",null,"M","$","M","M","M","M","E","M"],"character_chosen":"THE_SILENT","items_purchased":["Boot","Footwork","Noxious Fumes","Strength Potion","DuplicationPotion","Weak Potion","SteroidPotion"],"campfire_rested":1,"item_purchase_floors":[10,10,31,31,31,36,36],"current_hp_per_floor":[73,72,65,65,64,47,47,39,39,39,39,45,45,45,45,49,75,73,69,69,69,69,69,38,36,36,29,19,25,25,25,62,44,75,75,75,69,65,56,47,29,0,0],"gold":158,"neow_bonus":"RANDOM_COMMON_RELIC","is_daily":false,"chose_seed":false,"campfire_upgraded":4,"win_rate":0.0,"timestamp":1612895707,"path_taken":["M","?","?","?","?","E","R","?","T","$","M","E","R","?","R","BOSS","M","?","?","M","?","R","E","M","T","M","M","?","?","$","R","BOSS","M","$","M","M","?","M","E","M"],"items_purchased_type":["Relic","Card","Card","Potion","Potion","Potion","Potion"],"build_version":"2020-12-22","purchased_purges":2,"victory":false,"max_hp_per_floor":[75,75,75,75,75,75,75,75,75,75,75,75,75,75,75,75,75,75,75,75,75,75,75,75,75,75,75,75,75,75,75,75,75,75,75,75,75,75,75,75,75,75,75],"relic_stats":{"Regal Pillow":15,"counters":[24,125],"Boot":[111],"Smiling Mask":75,"obtain_stats":[{"Potion Belt":26,"Regal Pillow":0,"SacredBark":34,"GremlinMask":22,"Omamori":41,"Boot":10,"Ancient Tea Set":12,"Smiling Mask":24,"Du-Vu Doll":6,"WristBlade":17,"Red Mask":19,"Ring of the Snake":0,"Meat on the Bone":9},{"Potion Belt":13,"Regal Pillow":0,"SacredBark":17,"GremlinMask":11,"Omamori":23,"Boot":5,"Ancient Tea Set":7,"Smiling Mask":12,"Du-Vu Doll":4,"WristBlade":8,"Red Mask":10,"Ring of the Snake":0,"Meat on the Bone":5},{"Potion Belt":58,"Regal Pillow":0,"SacredBark":84,"GremlinMask":47,"Omamori":121,"Boot":19,"Ancient Tea Set":28,"Smiling Mask":53,"Du-Vu Doll":14,"WristBlade":39,"Red Mask":44,"Ring of the Snake":0,"Meat on the Bone":19}],"Ring of the Snake":[48],"Meat on the Bone":84},"card_choices":[{"not_picked":["Choke","Concentrate"],"picked":"Slice","floor":1},{"not_picked":["PiercingWail","Backflip"],"picked":"Dagger Spray","floor":2},{"not_picked":["Sucker Punch","Bane"],"picked":"Flying Knee","floor":5},{"not_picked":["Noxious Fumes","Setup"],"picked":"Blade Dance","floor":6},{"not_picked":["Riddle With Holes","Slice"],"picked":"Blade Dance","floor":8},{"not_picked":["Poisoned Stab","Dagger Throw"],"picked":"Cloak And Dagger","floor":11},{"not_picked":["Concentrate","Flechettes"],"picked":"Heel Hook","floor":12},{"not_picked":["Bullet Time","Unload"],"picked":"Die Die Die","floor":16},{"not_picked":["Bane","Deflect+1"],"picked":"Dagger Throw+1","floor":18},{"not_picked":["Flying Knee","Prepared+1"],"picked":"Backflip","floor":19},{"not_picked":["Dagger Spray","Heel Hook"],"picked":"Well Laid Plans","floor":21},{"not_picked":["Cloak And Dagger","Poisoned Stab"],"picked":"Slice","floor":24},{"not_picked":["Dash","Acrobatics"],"picked":"PiercingWail","floor":25},{"not_picked":["Quick Slash","Bane"],"picked":"Masterful Stab","floor":27},{"not_picked":["All Out Attack+1","Slice"],"picked":"Tactician+1","floor":28},{"not_picked":["Die Die Die","Flechettes","Crippling Poison"],"picked":"SKIP","floor":29},{"not_picked":["Venomology","Grand Finale"],"picked":"Burst","floor":33},{"not_picked":["Outmaneuver+1","Heel Hook"],"picked":"Prepared+1","floor":35},{"not_picked":["Bane+1","Infinite Blades+1"],"picked":"Acrobatics+1","floor":37},{"not_picked":["Deadly Poison+1","Backstab+1","Distraction"],"picked":"SKIP","floor":38},{"not_picked":["Acrobatics","Reflex"],"picked":"Slice","floor":39},{"not_picked":["Caltrops","Blade Dance"],"picked":"Sucker Punch+1","floor":40},{"not_picked":["Slice","Distraction+1"],"picked":"Malaise","floor":41}],"player_experience":386834,"relics_obtained":[{"floor":6,"key":"Du-Vu Doll"},{"floor":9,"key":"Meat on the Bone"},{"floor":12,"key":"Ancient Tea Set"},{"floor":19,"key":"Red Mask"},{"floor":24,"key":"Smiling Mask"},{"floor":26,"key":"Potion Belt"},{"floor":41,"key":"Omamori"}],"event_choices":[{"cards_removed":["Strike_G"],"damage_healed":0,"gold_gain":0,"player_choice":"Card Removal","damage_taken":7,"max_hp_gain":0,"max_hp_loss":0,"event_name":"Golden Wing","floor":3,"gold_loss":0},{"damage_healed":0,"gold_gain":0,"player_choice":"Bought 2 Potions","damage_taken":0,"max_hp_gain":0,"max_hp_loss":0,"event_name":"The Woman in Blue","floor":4,"gold_loss":0},{"damage_healed":0,"gold_gain":0,"cards_transformed":["Strike_G"],"player_choice":"Change","damage_taken":0,"max_hp_gain":0,"max_hp_loss":0,"event_name":"Living Wall","floor":14,"gold_loss":0,"cards_obtained":["Underhanded Strike"]},{"damage_healed":0,"gold_gain":0,"player_choice":"Fought Bandits","damage_taken":0,"max_hp_gain":0,"max_hp_loss":0,"event_name":"Masked Bandits","floor":19,"gold_loss":0},{"damage_healed":0,"gold_gain":0,"player_choice":"Read","damage_taken":0,"max_hp_gain":0,"max_hp_loss":0,"event_name":"The Library","floor":20,"gold_loss":0,"cards_obtained":["Dodge and Roll"]},{"damage_healed":0,"gold_gain":0,"player_choice":"Trade","damage_taken":0,"relics_obtained":["GremlinMask"],"max_hp_gain":0,"max_hp_loss":0,"event_name":"FaceTrader","floor":22,"gold_loss":0},{"damage_healed":0,"gold_gain":0,"player_choice":"Forge","damage_taken":0,"max_hp_gain":0,"max_hp_loss":0,"event_name":"Accursed Blacksmith","floor":30,"gold_loss":0,"cards_upgraded":["Dodge and Roll"]}],"is_beta":false,"boss_relics":[{"not_picked":["Calling Bell","Black Star"],"picked":"WristBlade"},{"not_picked":["Astrolabe","Cursed Key"],"picked":"SacredBark"}],"items_purged_floors":[31,36],"is_endless":false,"potions_floor_spawned":[1,5,8,12,18,24,27,35,40,41],"killed_by":"Spire Growth","ascension_level":0}}