{"host":"qc1sjgtdjonvdsd8","time":1612863983,"event":{"mods":["BaseMod","Colored Map","Colored Powertips","Curses Come First","Downfall","Minty Spire (QoL Compilation)","StSLib"],"gold_per_floor":[0,10,110,285,304,320,372,372,382,110,110,95,119,142,162,266,266,266,292,320,53,72,72,72,114,139,139,139,39,61,80,101,214,259,159,170,194,203,218,218,243,345,355,355,355,355,255,130,158,158,158,192,50,50,50,50,50,50],"floor_reached":56,"language":"ENG","playtime":5841,"items_purged":["Doubt","Slimebound:FinishingTackle","Slimebound:Gluttony"],"score":661,"play_id":"c4f4ad9f-8460-4db4-a649-8b07043156e8","local_time":"20210209014623","is_ascension_mode":false,"campfire_choices":[{"data":"Slimebound:Split","floor":1,"key":"SMITH"},{"data":"Slimebound:Repurpose","floor":8,"key":"SMITH"},{"data":"Slimebound:LeadByExample","floor":11,"key":"SMITH"},{"data":"Slimebound:MassRepurpose","floor":18,"key":"SMITH"},{"floor":27,"key":"REST"},{"data":"Slimebound:LeadByExample","floor":29,"key":"SMITH"},{"data":"Slimebound:Teamwork","floor":35,"key":"SMITH"},{"floor":40,"key":"RECALL"},{"data":"Slimebound:SlimeTap","floor":47,"key":"SMITH"},{"floor":54,"key":"REST"}],"circlet_count":0,"master_deck":["Slimebound:Tackle","Slimebound:Split+1","Slimebound:CorrosiveSpit","Slimebound:Repurpose+1","Slimebound:LevelUp","Slimebound:SplitLeeching","Slimebound:LeadByExample+1","Slimebound:SplitBruiser+1","Slimebound:LivingWall","Slimebound:Schlurp","Slimebound:GoopSpray","Slimebound:MassRepurpose+1","Slimebound:PressTheAttack+1","Slimebound:ForwardTackle+1","Slimebound:Dissolve+1","Slimebound:SlimeTap","Slimebound:LeadByExample+1","Slimebound:ServeAndProtect","Slimebound:SlimeBarrage+1","Slimebound:SlimeTap+1","Slimebound:MassRepurpose+1","Slimebound:Dissolve","Slimebound:FirmFortitude","Slimebound:Teamwork+1","Slimebound:ProtectTheBoss+1","Slimebound:Repurpose+1","Slimebound:SplitLeeching+1","Slimebound:SplitMire+1","Slimebound:Split+1"],"relics":["Slimebound:AbsorbEndCombat","CeramicFish","Slimebound:AggressiveSlimeRelic","Sozu","Bottled Lightning","Regal Pillow","downfall:HeartBlessingBlue","Pandora\u0027s Box","downfall:HeartBlessingGreen","Art of War","Omamori","War Paint","downfall:HeartBlessingRed","Oddly Smooth Stone","DollysMirror"],"acts_visited":["Exordium","TheCity","TheBeyond","TheEnding"],"potions_floor_usage":[9],"damage_taken":[{"damage":5,"enemies":"2 Louse","floor":2,"turns":2},{"damage":3,"enemies":"Jaw Worm","floor":5,"turns":3},{"damage":4,"enemies":"Cultist","floor":6,"turns":5},{"damage":2,"enemies":"Large Slime","floor":9,"turns":4},{"damage":1,"enemies":"downfall:FleeingMerchant","floor":10,"turns":4},{"damage":8,"enemies":"downfall:FleeingMerchant","floor":12,"turns":4},{"damage":19,"enemies":"3 Louse","floor":13,"turns":3},{"damage":1,"enemies":"Exordium Wildlife","floor":14,"turns":4},{"damage":4,"enemies":"Exordium Thugs","floor":15,"turns":3},{"damage":10,"enemies":"SI_SHIV_ARCHETYPE","floor":16,"turns":7},{"damage":4,"enemies":"Chosen","floor":19,"turns":3},{"damage":0,"enemies":"Spheric Guardian","floor":20,"turns":3},{"damage":3,"enemies":"downfall:FleeingMerchant","floor":21,"turns":4},{"damage":0,"enemies":"Centurion and Healer","floor":22,"turns":5},{"damage":49,"enemies":"Slavers","floor":25,"turns":5},{"damage":6,"enemies":"Snecko","floor":26,"turns":3},{"damage":15,"enemies":"Snake Plant","floor":30,"turns":3},{"damage":0,"enemies":"Centurion and Healer","floor":31,"turns":3},{"damage":3,"enemies":"Chosen and Byrds","floor":32,"turns":3},{"damage":20,"enemies":"IC_MUSHROOM_ARCHETYPE","floor":33,"turns":5},{"damage":0,"enemies":"Orb Walker","floor":36,"turns":3},{"damage":15,"enemies":"Orb Walker","floor":38,"turns":4},{"damage":8,"enemies":"3 Darklings","floor":39,"turns":4},{"damage":3,"enemies":"downfall:FleeingMerchant","floor":42,"turns":2},{"damage":3,"enemies":"Writhing Mass","floor":43,"turns":2},{"damage":1,"enemies":"4 Shapes","floor":49,"turns":4},{"damage":45,"enemies":"DF_ARCHETYPE_ORBS","floor":50,"turns":5},{"damage":31,"enemies":"downfall:CharBossMerchant","floor":52,"turns":7},{"damage":65,"enemies":"downfall:NeowBoss","floor":55,"turns":12},{"damage":18,"enemies":"downfall:NeowBossFinal","floor":56,"turns":2}],"seed_played":"-7569017057341621007","potions_obtained":[{"floor":5,"key":"SkillPotion"},{"floor":6,"key":"BlessingOfTheForge"},{"floor":15,"key":"SteroidPotion"}],"is_trial":false,"path_per_floor":["R","M","?","?","M","M","T","R","M","$","R","$","M","M","M","B",null,"R","M","M","$","M","?","T","E","M","R","?","R","M","M","M","B",null,"R","M","?","?","M","R","T","$","M","?","?","?","R","$","M","B",null,"E","$","R","B","B"],"character_chosen":"SLIMEBOUND","items_purchased":["Slimebound:AggressiveSlimeRelic","Slimebound:SplitBruiser","Bottled Lightning","War Paint","DollysMirror"],"campfire_rested":2,"item_purchase_floors":[10,10,21,42,53],"current_hp_per_floor":[65,60,60,60,61,59,59,59,59,60,60,56,37,38,36,32,65,65,63,65,65,65,65,65,18,14,48,48,58,45,53,58,46,75,75,75,75,68,64,64,64,65,64,64,64,64,64,64,67,24,75,46,46,75,15,0,0,0],"gold":50,"neow_bonus":"REMOVE_TWO","is_daily":false,"chose_seed":false,"campfire_upgraded":7,"win_rate":0.0,"timestamp":1612863983,"path_taken":["R","M","?","?","?","M","T","R","M","$","R","$","M","M","M","BOSS","R","M","M","$","M","?","T","E","?","R","?","R","M","M","M","BOSS","R","M","?","?","M","R","T","?","?","?","?","?","R","$","M","BOSS","E","$","R","BOSS","BOSS"],"items_purchased_type":["Relic","Card","Relic","Relic","Relic"],"build_version":"2020-12-22","purchased_purges":3,"victory":false,"max_hp_per_floor":[65,65,65,65,65,65,65,65,65,65,65,65,65,65,65,65,65,65,65,65,65,65,65,65,65,65,65,65,75,75,75,75,75,75,75,75,75,75,75,75,75,75,75,75,75,75,75,75,75,75,75,75,75,75,75,75,75,75],"card_choices":[{"not_picked":["Slimebound:FinishingTackle","Slimebound:Grow"],"picked":"Slimebound:Repurpose","floor":2},{"not_picked":["Slimebound:LivingWall","Slimebound:ViciousTackle"],"picked":"Slimebound:LevelUp","floor":5},{"not_picked":["Slimebound:SplitBruiser","Slimebound:LeechEnergy"],"picked":"Slimebound:SplitLeeching","floor":6},{"not_picked":["Slimebound:PressTheAttack","Slimebound:ItLooksTasty","Slimebound:SlimeBarrage"],"picked":"SKIP","floor":9},{"not_picked":["Slimebound:Overexert","Slimebound:LeechEnergy"],"picked":"Slimebound:LeadByExample","floor":10},{"not_picked":["Slimebound:ComboTackle","Slimebound:TongueLash","Slimebound:LeechLife"],"picked":"SKIP","floor":12},{"not_picked":["Slimebound:Chomp","Slimebound:SplitBruiser"],"picked":"Slimebound:LivingWall","floor":13},{"not_picked":["Slimebound:SpikyOuterGoop","Slimebound:GoopTackle"],"picked":"Slimebound:Schlurp","floor":14},{"not_picked":["Slimebound:ComboTackle","Slimebound:GoopTackle"],"picked":"Slimebound:GoopSpray","floor":15},{"not_picked":["Slimebound:LeechLife","Slimebound:Overexert"],"picked":"Slimebound:MassRepurpose","floor":16},{"not_picked":["Slimebound:FlameTackle","Slimebound:GoopTackle"],"picked":"Slimebound:PressTheAttack+1","floor":19},{"not_picked":["Slimebound:Nibble","Slimebound:HauntingLick"],"picked":"Slimebound:ForwardTackle+1","floor":20},{"not_picked":["Slimebound:PressTheAttack","Slimebound:ItLooksTasty"],"picked":"Slimebound:Dissolve+1","floor":21},{"not_picked":["Slimebound:GoopSpray","Slimebound:Dissolve","Slimebound:SplitAcid"],"picked":"SKIP","floor":22},{"not_picked":["Slimebound:Schlurp","Slimebound:Dissolve+1"],"picked":"Slimebound:SlimeTap","floor":25},{"not_picked":["Slimebound:FinishingTackle","Slimebound:RallyTheTroops"],"picked":"Slimebound:LeadByExample","floor":26},{"not_picked":["Slimebound:ItLooksTasty+1","Slimebound:SplitMire"],"picked":"Slimebound:ServeAndProtect","floor":30},{"not_picked":["Slimebound:LeechEnergy","Slimebound:LivingWall+1"],"picked":"Slimebound:SlimeBarrage+1","floor":31},{"not_picked":["Slimebound:LevelUp","Slimebound:ItLooksTasty"],"picked":"Slimebound:SlimeTap","floor":32},{"not_picked":["Slimebound:DouseInSlime","Slimebound:MassFeed"],"picked":"Slimebound:MassRepurpose","floor":33},{"not_picked":["Slimebound:HauntingLick","Slimebound:PressTheAttack","Slimebound:SplitLeeching+1"],"picked":"SKIP","floor":36},{"not_picked":["Slimebound:Dissolve+1","Slimebound:GoopSpray"],"picked":"Slimebound:ProtectTheBoss+1","floor":38},{"not_picked":["Slimebound:ViciousTackle","Slimebound:LeechingTouch","Slimebound:LeechEnergy"],"picked":"SKIP","floor":39},{"not_picked":["Slimebound:SplitMire","Slimebound:LivingWall+1"],"picked":"Slimebound:Repurpose+1","floor":42},{"not_picked":["Slimebound:SpikyOuterGoop+1","Slimebound:RainOfGoop","Slimebound:RollThrough"],"picked":"SKIP","floor":43},{"not_picked":["Slimebound:PrepareCrush","Slimebound:RollThrough"],"picked":"Slimebound:SplitLeeching+1","floor":49},{"not_picked":["Slimebound:Schlurp","Slimebound:ViciousTackle"],"picked":"Slimebound:SplitMire+1","floor":52}],"player_experience":292826,"relics_obtained":[{"floor":7,"key":"CeramicFish"},{"floor":25,"key":"Regal Pillow"},{"floor":37,"key":"Art of War"},{"floor":41,"key":"Omamori"},{"floor":52,"key":"Oddly Smooth Stone"}],"event_choices":[{"damage_healed":0,"gold_gain":0,"player_choice":"Ignored","damage_taken":0,"max_hp_gain":0,"max_hp_loss":0,"event_name":"NoteForYourself","floor":23,"gold_loss":0},{"damage_healed":0,"gold_gain":0,"player_choice":"Ignored","damage_taken":0,"max_hp_gain":0,"max_hp_loss":0,"event_name":"Vampires","floor":28,"gold_loss":0}],"is_beta":false,"boss_relics":[{"not_picked":["Runic Dome","Fusion Hammer"],"picked":"Sozu"},{"not_picked":["SlaversCollar","Velvet Choker"],"picked":"Pandora\u0027s Box"}],"items_purged_floors":[10,42,48],"is_endless":false,"potions_floor_spawned":[5,6,15,19,22,30,31,38,52],"killed_by":"downfall:NeowBossFinal","ascension_level":0}}