{"host":"8rgpnls124hwjv5t","time":1612909294,"event":{"mods":["BaseMod","Colored Map","Colored Powertips","DeckTracker","Highlight Path","Minty Spire (QoL Compilation)","Permanent Neow","Quick Restart","Relic Stats","Shop Mod","StSLib"],"gold_per_floor":[116,130,143,158,26,51,51,0,46,65,65,100,116,116,116,193,193,193,193,193,193,22,22,22,22],"floor_reached":24,"language":"ENG","playtime":890,"items_purged":["Strike_B"],"score":468,"play_id":"6c684d6a-a86d-4375-a34e-7dc789a71b1d","local_time":"20210209172134","is_ascension_mode":true,"campfire_choices":[{"floor":7,"key":"REST"},{"floor":11,"key":"REST"},{"data":"Defragment","floor":15,"key":"SMITH"},{"data":"Seek","floor":23,"key":"SMITH"}],"circlet_count":0,"master_deck":["AscendersBane","Strike_B","Strike_B","Defend_B","Defend_B","Defend_B","Defend_B","Zap","Dualcast","Sunder","Go for the Eyes","Tempest","Leap","Defragment+1","Ball Lightning","Darkness","Meteor Strike","Seek+1","Loop","Self Repair","Self Repair+1"],"relics":["Sozu","Cables","Bag of Preparation","Lantern","Ectoplasm","Runic Capacitor"],"acts_visited":["Exordium","TheCity"],"potions_floor_usage":[],"damage_taken":[{"damage":0,"enemies":"Cultist","floor":1,"turns":3},{"damage":4,"enemies":"Small Slimes","floor":2,"turns":2},{"damage":0,"enemies":"2 Louse","floor":3,"turns":2},{"damage":24,"enemies":"Gremlin Gang","floor":4,"turns":4},{"damage":28,"enemies":"Lagavulin","floor":6,"turns":6},{"damage":1,"enemies":"Exordium Wildlife","floor":10,"turns":3},{"damage":1,"enemies":"3 Sentries","floor":12,"turns":4},{"damage":4,"enemies":"Looter","floor":13,"turns":3},{"damage":0,"enemies":"Slime Boss","floor":16,"turns":5},{"damage":0,"enemies":"Chosen","floor":18,"turns":3},{"damage":4,"enemies":"Shell Parasite","floor":19,"turns":3},{"damage":18,"enemies":"Snecko","floor":20,"turns":3},{"damage":15,"enemies":"Centurion and Healer","floor":21,"turns":5},{"damage":47,"enemies":"Gremlin Leader","floor":24,"turns":3}],"seed_played":"-3357550761658340678","potions_obtained":[],"is_trial":false,"path_per_floor":["M","M","M","M","$","E","R","?","T","M","R","E","M","?","R","B",null,"M","M","M","M","$","R","E"],"character_chosen":"DEFECT","items_purchased":["Leap","Runic Capacitor"],"campfire_rested":2,"item_purchase_floors":[5,22],"current_hp_per_floor":[64,60,60,36,36,8,29,29,29,28,49,48,44,44,44,44,64,64,60,49,41,41,41,0,0],"gold":22,"neow_bonus":"BOSS_RELIC","is_daily":false,"chose_seed":false,"campfire_upgraded":2,"win_rate":0.0,"timestamp":1612909294,"path_taken":["M","?","M","M","$","E","R","?","T","M","R","E","M","?","R","BOSS","M","?","M","?","$","R","E"],"items_purchased_type":["Card","Relic"],"build_version":"2020-12-22","purchased_purges":1,"victory":false,"max_hp_per_floor":[71,71,71,71,71,71,71,71,71,71,71,71,71,71,71,71,71,71,71,71,71,71,71,71,71],"relic_stats":{"Sozu":6,"counters":[14,49],"Ectoplasm":51,"Bag of Preparation":[18],"obtain_stats":[{"Sozu":0,"Lantern":12,"Ectoplasm":17,"Bag of Preparation":9,"Runic Capacitor":22,"Cracked Core":0,"Cables":6},{"Sozu":0,"Lantern":7,"Ectoplasm":9,"Bag of Preparation":5,"Runic Capacitor":13,"Cracked Core":0,"Cables":5},{"Sozu":0,"Lantern":24,"Ectoplasm":32,"Bag of Preparation":17,"Runic Capacitor":46,"Cracked Core":0,"Cables":17}],"Cables":[22,15,0,6,1]},"card_choices":[{"not_picked":["Cold Snap","Compile Driver"],"picked":"Sunder","floor":1},{"not_picked":["Sweeping Beam","Compile Driver"],"picked":"Go for the Eyes","floor":2},{"not_picked":["Gash","Stack","Steam Power"],"picked":"SKIP","floor":3},{"not_picked":["Barrage","Compile Driver"],"picked":"Tempest","floor":4},{"not_picked":["Ball Lightning","Reinforced Body"],"picked":"Defragment","floor":6},{"not_picked":["Aggregate","Gash"],"picked":"Ball Lightning","floor":10},{"not_picked":["Redo","Lockon"],"picked":"Darkness","floor":12},{"not_picked":["Stack","Consume"],"picked":"Meteor Strike","floor":13},{"not_picked":["Machine Learning","Hyperbeam"],"picked":"Seek","floor":16},{"not_picked":["Go for the Eyes","Barrage"],"picked":"Loop","floor":18},{"not_picked":["BootSequence","Stack+1"],"picked":"Self Repair","floor":19},{"not_picked":["Rebound+1","Coolheaded","Static Discharge"],"picked":"SKIP","floor":20},{"not_picked":["Go for the Eyes","Sweeping Beam"],"picked":"Self Repair+1","floor":21}],"player_experience":542346,"relics_obtained":[{"floor":6,"key":"Cables"},{"floor":9,"key":"Bag of Preparation"},{"floor":12,"key":"Lantern"}],"event_choices":[{"damage_healed":0,"gold_gain":0,"player_choice":"Left Gold","damage_taken":0,"max_hp_gain":0,"max_hp_loss":0,"event_name":"World of Goop","floor":8,"gold_loss":51},{"cards_removed":["Strike_B"],"damage_healed":0,"gold_gain":0,"player_choice":"Card Removal","damage_taken":0,"max_hp_gain":0,"max_hp_loss":0,"event_name":"Wheel of Change","floor":14,"gold_loss":0}],"is_beta":false,"boss_relics":[{"not_picked":["Snecko Eye","Cursed Key"],"picked":"Ectoplasm"}],"items_purged_floors":[5],"is_endless":false,"potions_floor_spawned":[3,12,13,16,18,19],"killed_by":"Gremlin Leader","ascension_level":16}}