{"host":"xkmvu47k9fdstweo","time":1612842948,"event":{"mods":["BaseMod","Colored Map","Conspire","HololiveMod","Hubris","Minty Spire (QoL Compilation)","Quick Restart","Shop Mod","StSLib"],"gold_per_floor":[85,85,85,101,101,101,135,174,186,224,236,282,294,317,329,414,426,453,465,495,517,16,16,43,43,95,134,153,153,64,79,79,158,158,176,197,28,54,54,54,86,86,111,121,166,178,178,178,178,180,180],"floor_reached":50,"language":"ENG","playtime":1251,"items_purged":["Hololive_Strike"],"score":1600,"play_id":"45c71d16-f6e6-4263-801a-2b5049266007","local_time":"20210208225548","is_ascension_mode":true,"campfire_choices":[{"data":"Hololive_CallManoAloe","floor":6,"key":"SMITH"},{"data":"Hololive_CallAmaneKanata","floor":11,"key":"SMITH"},{"data":"Hololive_CallDoris","floor":15,"key":"SMITH"},{"data":"Hololive_CallSpadeEcho","floor":23,"key":"SMITH"},{"data":"Hololive_CallAmaneKanata","floor":25,"key":"SMITH"},{"data":"Hololive_BeCareful","floor":29,"key":"SMITH"},{"data":"Hololive_Thief","floor":32,"key":"SMITH"},{"data":"Hololive_BeCareful","floor":40,"key":"SMITH"},{"data":"1","floor":47,"key":"LIFT"},{"data":"2","floor":49,"key":"LIFT"}],"circlet_count":0,"master_deck":["AscendersBane","Hololive_Defend","Hololive_Drill","Hololive_CallNatsuiroMatsuri","Hololive_CallAkiRosenthal+1","Hololive_CallShirakamiFubuki","Hololive_CallYozoraMel","Hololive_CallAmaneKanata+1","Hololive_CallManoAloe+1","Hololive_CallMomosuzuNene+17","Hololive_CocoNews","Hololive_Nanodesu","Hololive_Psychosis","Hololive_CallDoris+1","Hololive_Thief+1","Hololive_CallAmaneKanata+1","Hololive_CocoNews","Hololive_CallManoAloe","Hololive_ScarfAndHalo","Hololive_CallSpadeEcho+1","Hololive_Drill+1","Hololive_BeCareful+1","Hololive_Spy","Hololive_DDD+1","Hololive_CallYozoraMel","Hololive_HuntDinosaur+1","Hololive_BeCareful+1","Hololive_Yoholoon+1","Hololive_CallYozoraMel+1","Parasite","Hololive_Trident+1","Sadistic Nature"],"relics":["Hololive_TheStar","NeowsBlessing","hubris:Towel","MawBank","hubris:OldNail","hubris:Reverence","Happy Flower","Pear","hubris:RunicObelisk","Orichalcum","Oddly Smooth Stone","Juzu Bracelet","Vajra","hubris:CrackedHourglass","Girya","hubris:DeckOfHolding","Nunchaku","Mango"],"acts_visited":["Exordium","TheCity","TheBeyond"],"potions_floor_usage":[33,33,50],"damage_taken":[{"damage":0,"enemies":"2 Louse","floor":1,"turns":1},{"damage":0,"enemies":"Jaw Worm","floor":4,"turns":1},{"damage":0,"enemies":"Gremlin Nob","floor":7,"turns":1},{"damage":0,"enemies":"Lagavulin","floor":10,"turns":4},{"damage":0,"enemies":"3 Sentries","floor":12,"turns":5},{"damage":0,"enemies":"Small Slimes","floor":14,"turns":2},{"damage":0,"enemies":"Slime Boss","floor":16,"turns":5},{"damage":8,"enemies":"Shell Parasite","floor":18,"turns":3},{"damage":0,"enemies":"2 Thieves","floor":20,"turns":3},{"damage":0,"enemies":"Sentry and Sphere","floor":21,"turns":3},{"damage":0,"enemies":"Book of Stabbing","floor":24,"turns":4},{"damage":0,"enemies":"Slavers","floor":27,"turns":3},{"damage":0,"enemies":"Centurion and Healer","floor":28,"turns":3},{"damage":0,"enemies":"3 Cultists","floor":31,"turns":3},{"damage":0,"enemies":"Collector","floor":33,"turns":4},{"damage":0,"enemies":"Orb Walker","floor":35,"turns":2},{"damage":2,"enemies":"3 Darklings","floor":36,"turns":4},{"damage":0,"enemies":"conspire:MimicChest","floor":38,"turns":3},{"damage":0,"enemies":"Reptomancer","floor":41,"turns":5},{"damage":0,"enemies":"Spire Growth","floor":44,"turns":3},{"damage":0,"enemies":"Giant Head","floor":45,"turns":4},{"damage":0,"enemies":"Writhing Mass","floor":46,"turns":4},{"damage":66,"enemies":"Awakened One","floor":50,"turns":6}],"seed_played":"-2628194518976213111","potions_obtained":[{"floor":4,"key":"PowerPotion"},{"floor":7,"key":"Weak Potion"},{"floor":20,"key":"EntropicBrew"},{"floor":45,"key":"Energy Potion"}],"is_trial":false,"path_per_floor":["M","?","?","M","?","R","E","T","T","E","R","E","$","M","R","B",null,"M","?","M","M","$","R","E","R","T","E","M","R","$","M","R","B",null,"M","M","$","?","?","R","E","?","T","M","E","M","R","?","R","B"],"character_chosen":"Hololive_HololiveCharacter","items_purchased":["Hololive_ScarfAndHalo","Orichalcum","Hololive_CallSpadeEcho","Hololive_Spy","Hololive_BeCareful"],"campfire_rested":0,"item_purchase_floors":[22,22,22,30,37],"current_hp_per_floor":[27,27,20,20,20,20,20,20,20,20,20,30,30,30,30,30,38,30,38,38,38,38,38,38,38,38,38,38,38,38,38,38,38,40,40,38,38,38,38,38,38,38,38,38,52,54,54,54,54,0,0],"gold":180,"neow_bonus":"THREE_ENEMY_KILL","is_daily":false,"chose_seed":false,"campfire_upgraded":8,"win_rate":0.0,"timestamp":1612842948,"path_taken":["M","?","?","?","?","R","E","?","T","E","R","E","$","M","R","BOSS","M","?","M","M","$","R","E","R","T","E","M","R","$","M","R","BOSS","M","M","$","?","?","R","E","?","T","M","E","M","R","?","R","BOSS"],"items_purchased_type":["Card","Relic","Card","Card","Card"],"build_version":"2020-12-22","purchased_purges":1,"victory":false,"max_hp_per_floor":[30,30,30,30,30,30,30,30,30,30,30,40,40,40,40,40,40,40,40,40,40,40,40,40,40,40,40,40,40,40,40,40,40,40,40,40,40,40,40,40,40,40,40,40,54,54,54,54,54,54,54],"card_choices":[{"not_picked":["Hololive_Sequa","Hololive_CallMurasakiShion","Hololive_Psychosis"],"picked":"Hololive_CallManoAloe","floor":1},{"not_picked":["Hololive_Drill","Hololive_FlyingPonyTail","Hololive_CandyCastle"],"picked":"Hololive_CallMomosuzuNene","floor":4},{"not_picked":["Hololive_StarCraft","Hololive_HuntDinosaur","Hololive_Sequa"],"picked":"Hololive_CocoNews","floor":7},{"not_picked":["Hololive_OvertimeWork","Hololive_Drill","Hololive_Teleport"],"picked":"Hololive_Nanodesu","floor":10},{"not_picked":["Hololive_LuckPotion","Hololive_RevenueBasedLive","Hololive_CallTokinoSora"],"picked":"Hololive_Psychosis","floor":12},{"not_picked":["Hololive_CallInugamiKorone","Hololive_Trident","Hololive_CallYogiri"],"picked":"Hololive_CallDoris","floor":14},{"not_picked":["Hololive_Recruit","Hololive_StarCraft","Hololive_DiamondStrike"],"picked":"Hololive_Thief","floor":16},{"not_picked":["Hololive_CallShirakamiFubuki","Hololive_OvertimeWork","Hololive_Trident"],"picked":"Hololive_CallAmaneKanata","floor":18},{"not_picked":["Hololive_CallSakuraMiko","Hololive_Rebound","Hololive_RevenueBasedLive"],"picked":"Hololive_CocoNews","floor":20},{"not_picked":["Hololive_Sequa","Hololive_CallMinatoAqua+1","Hololive_CallYuzukiChoco"],"picked":"Hololive_CallManoAloe","floor":21},{"not_picked":["Hololive_RevenueBasedLive","Hololive_Sequa","Hololive_Psychosis"],"picked":"Hololive_Drill+1","floor":24},{"not_picked":["Hololive_Sequa","Hololive_CocoNews","Hololive_LuckPotion"],"picked":"Hololive_BeCareful","floor":27},{"not_picked":["Hololive_CallShishiroBotan","Hololive_OvertimeWork","Hololive_RevenueBasedLive","Hololive_Drill"],"picked":"SKIP","floor":28},{"not_picked":["Hololive_StrengthChampion","Hololive_HuntDinosaur","Hololive_CallNekomataOkayu","Hololive_Sequa+1"],"picked":"SKIP","floor":31},{"not_picked":["Hololive_ScarfAndHalo","Hololive_IdolExercise","Hololive_Nanodesu"],"picked":"Hololive_DDD","floor":33},{"not_picked":["Hololive_HuntDinosaur+1","Hololive_CallTsunomakiWatame","Hololive_CallSakuraMiko"],"picked":"Hololive_CallYozoraMel","floor":35},{"not_picked":["Hololive_Drill","Hololive_RevenueBasedLive+1","Hololive_FlareMind"],"picked":"Hololive_HuntDinosaur+1","floor":36},{"not_picked":["Hololive_LuckPotion","Hololive_HighAtkLowDef","Hololive_Trident","Hololive_Breathe"],"picked":"SKIP","floor":41},{"not_picked":["Hololive_ILoveYou","Hololive_CallSpadeEcho","Hololive_CocoNews+1"],"picked":"Hololive_Yoholoon+1","floor":44},{"not_picked":["Hololive_CallArtia","Hololive_OvertimeWork","Hololive_Breathe"],"picked":"Hololive_CallYozoraMel+1","floor":45},{"not_picked":["Hololive_HuntDinosaur","Hololive_CallCivia","Hololive_CocoNews"],"picked":"Hololive_Trident+1","floor":46},{"not_picked":["Flash of Steel","hubris:Insight","Blind"],"picked":"Sadistic Nature","floor":48}],"player_experience":347813,"relics_obtained":[{"floor":7,"key":"MawBank"},{"floor":8,"key":"hubris:OldNail"},{"floor":9,"key":"hubris:Reverence"},{"floor":10,"key":"Happy Flower"},{"floor":12,"key":"Pear"},{"floor":24,"key":"Oddly Smooth Stone"},{"floor":26,"key":"Juzu Bracelet"},{"floor":27,"key":"Vajra"},{"floor":38,"key":"Girya"},{"floor":41,"key":"hubris:DeckOfHolding"},{"floor":43,"key":"Nunchaku"},{"floor":45,"key":"Mango"}],"event_choices":[{"damage_healed":0,"gold_gain":0,"player_choice":"Grow","damage_taken":0,"max_hp_gain":0,"max_hp_loss":0,"event_name":"Living Wall","floor":2,"gold_loss":0,"cards_upgraded":["Hololive_CallAkiRosenthal"]},{"cards_removed":["Hololive_Strike"],"damage_healed":0,"gold_gain":0,"player_choice":"Card Removal","damage_taken":7,"max_hp_gain":0,"max_hp_loss":0,"event_name":"Golden Wing","floor":3,"gold_loss":0},{"damage_healed":8,"gold_gain":0,"player_choice":"Heal","damage_taken":0,"max_hp_gain":0,"max_hp_loss":0,"event_name":"The Library","floor":19,"gold_loss":0},{"cards_removed":["Hololive_Defend"],"damage_healed":0,"gold_gain":0,"player_choice":"Purged","damage_taken":0,"max_hp_gain":0,"max_hp_loss":0,"event_name":"Purifier","floor":39,"gold_loss":0},{"damage_healed":0,"gold_gain":0,"player_choice":"Memory 1","damage_taken":0,"max_hp_gain":0,"max_hp_loss":0,"event_name":"SensoryStone","floor":48,"gold_loss":0}],"is_beta":false,"boss_relics":[{"not_picked":["Ectoplasm","hubris:ScarierMask"],"picked":"hubris:RunicObelisk"},{"not_picked":["SlaversCollar","Runic Dome"],"picked":"hubris:CrackedHourglass"}],"items_purged_floors":[22],"is_endless":false,"potions_floor_spawned":[4,7,16,20,27,28,33,35,38,41,45],"killed_by":"Awakened One","ascension_level":18}}