{"host":"p4v0hquynnreu717","time":1612837737,"event":{"mods":["BaseMod","Better Vampires","DeckTracker","Googly Eyes","Minty Spire (QoL Compilation)","Quick Restart","StSLib","SuperFastMode"],"gold_per_floor":[119,133,133,208,208,235,255,255,255,284,284,298,298,22,22,97,97,110,125,135,153,171,171,221,221,221,32,32,50,93,113,113,113,113],"floor_reached":33,"language":"ZHS","playtime":1009,"items_purged":["Strike_G","Defend_G"],"score":525,"play_id":"e4f29744-28d1-48f0-9216-77e36ae73dbb","local_time":"20210209102857","is_ascension_mode":true,"campfire_choices":[{"data":"Bouncing Flask","floor":8.0,"key":"SMITH"},{"data":"Neutralize","floor":13.0,"key":"SMITH"},{"floor":15.0,"key":"REST"},{"floor":23.0,"key":"REST"},{"data":"Burst","floor":28.0,"key":"SMITH"},{"data":"Acrobatics","floor":32.0,"key":"SMITH"}],"circlet_count":0,"master_deck":["AscendersBane","Defend_G","Defend_G","Survivor","Neutralize+1","Deadly Poison","Dagger Spray+1","Bouncing Flask+1","Predator","Reflex","Burst+1","Acrobatics+1","PiercingWail","Footwork","Panacea","Dagger Throw","Crippling Poison","Corpse Explosion"],"relics":["Ring of the Snake","NeowsBlessing","Thread and Needle","Letter Opener","Matryoshka","Membership Card","Whetstone","Empty Cage","CeramicFish","Vajra","Lee\u0027s Waffle","Centennial Puzzle"],"acts_visited":["Exordium","TheCity"],"potions_floor_usage":[33],"damage_taken":[{"damage":0.0,"enemies":"Cultist","floor":1.0,"turns":1.0},{"damage":0.0,"enemies":"Jaw Worm","floor":2.0,"turns":1.0},{"damage":0.0,"enemies":"Lagavulin","floor":6.0,"turns":1.0},{"damage":0.0,"enemies":"Small Slimes","floor":7.0,"turns":3.0},{"damage":29.0,"enemies":"3 Sentries","floor":10.0,"turns":9.0},{"damage":11.0,"enemies":"Exordium Thugs","floor":12.0,"turns":5.0},{"damage":9.0,"enemies":"Hexaghost","floor":16.0,"turns":9.0},{"damage":2.0,"enemies":"3 Byrds","floor":18.0,"turns":5.0},{"damage":24.0,"enemies":"2 Thieves","floor":19.0,"turns":4.0},{"damage":10.0,"enemies":"Cultist and Chosen","floor":20.0,"turns":5.0},{"damage":5.0,"enemies":"Snake Plant","floor":21.0,"turns":4.0},{"damage":8.0,"enemies":"3 Cultists","floor":22.0,"turns":5.0},{"damage":54.0,"enemies":"Book of Stabbing","floor":30.0,"turns":8.0},{"damage":9.0,"enemies":"Snecko","floor":31.0,"turns":5.0},{"damage":23,"enemies":"Collector","floor":33,"turns":6}],"seed_played":"-5596066177885601545","potions_obtained":[{"floor":1.0,"key":"Weak Potion"},{"floor":10.0,"key":"SteroidPotion"},{"floor":16.0,"key":"ColorlessPotion"},{"floor":20.0,"key":"CunningPotion"},{"floor":21.0,"key":"AttackPotion"},{"floor":22.0,"key":"Poison Potion"},{"floor":30.0,"key":"Regen Potion"}],"is_trial":false,"path_per_floor":["M","M","?","?","?","E","M","R","T","E","?","M","R","$","R","B",null,"M","M","M","M","M","R","?","?","T","$","R","?","E","M","R","B"],"character_chosen":"THE_SILENT","items_purchased":["Membership Card","Reflex","Whetstone","Lee\u0027s Waffle","Footwork","Panacea"],"campfire_rested":2,"item_purchase_floors":[14,14,14,27,27,27],"current_hp_per_floor":[59,59,64,53,53,53,53,53,53,24,17,6,6,6,27,18,58,56,32,22,17,9,30,30,30,30,78,78,78,24,15,15,7,7],"gold":113,"neow_bonus":"THREE_ENEMY_KILL","is_daily":false,"chose_seed":false,"campfire_upgraded":4,"win_rate":0.0,"timestamp":1612837737,"path_taken":["M","M","?","?","?","E","?","R","T","E","?","M","R","$","R","BOSS","M","M","M","M","M","R","?","?","T","$","R","?","E","M","R","BOSS"],"items_purchased_type":["Relic","Card","Relic","Relic","Card","Card"],"build_version":"2020-12-22","purchased_purges":2,"victory":false,"max_hp_per_floor":[66,66,71,71,71,71,71,71,71,71,71,71,71,71,71,71,71,71,71,71,71,71,71,71,71,71,78,78,78,78,78,78,78,78],"card_choices":[{"not_picked":["Flechettes","Flying Knee"],"picked":"Deadly Poison","floor":1.0},{"not_picked":["Cloak And Dagger","Distraction","Flying Knee"],"picked":"SKIP","floor":2.0},{"not_picked":["Bane","Underhanded Strike"],"picked":"Dagger Spray","floor":6.0},{"not_picked":["Prepared","Deadly Poison"],"picked":"Bouncing Flask","floor":7.0},{"not_picked":["Phantasmal Killer","Escape Plan"],"picked":"Predator","floor":10.0},{"not_picked":["Dagger Throw","Outmaneuver","Cloak And Dagger"],"picked":"SKIP","floor":12.0},{"not_picked":["A Thousand Cuts","Night Terror"],"picked":"Burst","floor":16.0},{"not_picked":["Riddle With Holes","Bane"],"picked":"Acrobatics","floor":18.0},{"not_picked":["PiercingWail","Deadly Poison","Slice"],"picked":"SKIP","floor":19.0},{"not_picked":["Deadly Poison","Slice"],"picked":"PiercingWail","floor":19.0},{"not_picked":["Masterful Stab+1","Poisoned Stab","Bane"],"picked":"SKIP","floor":20.0},{"not_picked":["Riddle With Holes","Dodge and Roll","Blade Dance"],"picked":"SKIP","floor":21.0},{"not_picked":["Outmaneuver+1","Masterful Stab","Leg Sweep"],"picked":"SKIP","floor":22.0},{"not_picked":["Escape Plan","Tools of the Trade"],"picked":"Corpse Explosion","floor":30.0},{"not_picked":["Blade Dance+1","Sucker Punch","Dodge and Roll"],"picked":"SKIP","floor":31.0}],"player_experience":811233,"relics_obtained":[{"floor":6.0,"key":"Thread and Needle"},{"floor":9.0,"key":"Letter Opener"},{"floor":10.0,"key":"Matryoshka"},{"floor":26.0,"key":"CeramicFish"},{"floor":26.0,"key":"Vajra"},{"floor":30.0,"key":"Centennial Puzzle"}],"event_choices":[{"damage_healed":0.0,"max_hp_gain":5.0,"max_hp_loss":0.0,"gold_gain":0.0,"event_name":"Big Fish","player_choice":"Donut","floor":3.0,"gold_loss":0.0,"damage_taken":0.0},{"damage_healed":0.0,"max_hp_gain":0.0,"max_hp_loss":0.0,"gold_gain":75.0,"event_name":"World of Goop","player_choice":"Gather Gold","floor":4.0,"gold_loss":0.0,"damage_taken":11.0},{"cards_removed":["Strike_G"],"damage_healed":0.0,"max_hp_gain":0.0,"max_hp_loss":0.0,"gold_gain":0.0,"event_name":"Living Wall","player_choice":"Forget","floor":5.0,"gold_loss":0.0,"damage_taken":0.0},{"cards_removed":["Strike_G"],"damage_healed":0.0,"max_hp_gain":0.0,"max_hp_loss":0.0,"gold_gain":0.0,"event_name":"Golden Wing","player_choice":"Card Removal","floor":11.0,"gold_loss":0.0,"damage_taken":7.0},{"damage_healed":0.0,"max_hp_gain":0.0,"max_hp_loss":0.0,"gold_gain":50.0,"event_name":"Nest","player_choice":"Stole From Cult","floor":24.0,"gold_loss":0.0,"damage_taken":0.0},{"damage_healed":0.0,"max_hp_gain":0.0,"max_hp_loss":0.0,"gold_gain":0.0,"event_name":"Cursed Tome","player_choice":"Ignored","floor":25.0,"gold_loss":0.0,"damage_taken":0.0},{"damage_healed":0.0,"max_hp_gain":0.0,"max_hp_loss":0.0,"gold_gain":0.0,"cards_transformed":["Defend_G","Strike_G"],"event_name":"Drug Dealer","player_choice":"Became Test Subject","floor":29.0,"gold_loss":0.0,"damage_taken":0.0,"cards_obtained":["Dagger Throw","Crippling Poison"]}],"is_beta":false,"boss_relics":[{"not_picked":["SacredBark","Velvet Choker"],"picked":"Empty Cage"}],"items_purged_floors":[14,27],"is_endless":false,"potions_floor_spawned":[1,10,16,20,21,22,30],"killed_by":"Collector","ascension_level":15}}