{"host":"w3q5ijqu8eoknil3","time":1612903969,"event":{"mods":["AchievementEnabler","BaseMod","Block Reminder","Colored Map","Colored Powertips","Curses Come First","Dark Map","Minty Spire (QoL Compilation)","Quick Restart","Relic Stats","StSLib","ojb\u0027s Better Paths Mod","ojb\u0027s Info Mod","slay the spire mod where everything is the same but ironclad has a cowboy hat"],"gold_per_floor":[114,132,132,155,120,120,120,120,147,147,147],"floor_reached":10,"language":"ENG","playtime":257,"items_purged":[],"score":109,"play_id":"ce17bf15-9688-4a08-bced-54745379374d","local_time":"20210209205249","is_ascension_mode":true,"campfire_choices":[{"data":"Choke","floor":6,"key":"SMITH"},{"data":"Backstab","floor":8,"key":"SMITH"}],"circlet_count":0,"master_deck":["AscendersBane","Strike_G","Strike_G","Strike_G","Strike_G","Defend_G","Defend_G","Defend_G","Defend_G","Defend_G","Survivor","Neutralize","Underhanded Strike","Poisoned Stab","Backstab+1","Choke+1"],"relics":["Ring of the Snake","CeramicFish","Golden Idol","Smiling Mask"],"acts_visited":["Exordium"],"potions_floor_usage":[2],"damage_taken":[{"damage":10,"enemies":"Jaw Worm","floor":1,"turns":8},{"damage":0,"enemies":"2 Louse","floor":2,"turns":3},{"damage":0,"enemies":"Small Slimes","floor":4,"turns":3},{"damage":42,"enemies":"Lagavulin","floor":10,"turns":5}],"seed_played":"-5357577775742907192","potions_obtained":[{"floor":2,"key":"Fruit Juice"}],"is_trial":false,"path_per_floor":["M","M","?","M","?","R","?","R","T","E"],"character_chosen":"THE_SILENT","items_purchased":[],"campfire_rested":0,"item_purchase_floors":[],"current_hp_per_floor":[49,54,19,19,36,36,36,36,36,0,0],"gold":147,"neow_bonus":"TRANSFORM_CARD","is_daily":false,"chose_seed":false,"campfire_upgraded":2,"win_rate":0.0,"timestamp":1612903969,"path_taken":["M","M","?","M","?","R","?","R","T","E"],"items_purchased_type":[],"build_version":"2020-12-22","purchased_purges":0,"victory":false,"max_hp_per_floor":[66,71,71,71,71,71,64,64,64,64,64],"relic_stats":{"counters":[4,19],"Golden Idol":0,"CeramicFish":9,"Smiling Mask":0,"obtain_stats":[{"Golden Idol":7,"CeramicFish":3,"Smiling Mask":9,"Ring of the Snake":0},{"Golden Idol":3,"CeramicFish":2,"Smiling Mask":3,"Ring of the Snake":0},{"Golden Idol":14,"CeramicFish":11,"Smiling Mask":14,"Ring of the Snake":0}],"Ring of the Snake":[8]},"card_choices":[{"not_picked":["Deflect","Blur"],"picked":"Poisoned Stab","floor":1},{"not_picked":["Endless Agony","Prepared"],"picked":"Backstab","floor":2},{"not_picked":["Slice","Backflip"],"picked":"Choke","floor":4}],"player_experience":1042081,"relics_obtained":[{"floor":9,"key":"Smiling Mask"}],"event_choices":[{"damage_healed":0,"gold_gain":0,"player_choice":"Success","damage_taken":35,"relics_obtained":["CeramicFish"],"max_hp_gain":0,"max_hp_loss":0,"event_name":"Scrap Ooze","floor":3,"gold_loss":0},{"damage_healed":17,"gold_gain":0,"player_choice":"Healed","damage_taken":0,"max_hp_gain":0,"max_hp_loss":0,"event_name":"The Cleric","floor":5,"gold_loss":35},{"damage_healed":0,"gold_gain":0,"player_choice":"Lose Max HP","damage_taken":0,"relics_obtained":["Golden Idol"],"max_hp_gain":0,"max_hp_loss":7,"event_name":"Golden Idol","floor":7,"gold_loss":0}],"is_beta":false,"boss_relics":[],"items_purged_floors":[],"is_endless":false,"potions_floor_spawned":[2],"killed_by":"Lagavulin","ascension_level":19}}