{"host":"pi8b3ffzwvxqztac","time":1612863869,"event":{"mods":["BaseMod","Colored Map","Custom Start","Downfall","Minty Spire (QoL Compilation)","StSLib"],"gold_per_floor":[99,111,130,130,141,41,341,397,428,441,441,58,91,91,109,205,205,105,123,123,123,108,108,108,108,124,124,140,174,174,174,184,279,279,279,202,219,237,287,307,331,231,261,261,287,304,304,327,346,346,346,380,97,97,97,97],"floor_reached":57,"language":"ENG","playtime":4896,"items_purged":["bronze:Strike","bronze:Frontload","bronze:Defend"],"score":1678,"play_id":"ff404314-4ce4-4140-a16d-5d21ca42b78b","local_time":"20210209224429","is_ascension_mode":true,"campfire_choices":[{"floor":1.0,"key":"RECALL"},{"data":"bronze:Goto","floor":6.0,"key":"SMITH"},{"floor":11.0,"key":"REST"},{"data":"bronze:Philosophize","floor":18.0,"key":"SMITH"},{"data":"bronze:Repulsor","floor":25.0,"key":"SMITH"},{"data":"bronze:Iterate","floor":30.0,"key":"SMITH"},{"data":"bronze:InfiniteLoop","floor":35.0,"key":"SMITH"},{"data":"bronze:FollowUp","floor":42.0,"key":"SMITH"},{"data":"bronze:Deprecate","floor":44.0,"key":"SMITH"},{"data":"bronze:DelayedGuard","floor":47.0,"key":"SMITH"},{"data":"bronze:HardenedForm","floor":54.0,"key":"SMITH"}],"circlet_count":0,"master_deck":["bronze:Defend","bronze:Defend","bronze:Replicate","bronze:Goto+1","bronze:InfiniteLoop+1","bronze:Constructor","bronze:Repulsor+1","bronze:BuggyMess","bronze:Philosophize+1","bronze:Iterate+1","bronze:FollowUp+1","bronze:DelayedGuard+1","bronze:Deprecate+1","bronze:Optimize+1","bronze:Shield+1","bronze:HardenedForm+1"],"relics":["bronze:BronzeCore","downfall:HeartBlessingRed","Old Coin","StrikeDummy","Blood Vial","bronze:Mallet","hexamod:Sixitude","NlothsMask","Empty Cage","downfall:HeartBlessingGreen","Oddly Smooth Stone","Black Star","Mango","StoneCalendar","downfall:HeartBlessingBlue","Sundial","Guardian:PocketSentry","hexamod:BolsterEngine","Dream Catcher","Regal Pillow","Incense Burner","Thread and Needle"],"acts_visited":["Exordium","TheCity","TheBeyond","TheEnding"],"potions_floor_usage":[56],"damage_taken":[{"damage":3.0,"enemies":"2 Louse","floor":2.0,"turns":3.0},{"damage":0.0,"enemies":"Small Slimes","floor":3.0,"turns":2.0},{"damage":0.0,"enemies":"Cultist","floor":5.0,"turns":3.0},{"damage":5.0,"enemies":"Gremlin Nob","floor":8.0,"turns":3.0},{"damage":15.0,"enemies":"Lagavulin","floor":9.0,"turns":4.0},{"damage":6.0,"enemies":"3 Louse","floor":10.0,"turns":3.0},{"damage":0.0,"enemies":"downfall:FleeingMerchant","floor":12.0,"turns":4.0},{"damage":16.0,"enemies":"3 Sentries","floor":13.0,"turns":8.0},{"damage":8.0,"enemies":"Blue Slaver","floor":15.0,"turns":3.0},{"damage":15.0,"enemies":"WA_ARCHETYPE_RETAIN","floor":16.0,"turns":4.0},{"damage":8.0,"enemies":"Shell Parasite","floor":19.0,"turns":4.0},{"damage":0.0,"enemies":"downfall:FleeingMerchant","floor":22.0,"turns":4.0},{"damage":2.0,"enemies":"Chosen","floor":26.0,"turns":4.0},{"damage":0.0,"enemies":"Snecko","floor":28.0,"turns":3.0},{"damage":18.0,"enemies":"Book of Stabbing","floor":29.0,"turns":5.0},{"damage":1.0,"enemies":"Sentry and Sphere","floor":32.0,"turns":4.0},{"damage":7.0,"enemies":"SI_MIRROR_ARCHETYPE","floor":33.0,"turns":10.0},{"damage":7.0,"enemies":"downfall:FleeingMerchant","floor":36.0,"turns":4.0},{"damage":1.0,"enemies":"3 Shapes","floor":37.0,"turns":5.0},{"damage":5.0,"enemies":"Orb Walker","floor":38.0,"turns":3.0},{"damage":2.0,"enemies":"Orb Walker","floor":39.0,"turns":5.0},{"damage":3.0,"enemies":"4 Shapes","floor":40.0,"turns":6.0},{"damage":10.0,"enemies":"Reptomancer","floor":43.0,"turns":7.0},{"damage":1.0,"enemies":"Nemesis","floor":45.0,"turns":7.0},{"damage":3.0,"enemies":"Sphere and 2 Shapes","floor":46.0,"turns":7.0},{"damage":6.0,"enemies":"Transient","floor":49.0,"turns":5.0},{"damage":35.0,"enemies":"IC_BLOCK_ARCHETYPE","floor":50.0,"turns":8.0},{"damage":16.0,"enemies":"downfall:CharBossMerchant","floor":52.0,"turns":6.0},{"damage":36,"enemies":"downfall:NeowBoss","floor":55,"turns":13},{"damage":19,"enemies":"downfall:NeowBossFinal","floor":56,"turns":8}],"seed_played":"3749888432465643584","potions_obtained":[{"floor":8.0,"key":"FairyPotion"},{"floor":10.0,"key":"Swift Potion"},{"floor":13.0,"key":"champ:CounterPotion"},{"floor":19.0,"key":"PowerPotion"},{"floor":29.0,"key":"SkillPotion"},{"floor":32.0,"key":"hexamod:SoulburnPotion"},{"floor":38.0,"key":"Fruit Juice"},{"floor":43.0,"key":"EssenceOfSteel"},{"floor":45.0,"key":"hexamod:SoulburnPotion"},{"floor":52.0,"key":"LiquidBronze"}],"is_trial":false,"path_per_floor":["R","M","M","?","M","R","T","?","E","M","R","$","E","?","M","B",null,"R","M","?","?","$","?","T","R","M","?","M","E","R","?","M","B",null,"R","$","M","M","?","M","T","R","E","R","E","M","R","?","M","B",null,"E","$","R","B","B",null],"character_chosen":"THE_AUTOMATON","items_purchased":["bronze:Mallet","Mango","bronze:HardenedForm"],"campfire_rested":1,"item_purchase_floors":[12,36,53],"current_hp_per_floor":[63,60,60,60,60,60,60,55,40,36,57,59,45,45,39,26,59,59,53,53,53,55,55,55,55,55,55,57,41,41,41,42,37,62,62,71,72,74,74,73,73,83,75,75,76,75,75,75,71,38,84,70,70,70,36,19],"gold":97,"neow_bonus":"ONE_RANDOM_RARE_CARD","is_daily":false,"chose_seed":false,"campfire_upgraded":9,"win_rate":0.0,"timestamp":1612863869,"path_taken":["R","M","M","?","M","R","T","?","E","M","R","$","E","?","M","BOSS","R","M","?","?","$","?","T","R","M","?","M","E","R","?","M","BOSS","R","$","M","M","?","M","T","R","E","R","E","M","R","?","M","BOSS","E","$","R","BOSS","BOSS"],"items_purchased_type":["Relic","Relic","Card"],"build_version":"2020-12-22","purchased_purges":3,"victory":true,"max_hp_per_floor":[70,70,70,70,70,70,70,70,70,70,70,70,70,70,70,70,70,70,70,70,70,70,70,70,70,70,70,70,70,70,70,70,70,70,70,84,84,89,89,89,89,99,99,99,99,99,99,99,99,99,99,99,99,99,99,99],"card_choices":[{"not_picked":["bronze:Shield","bronze:DelayedGuard"],"picked":"bronze:Constructor","floor":2.0},{"not_picked":["bronze:Constructor","bronze:Invalidate","bronze:DelayedGuard"],"picked":"SKIP","floor":3.0},{"not_picked":["bronze:Separator","bronze:Overheat"],"picked":"bronze:Repulsor","floor":5.0},{"not_picked":["bronze:TinkerersToolbox","bronze:Repulsor","bronze:Return"],"picked":"SKIP","floor":9.0},{"not_picked":["bronze:OilSpill","bronze:MaxOutput"],"picked":"bronze:BuggyMess","floor":10.0},{"not_picked":["bronze:Deprecate","bronze:Constructor"],"picked":"bronze:Philosophize","floor":12.0},{"not_picked":["bronze:DelayedSlice","bronze:ForLoop"],"picked":"bronze:Iterate","floor":13.0},{"not_picked":["bronze:Deprecate","bronze:Repulsor"],"picked":"bronze:FollowUp","floor":15.0},{"not_picked":["bronze:BronzeArmor","bronze:Shell","bronze:BuggyMess"],"picked":"SKIP","floor":19.0},{"not_picked":["bronze:DarkDash+1","bronze:DelayedSlice+1","bronze:Refactor+1"],"picked":"SKIP","floor":22.0},{"not_picked":["bronze:OilSpill+1","bronze:DelayedSlice+1","bronze:WildBeam"],"picked":"SKIP","floor":26.0},{"not_picked":["bronze:Constructor+1","bronze:DelayedSlice","bronze:Turbo"],"picked":"SKIP","floor":28.0},{"not_picked":["bronze:Turbo","bronze:Overload","bronze:Iterate"],"picked":"SKIP","floor":29.0},{"not_picked":["bronze:WildBeam","bronze:ItsAFeature"],"picked":"bronze:Deprecate","floor":32.0},{"not_picked":["bronze:DelayedSlice","bronze:Overheat","bronze:BronzeArmor"],"picked":"SKIP","floor":36.0},{"not_picked":["bronze:Turbo+1","bronze:OilSpill+1","bronze:ForLoop+1"],"picked":"SKIP","floor":37.0},{"not_picked":["bronze:Safeguard+1","bronze:ChosenStrike","bronze:Fortify+1"],"picked":"SKIP","floor":38.0},{"not_picked":["bronze:Backtrace","bronze:BuggyMess","bronze:Optimize"],"picked":"SKIP","floor":40.0},{"not_picked":["bronze:Invalidate+1","bronze:Deprecate"],"picked":"bronze:Optimize+1","floor":43.0},{"not_picked":["bronze:Optimize+1","bronze:GetLatest","bronze:ForceShield+1"],"picked":"SKIP","floor":45.0},{"not_picked":["bronze:Optimize+1","bronze:GetLatest","bronze:ForceShield+1"],"picked":"SKIP","floor":45.0},{"not_picked":["bronze:WhirlingStrike","bronze:Deprecate+1","bronze:WildBeam"],"picked":"SKIP","floor":46.0},{"not_picked":["bronze:Mutator","bronze:WildBeam+1","bronze:Invalidate+1"],"picked":"SKIP","floor":49.0},{"not_picked":["bronze:BuggyMess","bronze:Assembly"],"picked":"bronze:Shield+1","floor":52.0}],"player_experience":730051,"relics_obtained":[{"floor":7.0,"key":"Old Coin"},{"floor":8.0,"key":"StrikeDummy"},{"floor":9.0,"key":"Blood Vial"},{"floor":13.0,"key":"hexamod:Sixitude"},{"floor":29.0,"key":"Oddly Smooth Stone"},{"floor":39.0,"key":"StoneCalendar"},{"floor":43.0,"key":"Sundial"},{"floor":43.0,"key":"Guardian:PocketSentry"},{"floor":45.0,"key":"hexamod:BolsterEngine"},{"floor":45.0,"key":"Dream Catcher"},{"floor":48.0,"key":"Regal Pillow"},{"floor":52.0,"key":"Incense Burner"},{"floor":52.0,"key":"Thread and Needle"}],"event_choices":[{"cards_removed":["bronze:Strike"],"damage_healed":0.0,"max_hp_gain":0.0,"max_hp_loss":0.0,"gold_gain":0.0,"event_name":"The Cleric","player_choice":"Card Removal","floor":4.0,"gold_loss":0.0,"damage_taken":0.0},{"damage_healed":0.0,"max_hp_gain":0.0,"max_hp_loss":0.0,"gold_gain":0.0,"event_name":"FaceTrader","player_choice":"Trade","floor":14.0,"gold_loss":0.0,"damage_taken":0.0,"relics_obtained":["NlothsMask"]},{"damage_healed":0.0,"max_hp_gain":0.0,"max_hp_loss":0.0,"gold_gain":0.0,"event_name":"The Library","player_choice":"Read","floor":27.0,"gold_loss":0.0,"damage_taken":0.0,"cards_obtained":["bronze:DelayedGuard"]},{"damage_healed":0.0,"max_hp_gain":0.0,"max_hp_loss":0.0,"gold_gain":0.0,"event_name":"Ghosts","player_choice":"Ignored","floor":31.0,"gold_loss":0.0,"damage_taken":0.0}],"is_beta":false,"boss_relics":[{"not_picked":["Pandora\u0027s Box","Runic Pyramid"],"picked":"Empty Cage"},{"not_picked":["Astrolabe","Fusion Hammer"],"picked":"Black Star"}],"items_purged_floors":[12,36,53],"is_endless":false,"potions_floor_spawned":[8,10,13,19,29,32,37,38,43,45,52],"ascension_level":8}}