{"host":"3fd6e6c5cltq175f","time":1612907263,"event":{"mods":["AchievementEnabler","BaseMod","Colored Map","Colored Powertips","DeckTracker","Minty Spire (QoL Compilation)"],"gold_per_floor":[116,127,302,377,377,377,392,392,417,417,431,446,456,456,456,587,587,587,587,44,44,44,44,44,44],"floor_reached":24,"language":"ENG","playtime":503,"items_purged":[],"score":268,"play_id":"a52fdec5-3442-45be-909b-f16810ab4cee","local_time":"20210209224743","is_ascension_mode":true,"campfire_choices":[{"data":"Bash","floor":6,"key":"SMITH"},{"data":"Armaments","floor":8,"key":"SMITH"},{"data":"Cleave","floor":10,"key":"SMITH"},{"data":"Clothesline","floor":15,"key":"SMITH"}],"circlet_count":0,"master_deck":["Strike_R+1","Strike_R+1","Strike_R+1","Strike_R+1","Strike_R+1","Defend_R+1","Defend_R+1","Defend_R+1","Defend_R+1","Bash+1","Clothesline+1","Cleave+1","Armaments+1","Thunderclap+1","Inflame","Flex","Dropkick","Spot Weakness+1"],"relics":["Burning Blood","NeowsBlessing","Vajra","Golden Idol","Ectoplasm","Nilry\u0027s Codex","Letter Opener","Whetstone","Orrery","Incense Burner"],"acts_visited":["Exordium","TheCity"],"potions_floor_usage":[16,16,16,24],"damage_taken":[{"damage":0,"enemies":"Cultist","floor":1,"turns":1},{"damage":0,"enemies":"Jaw Worm","floor":2,"turns":1},{"damage":0,"enemies":"Small Slimes","floor":7,"turns":1},{"damage":7,"enemies":"Looter","floor":11,"turns":3},{"damage":12,"enemies":"Lots of Slimes","floor":12,"turns":4},{"damage":5,"enemies":"Gremlin Gang","floor":13,"turns":3},{"damage":41,"enemies":"Hexaghost","floor":16,"turns":12},{"damage":3,"enemies":"Chosen","floor":18,"turns":4},{"damage":19,"enemies":"3 Byrds","floor":21,"turns":5},{"damage":29,"enemies":"Slavers","floor":23,"turns":3},{"damage":33,"enemies":"Shelled Parasite and Fungi","floor":24,"turns":2}],"seed_played":"-6074574846614797922","potions_obtained":[{"floor":1,"key":"HeartOfIron"},{"floor":11,"key":"Dexterity Potion"},{"floor":13,"key":"PowerPotion"},{"floor":16,"key":"Ancient Potion"},{"floor":23,"key":"LiquidBronze"}],"is_trial":false,"path_per_floor":["M","M","?","?","?","R","M","R","T","R","M","M","M","?","R","B",null,"M","?","$","M","?","E","M"],"character_chosen":"IRONCLAD","items_purchased":["Letter Opener","Whetstone","Orrery"],"campfire_rested":0,"item_purchase_floors":[20,20,20],"current_hp_per_floor":[78,80,80,69,62,62,68,68,68,68,67,61,62,42,42,7,62,65,49,49,36,36,13,0,0],"gold":44,"neow_bonus":"THREE_ENEMY_KILL","is_daily":false,"chose_seed":false,"campfire_upgraded":4,"win_rate":0.0,"timestamp":1612907263,"path_taken":["M","M","?","?","?","R","M","R","T","R","M","M","M","?","R","BOSS","M","?","$","M","?","E","M"],"items_purchased_type":["Relic","Relic","Relic"],"build_version":"2020-12-22","purchased_purges":0,"victory":false,"max_hp_per_floor":[80,80,80,80,80,80,80,80,80,80,80,80,80,80,80,80,80,80,80,80,80,80,80,80,80],"card_choices":[{"not_picked":["Ghostly Armor","Entrench"],"picked":"Clothesline","floor":1},{"not_picked":["Anger","Searing Blow"],"picked":"Cleave","floor":2},{"not_picked":["Evolve","Headbutt"],"picked":"Armaments","floor":7},{"not_picked":["Headbutt","Fire Breathing","Sword Boomerang"],"picked":"SKIP","floor":11},{"not_picked":["Bloodletting","Limit Break"],"picked":"Thunderclap","floor":12},{"not_picked":["Clash","Pummel","Heavy Blade"],"picked":"SKIP","floor":13},{"not_picked":["True Grit","Sword Boomerang","Thunderclap"],"picked":"SKIP","floor":18},{"not_picked":["Dual Wield","Disarm"],"picked":"Inflame","floor":20},{"not_picked":["Cleave","Anger"],"picked":"Flex","floor":20},{"not_picked":["Feed","Wild Strike+1"],"picked":"Dropkick","floor":20},{"not_picked":["Cleave","Pommel Strike"],"picked":"Spot Weakness+1","floor":21},{"not_picked":["Twin Strike","Clash+1","Cleave"],"picked":"SKIP","floor":23}],"player_experience":187173,"relics_obtained":[{"floor":9,"key":"Vajra"},{"floor":19,"key":"Nilry\u0027s Codex"},{"floor":23,"key":"Incense Burner"}],"event_choices":[{"damage_healed":0,"gold_gain":175,"player_choice":"AGREE","damage_taken":0,"max_hp_gain":0,"max_hp_loss":0,"event_name":"Liars Game","floor":3,"gold_loss":0,"cards_obtained":["Doubt"]},{"damage_healed":0,"gold_gain":75,"player_choice":"Gather Gold","damage_taken":11,"max_hp_gain":0,"max_hp_loss":0,"event_name":"World of Goop","floor":4,"gold_loss":0},{"cards_removed":["Doubt"],"damage_healed":0,"gold_gain":0,"player_choice":"Card Removal","damage_taken":7,"max_hp_gain":0,"max_hp_loss":0,"event_name":"Golden Wing","floor":5,"gold_loss":0},{"damage_healed":0,"gold_gain":0,"player_choice":"Take Damage","damage_taken":20,"relics_obtained":["Golden Idol"],"max_hp_gain":0,"max_hp_loss":0,"event_name":"Golden Idol","floor":14,"gold_loss":0},{"damage_healed":0,"gold_gain":0,"player_choice":"Obtained Book","damage_taken":16,"max_hp_gain":0,"max_hp_loss":0,"event_name":"Cursed Tome","floor":19,"gold_loss":0},{"damage_healed":0,"gold_gain":0,"player_choice":"Simplicity","damage_taken":0,"max_hp_gain":0,"max_hp_loss":0,"event_name":"Back to Basics","floor":22,"gold_loss":0,"cards_upgraded":["Strike_R","Strike_R","Strike_R","Strike_R","Defend_R","Defend_R","Defend_R","Defend_R"]}],"is_beta":false,"boss_relics":[{"not_picked":["Velvet Choker","Pandora\u0027s Box"],"picked":"Ectoplasm"}],"items_purged_floors":[],"is_endless":false,"potions_floor_spawned":[1,11,13,16,23],"killed_by":"Shelled Parasite and Fungi","ascension_level":6}}