{"host":"guk5h31bsklpp7e4","time":1612904110,"event":{"mods":["AchievementEnabler","BaseMod","Colored Map","Colored Powertips","Highlight Path","Minty Spire (QoL Compilation)","Quick Restart"],"gold_per_floor":[113,90,15,27,27,27,38,76,99,124,124,153,153,53,53,162,162,190,190,210,210,233,233,233],"floor_reached":23,"language":"ENG","playtime":1345,"items_purged":["Defend_P","Strike_P"],"score":220,"play_id":"5ed47341-fe97-4bf7-b358-f9a7d96ad7fc","local_time":"20210209155510","is_ascension_mode":true,"campfire_choices":[{"data":"Vigilance","floor":6.0,"key":"SMITH"},{"data":"EmptyBody","floor":11.0,"key":"SMITH"},{"data":"Vengeance","floor":13.0,"key":"SMITH"},{"data":"Protect","floor":15.0,"key":"SMITH"}],"circlet_count":0,"master_deck":["Strike_P","Strike_P","Strike_P","Defend_P","Defend_P","Defend_P","Eruption+1","Vigilance+1","EmptyBody+1","FlyingSleeves","FearNoEvil","Wireheading","Protect+1","Vengeance+1","Wish","Evaluate+1","CarveReality+1","ReachHeaven+1"],"relics":["CeramicFish","Anchor","Snecko Eye","Nloth\u0027s Gift"],"acts_visited":["Exordium","TheCity"],"potions_floor_usage":[],"damage_taken":[{"damage":2.0,"enemies":"Small Slimes","floor":1.0,"turns":3.0},{"damage":2.0,"enemies":"Jaw Worm","floor":4.0,"turns":4.0},{"damage":2.0,"enemies":"2 Louse","floor":7.0,"turns":2.0},{"damage":5.0,"enemies":"Lagavulin","floor":8.0,"turns":3.0},{"damage":0.0,"enemies":"Large Slime","floor":10.0,"turns":2.0},{"damage":0.0,"enemies":"Red Slaver","floor":12.0,"turns":5.0},{"damage":23.0,"enemies":"Slime Boss","floor":16.0,"turns":6.0},{"damage":0.0,"enemies":"Chosen","floor":18.0,"turns":4.0},{"damage":6.0,"enemies":"2 Thieves","floor":20.0,"turns":4.0},{"damage":0.0,"enemies":"Centurion and Healer","floor":22.0,"turns":5.0},{"damage":78,"enemies":"Book of Stabbing","floor":23,"turns":8}],"seed_played":"-6606457588171880983","potions_obtained":[{"floor":4.0,"key":"AttackPotion"},{"floor":7.0,"key":"BlessingOfTheForge"},{"floor":8.0,"key":"Fire Potion"},{"floor":18.0,"key":"BlessingOfTheForge"}],"is_trial":false,"path_per_floor":["M","?","$","M","?","R","M","E","T","M","R","M","R","$","R","B",null,"M","?","M","?","M","E"],"character_chosen":"WATCHER","items_purchased":[],"campfire_rested":0,"item_purchase_floors":[],"current_hp_per_floor":[77,77,77,75,75,75,73,68,68,68,68,68,68,68,68,45,79,79,79,73,73,73,0,0],"gold":233,"neow_bonus":"TEN_PERCENT_HP_BONUS","is_daily":false,"chose_seed":false,"campfire_upgraded":4,"win_rate":0.0,"timestamp":1612904110,"path_taken":["M","?","?","M","?","R","M","E","T","M","R","M","R","$","R","BOSS","M","?","?","?","M","E"],"items_purchased_type":[],"build_version":"2020-12-22","purchased_purges":2,"victory":false,"max_hp_per_floor":[79,79,79,79,79,79,79,79,79,79,79,79,79,79,79,79,79,79,79,79,79,79,79,79],"card_choices":[{"not_picked":["ClearTheMind","Collect"],"picked":"EmptyBody","floor":1.0},{"not_picked":["Conclude","Collect"],"picked":"FlyingSleeves","floor":4.0},{"not_picked":["SandsOfTime","Indignation"],"picked":"FearNoEvil","floor":7.0},{"not_picked":["EmptyMind","FearNoEvil"],"picked":"Wireheading","floor":8.0},{"not_picked":["Collect","BattleHymn"],"picked":"Protect","floor":10.0},{"not_picked":["BowlingBash","WreathOfFlame"],"picked":"Vengeance","floor":12.0},{"not_picked":["MasterReality","Omniscience"],"picked":"Wish","floor":16.0},{"not_picked":["FlyingSleeves","Prostrate"],"picked":"Evaluate","floor":18.0},{"not_picked":["LikeWater+1","Wish"],"picked":"CarveReality+1","floor":20.0},{"not_picked":["CarveReality+1","Halt"],"picked":"ReachHeaven+1","floor":22}],"player_experience":325049,"relics_obtained":[{"floor":8.0,"key":"CeramicFish"},{"floor":9.0,"key":"Anchor"}],"event_choices":[{"damage_healed":0.0,"max_hp_gain":0.0,"max_hp_loss":0.0,"gold_gain":0.0,"event_name":"World of Goop","player_choice":"Left Gold","floor":2.0,"gold_loss":23.0,"damage_taken":0.0},{"damage_healed":0.0,"max_hp_gain":0.0,"max_hp_loss":0.0,"gold_gain":0.0,"event_name":"Living Wall","player_choice":"Grow","floor":5.0,"gold_loss":0.0,"damage_taken":0.0,"cards_upgraded":["Eruption"]},{"damage_healed":0.0,"max_hp_gain":0.0,"max_hp_loss":0.0,"gold_gain":0.0,"event_name":"N\u0027loth","player_choice":"Traded Relic","floor":19.0,"relics_lost":["PureWater"],"gold_loss":0.0,"damage_taken":0.0,"relics_obtained":["Nloth\u0027s Gift"]},{"damage_healed":0.0,"max_hp_gain":0.0,"max_hp_loss":0.0,"gold_gain":0.0,"event_name":"Accursed Blacksmith","player_choice":"Forge","floor":21.0,"gold_loss":0.0,"damage_taken":0.0,"cards_upgraded":["Evaluate"]}],"is_beta":false,"boss_relics":[{"not_picked":["Black Star","Cursed Key"],"picked":"Snecko Eye"}],"items_purged_floors":[3,14],"is_endless":false,"potions_floor_spawned":[4,7,8,18],"killed_by":"Book of Stabbing","ascension_level":3}}