{"host":"kh6fvhxn285ncg0o","time":1612838611,"event":{"mods":["Act Like it!","BaseMod","Colored Map","Friendly Minions","Keyboard Shortcuts","Minty Spire (QoL Compilation)","Quick Restart","Relic Stats","StSLib","SuperFastMode","UnlockEverythingMod"],"gold_per_floor":[115,115,165,184,184,184,215,215,267,342,355,365,375,409,409,481,481,481,481],"floor_reached":18,"language":"KOR","playtime":356,"items_purged":[],"score":390,"play_id":"5b1bbcce-1c56-4b15-892e-07fcaa332f6e","local_time":"20210209114331","is_ascension_mode":true,"campfire_choices":[{"data":"Carnage","floor":6,"key":"SMITH"},{"data":"Bash","floor":8,"key":"SMITH"},{"floor":15,"key":"REST"}],"circlet_count":0,"master_deck":["AscendersBane","Bash+1","Carnage+1","Power Through","Shockwave","Headbutt","Fiend Fire","Power Through","Rage","Exhume","Clothesline","Bloodletting","Double Tap","Corruption","Seeing Red"],"relics":["Burning Blood","NeowsBlessing","Regal Pillow","Dream Catcher","Oddly Smooth Stone","Red Skull","Pandora\u0027s Box"],"acts_visited":["Exordium","TheCity"],"potions_floor_usage":[14,16],"damage_taken":[{"damage":0,"enemies":"Jaw Worm","floor":1,"turns":1},{"damage":0,"enemies":"2 Louse","floor":4,"turns":1},{"damage":0,"enemies":"Lagavulin","floor":7,"turns":1},{"damage":0,"enemies":"Cultist","floor":11,"turns":2},{"damage":8,"enemies":"3 Louse","floor":12,"turns":4},{"damage":1,"enemies":"Blue Slaver","floor":13,"turns":3},{"damage":14,"enemies":"3 Sentries","floor":14,"turns":8},{"damage":52,"enemies":"Slime Boss","floor":16,"turns":8},{"damage":10,"enemies":"3 Byrds","floor":18,"turns":6}],"seed_played":"649291753177038373","potions_obtained":[{"floor":1,"key":"Explosive Potion"},{"floor":7,"key":"FearPotion"},{"floor":14,"key":"Swift Potion"}],"is_trial":false,"path_per_floor":["M","?","?","M","?","R","E","R","T","?","M","M","M","E","R","B",null,"M"],"character_chosen":"IRONCLAD","items_purchased":[],"campfire_rested":1,"item_purchase_floors":[],"current_hp_per_floor":[74,67,60,66,48,48,54,54,54,43,49,47,52,44,75,29,64,54,54],"gold":481,"neow_bonus":"THREE_ENEMY_KILL","is_daily":false,"chose_seed":false,"campfire_upgraded":2,"win_rate":0.0,"timestamp":1612838611,"path_taken":["M","?","?","?","?","R","E","R","T","?","M","M","M","E","R","BOSS","M"],"items_purchased_type":[],"build_version":"2020-12-22","purchased_purges":0,"victory":false,"max_hp_per_floor":[75,75,75,75,75,75,75,75,75,75,75,75,75,75,75,75,75,75,75],"relic_stats":{"Regal Pillow":9,"Dream Catcher":1,"counters":[9,34],"Pandora\u0027s Box":["Power Through","Rage","Exhume","Clothesline","Bloodletting","Double Tap","Corruption","Seeing Red"],"obtain_stats":[{"Regal Pillow":5,"Dream Catcher":7,"NeowsBlessing":0,"Oddly Smooth Stone":9,"Pandora\u0027s Box":17,"Burning Blood":0,"Red Skull":14},{"Regal Pillow":2,"Dream Catcher":3,"NeowsBlessing":0,"Oddly Smooth Stone":3,"Pandora\u0027s Box":8,"Burning Blood":0,"Red Skull":7},{"Regal Pillow":2,"Dream Catcher":3,"NeowsBlessing":0,"Oddly Smooth Stone":3,"Pandora\u0027s Box":28,"Burning Blood":0,"Red Skull":20}],"Burning Blood":48},"card_choices":[{"not_picked":["Metallicize","Iron Wave"],"picked":"Carnage","floor":1},{"not_picked":["Searing Blow","Pommel Strike"],"picked":"Power Through","floor":4},{"not_picked":["Bloodletting","Brutality"],"picked":"Shockwave","floor":14},{"not_picked":["Ghostly Armor","Anger"],"picked":"Headbutt","floor":15},{"not_picked":["Bludgeon","Barricade"],"picked":"Fiend Fire","floor":16}],"player_experience":1340314,"relics_obtained":[{"floor":7,"key":"Dream Catcher"},{"floor":9,"key":"Oddly Smooth Stone"},{"floor":14,"key":"Red Skull"}],"event_choices":[{"cards_removed":["Strike_R"],"damage_healed":0,"gold_gain":0,"player_choice":"Card Removal","damage_taken":7,"max_hp_gain":0,"max_hp_loss":0,"event_name":"Golden Wing","floor":2,"gold_loss":0},{"damage_healed":0,"gold_gain":50,"player_choice":"Touch","damage_taken":7,"max_hp_gain":0,"max_hp_loss":0,"event_name":"FaceTrader","floor":3,"gold_loss":0},{"damage_healed":0,"gold_gain":0,"player_choice":"Success","damage_taken":18,"relics_obtained":["Regal Pillow"],"max_hp_gain":0,"max_hp_loss":0,"event_name":"Scrap Ooze","floor":5,"gold_loss":0},{"damage_healed":0,"gold_gain":75,"player_choice":"Gather Gold","damage_taken":11,"max_hp_gain":0,"max_hp_loss":0,"event_name":"World of Goop","floor":10,"gold_loss":0}],"is_beta":false,"boss_relics":[{"not_picked":["Empty Cage","Black Star"],"picked":"Pandora\u0027s Box"}],"items_purged_floors":[],"is_endless":false,"potions_floor_spawned":[1,7,12,14],"killed_by":"3 Byrds","ascension_level":20}}