{"host":"q6ff4ns2kep02ti6","time":1612889032,"event":{"mods":["AchievementEnabler","BaseMod","Minty Spire (QoL Compilation)","Relic Stats","StSLib","Unceasing Turn Reminder"],"gold_per_floor":[116,116,12,24,24,59,70,98,98,98,42,60,60,88,88,161,161,132,132,150,150,150],"floor_reached":21,"language":"ENG","playtime":1557,"items_purged":["Defend_R"],"score":444,"play_id":"a035c7a4-5a0d-4e04-97f1-bc1d733004e5","local_time":"20210209174352","is_ascension_mode":true,"campfire_choices":[{"data":"Bash","floor":13,"key":"SMITH"},{"data":"Feel No Pain","floor":15,"key":"SMITH"}],"circlet_count":0,"master_deck":["AscendersBane","Strike_R","Strike_R","Strike_R","Strike_R","Defend_R+1","Defend_R","Defend_R","Bash+1","Feel No Pain+1","Warcry","Sword Boomerang","Havoc","Sever Soul","Dark Embrace+1","Carnage","Shrug It Off","Exhume","True Grit+1"],"relics":["Burning Blood","NeowsBlessing","StrikeDummy","Thread and Needle","Matryoshka","Pen Nib","Shuriken","Ornamental Fan","Black Star","Akabeko","Frozen Egg 2"],"acts_visited":["Exordium","TheCity"],"potions_floor_usage":[8,16,21],"damage_taken":[{"damage":0,"enemies":"Small Slimes","floor":1,"turns":1},{"damage":0,"enemies":"Jaw Worm","floor":4,"turns":1},{"damage":0,"enemies":"Gremlin Nob","floor":6,"turns":1},{"damage":0,"enemies":"Cultist","floor":7,"turns":3},{"damage":14,"enemies":"Lagavulin","floor":8,"turns":6},{"damage":12,"enemies":"Gremlin Gang","floor":12,"turns":6},{"damage":4,"enemies":"Gremlin Nob","floor":14,"turns":3},{"damage":9,"enemies":"The Guardian","floor":16,"turns":14},{"damage":26,"enemies":"2 Thieves","floor":18,"turns":4},{"damage":13,"enemies":"Spheric Guardian","floor":20,"turns":4},{"damage":49,"enemies":"3 Cultists","floor":21,"turns":5}],"seed_played":"4424149089862348778","potions_obtained":[{"floor":1,"key":"Weak Potion"},{"floor":8,"key":"Fire Potion"},{"floor":14,"key":"BlessingOfTheForge"},{"floor":18,"key":"Weak Potion"}],"is_trial":false,"path_per_floor":["M","?","$","M","?","E","M","E","T","?","$","M","R","E","R","B",null,"M","T","M","M"],"character_chosen":"IRONCLAD","items_purchased":["Warcry","Strength Potion"],"campfire_rested":0,"item_purchase_floors":[3,11],"current_hp_per_floor":[74,56,56,62,55,61,67,59,59,36,36,30,30,32,32,29,64,44,44,37,0,0],"gold":150,"neow_bonus":"THREE_ENEMY_KILL","is_daily":false,"chose_seed":false,"campfire_upgraded":2,"win_rate":0.0,"timestamp":1612889032,"path_taken":["M","?","$","M","?","E","M","E","T","?","?","M","R","E","R","BOSS","M","?","M","M"],"items_purchased_type":["Card","Potion"],"build_version":"2020-12-22","purchased_purges":1,"victory":false,"max_hp_per_floor":[75,75,75,75,75,75,75,75,75,75,75,75,75,75,75,75,75,75,75,75,75,75],"relic_stats":{"counters":[11,48],"Shuriken":[2],"Ornamental Fan":[8],"Pen Nib":[4],"Black Star":0,"obtain_stats":[{"Matryoshka":8,"NeowsBlessing":0,"Shuriken":9,"Ornamental Fan":14,"Thread and Needle":6,"Pen Nib":9,"Black Star":17,"Frozen Egg 2":19,"StrikeDummy":2,"Burning Blood":0,"Akabeko":19},{"Matryoshka":5,"NeowsBlessing":0,"Shuriken":5,"Ornamental Fan":7,"Thread and Needle":3,"Pen Nib":5,"Black Star":8,"Frozen Egg 2":9,"StrikeDummy":1,"Burning Blood":0,"Akabeko":9},{"Matryoshka":12,"NeowsBlessing":0,"Shuriken":12,"Ornamental Fan":21,"Thread and Needle":3,"Pen Nib":12,"Black Star":35,"Frozen Egg 2":39,"StrikeDummy":1,"Burning Blood":0,"Akabeko":39}],"Burning Blood":60},"card_choices":[{"not_picked":["Sever Soul","Inflame"],"picked":"Feel No Pain","floor":1},{"not_picked":["Body Slam","Heavy Blade"],"picked":"Sword Boomerang","floor":4},{"not_picked":["Twin Strike","Bloodletting"],"picked":"Havoc","floor":6},{"not_picked":["Evolve","Perfected Strike"],"picked":"Sever Soul","floor":7},{"not_picked":["Shrug It Off","Warcry"],"picked":"Dark Embrace","floor":8},{"not_picked":["Clash","Perfected Strike"],"picked":"Carnage","floor":12},{"not_picked":["Perfected Strike","Entrench"],"picked":"Shrug It Off","floor":14},{"not_picked":["Bludgeon","Demon Form"],"picked":"Exhume","floor":16},{"not_picked":["Warcry","Anger","Evolve"],"picked":"SKIP","floor":18},{"not_picked":["Intimidate","Shrug It Off"],"picked":"True Grit+1","floor":20}],"player_experience":1044965,"relics_obtained":[{"floor":6,"key":"Thread and Needle"},{"floor":8,"key":"Matryoshka"},{"floor":9,"key":"Pen Nib"},{"floor":9,"key":"Shuriken"},{"floor":14,"key":"Ornamental Fan"},{"floor":19,"key":"Akabeko"},{"floor":19,"key":"Frozen Egg 2"}],"event_choices":[{"damage_healed":0,"gold_gain":0,"player_choice":"Success","damage_taken":18,"relics_obtained":["StrikeDummy"],"max_hp_gain":0,"max_hp_loss":0,"event_name":"Scrap Ooze","floor":2,"gold_loss":0},{"cards_removed":["Strike_R"],"damage_healed":0,"gold_gain":0,"player_choice":"Card Removal","damage_taken":7,"max_hp_gain":0,"max_hp_loss":0,"event_name":"Golden Wing","floor":5,"gold_loss":0},{"damage_healed":0,"gold_gain":0,"player_choice":"Entered Light","damage_taken":23,"max_hp_gain":0,"max_hp_loss":0,"event_name":"Shining Light","floor":10,"gold_loss":0,"cards_upgraded":["Dark Embrace","Defend_R"]}],"is_beta":false,"boss_relics":[{"not_picked":["Tiny House","Velvet Choker"],"picked":"Black Star"}],"items_purged_floors":[3],"is_endless":false,"potions_floor_spawned":[1,8,14,18,20],"killed_by":"3 Cultists","ascension_level":20}}