{"host":"7caq7bqinjqlxdab","time":1612893092,"event":{"mods":["AchievementEnabler","Aspiration","BaseMod","Better Third Choice","BetterRewards","Bossed Relics","Colored Map","Colored Powertips","Conspire","Curses Come First","Downfall","Hermit","Highlight Path","Hubris","Infinite Spire","Minty Spire (QoL Compilation)","Quick Restart","Rare Cards Sparkle","Replay The Spire","Shop Mod","StSLib","Transform Curses"],"gold_per_floor":[111,111,122,138,413,413,431,431,431,431,446,461,502,502,502,615,615,637,281,281,303,325,325,424,424,424,449,468,215,252,276,276,281,281],"floor_reached":33,"language":"ENG","playtime":2854,"items_purged":[],"score":374,"play_id":"f3ef340c-dc67-4260-97bf-0e62c0dad55f","local_time":"20210209185132","is_ascension_mode":false,"campfire_choices":[{"floor":6.0,"key":"REST"},{"floor":8.0,"key":"REST"},{"data":"hermit:Snipe","floor":10.0,"key":"SMITH"},{"data":"hermit:Brawl","floor":10.0,"key":"SMITH"},{"data":"hermit:EyeOfTheStorm","floor":15.0,"key":"SMITH"},{"data":"hermit:Showdown","floor":15.0,"key":"SMITH"},{"floor":23.0,"key":"REST"},{"floor":32,"key":"REST"}],"circlet_count":0,"master_deck":["hermit:Strike_Hermit","hermit:Strike_Hermit","hermit:Strike_Hermit","hermit:Strike_Hermit","hermit:Defend_Hermit","hermit:Defend_Hermit","hermit:Defend_Hermit","hermit:Defend_Hermit","hermit:Snapshot","hermit:Covet","hermit:Brawl+1","hermit:Snipe+1","hermit:Ricochet+1","hermit:Ricochet","hermit:Horror","hermit:Scavenge","hermit:Showdown+1","Regret","hermit:Snipe+1","hermit:Scavenge","hermit:EyeOfTheStorm+1","hermit:Malice","hermit:Dissolve","Replay:BasicMightCard","hermit:Combo","hermit:Snipe","hermit:Cheat","hermit:Headshot","hermit:EternalForm","hermit:LoneWolf","hermit:EyeOfTheStorm","hermit:Shortfuse+1","hermit:Shortfuse","hermit:NoHoldsBarred","hermit:TrackingShot"],"relics":["hermit:Momento","MerchantsRug","Replay:Arrowhead","aspiration:ChemicalBlood","ChewingGum","Potion Belt","Lizard Tail","Orrery","infinitespire:Broken Mirror"],"acts_visited":["Exordium","TheCity"],"potions_floor_usage":[28,28,28,30,30,31,33,33,33],"damage_taken":[{"damage":1.0,"enemies":"Jaw Worm","floor":1.0,"turns":2.0},{"damage":8.0,"enemies":"conspire:RoseBush","floor":3.0,"turns":1.0},{"damage":0.0,"enemies":"Cultist","floor":4.0,"turns":3.0},{"damage":8.0,"enemies":"conspire:2 RoseBushes","floor":7.0,"turns":4.0},{"damage":5.0,"enemies":"Looter","floor":11.0,"turns":2.0},{"damage":1.0,"enemies":"3 Louse","floor":12.0,"turns":2.0},{"damage":11.0,"enemies":"Gremlin Nob","floor":13.0,"turns":4.0},{"damage":16.0,"enemies":"Slime Boss","floor":16.0,"turns":8.0},{"damage":9.0,"enemies":"Spheric Guardian","floor":18.0,"turns":4.0},{"damage":16.0,"enemies":"Chosen","floor":21.0,"turns":4.0},{"damage":39.0,"enemies":"Snake Plant","floor":22.0,"turns":4.0},{"damage":6.0,"enemies":"Cultist and Chosen","floor":27.0,"turns":4.0},{"damage":34,"enemies":"Centurion and Healer","floor":28,"turns":4},{"damage":23,"enemies":"conspire:MimicChest","floor":30,"turns":5},{"damage":17,"enemies":"Snake Plant","floor":31,"turns":3},{"damage":34,"enemies":"hubris:MusketHawk","floor":33,"turns":6}],"seed_played":"-8354850684057421106","potions_obtained":[{"floor":11.0,"key":"Fire Potion"},{"floor":12.0,"key":"Weak Potion"},{"floor":13.0,"key":"hermit:Tonic"},{"floor":16.0,"key":"conspire:TimeTravelPotion"},{"floor":22.0,"key":"sneckomod:MuddlingPotion"},{"floor":28,"key":"sneckomod:MuddlingPotion"},{"floor":30,"key":"hermit:BlackBile"},{"floor":31,"key":"Strength Potion"}],"is_trial":false,"path_per_floor":["M","?","M","M","?","R","M","R","T","R","M","M","E","?","R","B",null,"M","$","?","M","M","R","?","?","T","M","M","$","?","M","R","B"],"character_chosen":"HERMIT","items_purchased":["MerchantsRug","Specialist","hermit:Brawl","hermit:Snipe","hermit:Ricochet","Slimebound:ThreeZeroPotion","PowerPotion","Potion Belt","CultistPotion","Replay:BasicMightCard","hermit:Combo","champ:CounterPotion","hexamod:SoulburnPotion","Orrery"],"campfire_rested":4,"item_purchase_floors":[0,0,0,0,0,0,0,19,19,19,19,29,29,29],"current_hp_per_floor":[39,39,31,31,31,53,45,67,74,74,69,68,57,57,57,41,82,73,73,73,63,24,48,48,48,48,42,13,13,35,18,44,10,10],"gold":281,"neow_bonus":"","is_daily":false,"chose_seed":false,"campfire_upgraded":4,"win_rate":0.0,"timestamp":1612893092,"path_taken":["M","?","M","M","?","R","M","R","T","R","?","M","E","?","R","BOSS","M","$","?","M","M","R","?","?","T","?","M","$","?","M","R","BOSS"],"items_purchased_type":["Relic","Card","Card","Card","Card","Potion","Potion","Relic","Potion","Card","Card","Potion","Potion","Relic"],"build_version":"2020-12-22","purchased_purges":0,"victory":false,"max_hp_per_floor":[75,75,75,75,75,75,75,75,82,82,82,82,82,82,82,82,82,82,82,82,82,82,82,82,82,82,82,87,87,87,87,87,87,87],"card_choices":[{"not_picked":["hermit:WideOpen","hermit:Maintenance"],"picked":"hermit:Horror","floor":1.0},{"not_picked":["hermit:Dive","hermit:Desperado"],"picked":"hermit:Scavenge","floor":3.0},{"not_picked":["hermit:FlashPowder","hermit:Coalescence"],"picked":"hermit:Showdown","floor":4.0},{"not_picked":["hermit:Midnight","hermit:Spite"],"picked":"hermit:Snipe","floor":7.0},{"not_picked":["hermit:Ricochet","hermit:WideOpen"],"picked":"hermit:Scavenge","floor":11.0},{"not_picked":["hermit:CursedWeapon","hermit:ShadowCloak"],"picked":"hermit:EyeOfTheStorm","floor":12.0},{"not_picked":["hermit:Coalescence","hermit:ItchyTrigger"],"picked":"hermit:Malice","floor":13.0},{"not_picked":["hermit:FromBeyond","hermit:BlackWind"],"picked":"hermit:Dissolve","floor":16.0},{"not_picked":["hermit:LowProfile","hermit:Desperado","hermit:Misfire+1"],"picked":"SKIP","floor":18.0},{"not_picked":["hermit:Manifest","hermit:HoleUp"],"picked":"hermit:Snipe","floor":21.0},{"not_picked":["hermit:EternalForm","hermit:Maintenance"],"picked":"hermit:Cheat","floor":22.0},{"not_picked":["hermit:HighCaliber","hermit:ItchyTrigger"],"picked":"hermit:Headshot","floor":27.0},{"not_picked":["hermit:Quickdraw","hermit:Coalescence","hermit:Glare"],"picked":"SKIP","floor":28},{"not_picked":["hermit:Quickdraw","hermit:OverwhelmingPower"],"picked":"hermit:EternalForm","floor":29},{"not_picked":["hermit:Virtue","hermit:Snipe"],"picked":"hermit:LoneWolf","floor":29},{"not_picked":["hermit:Vantage","hermit:Feint+1"],"picked":"hermit:EyeOfTheStorm","floor":29},{"not_picked":["hermit:Midnight","hermit:Misfire"],"picked":"hermit:Shortfuse+1","floor":29},{"not_picked":["hermit:GhostlyPresence+1","hermit:Combo+1"],"picked":"hermit:Shortfuse","floor":29},{"not_picked":["hermit:TrackingShot","hermit:FromBeyond"],"picked":"hermit:NoHoldsBarred","floor":30},{"not_picked":["hermit:LoneWolf","hermit:Enervate"],"picked":"hermit:TrackingShot","floor":31}],"player_experience":650246,"relics_obtained":[{"floor":9.0,"key":"Strawberry"},{"floor":13.0,"key":"aspiration:ChemicalBlood"},{"floor":26.0,"key":"Lizard Tail"},{"floor":30,"key":"infinitespire:Broken Mirror"}],"event_choices":[{"damage_healed":0.0,"max_hp_gain":0.0,"max_hp_loss":0.0,"gold_gain":0.0,"event_name":"Living Wall","player_choice":"Grow","floor":2.0,"gold_loss":0.0,"damage_taken":0.0,"cards_upgraded":["hermit:Snipe"]},{"damage_healed":0.0,"max_hp_gain":0.0,"max_hp_loss":0.0,"gold_gain":275.0,"event_name":"Golden Shrine","player_choice":"Desecrate","floor":5.0,"gold_loss":0.0,"damage_taken":0.0,"cards_obtained":["Regret"]},{"damage_healed":0.0,"max_hp_gain":0.0,"max_hp_loss":0.0,"gold_gain":0.0,"event_name":"Ghosts","player_choice":"Ignored","floor":20.0,"gold_loss":0.0,"damage_taken":0.0},{"damage_healed":0.0,"max_hp_gain":0.0,"max_hp_loss":0.0,"gold_gain":99.0,"event_name":"betterThird:BetterNest","player_choice":"Steal","floor":24.0,"gold_loss":0.0,"damage_taken":0.0},{"cards_removed":["Specialist"],"damage_healed":0.0,"max_hp_gain":0.0,"max_hp_loss":0.0,"gold_gain":0.0,"event_name":"Wheel of Change","player_choice":"Card Removal","floor":25.0,"gold_loss":0.0,"damage_taken":0.0}],"is_beta":false,"boss_relics":[{"not_picked":["conspire:RunicOctahedron","Astrolabe"],"picked":"ChewingGum"}],"items_purged_floors":[],"is_endless":true,"potions_floor_spawned":[11,12,13,16,22,28,30,31],"killed_by":"hubris:MusketHawk","ascension_level":0}}