{"host":"tner83jrcdd0m6a5","time":1612854954,"event":{"mods":["AchievementEnabler","BaseMod","Bestiary","Colored Map","Colored Powertips","DeckTracker","Highlight Path","Keyboard Shortcuts","Minty Spire (QoL Compilation)","Quick Restart","Rare Cards Sparkle","Relic Stats","Slay-I","SuperFastMode"],"gold_per_floor":[119,69,93,106,124,151,151,151,151,181,181,13,13,26,26,123,123,142,142,142,42,61,90,90,90],"floor_reached":24,"language":"ENG","playtime":811,"items_purged":["Strike_G","Shame"],"score":280,"play_id":"dc1dabfb-be8a-4206-8fba-a3ca80446666","local_time":"20210209071554","is_ascension_mode":true,"campfire_choices":[{"data":"Noxious Fumes","floor":7.0,"key":"SMITH"},{"data":"Poisoned Stab","floor":13.0,"key":"SMITH"},{"data":"Cloak And Dagger","floor":15.0,"key":"SMITH"}],"circlet_count":0,"master_deck":["Strike_G","Strike_G","Strike_G","Defend_G","Defend_G","Defend_G","Defend_G","Defend_G","Survivor","Neutralize","Noxious Fumes+1","Finisher","Bullet Time","Infinite Blades","Poisoned Stab+1","Cloak And Dagger+1","Infinite Blades"],"relics":["Ring of the Snake","MealTicket","Potion Belt","Mango","Ancient Tea Set","Snake Skull","Black Star","Darkstone Periapt","Centennial Puzzle","Blood Vial"],"acts_visited":["Exordium","TheCity"],"potions_floor_usage":[],"damage_taken":[{"damage":1.0,"enemies":"Small Slimes","floor":1.0,"turns":4.0},{"damage":2.0,"enemies":"Jaw Worm","floor":4.0,"turns":5.0},{"damage":1.0,"enemies":"Cultist","floor":5.0,"turns":5.0},{"damage":22.0,"enemies":"Gremlin Nob","floor":6.0,"turns":4.0},{"damage":27.0,"enemies":"Lagavulin","floor":10.0,"turns":5.0},{"damage":0.0,"enemies":"Exordium Wildlife","floor":14.0,"turns":4.0},{"damage":42.0,"enemies":"The Guardian","floor":16.0,"turns":9.0},{"damage":9.0,"enemies":"Chosen","floor":18.0,"turns":5.0},{"damage":6.0,"enemies":"Shell Parasite","floor":22.0,"turns":7.0},{"damage":57,"enemies":"Slavers","floor":23,"turns":6},{"damage":32,"enemies":"Masked Bandits","floor":24,"turns":4}],"seed_played":"8185620271279945982","potions_obtained":[{"floor":1.0,"key":"Strength Potion"},{"floor":5.0,"key":"CultistPotion"},{"floor":6.0,"key":"ColorlessPotion"},{"floor":22.0,"key":"SpeedPotion"}],"is_trial":false,"path_per_floor":["M","?","T","M","M","E","R","?","T","E","?","$","R","M","R","B",null,"M","?","?","$","M","E","?"],"character_chosen":"THE_SILENT","items_purchased":["Infinite Blades","Poisoned Stab"],"campfire_rested":0,"item_purchase_floors":[12,12],"current_hp_per_floor":[69,69,69,67,66,44,44,58,58,31,31,46,46,46,46,4,84,75,81,81,90,84,27,0,0],"gold":90,"neow_bonus":"ONE_RANDOM_RARE_CARD","is_daily":false,"chose_seed":false,"campfire_upgraded":3,"win_rate":0.0,"timestamp":1612854954,"path_taken":["M","?","?","M","?","E","R","?","T","E","?","?","R","M","R","BOSS","M","?","?","$","M","E","?"],"items_purchased_type":["Card","Card"],"build_version":"2020-12-22","purchased_purges":2,"victory":false,"max_hp_per_floor":[70,70,70,70,70,70,70,84,84,84,84,84,84,84,84,84,84,84,90,90,90,90,90,90,90],"relic_stats":{"Darkstone Periapt":6,"Blood Vial":2,"Centennial Puzzle":[3],"counters":[11,58],"MealTicket":24,"Snake Skull":[47],"Black Star":1,"obtain_stats":[{"Potion Belt":6,"Darkstone Periapt":19,"Blood Vial":23,"Centennial Puzzle":23,"MealTicket":3,"Mango":8,"Snake Skull":10,"Black Star":17,"Ancient Tea Set":9,"Ring of the Snake":0},{"Potion Belt":4,"Darkstone Periapt":8,"Blood Vial":10,"Centennial Puzzle":10,"MealTicket":1,"Mango":4,"Snake Skull":5,"Black Star":7,"Ancient Tea Set":4,"Ring of the Snake":0},{"Potion Belt":18,"Darkstone Periapt":41,"Blood Vial":54,"Centennial Puzzle":54,"MealTicket":4,"Mango":18,"Snake Skull":23,"Black Star":36,"Ancient Tea Set":18,"Ring of the Snake":0}],"Ring of the Snake":[22]},"card_choices":[{"not_picked":["Setup","PiercingWail"],"picked":"Noxious Fumes","floor":1.0},{"not_picked":["Tactician","Deadly Poison","Slice"],"picked":"SKIP","floor":4.0},{"not_picked":["Deadly Poison","Blade Dance"],"picked":"Finisher","floor":5.0},{"not_picked":["Tools of the Trade","All Out Attack","Backflip"],"picked":"SKIP","floor":6.0},{"not_picked":["Blade Dance","Outmaneuver","Heel Hook"],"picked":"SKIP","floor":10.0},{"not_picked":["Flechettes","Flying Knee"],"picked":"Cloak And Dagger","floor":14.0},{"not_picked":["Acrobatics","Setup","Flying Knee+1"],"picked":"SKIP","floor":18.0},{"not_picked":["Choke+1","Dagger Spray+1","Skewer+1"],"picked":"SKIP","floor":22.0},{"not_picked":["Dodge and Roll","Backflip"],"picked":"Infinite Blades","floor":23}],"player_experience":367168,"relics_obtained":[{"floor":3.0,"key":"MealTicket"},{"floor":6.0,"key":"Potion Belt"},{"floor":9.0,"key":"Ancient Tea Set"},{"floor":10.0,"key":"Snake Skull"},{"floor":23,"key":"Centennial Puzzle"},{"floor":23,"key":"Blood Vial"}],"event_choices":[{"cards_removed":["Strike_G"],"damage_healed":0.0,"max_hp_gain":0.0,"max_hp_loss":0.0,"gold_gain":0.0,"event_name":"The Cleric","player_choice":"Card Removal","floor":2.0,"gold_loss":50.0,"damage_taken":0.0},{"damage_healed":0.0,"max_hp_gain":0.0,"max_hp_loss":0.0,"gold_gain":0.0,"event_name":"Dead Adventurer","player_choice":"Searched \u00271\u0027 times","floor":8.0,"gold_loss":0.0,"damage_taken":0.0,"relics_obtained":["Mango"]},{"damage_healed":0.0,"max_hp_gain":0.0,"max_hp_loss":0.0,"gold_gain":0.0,"cards_transformed":["Phantasmal Killer"],"event_name":"Living Wall","player_choice":"Change","floor":11.0,"gold_loss":0.0,"damage_taken":0.0,"cards_obtained":["Bullet Time"]},{"damage_healed":0.0,"max_hp_gain":0.0,"max_hp_loss":0.0,"gold_gain":0.0,"event_name":"Addict","player_choice":"Stole Relic","floor":19.0,"gold_loss":0.0,"damage_taken":0.0,"relics_obtained":["Darkstone Periapt"],"cards_obtained":["Shame"]},{"damage_healed":0.0,"max_hp_gain":0.0,"max_hp_loss":0.0,"gold_gain":0.0,"event_name":"Ghosts","player_choice":"Ignored","floor":20.0,"gold_loss":0.0,"damage_taken":0.0},{"damage_healed":0,"gold_gain":0,"player_choice":"Fought Bandits","damage_taken":0,"max_hp_gain":0,"max_hp_loss":0,"event_name":"Masked Bandits","floor":24,"gold_loss":0}],"is_beta":false,"boss_relics":[{"not_picked":["Astrolabe","SacredBark"],"picked":"Black Star"}],"items_purged_floors":[12,21],"is_endless":false,"potions_floor_spawned":[1,5,6,22],"killed_by":"Masked Bandits","ascension_level":3}}