{"host":"symc43ke1l3o6af7","time":1612836593,"event":{"mods":["BaseMod","Bestiary","Better Altar","Better Skull","Better Third Choice","Downfall","Hermit","Hubris","Jorbs\u0027s Wanderer Trilogy","Marisa????????","Minty Spire (QoL Compilation)","Relic Stats","Replay The Spire","Robot Space Explorer","StSLib","The Construct","The Cursed","The Disciple","The Marked","The Servant 0.9.4"],"gold_per_floor":[114,114,289,299,299,324,324,324,324,356,356,51,66,95,95,102,102],"floor_reached":16,"language":"ENG","playtime":614,"items_purged":["Doubt"],"score":141,"play_id":"edd3d3d4-32de-4b39-98d3-47295d121416","local_time":"20210208210953","is_ascension_mode":false,"campfire_choices":[{"data":"hermit:Covet","floor":7,"key":"SMITH"},{"data":"hermit:Scavenge","floor":11,"key":"SMITH"},{"floor":15,"key":"REST"}],"circlet_count":0,"master_deck":["hermit:Strike_Hermit","hermit:Strike_Hermit","hermit:Strike_Hermit","hermit:Strike_Hermit","hermit:Defend_Hermit","hermit:Defend_Hermit","hermit:Defend_Hermit","hermit:Defend_Hermit","hermit:Snapshot+1","hermit:Covet+1","hermit:Ricochet+1","hermit:Scavenge+1","hermit:Vantage","hermit:BodyArmor","hermit:TakeAim","hermit:Midnight"],"relics":["hermit:Momento","NeowsBlessing","hubris:Metronome","Replay:Kaleidoscope","Iron Hammer","Tiny Chest","Toy Ornithopter"],"acts_visited":["Exordium"],"potions_floor_usage":[10,16],"damage_taken":[{"damage":0,"enemies":"Jaw Worm","floor":1,"turns":1},{"damage":0,"enemies":"Small Slimes","floor":4,"turns":1},{"damage":0,"enemies":"Lagavulin","floor":6,"turns":1},{"damage":28,"enemies":"Gremlin Nob","floor":10,"turns":4},{"damage":0,"enemies":"2 Louse","floor":13,"turns":1},{"damage":2,"enemies":"Replay:BlueRogue","floor":14,"turns":6},{"damage":75,"enemies":"Hexaghost","floor":16,"turns":10}],"seed_played":"-7266548108559564884","potions_obtained":[{"floor":4,"key":"ColorlessPotion"},{"floor":10,"key":"SteroidPotion"}],"is_trial":false,"path_per_floor":["M","?","?","M","?","E","R","?","T","E","R","$","M","E","R","B"],"character_chosen":"HERMIT","items_purchased":["Tiny Chest","hermit:TakeAim"],"campfire_rested":1,"item_purchase_floors":[12,12],"current_hp_per_floor":[75,75,75,75,75,75,75,75,75,47,47,47,47,45,67,0,0],"gold":102,"neow_bonus":"THREE_ENEMY_KILL","is_daily":false,"chose_seed":false,"campfire_upgraded":2,"win_rate":0.0,"timestamp":1612836593,"path_taken":["M","?","?","M","?","E","R","?","T","E","R","$","M","E","R","BOSS"],"items_purchased_type":["Relic","Card"],"build_version":"2020-12-22","purchased_purges":1,"victory":false,"max_hp_per_floor":[75,75,75,75,75,75,75,75,75,75,75,75,75,75,75,75,75],"relic_stats":{"counters":[7,24],"Tiny Chest":0,"obtain_stats":[{"hubris:Metronome":6,"NeowsBlessing":0,"Tiny Chest":12,"Iron Hammer":10,"Replay:Kaleidoscope":9,"hermit:Momento":0,"Toy Ornithopter":14},{"hubris:Metronome":3,"NeowsBlessing":0,"Tiny Chest":4,"Iron Hammer":4,"Replay:Kaleidoscope":3,"hermit:Momento":0,"Toy Ornithopter":6},{"hubris:Metronome":3,"NeowsBlessing":0,"Tiny Chest":7,"Iron Hammer":7,"Replay:Kaleidoscope":3,"hermit:Momento":0,"Toy Ornithopter":14}],"Toy Ornithopter":5},"card_choices":[{"not_picked":["hermit:Shortfuse","hermit:Roulette"],"picked":"hermit:Ricochet","floor":1},{"not_picked":["hermit:LowProfile","hermit:Malice"],"picked":"hermit:Scavenge","floor":4},{"not_picked":["hermit:Coalescence","hermit:CalledShot"],"picked":"hermit:Vantage","floor":6},{"not_picked":["hermit:Snipe","hermit:CalledShot"],"picked":"hermit:BodyArmor","floor":10},{"not_picked":["hermit:Gestalt","hermit:Deadeye"],"picked":"hermit:Midnight","floor":13},{"not_picked":["hermit:FullyLoaded","hermit:Ricochet","hermit:HoleUp"],"picked":"SKIP","floor":14}],"player_experience":220165,"relics_obtained":[{"floor":6,"key":"hubris:Metronome"},{"floor":9,"key":"Replay:Kaleidoscope"},{"floor":10,"key":"Iron Hammer"},{"floor":14,"key":"Toy Ornithopter"}],"event_choices":[{"damage_healed":0,"gold_gain":175,"player_choice":"AGREE","damage_taken":114,"max_hp_gain":0,"max_hp_loss":0,"event_name":"betterThird:BetterSerpent","floor":3,"gold_loss":0}],"is_beta":false,"boss_relics":[],"items_purged_floors":[12],"is_endless":false,"potions_floor_spawned":[4,10],"killed_by":"Hexaghost","ascension_level":0}}