{"host":"8lno9xwgef3sjccz","time":1612898284,"event":{"mods":["AchievementEnabler","BaseMod","Minty Spire (QoL Compilation)","Relic Stats"],"gold_per_floor":[119,129,140,155,155,189,200,225,249,249,260,278,306,323,323,423,423,441,461,19,29,47,82,82,96,119,136,136,136,136],"floor_reached":29,"language":"ENG","playtime":1241,"items_purged":["Strike_R"],"score":364,"play_id":"81ac1b23-e445-4a1a-bb92-73acaba53da4","local_time":"20210209141804","is_ascension_mode":true,"campfire_choices":[{"data":"Armaments","floor":10,"key":"SMITH"},{"data":"Inflame","floor":15,"key":"SMITH"},{"data":"Combust","floor":24,"key":"SMITH"}],"circlet_count":0,"master_deck":["Defend_R","Defend_R","Defend_R","Defend_R","Bash","Clothesline","Anger","Cleave+1","Shockwave","Armaments+1","Reaper","Inflame+1","Seeing Red","Offering","Combust+1","Combust+1","Metallicize","Rage","Inflame","Bite","Bite","Bite","Bite","Bite"],"relics":["Burning Blood","Red Skull","Omamori","Whetstone","Toy Ornithopter","Runic Pyramid","Calipers","PreservedInsect","Bag of Marbles"],"acts_visited":["Exordium","TheCity"],"potions_floor_usage":[16,16,16,21,21,29,29],"damage_taken":[{"damage":6,"enemies":"Jaw Worm","floor":1,"turns":3},{"damage":0,"enemies":"Cultist","floor":2,"turns":4},{"damage":0,"enemies":"Small Slimes","floor":3,"turns":3},{"damage":9,"enemies":"3 Louse","floor":4,"turns":2},{"damage":11,"enemies":"Lagavulin","floor":6,"turns":6},{"damage":9,"enemies":"Blue Slaver","floor":7,"turns":3},{"damage":36,"enemies":"Gremlin Nob","floor":8,"turns":5},{"damage":15,"enemies":"Red Slaver","floor":11,"turns":3},{"damage":17,"enemies":"Exordium Thugs","floor":12,"turns":3},{"damage":8,"enemies":"Lagavulin","floor":13,"turns":5},{"damage":4,"enemies":"Gremlin Gang","floor":14,"turns":2},{"damage":0,"enemies":"Slime Boss","floor":16,"turns":4},{"damage":11,"enemies":"Chosen","floor":18,"turns":4},{"damage":12,"enemies":"3 Byrds","floor":19,"turns":4},{"damage":26,"enemies":"Shelled Parasite and Fungi","floor":21,"turns":5},{"damage":17,"enemies":"Snecko","floor":22,"turns":4},{"damage":41,"enemies":"Book of Stabbing","floor":23,"turns":5},{"damage":18,"enemies":"3 Cultists","floor":25,"turns":3},{"damage":27,"enemies":"Shelled Parasite and Fungi","floor":27,"turns":5},{"damage":39,"enemies":"Snake Plant","floor":29,"turns":2}],"seed_played":"3536914525720432509","potions_obtained":[{"floor":2,"key":"Regen Potion"},{"floor":3,"key":"LiquidBronze"},{"floor":4,"key":"BlessingOfTheForge"},{"floor":7,"key":"Fire Potion"},{"floor":12,"key":"PowerPotion"},{"floor":14,"key":"LiquidMemories"},{"floor":16,"key":"Block Potion"},{"floor":19,"key":"Fire Potion"},{"floor":23,"key":"Explosive Potion"},{"floor":27,"key":"PowerPotion"}],"is_trial":false,"path_per_floor":["M","M","M","M","?","E","M","E","T","R","M","M","E","M","R","B",null,"M","M","$","M","M","E","R","M","T","M","?","M"],"character_chosen":"IRONCLAD","items_purchased":["Calipers","Metallicize"],"campfire_rested":0,"item_purchase_floors":[20,20],"current_hp_per_floor":[88,88,88,85,85,80,77,47,47,47,45,34,39,41,41,62,88,88,88,88,68,61,26,26,35,35,19,19,0,0],"gold":136,"neow_bonus":"TEN_PERCENT_HP_BONUS","is_daily":false,"chose_seed":false,"campfire_upgraded":3,"win_rate":0.0,"timestamp":1612898284,"path_taken":["M","M","M","M","?","E","M","E","T","R","M","M","E","?","R","BOSS","M","M","$","M","M","E","R","M","T","M","?","M"],"items_purchased_type":["Relic","Card"],"build_version":"2020-12-22","purchased_purges":1,"victory":false,"max_hp_per_floor":[88,88,88,88,88,88,88,88,88,88,88,88,88,88,88,88,88,88,88,88,88,88,88,88,88,88,88,61,61,61],"relic_stats":{"counters":[20,75],"PreservedInsect":0,"Whetstone":["Strike_R","Strike_R"],"obtain_stats":[{"Calipers":20,"PreservedInsect":23,"Omamori":8,"Bag of Marbles":26,"Whetstone":9,"Burning Blood":0,"Red Skull":6,"Toy Ornithopter":13,"Runic Pyramid":17},{"Calipers":14,"PreservedInsect":17,"Omamori":7,"Bag of Marbles":18,"Whetstone":7,"Burning Blood":0,"Red Skull":5,"Toy Ornithopter":10,"Runic Pyramid":12},{"Calipers":51,"PreservedInsect":65,"Omamori":26,"Bag of Marbles":68,"Whetstone":26,"Burning Blood":0,"Red Skull":18,"Toy Ornithopter":37,"Runic Pyramid":43}],"Burning Blood":97,"Toy Ornithopter":25},"card_choices":[{"not_picked":["Body Slam","Warcry"],"picked":"Clothesline","floor":1},{"not_picked":["Flex","Clash"],"picked":"Anger","floor":2},{"not_picked":["Shrug It Off","Thunderclap"],"picked":"Cleave","floor":3},{"not_picked":["True Grit","Shrug It Off"],"picked":"Shockwave","floor":4},{"not_picked":["Twin Strike","Rupture","Body Slam"],"picked":"SKIP","floor":6},{"not_picked":["Dark Embrace","Shockwave"],"picked":"Armaments","floor":7},{"not_picked":["Heavy Blade","Flex"],"picked":"Reaper","floor":8},{"not_picked":["Perfected Strike","Headbutt"],"picked":"Inflame","floor":11},{"not_picked":["Headbutt","Evolve","Searing Blow"],"picked":"SKIP","floor":12},{"not_picked":["Cleave","Searing Blow"],"picked":"Seeing Red","floor":13},{"not_picked":["Rupture","Twin Strike","Combust"],"picked":"SKIP","floor":14},{"not_picked":["Barricade","Immolate"],"picked":"Offering","floor":16},{"not_picked":["Heavy Blade+1","Iron Wave"],"picked":"Combust+1","floor":18},{"not_picked":["Clash","Limit Break"],"picked":"Combust","floor":19},{"not_picked":["Perfected Strike","Second Wind","Headbutt+1"],"picked":"SKIP","floor":21},{"not_picked":["True Grit","Pummel","Twin Strike"],"picked":"SKIP","floor":22},{"not_picked":["Infernal Blade+1","Iron Wave+1"],"picked":"Rage","floor":23},{"not_picked":["Thunderclap","Flame Barrier"],"picked":"Inflame","floor":25},{"not_picked":["Wild Strike","Shockwave","Armaments"],"picked":"SKIP","floor":27}],"player_experience":120384,"relics_obtained":[{"floor":6,"key":"Red Skull"},{"floor":8,"key":"Omamori"},{"floor":9,"key":"Whetstone"},{"floor":13,"key":"Toy Ornithopter"},{"floor":23,"key":"PreservedInsect"},{"floor":26,"key":"Bag of Marbles"}],"event_choices":[{"damage_healed":0,"gold_gain":0,"player_choice":"Forge","damage_taken":0,"max_hp_gain":0,"max_hp_loss":0,"event_name":"Accursed Blacksmith","floor":5,"gold_loss":0,"cards_upgraded":["Cleave"]},{"damage_healed":0,"gold_gain":0,"player_choice":"Became a vampire","damage_taken":0,"max_hp_gain":0,"max_hp_loss":27,"event_name":"Vampires","floor":28,"gold_loss":0,"cards_obtained":["Bite","Bite","Bite","Bite","Bite"]}],"is_beta":false,"boss_relics":[{"not_picked":["Tiny House","Philosopher\u0027s Stone"],"picked":"Runic Pyramid"}],"items_purged_floors":[20],"is_endless":false,"potions_floor_spawned":[2,3,4,7,12,14,16,19,23,27],"killed_by":"Snake Plant","ascension_level":1}}