{"host":"phy652c7lim9lcu2","time":1612854738,"event":{"mods":["BaseMod","Colored Powertips","Downfall","Googly Eyes","Hubris","Minty Spire (QoL Compilation)","Relic Stats","Spicy Shops","StSLib","everything is the same but u backflip on backflip"],"gold_per_floor":[110,110,110,110,126,153,165,165,165,194,194,205,224,224,224,327,327,339,339,19,36,36,51,51,69,69,100,152,152,253,253,272,272,121,139,157,185,185,185,185,185,200,200,232,107,107,107,107,107,32,64,64],"floor_reached":56,"language":"ENG","playtime":1909,"items_purged":["Bludgeon","Heavy Blade","Sword Boomerang+1"],"score":1856,"play_id":"7c2b0299-e144-4c7c-b27d-9b819f177491","local_time":"20210209171218","is_ascension_mode":true,"campfire_choices":[{"data":"Searing Blow","floor":11,"key":"SMITH"},{"data":"Searing Blow+2","floor":15,"key":"SMITH"},{"data":"Armaments","floor":23,"key":"SMITH"},{"data":"Searing Blow+3","floor":27,"key":"SMITH"},{"data":"Searing Blow+4","floor":29,"key":"SMITH"},{"data":"Searing Blow+5","floor":32,"key":"SMITH"},{"data":"Searing Blow+6","floor":41,"key":"SMITH"},{"data":"Searing Blow+7","floor":44,"key":"SMITH"},{"data":"Searing Blow+8","floor":46,"key":"SMITH"},{"floor":49,"key":"RECALL"},{"data":"Searing Blow+9","floor":52,"key":"SMITH"}],"circlet_count":0,"master_deck":["Bash+1","Searing Blow+10","Shrug It Off","Offering","Barricade","Seeing Red","Seeing Red","Infernal Blade","Reaper+1","Infernal Blade","Reaper","Offering","Armaments+1","Armaments","Double Tap","Inflame+1","Master of Strategy","Impervious","Uppercut+1"],"relics":["Burning Blood","NeowsBlessing","Blue Candle","hubris:Teleporter","hubris:Icosahedron","Singing Bowl","Tiny Chest","Pandora\u0027s Box","Orichalcum","Bottled Flame","Anchor","hubris:CrackedHourglass","Bag of Preparation","Whetstone","Self Forming Clay","Centennial Puzzle","Vajra"],"acts_visited":["Exordium","TheCity","TheBeyond","TheEnding"],"potions_floor_usage":[10,16,28,30,33,33,55,55],"damage_taken":[{"damage":0,"enemies":"Small Slimes","floor":1,"turns":1},{"damage":0,"enemies":"2 Louse","floor":5,"turns":1},{"damage":0,"enemies":"3 Sentries","floor":6,"turns":1},{"damage":14,"enemies":"Jaw Worm","floor":7,"turns":5},{"damage":16,"enemies":"Gremlin Nob","floor":10,"turns":3},{"damage":18,"enemies":"Gremlin Gang","floor":12,"turns":6},{"damage":11,"enemies":"Large Slime","floor":13,"turns":6},{"damage":33,"enemies":"Slime Boss","floor":16,"turns":7},{"damage":38,"enemies":"3 Byrds","floor":18,"turns":7},{"damage":31,"enemies":"2 Thieves","floor":21,"turns":3},{"damage":19,"enemies":"Cultist and Chosen","floor":25,"turns":3},{"damage":8,"enemies":"Chosen and Byrds","floor":28,"turns":4},{"damage":22,"enemies":"Book of Stabbing","floor":30,"turns":4},{"damage":74,"enemies":"Champ","floor":33,"turns":6},{"damage":16,"enemies":"3 Darklings","floor":35,"turns":5},{"damage":12,"enemies":"Orb Walker","floor":38,"turns":1},{"damage":12,"enemies":"Maw","floor":39,"turns":4},{"damage":49,"enemies":"Nemesis","floor":40,"turns":5},{"damage":12,"enemies":"4 Shapes","floor":45,"turns":5},{"damage":12,"enemies":"Reptomancer","floor":47,"turns":1},{"damage":12,"enemies":"Donu and Deca","floor":50,"turns":7},{"damage":6,"enemies":"Shield and Spear","floor":54,"turns":3},{"damage":54,"enemies":"The Heart","floor":55,"turns":6}],"seed_played":"4712650358359206837","potions_obtained":[{"floor":1,"key":"AttackPotion"},{"floor":10,"key":"GamblersBrew"},{"floor":13,"key":"DuplicationPotion"},{"floor":16,"key":"Strength Potion"},{"floor":18,"key":"ColorlessPotion"},{"floor":25,"key":"Guardian:BlockOnCardUsePotion"},{"floor":30,"key":"LiquidMemories"},{"floor":33,"key":"FairyPotion"},{"floor":39,"key":"PowerPotion"},{"floor":40,"key":"LiquidMemories"}],"is_trial":false,"path_per_floor":["M","?","?","?","M","E","M","?","T","E","R","M","M","?","R","B",null,"M","?","$","M","R","M","R","M","R","E","T","R","B",null,"M","?","$","M","M","E","R","?","T","R","M","R","E","$","R","B",null,"R","$","E","B",null],"character_chosen":"IRONCLAD","items_purchased":["Orichalcum","Bag of Preparation","Centennial Puzzle"],"campfire_rested":0,"item_purchase_floors":[20,37,53],"current_hp_per_floor":[78,73,73,57,63,69,61,61,61,51,51,41,38,38,38,11,66,44,44,44,29,29,36,36,42,42,35,35,35,59,82,86,80,80,76,90,68,68,68,68,68,102,102,98,98,98,100,103,103,103,104,56],"gold":64,"neow_bonus":"THREE_ENEMY_KILL","is_daily":false,"chose_seed":false,"campfire_upgraded":10,"win_rate":0.0,"timestamp":1612854738,"path_taken":["M","?","?","?","?","E","?","?","T","E","R","M","M","?","R","BOSS","M","?","$","M","R","M","R","?","R","E","?","R","BOSS","M","?","$","M","M","E","R","?","T","R","?","R","E","$","R","BOSS","R","$","E","BOSS"],"items_purchased_type":["Relic","Relic","Relic"],"build_version":"2020-12-22","purchased_purges":3,"victory":true,"max_hp_per_floor":[80,80,80,80,80,80,80,80,80,80,80,82,84,84,84,84,84,86,86,86,86,86,86,86,88,88,90,90,90,90,90,90,94,94,96,98,100,100,100,100,100,102,102,104,104,104,104,104,104,104,104,104],"relic_stats":{"Centennial Puzzle":[6],"Singing Bowl":24,"counters":[23,94],"Self Forming Clay":[72],"Blue Candle":[0],"Tiny Chest":1,"Pandora\u0027s Box":["Seeing Red","Sword Boomerang","Seeing Red","Heavy Blade","Infernal Blade","Reaper","Infernal Blade","Bludgeon","Reaper"],"Bag of Preparation":[16],"Whetstone":["Sword Boomerang","Reaper"],"Orichalcum":[30],"obtain_stats":[{"hubris:Teleporter":6,"NeowsBlessing":0,"Singing Bowl":9,"Self Forming Clay":47,"Blue Candle":2,"Vajra":54,"Bag of Preparation":37,"Whetstone":40,"Orichalcum":20,"Burning Blood":0,"Bottled Flame":30,"Anchor":31,"Centennial Puzzle":53,"hubris:Icosahedron":8,"Tiny Chest":10,"Pandora\u0027s Box":17,"hubris:CrackedHourglass":34},{"hubris:Teleporter":3,"NeowsBlessing":0,"Singing Bowl":4,"Self Forming Clay":20,"Blue Candle":1,"Vajra":22,"Bag of Preparation":15,"Whetstone":18,"Orichalcum":9,"Burning Blood":0,"Bottled Flame":13,"Anchor":13,"Centennial Puzzle":21,"hubris:Icosahedron":4,"Tiny Chest":5,"Pandora\u0027s Box":8,"hubris:CrackedHourglass":14},{"hubris:Teleporter":3,"NeowsBlessing":0,"Singing Bowl":8,"Self Forming Clay":78,"Blue Candle":1,"Vajra":88,"Bag of Preparation":62,"Whetstone":72,"Orichalcum":37,"Burning Blood":0,"Bottled Flame":51,"Anchor":51,"Centennial Puzzle":85,"hubris:Icosahedron":8,"Tiny Chest":11,"Pandora\u0027s Box":30,"hubris:CrackedHourglass":57}],"Burning Blood":131},"card_choices":[{"not_picked":["Whirlwind","Flame Barrier"],"picked":"Searing Blow","floor":1},{"not_picked":["Clothesline","Cleave"],"picked":"Evolve","floor":5},{"not_picked":["Whirlwind","Infernal Blade"],"picked":"Shrug It Off","floor":6},{"not_picked":["Combust","Havoc","Sentinel"],"picked":"SKIP","floor":7},{"not_picked":["Impervious","Demon Form"],"picked":"Offering","floor":10},{"not_picked":["Havoc","Sword Boomerang","Inflame"],"picked":"Singing Bowl","floor":12},{"not_picked":["Thunderclap","Spot Weakness","Sentinel"],"picked":"Singing Bowl","floor":13},{"not_picked":["Immolate","Fiend Fire"],"picked":"Barricade","floor":16},{"not_picked":["hubris:ReadiedAction+1","Heavy Blade","Intimidate"],"picked":"Singing Bowl","floor":18},{"not_picked":["Power Through","Sword Boomerang"],"picked":"Armaments","floor":21},{"not_picked":["hubris:ReadiedAction","True Grit"],"picked":"Armaments","floor":25},{"not_picked":["hubris:ReadiedAction","Perfected Strike","Heavy Blade+1"],"picked":"Singing Bowl","floor":28},{"not_picked":["Wild Strike+1","Entrench+1","Rage"],"picked":"Singing Bowl","floor":30},{"not_picked":["Demon Form","Juggernaut"],"picked":"Double Tap","floor":33},{"not_picked":["Flex+1","Rampage+1"],"picked":"Inflame+1","floor":35},{"not_picked":["Forethought","Enlightenment","The Bomb"],"picked":"Singing Bowl","floor":36},{"not_picked":["Madness","Forethought","Purity"],"picked":"Singing Bowl","floor":36},{"not_picked":["Deep Breath","Finesse"],"picked":"Master of Strategy","floor":36},{"not_picked":["Sword Boomerang","Wild Strike","Twin Strike"],"picked":"Singing Bowl","floor":38},{"not_picked":["Pommel Strike","Immolate","Perfected Strike+1"],"picked":"Singing Bowl","floor":39},{"not_picked":["Reckless Charge","Thunderclap","Wild Strike"],"picked":"Singing Bowl","floor":40},{"not_picked":["Anger+1","Wild Strike+1","Perfected Strike"],"picked":"Singing Bowl","floor":45},{"not_picked":["Body Slam","Inflame","Shrug It Off"],"picked":"Singing Bowl","floor":47},{"not_picked":["Flame Barrier+1","Headbutt+1"],"picked":"Uppercut+1","floor":54}],"player_experience":315946,"relics_obtained":[{"floor":6,"key":"hubris:Teleporter"},{"floor":9,"key":"Singing Bowl"},{"floor":10,"key":"Tiny Chest"},{"floor":30,"key":"Bottled Flame"},{"floor":31,"key":"Anchor"},{"floor":40,"key":"Whetstone"},{"floor":47,"key":"Self Forming Clay"},{"floor":54,"key":"Vajra"}],"event_choices":[{"damage_healed":0,"gold_gain":0,"player_choice":"Ignored","damage_taken":0,"max_hp_gain":0,"max_hp_loss":0,"event_name":"Liars Game","floor":3,"gold_loss":0},{"damage_healed":0,"gold_gain":0,"player_choice":"Entered Light","damage_taken":16,"max_hp_gain":0,"max_hp_loss":0,"event_name":"Shining Light","floor":4,"gold_loss":0,"cards_upgraded":["Strike_R","Bash"]},{"damage_healed":0,"gold_gain":0,"player_choice":"Copied","damage_taken":0,"max_hp_gain":0,"max_hp_loss":0,"event_name":"Duplicator","floor":19,"gold_loss":0,"cards_obtained":["Offering"]},{"damage_healed":0,"gold_gain":0,"player_choice":"Memory 3","damage_taken":10,"max_hp_gain":0,"max_hp_loss":0,"event_name":"SensoryStone","floor":36,"gold_loss":0},{"damage_healed":0,"gold_gain":0,"cards_transformed":["Evolve"],"player_choice":"Transformed","damage_taken":0,"max_hp_gain":0,"max_hp_loss":0,"event_name":"Transmorgrifier","floor":42,"gold_loss":0,"cards_obtained":["Impervious"]}],"is_beta":false,"boss_relics":[{"not_picked":["hubris:VirtuousBlindfold","Calling Bell"],"picked":"Pandora\u0027s Box"},{"not_picked":["Runic Pyramid","hubris:BlackHole"],"picked":"hubris:CrackedHourglass"}],"items_purged_floors":[20,20,48],"is_endless":false,"potions_floor_spawned":[1,10,13,16,18,21,25,30,33,39,40,45,54],"ascension_level":9}}