{"host":"vit9b6u76k1y61sh","time":1612858899,"event":{"mods":["BaseMod","Block Reminder","Colored Powertips","Highlight Path","Minty Spire (QoL Compilation)","Rare Cards Sparkle","Relic Sorter","Relic Stats","StSLib"],"gold_per_floor":[113,113,43,56,56,83,83,99,99,99,110,126,201,201,201,298,298,311,311,311,281,281],"floor_reached":21,"language":"ENG","playtime":590,"items_purged":[],"score":222,"play_id":"e4323279-1341-477e-ad60-3151d7829d2f","local_time":"20210209032139","is_ascension_mode":true,"campfire_choices":[{"data":"Phantasmal Killer","floor":7,"key":"SMITH"},{"data":"Infinite Blades","floor":10,"key":"SMITH"},{"floor":15,"key":"REST"}],"circlet_count":0,"master_deck":["Strike_G","Strike_G","Strike_G+1","Strike_G","Defend_G","Defend_G+1","Defend_G","Defend_G","Defend_G","Survivor","Neutralize","Poisoned Stab","Phantasmal Killer+1","Infinite Blades+1","Quick Slash","Outmaneuver","Cloak And Dagger","Cloak And Dagger","Acrobatics","Corpse Explosion","CurseOfTheBell","Acrobatics+1"],"relics":["Ring of the Snake","NeowsBlessing","Molten Egg 2","The Courier","InkBottle","Calling Bell","PreservedInsect","Sundial","Dead Branch","Enchiridion"],"acts_visited":["Exordium","TheCity"],"potions_floor_usage":[11],"damage_taken":[{"damage":0,"enemies":"Jaw Worm","floor":1,"turns":1},{"damage":0,"enemies":"2 Louse","floor":4,"turns":2},{"damage":0,"enemies":"Lagavulin","floor":6,"turns":1},{"damage":4,"enemies":"Small Slimes","floor":8,"turns":2},{"damage":10,"enemies":"Exordium Thugs","floor":11,"turns":5},{"damage":3,"enemies":"Blue Slaver","floor":12,"turns":3},{"damage":42,"enemies":"Hexaghost","floor":16,"turns":10},{"damage":26,"enemies":"3 Byrds","floor":18,"turns":4},{"damage":14,"enemies":"2 Thieves","floor":21,"turns":2}],"seed_played":"-8517846686777315591","potions_obtained":[{"floor":4,"key":"LiquidBronze"},{"floor":6,"key":"BlessingOfTheForge"}],"is_trial":false,"path_per_floor":["M","?","$","M","?","E","R","M","T","R","M","M","?","?","R","B",null,"M","?","T","M"],"character_chosen":"THE_SILENT","items_purchased":["Infinite Blades"],"campfire_rested":1,"item_purchase_floors":[3],"current_hp_per_floor":[70,70,70,70,56,56,56,52,52,52,42,39,28,28,49,7,70,44,28,28,14,14],"gold":281,"neow_bonus":"THREE_ENEMY_KILL","is_daily":false,"chose_seed":false,"campfire_upgraded":2,"win_rate":0.0,"timestamp":1612858899,"path_taken":["M","?","$","M","?","E","R","M","T","R","M","M","?","?","R","BOSS","M","?","?","?"],"items_purchased_type":["Card"],"build_version":"2020-12-22","purchased_purges":0,"victory":false,"max_hp_per_floor":[70,70,70,70,70,70,70,70,70,70,70,70,70,70,70,70,70,70,70,70,70,70],"relic_stats":{"counters":[9,30],"Sundial":[0],"Dead Branch":[3],"PreservedInsect":0,"obtain_stats":[{"Calling Bell":17,"NeowsBlessing":0,"Sundial":17,"Dead Branch":17,"Enchiridion":19,"Molten Egg 2":6,"The Courier":9,"PreservedInsect":17,"InkBottle":14,"Ring of the Snake":0},{"Calling Bell":7,"NeowsBlessing":0,"Sundial":7,"Dead Branch":7,"Enchiridion":8,"Molten Egg 2":3,"The Courier":4,"PreservedInsect":7,"InkBottle":6,"Ring of the Snake":0},{"Calling Bell":24,"NeowsBlessing":0,"Sundial":24,"Dead Branch":24,"Enchiridion":28,"Molten Egg 2":4,"The Courier":6,"PreservedInsect":24,"InkBottle":14,"Ring of the Snake":0}],"InkBottle":[6],"Ring of the Snake":[18]},"card_choices":[{"not_picked":["Prepared","Bane"],"picked":"Poisoned Stab","floor":1},{"not_picked":["Poisoned Stab","Backflip"],"picked":"Quick Slash","floor":4},{"not_picked":["Underhanded Strike+1","Catalyst"],"picked":"Outmaneuver","floor":6},{"not_picked":["Slice+1","Riddle With Holes+1"],"picked":"Cloak And Dagger","floor":8},{"not_picked":["PiercingWail","Flying Knee+1"],"picked":"Cloak And Dagger","floor":11},{"not_picked":["Distraction","Malaise"],"picked":"Acrobatics","floor":12},{"not_picked":["Storm of Steel","Venomology"],"picked":"Corpse Explosion","floor":16},{"not_picked":["Endless Agony+1","Heel Hook+1"],"picked":"Acrobatics+1","floor":18}],"player_experience":159889,"relics_obtained":[{"floor":6,"key":"Molten Egg 2"},{"floor":9,"key":"The Courier"},{"floor":17,"key":"PreservedInsect"},{"floor":17,"key":"Sundial"},{"floor":17,"key":"Dead Branch"},{"floor":19,"key":"Enchiridion"}],"event_choices":[{"damage_healed":0,"gold_gain":0,"cards_transformed":["Strike_G"],"player_choice":"Change","damage_taken":0,"max_hp_gain":0,"max_hp_loss":0,"event_name":"Living Wall","floor":2,"gold_loss":0,"cards_obtained":["Phantasmal Killer"]},{"damage_healed":0,"gold_gain":0,"player_choice":"Entered Light","damage_taken":14,"max_hp_gain":0,"max_hp_loss":0,"event_name":"Shining Light","floor":5,"gold_loss":0,"cards_upgraded":["Defend_G","Strike_G"]},{"damage_healed":0,"gold_gain":75,"player_choice":"Gather Gold","damage_taken":11,"max_hp_gain":0,"max_hp_loss":0,"event_name":"World of Goop","floor":13,"gold_loss":0},{"damage_healed":0,"gold_gain":0,"player_choice":"Gave Potion","damage_taken":0,"relics_obtained":["InkBottle"],"max_hp_gain":0,"max_hp_loss":0,"event_name":"WeMeetAgain","floor":14,"gold_loss":0},{"damage_healed":0,"gold_gain":0,"player_choice":"Obtained Book","damage_taken":16,"max_hp_gain":0,"max_hp_loss":0,"event_name":"Cursed Tome","floor":19,"gold_loss":0}],"is_beta":false,"boss_relics":[{"not_picked":["SacredBark","Velvet Choker"],"picked":"Calling Bell"}],"items_purged_floors":[],"is_endless":false,"potions_floor_spawned":[4,6],"killed_by":"2 Thieves","ascension_level":2}}