{"host":"z439itq93uucuvou","time":1612838340,"event":{"mods":["BaseMod","Colored Powertips","Jorbs\u0027s Wanderer Trilogy","Minty Spire (QoL Compilation)","StSLib"],"gold_per_floor":[118,118,134,134,134,163,178,178,178,178,197,26,38,66,66,143,143,159,159,172,189,189,189,189,205,205,19,19,19],"floor_reached":28,"language":"ENG","playtime":882,"items_purged":["Writhe"],"score":561,"play_id":"c72a57cf-1e8e-455a-b986-81e784d2e479","local_time":"20210208183900","is_ascension_mode":true,"campfire_choices":[{"data":"Eruption","floor":8.0,"key":"SMITH"},{"data":"CrushJoints","floor":10.0,"key":"SMITH"},{"data":"WindmillStrike","floor":15.0,"key":"SMITH"},{"data":"Wallop","floor":23,"key":"SMITH"}],"circlet_count":0,"master_deck":["AscendersBane","Strike_P","Strike_P","Defend_P","Defend_P","Defend_P","Defend_P","Eruption+1","Vigilance","WindmillStrike+1","FearNoEvil","CrushJoints+1","Conclude","CarveReality","Protect","Vengeance","Wallop+1","Fasting2","Blasphemy","LikeWater","Adaptation"],"relics":["PureWater","NeowsBlessing","Yang","Strawberry","The Courier","Runic Pyramid","Juzu Bracelet","Enchiridion","Dead Branch","Potion Belt"],"acts_visited":["Exordium","TheCity"],"potions_floor_usage":[],"damage_taken":[{"damage":0.0,"enemies":"Jaw Worm","floor":1.0,"turns":1.0},{"damage":0.0,"enemies":"2 Louse","floor":3.0,"turns":1.0},{"damage":0.0,"enemies":"3 Sentries","floor":6.0,"turns":1.0},{"damage":0.0,"enemies":"Small Slimes","floor":7.0,"turns":3.0},{"damage":5.0,"enemies":"Red Slaver","floor":11.0,"turns":3.0},{"damage":6.0,"enemies":"Blue Slaver","floor":13.0,"turns":3.0},{"damage":18.0,"enemies":"Gremlin Nob","floor":14.0,"turns":3.0},{"damage":0.0,"enemies":"Slime Boss","floor":16.0,"turns":3.0},{"damage":11.0,"enemies":"Shell Parasite","floor":18.0,"turns":3.0},{"damage":0,"enemies":"Chosen","floor":20,"turns":3},{"damage":12,"enemies":"Centurion and Healer","floor":21,"turns":2},{"damage":11,"enemies":"3 Cultists","floor":25,"turns":4},{"damage":18,"enemies":"Snecko","floor":28,"turns":2}],"seed_played":"3030763683547683987","potions_obtained":[{"floor":1.0,"key":"ColorlessPotion"},{"floor":3.0,"key":"SkillPotion"},{"floor":14.0,"key":"Energy Potion"},{"floor":20,"key":"LiquidBronze"},{"floor":21,"key":"PowerPotion"}],"is_trial":false,"path_per_floor":["M","?","M","?","?","E","M","R","T","R","M","$","M","E","R","B",null,"M","?","M","M","?","R","?","M","T","$","M"],"character_chosen":"WATCHER","items_purchased":["Vengeance","Wallop","Potion Belt"],"campfire_rested":0,"item_purchase_floors":[12,12,27],"current_hp_per_floor":[61,61,61,66,66,66,66,66,73,73,68,68,62,44,44,44,71,60,60,60,48,48,48,27,16,16,16,0,0],"gold":19,"neow_bonus":"THREE_ENEMY_KILL","is_daily":false,"chose_seed":false,"campfire_upgraded":4,"win_rate":0.0,"timestamp":1612838340,"path_taken":["M","?","M","?","?","E","M","R","T","R","M","$","M","E","R","BOSS","M","?","M","?","?","R","?","M","T","?","M"],"items_purchased_type":["Card","Card","Relic"],"build_version":"2020-12-22","purchased_purges":1,"victory":false,"max_hp_per_floor":[68,68,68,73,73,73,73,73,80,80,80,80,80,80,80,80,80,80,80,80,80,80,80,80,80,80,80,80,80],"card_choices":[{"not_picked":["Fasting2","EmptyMind"],"picked":"WindmillStrike","floor":1.0},{"not_picked":["Halt","FearNoEvil"],"picked":"CrushJoints","floor":3.0},{"not_picked":["Crescendo","ThirdEye"],"picked":"Conclude","floor":6.0},{"not_picked":["SashWhip","Worship"],"picked":"CarveReality","floor":7.0},{"not_picked":["PathToVictory","EmptyBody"],"picked":"Protect","floor":11.0},{"not_picked":["Protect","Pray"],"picked":"Fasting2","floor":13.0},{"not_picked":["Evaluate","BowlingBash","Protect"],"picked":"SKIP","floor":14.0},{"not_picked":["Devotion","MasterReality"],"picked":"Blasphemy","floor":16.0},{"not_picked":["Protect+1","WaveOfTheHand"],"picked":"LikeWater","floor":18.0},{"not_picked":["CrushJoints+1","ForeignInfluence","Study"],"picked":"SKIP","floor":20},{"not_picked":["LikeWater+1","EmptyFist"],"picked":"Adaptation","floor":21},{"not_picked":["Study","LikeWater","EmptyBody"],"picked":"SKIP","floor":25}],"player_experience":1486533,"relics_obtained":[{"floor":6.0,"key":"Yang"},{"floor":9.0,"key":"Strawberry"},{"floor":14.0,"key":"The Courier"},{"floor":24,"key":"Enchiridion"},{"floor":26,"key":"Dead Branch"}],"event_choices":[{"damage_healed":0.0,"max_hp_gain":0.0,"max_hp_loss":0.0,"gold_gain":0.0,"cards_transformed":["Strike_P"],"event_name":"Living Wall","player_choice":"Change","floor":2.0,"gold_loss":0.0,"damage_taken":0.0,"cards_obtained":["FearNoEvil"]},{"damage_healed":0.0,"max_hp_gain":5.0,"max_hp_loss":0.0,"gold_gain":0.0,"event_name":"Big Fish","player_choice":"Donut","floor":4.0,"gold_loss":0.0,"damage_taken":0.0},{"damage_healed":0.0,"max_hp_gain":0.0,"max_hp_loss":0.0,"gold_gain":0.0,"event_name":"Liars Game","player_choice":"Ignored","floor":5.0,"gold_loss":0.0,"damage_taken":0.0},{"cards_removed":["Strike_P"],"damage_healed":0.0,"max_hp_gain":0.0,"max_hp_loss":0.0,"gold_gain":0.0,"event_name":"Bonfire Elementals","player_choice":"Offered Basic","floor":19.0,"gold_loss":0.0,"damage_taken":0.0},{"damage_healed":0,"gold_gain":0,"player_choice":"Opened","damage_taken":0,"relics_obtained":["Juzu Bracelet"],"max_hp_gain":0,"max_hp_loss":0,"event_name":"The Mausoleum","floor":22,"gold_loss":0,"cards_obtained":["Writhe"]},{"damage_healed":0,"gold_gain":0,"player_choice":"Obtained Book","damage_taken":21,"max_hp_gain":0,"max_hp_loss":0,"event_name":"Cursed Tome","floor":24,"gold_loss":0}],"is_beta":false,"boss_relics":[{"not_picked":["Fusion Hammer","Tiny House"],"picked":"Runic Pyramid"}],"items_purged_floors":[27],"is_endless":false,"potions_floor_spawned":[1,3,14,20,21],"killed_by":"Snecko","ascension_level":17}}