{"host":"dlqyscxstsnu98l1","time":1612833552,"event":{"mods":["AchievementEnabler","BaseMod","Colored Map","Colored Powertips","Downfall","GifTheSpireLib","Highlight Path","Minty Spire (QoL Compilation)","Random Character Button","SacredBarkPlus","StSLib","everything is the same but u backflip on backflip"],"gold_per_floor":[119,394,407,0,0,0,0,0,0,35,73,73,110,160,160,284,284,321,5,19,19,64,89,89,156,181,219,76,133,193,245,245,372,372,386,461,497,544,580,615,147,204,227,227,236,265,304,320,320,320,320,329,3,38,38,38],"floor_reached":55,"language":"ENG","playtime":6658,"items_purged":["Regret","Strike_R","Strike_R"],"score":966,"play_id":"883db6df-c169-47d6-879f-dd3e73af1689","local_time":"20210208191912","is_ascension_mode":true,"campfire_choices":[{"data":"HandOfGreed","floor":6,"key":"SMITH"},{"data":"Defend_R","floor":8,"key":"SMITH"},{"floor":15,"key":"REST"},{"floor":24,"key":"REST"},{"floor":32,"key":"REST"},{"floor":45,"key":"REST"},{"floor":49,"key":"RECALL"},{"floor":52,"key":"REST"}],"circlet_count":0,"master_deck":["Strike_R","Strike_R+1","Strike_R","Defend_R+1","Defend_R","Defend_R+1","Defend_R+1","Bash+1","Decay","Thunderclap","HandOfGreed+1","Thunderclap","Rage+1","Wild Strike","Fire Breathing","Impervious","Armaments","HandOfGreed+1","Shrug It Off","Immolate","Inflame","Combust+1","True Grit+1","Warcry+1","Armaments+1","Rupture","Armaments+1","True Grit+1","Power Through+1","Warcry+1","Heavy Blade"],"relics":["Burning Blood","Champion Belt","Whetstone","Kunai","Meat on the Bone","War Paint","Fusion Hammer","Singing Bowl","Dream Catcher","Ancient Tea Set","Bronze Scales","Bottled Flame","Pear","Snecko Eye","Lizard Tail","Ice Cream","Anchor","HandDrill","Regal Pillow","Toxic Egg 2","CeramicFish","Art of War","Centennial Puzzle","Vajra"],"acts_visited":["Exordium","TheCity","TheBeyond","TheEnding"],"potions_floor_usage":[3,14,20,22,23,29,29,33,33,39,40,47,55],"damage_taken":[{"damage":5,"enemies":"Small Slimes","floor":1,"turns":4},{"damage":4,"enemies":"Cultist","floor":3,"turns":3},{"damage":35,"enemies":"Lagavulin","floor":10,"turns":5},{"damage":7,"enemies":"2 Louse","floor":11,"turns":2},{"damage":18,"enemies":"Lots of Slimes","floor":13,"turns":4},{"damage":25,"enemies":"3 Sentries","floor":14,"turns":5},{"damage":22,"enemies":"The Guardian","floor":16,"turns":11},{"damage":4,"enemies":"Spheric Guardian","floor":18,"turns":5},{"damage":1,"enemies":"3 Byrds","floor":20,"turns":4},{"damage":19,"enemies":"Centurion and Healer","floor":22,"turns":7},{"damage":19,"enemies":"Book of Stabbing","floor":23,"turns":4},{"damage":13,"enemies":"Shelled Parasite and Fungi","floor":25,"turns":5},{"damage":9,"enemies":"Snake Plant","floor":27,"turns":5},{"damage":28,"enemies":"Gremlin Leader","floor":29,"turns":9},{"damage":6,"enemies":"Centurion and Healer","floor":30,"turns":8},{"damage":18,"enemies":"Slavers","floor":31,"turns":5},{"damage":61,"enemies":"Champ","floor":33,"turns":10},{"damage":13,"enemies":"3 Darklings","floor":35,"turns":3},{"damage":0,"enemies":"Mind Bloom Boss Battle","floor":36,"turns":3},{"damage":11,"enemies":"3 Shapes","floor":37,"turns":4},{"damage":9,"enemies":"2 Orb Walkers","floor":38,"turns":5},{"damage":31,"enemies":"Maw","floor":39,"turns":8},{"damage":18,"enemies":"Reptomancer","floor":40,"turns":7},{"damage":28,"enemies":"Giant Head","floor":42,"turns":8},{"damage":9,"enemies":"Spire Growth","floor":46,"turns":5},{"damage":27,"enemies":"Reptomancer","floor":47,"turns":5},{"damage":33,"enemies":"Sphere and 2 Shapes","floor":48,"turns":5},{"damage":50,"enemies":"Time Eater","floor":50,"turns":13},{"damage":94,"enemies":"Shield and Spear","floor":54,"turns":8},{"damage":107,"enemies":"The Heart","floor":55,"turns":9}],"seed_played":"172150983412635660","potions_obtained":[{"floor":1,"key":"Fire Potion"},{"floor":10,"key":"LiquidBronze"},{"floor":11,"key":"hexamod:SoulburnPotion"},{"floor":18,"key":"FearPotion"},{"floor":22,"key":"SneckoOil"},{"floor":23,"key":"PowerPotion"},{"floor":25,"key":"champ:CounterPotion"},{"floor":30,"key":"Slimebound:ThreeZeroPotion"},{"floor":31,"key":"Dexterity Potion"},{"floor":36,"key":"BloodPotion"},{"floor":39,"key":"FearPotion"},{"floor":40,"key":"LiquidMemories"},{"floor":54,"key":"PowerPotion"}],"is_trial":false,"path_per_floor":["M","?","M","$","T","R","$","R","T","E","M","?","M","E","R","B",null,"M","$","M","?","M","E","R","M","T","M","$","E","M","E","R","B",null,"M","?","M","?","M","E","$","E","T","?","R","M","E","M","R","B",null,"R","$","E","B"],"character_chosen":"IRONCLAD","items_purchased":["HandOfGreed","Whetstone","Thunderclap","Singing Bowl","Bronze Scales","HandDrill","Regal Pillow","Rupture","Heavy Blade","Centennial Puzzle"],"campfire_rested":5,"item_purchase_floors":[4,4,4,19,28,41,41,41,53,53],"current_hp_per_floor":[80,80,80,80,80,80,80,80,80,51,50,50,50,43,67,51,80,80,80,82,82,71,60,85,80,80,79,79,59,61,73,106,63,108,101,107,102,99,95,85,85,65,65,65,112,109,88,75,75,43,114,114,114,40,0,0],"gold":38,"neow_bonus":"ONE_RARE_RELIC","is_daily":false,"chose_seed":false,"campfire_upgraded":2,"win_rate":0.0,"timestamp":1612833552,"path_taken":["M","?","M","$","?","R","$","R","T","E","M","?","?","E","R","BOSS","M","$","M","?","M","E","R","M","T","M","$","E","M","E","R","BOSS","M","?","M","?","M","E","$","E","T","?","R","?","E","M","R","BOSS","R","$","E","BOSS"],"items_purchased_type":["Card","Relic","Card","Relic","Relic","Relic","Relic","Card","Card","Relic"],"build_version":"2020-12-22","purchased_purges":3,"victory":false,"max_hp_per_floor":[80,80,80,80,80,80,80,80,80,80,80,80,80,80,80,80,80,80,80,82,82,84,86,86,88,88,90,90,92,94,106,108,108,108,108,108,108,108,108,110,110,112,112,112,112,112,112,114,114,114,114,114,114,116,116,116],"card_choices":[{"not_picked":["Dark Embrace","Perfected Strike"],"picked":"Thunderclap","floor":1},{"not_picked":["Entrench","Rampage","Warcry"],"picked":"SKIP","floor":3},{"not_picked":["Battle Trance","Pommel Strike","Thunderclap"],"picked":"SKIP","floor":10},{"not_picked":["Dual Wield","Anger"],"picked":"Rage","floor":11},{"not_picked":["Iron Wave","Body Slam"],"picked":"Wild Strike","floor":13},{"not_picked":["Dropkick","Juggernaut"],"picked":"Fire Breathing","floor":14},{"not_picked":["Corruption","Brutality"],"picked":"Impervious","floor":16},{"not_picked":["Thunderclap","Cleave"],"picked":"Armaments","floor":18},{"not_picked":["Warcry","Flex","Dark Embrace"],"picked":"Singing Bowl","floor":20},{"not_picked":["Flex","Heavy Blade+1","Clothesline"],"picked":"Singing Bowl","floor":22},{"not_picked":["Sever Soul","Perfected Strike","Rupture+1"],"picked":"Singing Bowl","floor":23},{"not_picked":["Seeing Red+1","Clothesline"],"picked":"Shrug It Off","floor":24},{"not_picked":["Rupture","Dual Wield","Armaments"],"picked":"Singing Bowl","floor":25},{"not_picked":["Searing Blow","Twin Strike","Perfected Strike"],"picked":"Singing Bowl","floor":27},{"not_picked":["Intimidate","Double Tap","Infernal Blade+1"],"picked":"Singing Bowl","floor":29},{"not_picked":["Havoc","Sword Boomerang","Dual Wield"],"picked":"Singing Bowl","floor":30},{"not_picked":["Iron Wave","Heavy Blade","Evolve"],"picked":"Singing Bowl","floor":31},{"not_picked":["Thunderclap","Warcry","Twin Strike"],"picked":"Singing Bowl","floor":32},{"not_picked":["Exhume","Brutality"],"picked":"Immolate","floor":33},{"not_picked":["Perfected Strike","Clothesline"],"picked":"Inflame","floor":35},{"not_picked":["Thunderclap+1","Havoc"],"picked":"Combust+1","floor":36},{"not_picked":["Perfected Strike","Inflame"],"picked":"True Grit+1","floor":37},{"not_picked":["Dropkick","Metallicize"],"picked":"Warcry+1","floor":38},{"not_picked":["Twin Strike+1","Inflame"],"picked":"Armaments+1","floor":39},{"not_picked":["Second Wind+1","Pummel+1","Dark Embrace+1"],"picked":"Singing Bowl","floor":40},{"not_picked":["Immolate","Sword Boomerang","Anger+1"],"picked":"Singing Bowl","floor":42},{"not_picked":["Inflame","Sentinel+1"],"picked":"Armaments+1","floor":45},{"not_picked":["Thunderclap","Havoc+1"],"picked":"True Grit+1","floor":46},{"not_picked":["Ghostly Armor+1","Flex+1"],"picked":"Power Through+1","floor":47},{"not_picked":["Thunderclap+1","Searing Blow","Wild Strike+1"],"picked":"Singing Bowl","floor":48},{"not_picked":["Combust","Uppercut+1"],"picked":"Warcry+1","floor":52},{"not_picked":["Heavy Blade","Feel No Pain","Havoc+1"],"picked":"Singing Bowl","floor":54}],"player_experience":168040,"relics_obtained":[{"floor":5,"key":"Kunai"},{"floor":10,"key":"Meat on the Bone"},{"floor":14,"key":"War Paint"},{"floor":23,"key":"Dream Catcher"},{"floor":26,"key":"Ancient Tea Set"},{"floor":29,"key":"Bottled Flame"},{"floor":31,"key":"Pear"},{"floor":36,"key":"Lizard Tail"},{"floor":38,"key":"Ice Cream"},{"floor":40,"key":"Anchor"},{"floor":42,"key":"Toxic Egg 2"},{"floor":43,"key":"CeramicFish"},{"floor":47,"key":"Art of War"},{"floor":54,"key":"Vajra"}],"event_choices":[{"damage_healed":0,"gold_gain":275,"player_choice":"Desecrate","damage_taken":0,"max_hp_gain":0,"max_hp_loss":0,"event_name":"Golden Shrine","floor":2,"gold_loss":0,"cards_obtained":["Regret"]},{"damage_healed":0,"gold_gain":0,"player_choice":"Upgraded","damage_taken":0,"max_hp_gain":0,"max_hp_loss":0,"event_name":"Upgrade Shrine","floor":12,"gold_loss":0,"cards_upgraded":["Rage"]},{"damage_healed":0,"gold_gain":0,"player_choice":"Copied","damage_taken":0,"max_hp_gain":0,"max_hp_loss":0,"event_name":"Duplicator","floor":21,"gold_loss":0,"cards_obtained":["HandOfGreed"]},{"damage_healed":0,"gold_gain":0,"player_choice":"Fight","damage_taken":0,"max_hp_gain":0,"max_hp_loss":0,"event_name":"MindBloom","floor":36,"gold_loss":0},{"damage_healed":0,"gold_gain":0,"player_choice":"Fight","damage_taken":0,"max_hp_gain":0,"max_hp_loss":0,"event_name":"Mysterious Sphere","floor":38,"gold_loss":0},{"damage_healed":0,"gold_gain":0,"player_choice":"Ignored","damage_taken":0,"max_hp_gain":0,"max_hp_loss":0,"event_name":"Tomb of Lord Red Mask","floor":44,"gold_loss":0}],"is_beta":false,"boss_relics":[{"not_picked":["Busted Crown","Pandora\u0027s Box"],"picked":"Fusion Hammer"},{"not_picked":["Philosopher\u0027s Stone","Astrolabe"],"picked":"Snecko Eye"}],"items_purged_floors":[19,41,53],"is_endless":false,"potions_floor_spawned":[1,10,11,18,22,23,25,30,31,36,39,40,54],"killed_by":"The Heart","ascension_level":3}}