{"host":"s41rn2jhghpwfrvz","time":1612893073,"event":{"mods":["BaseMod","Minty Spire (QoL Compilation)","Quick Restart","Relic Stats","SuperFastMode"],"gold_per_floor":[118,118,118,118,132,132,132],"floor_reached":6,"language":"ENG","playtime":110,"items_purged":[],"score":68,"play_id":"2a207d20-7a3d-4cad-a1ac-0e89ed1c19e3","local_time":"20210209195113","daily_mods":["Allstar","Blue Cards","Binary"],"is_ascension_mode":true,"campfire_choices":[],"circlet_count":0,"master_deck":["AscendersBane","Strike_R","Strike_R+1","Strike_R","Strike_R","Strike_R","Defend_R","Defend_R+1","Defend_R","Defend_R","Bash","Mayhem","Sadistic Nature","Flash of Steel","The Bomb","Swift Strike","Sword Boomerang"],"relics":["Burning Blood","Golden Idol"],"acts_visited":["Exordium"],"potions_floor_usage":[],"damage_taken":[{"damage":14,"enemies":"Small Slimes","floor":1,"turns":3},{"damage":6,"enemies":"Cultist","floor":5,"turns":4},{"damage":17,"enemies":"Lagavulin","floor":6,"turns":5}],"seed_played":"7094448516562896474","potions_obtained":[],"is_trial":true,"path_per_floor":["M","?","?","?","M","E"],"character_chosen":"IRONCLAD","items_purchased":[],"campfire_rested":0,"item_purchase_floors":[],"current_hp_per_floor":[60,65,37,13,13,0,0],"gold":132,"neow_bonus":"","is_daily":false,"chose_seed":false,"campfire_upgraded":0,"win_rate":0.0,"timestamp":1612893073,"path_taken":["M","?","?","?","M","E"],"items_purchased_type":[],"build_version":"2020-12-22","purchased_purges":0,"victory":false,"max_hp_per_floor":[75,80,80,80,80,80,80],"relic_stats":{"counters":[3,12],"Golden Idol":3,"obtain_stats":[{"Golden Idol":3,"Burning Blood":0},{"Golden Idol":1,"Burning Blood":0},{"Golden Idol":3,"Burning Blood":0}],"Burning Blood":12},"card_choices":[{"not_picked":["Cold Snap"],"picked":"Sword Boomerang","floor":1},{"not_picked":["Thunderclap","Gash"],"picked":"SKIP","floor":5}],"player_experience":1905697,"relics_obtained":[],"event_choices":[{"damage_healed":0,"gold_gain":0,"player_choice":"Donut","damage_taken":0,"max_hp_gain":5,"max_hp_loss":0,"event_name":"Big Fish","floor":2,"gold_loss":0},{"damage_healed":0,"gold_gain":0,"player_choice":"Take Damage","damage_taken":28,"relics_obtained":["Golden Idol"],"max_hp_gain":0,"max_hp_loss":0,"event_name":"Golden Idol","floor":3,"gold_loss":0},{"damage_healed":0,"gold_gain":0,"player_choice":"Entered Light","damage_taken":24,"max_hp_gain":0,"max_hp_loss":0,"event_name":"Shining Light","floor":4,"gold_loss":0,"cards_upgraded":["Defend_R","Strike_R"]}],"is_beta":false,"boss_relics":[],"items_purged_floors":[],"is_endless":false,"potions_floor_spawned":[],"killed_by":"Lagavulin","ascension_level":20}}