{"host":"6jrd8fn9k88n08be","time":1612845186,"event":{"mods":["BaseMod","Minty Spire (QoL Compilation)","StSLib"],"gold_per_floor":[118,128,142,92,104,129,129,155,155,155,74,94,94,137,137,260,260,230,230],"floor_reached":18,"language":"ENG","playtime":1566,"items_purged":[],"score":290,"play_id":"c8257bd1-9083-40f2-900c-3dade4a3467b","local_time":"20210208233306","is_ascension_mode":true,"campfire_choices":[{"data":"Eruption","floor":7,"key":"SMITH"},{"floor":10,"key":"REST"},{"floor":15,"key":"REST"}],"circlet_count":0,"master_deck":["Eruption+1","Vigilance","Establishment","FlyingSleeves","BattleHymn","CrushJoints","WindmillStrike","EmptyBody","Tantrum","BowlingBash","LessonLearned","Wireheading","BowlingBash","WindmillStrike","FlyingSleeves","FearNoEvil","FollowUp","CutThroughFate"],"relics":["PureWater","Pear","Sundial","Golden Idol","Mango","Pandora\u0027s Box"],"acts_visited":["Exordium","TheCity"],"potions_floor_usage":[2,12,16],"damage_taken":[{"damage":2,"enemies":"Cultist","floor":1,"turns":4},{"damage":8,"enemies":"Small Slimes","floor":2,"turns":4},{"damage":5,"enemies":"Jaw Worm","floor":3,"turns":4},{"damage":31,"enemies":"Large Slime","floor":5,"turns":5},{"damage":15,"enemies":"3 Sentries","floor":6,"turns":5},{"damage":25,"enemies":"Lagavulin","floor":8,"turns":5},{"damage":4,"enemies":"Lots of Slimes","floor":12,"turns":4},{"damage":22,"enemies":"3 Sentries","floor":14,"turns":4},{"damage":0,"enemies":"Slime Boss","floor":16,"turns":4},{"damage":22,"enemies":"2 Thieves","floor":18,"turns":2}],"seed_played":"1914757066934387230","potions_obtained":[{"floor":2,"key":"Fruit Juice"},{"floor":6,"key":"LiquidMemories"},{"floor":14,"key":"ColorlessPotion"},{"floor":16,"key":"BlessingOfTheForge"}],"is_trial":false,"path_per_floor":["M","M","M","?","M","E","R","E","T","R","$","M","?","E","R","B",null,"M"],"character_chosen":"WATCHER","items_purchased":["Tantrum"],"campfire_rested":2,"item_purchase_floors":[11],"current_hp_per_floor":[70,67,62,62,31,26,26,1,1,27,27,23,23,15,43,43,95,73,73],"gold":230,"neow_bonus":"ONE_RANDOM_RARE_CARD","is_daily":false,"chose_seed":false,"campfire_upgraded":1,"win_rate":0.0,"timestamp":1612845186,"path_taken":["M","M","?","?","M","E","R","E","T","R","$","M","?","E","R","BOSS","M"],"items_purchased_type":["Card"],"build_version":"2020-12-22","purchased_purges":0,"victory":false,"max_hp_per_floor":[72,77,77,77,77,87,87,87,87,87,87,87,81,95,95,95,95,95,95],"card_choices":[{"not_picked":["ClearTheMind","EmptyBody"],"picked":"FlyingSleeves","floor":1},{"not_picked":["CarveReality","Indignation"],"picked":"BattleHymn","floor":2},{"not_picked":["BowlingBash","Crescendo"],"picked":"CrushJoints","floor":3},{"not_picked":["Protect","EmptyBody"],"picked":"WindmillStrike","floor":5},{"not_picked":["Ragnarok","FlyingSleeves","CutThroughFate"],"picked":"SKIP","floor":6},{"not_picked":["FlyingSleeves","FearNoEvil"],"picked":"EmptyBody","floor":8},{"not_picked":["DeceiveReality","EmptyBody","CrushJoints"],"picked":"SKIP","floor":12},{"not_picked":["ThirdEye","Consecrate"],"picked":"BowlingBash","floor":14},{"not_picked":["ConjureBlade","Ragnarok"],"picked":"LessonLearned","floor":16}],"player_experience":167199,"relics_obtained":[{"floor":6,"key":"Pear"},{"floor":8,"key":"Sundial"},{"floor":14,"key":"Mango"}],"event_choices":[{"cards_removed":["Strike_P"],"damage_healed":0,"gold_gain":0,"player_choice":"Card Removal","damage_taken":0,"max_hp_gain":0,"max_hp_loss":0,"event_name":"The Cleric","floor":4,"gold_loss":50},{"damage_healed":0,"gold_gain":0,"player_choice":"Lose Max HP","damage_taken":0,"relics_obtained":["Golden Idol"],"max_hp_gain":0,"max_hp_loss":6,"event_name":"Golden Idol","floor":13,"gold_loss":0}],"is_beta":false,"boss_relics":[{"not_picked":["Snecko Eye","SacredBark"],"picked":"Pandora\u0027s Box"}],"items_purged_floors":[],"is_endless":false,"potions_floor_spawned":[2,6,14,16],"killed_by":"2 Thieves","ascension_level":3}}