{"host":"vit9b6u76k1y61sh","time":1612848842,"event":{"mods":["BaseMod","Block Reminder","Colored Powertips","Highlight Path","Minty Spire (QoL Compilation)","Rare Cards Sparkle","Relic Sorter","Relic Stats","StSLib"],"gold_per_floor":[119,119,49,62,8,8,35,35,35,35,57,92,108,124,124,219,219,236,236,165,6,17,17,31,31,31,61,61,61,61,61],"floor_reached":30,"language":"ENG","playtime":1574,"items_purged":["Defend_B"],"score":343,"play_id":"459adb7a-0b40-498a-be66-0b1fa1a61008","local_time":"20210209003402","is_ascension_mode":true,"campfire_choices":[{"data":"Gash","floor":6,"key":"SMITH"},{"data":"Machine Learning","floor":8,"key":"SMITH"},{"data":"Heatsinks","floor":10,"key":"SMITH"},{"data":"Strike_B","floor":15,"key":"PURGE"},{"data":"Creative AI","floor":23,"key":"SMITH"},{"data":"Gash","floor":25,"key":"SMITH"},{"data":"Conserve Battery","floor":28,"key":"SMITH"}],"circlet_count":0,"master_deck":["Defend_B","Defend_B","Defend_B","Zap","Dualcast","Heatsinks+1","Gash+1","Leap","Machine Learning+1","Conserve Battery+1","Streamline","Conserve Battery","Creative AI+1","CurseOfTheBell","Fusion","Bite","Bite","Bite","Bite","Bite","Gash+1","Sunder","Beam Cell","Genetic Algorithm+1","Ghostly","Ghostly","Ghostly","Ghostly","Ghostly"],"relics":["Cracked Core","NeowsBlessing","Bag of Preparation","Sundial","Odd Mushroom","Peace Pipe","Calling Bell","Potion Belt","Mercury Hourglass","Lizard Tail","Anchor","Ornamental Fan","Toy Ornithopter"],"acts_visited":["Exordium","TheCity"],"potions_floor_usage":[11,12,12,16,16,16,18,24],"damage_taken":[{"damage":0,"enemies":"Small Slimes","floor":1,"turns":1},{"damage":0,"enemies":"Jaw Worm","floor":4,"turns":1},{"damage":0,"enemies":"Gremlin Nob","floor":7,"turns":1},{"damage":13,"enemies":"The Mushroom Lair","floor":11,"turns":5},{"damage":12,"enemies":"3 Sentries","floor":12,"turns":8},{"damage":0,"enemies":"Cultist","floor":13,"turns":4},{"damage":5,"enemies":"3 Louse","floor":14,"turns":3},{"damage":25,"enemies":"Slime Boss","floor":16,"turns":13},{"damage":1,"enemies":"Shell Parasite","floor":18,"turns":9},{"damage":8,"enemies":"3 Byrds","floor":22,"turns":3},{"damage":25,"enemies":"Snake Plant","floor":24,"turns":6},{"damage":28,"enemies":"Book of Stabbing","floor":27,"turns":6},{"damage":25,"enemies":"Gremlin Leader","floor":30,"turns":7}],"seed_played":"5968085474629044853","potions_obtained":[{"floor":11,"key":"EntropicBrew"},{"floor":12,"key":"AttackPotion"},{"floor":14,"key":"SkillPotion"},{"floor":16,"key":"Block Potion"},{"floor":22,"key":"BlessingOfTheForge"}],"is_trial":false,"path_per_floor":["M","?","$","M","$","R","E","R","T","R","?","E","M","M","R","B",null,"M","?","?","$","M","R","M","R","T","E","R","?","E"],"character_chosen":"DEFECT","items_purchased":["Heatsinks","Leap","Gash","Sunder"],"campfire_rested":0,"item_purchase_floors":[3,5,21,21],"current_hp_per_floor":[75,60,60,60,60,60,60,60,60,60,47,35,35,30,30,5,75,74,52,52,52,46,46,32,32,32,14,14,14,13,13],"gold":61,"neow_bonus":"THREE_ENEMY_KILL","is_daily":false,"chose_seed":false,"campfire_upgraded":6,"win_rate":0.0,"timestamp":1612848842,"path_taken":["M","?","$","M","$","R","E","R","T","R","?","E","M","M","R","BOSS","M","?","?","$","?","R","M","R","T","E","R","?","E"],"items_purchased_type":["Card","Card","Card","Card"],"build_version":"2020-12-22","purchased_purges":1,"victory":false,"max_hp_per_floor":[75,75,75,75,75,75,75,75,75,75,75,75,75,75,75,75,75,75,52,52,52,52,52,52,52,52,52,52,26,26,26],"relic_stats":{"Peace Pipe":1,"Lizard Tail":13,"counters":[13,67],"Sundial":[12],"Ornamental Fan":[12],"Bag of Preparation":[20],"obtain_stats":[{"Potion Belt":17,"NeowsBlessing":0,"Bag of Preparation":7,"Odd Mushroom":11,"Mercury Hourglass":17,"Peace Pipe":12,"Calling Bell":17,"Lizard Tail":17,"Anchor":20,"Sundial":9,"Ornamental Fan":26,"Cracked Core":0,"Toy Ornithopter":27},{"Potion Belt":8,"NeowsBlessing":0,"Bag of Preparation":3,"Odd Mushroom":4,"Mercury Hourglass":8,"Peace Pipe":5,"Calling Bell":8,"Lizard Tail":8,"Anchor":9,"Sundial":3,"Ornamental Fan":11,"Cracked Core":0,"Toy Ornithopter":12},{"Potion Belt":36,"NeowsBlessing":0,"Bag of Preparation":3,"Odd Mushroom":8,"Mercury Hourglass":36,"Peace Pipe":16,"Calling Bell":36,"Lizard Tail":36,"Anchor":45,"Sundial":3,"Ornamental Fan":54,"Cracked Core":0,"Toy Ornithopter":60}],"Toy Ornithopter":0,"Mercury Hourglass":[93]},"card_choices":[{"not_picked":["Barrage","Stack","Hologram"],"picked":"SKIP","floor":1},{"not_picked":["Beam Cell","Force Field"],"picked":"Gash","floor":4},{"not_picked":["Beam Cell","Rebound"],"picked":"Machine Learning","floor":7},{"not_picked":["Barrage","Lockon"],"picked":"Conserve Battery","floor":11},{"not_picked":["Turbo","Cold Snap","Meteor Strike"],"picked":"SKIP","floor":12},{"not_picked":["Steam","Turbo"],"picked":"Streamline","floor":13},{"not_picked":["Heatsinks","Cold Snap"],"picked":"Conserve Battery","floor":14},{"not_picked":["Electrodynamics","Multi-Cast"],"picked":"Creative AI","floor":16},{"not_picked":["Barrage","Heatsinks"],"picked":"Fusion","floor":18},{"not_picked":["Skim","Barrage"],"picked":"Beam Cell","floor":22},{"not_picked":["Barrage+1","Ball Lightning","Cold Snap+1"],"picked":"SKIP","floor":24},{"not_picked":["All For One","Redo+1"],"picked":"Genetic Algorithm+1","floor":27}],"player_experience":149028,"relics_obtained":[{"floor":7,"key":"Bag of Preparation"},{"floor":9,"key":"Sundial"},{"floor":11,"key":"Odd Mushroom"},{"floor":12,"key":"Peace Pipe"},{"floor":17,"key":"Potion Belt"},{"floor":17,"key":"Mercury Hourglass"},{"floor":17,"key":"Lizard Tail"},{"floor":26,"key":"Ornamental Fan"},{"floor":27,"key":"Toy Ornithopter"}],"event_choices":[{"damage_healed":0,"gold_gain":0,"player_choice":"Entered Light","damage_taken":15,"max_hp_gain":0,"max_hp_loss":0,"event_name":"Shining Light","floor":2,"gold_loss":0,"cards_upgraded":["Strike_B","Strike_B"]},{"damage_healed":0,"gold_gain":0,"player_choice":"Fought Mushrooms","damage_taken":0,"max_hp_gain":0,"max_hp_loss":0,"event_name":"Mushrooms","floor":11,"gold_loss":0},{"damage_healed":0,"gold_gain":0,"player_choice":"Became a vampire","damage_taken":0,"max_hp_gain":0,"max_hp_loss":23,"event_name":"Vampires","floor":19,"gold_loss":0,"cards_obtained":["Bite","Bite","Bite","Bite","Bite"]},{"damage_healed":0,"gold_gain":0,"player_choice":"Paid Gold","damage_taken":0,"relics_obtained":["Anchor"],"max_hp_gain":0,"max_hp_loss":0,"event_name":"WeMeetAgain","floor":20,"gold_loss":71},{"damage_healed":0,"gold_gain":0,"player_choice":"Became a Ghost","damage_taken":0,"max_hp_gain":0,"max_hp_loss":26,"event_name":"Ghosts","floor":29,"gold_loss":0,"cards_obtained":["Ghostly","Ghostly","Ghostly","Ghostly","Ghostly"]}],"is_beta":false,"boss_relics":[{"not_picked":["Empty Cage","Runic Dome"],"picked":"Calling Bell"}],"items_purged_floors":[21],"is_endless":false,"potions_floor_spawned":[11,12,14,16,22],"killed_by":"Gremlin Leader","ascension_level":1}}