{"host":"d76q0rb9a0s9bgr5","time":1612890540,"event":{"mods":["BaseMod","Downfall","Hubris","Minty Spire (QoL Compilation)","StSLib"],"gold_per_floor":[116,129,39,59,59,44,44,57,24,124,185,199,199,219,219,219,219,219],"floor_reached":16,"language":"ENG","playtime":793,"items_purged":["bronze:Strike"],"score":96,"play_id":"7210cbd0-2a3f-4458-af42-66bf3c1c22b4","local_time":"20210209180900","is_ascension_mode":false,"campfire_choices":[{"data":"bronze:AlphaBuild","floor":13,"key":"SMITH"},{"data":"bronze:Replicate","floor":15,"key":"SMITH"}],"circlet_count":0,"master_deck":["bronze:ChosenStrike+1","bronze:Strike","bronze:Strike","bronze:Strike","bronze:Defend","bronze:Defend","bronze:Defend","bronze:Defend","bronze:Replicate+1","bronze:Goto","bronze:FineTuning","bronze:WhirlingStrike","bronze:AlphaBuild+1","bronze:Allocate"],"relics":["bronze:BronzeCore","Centennial Puzzle","hubris:Icosahedron","Happy Flower","downfall:CloakOfManyFaces","CultistMask","FaceOfCleric","NlothsMask","GremlinMask","SsserpentHead"],"acts_visited":["Exordium"],"potions_floor_usage":[16],"damage_taken":[{"damage":0,"enemies":"Cultist","floor":1,"turns":2},{"damage":0,"enemies":"Small Slimes","floor":2,"turns":1},{"damage":0,"enemies":"downfall:FleeingMerchant","floor":3,"turns":4},{"damage":0,"enemies":"2 Louse","floor":4,"turns":2},{"damage":20,"enemies":"downfall:FleeingMerchant","floor":6,"turns":4},{"damage":0,"enemies":"Exordium Wildlife","floor":8,"turns":2},{"damage":0,"enemies":"3 Louse","floor":9,"turns":2},{"damage":10,"enemies":"downfall:FaceTrader","floor":10,"turns":5},{"damage":7,"enemies":"2 Fungi Beasts","floor":11,"turns":2},{"damage":16,"enemies":"Lots of Slimes","floor":12,"turns":2},{"damage":0,"enemies":"2 Fungi Beasts","floor":14,"turns":1},{"damage":23,"enemies":"IC_STATUS_ARCHETYPE","floor":16,"turns":4}],"seed_played":"-2454674142941719480","potions_obtained":[{"floor":2,"key":"SkillPotion"},{"floor":4,"key":"FairyPotion"},{"floor":8,"key":"bronze:BuildAFunctionPotion"},{"floor":14,"key":"Energy Potion"}],"is_trial":false,"path_per_floor":["M","M","$","M","?","$","T","M","M","?","M","M","R","M","R","B"],"character_chosen":"THE_AUTOMATON","items_purchased":[],"campfire_rested":0,"item_purchase_floors":[],"current_hp_per_floor":[70,70,70,70,70,50,50,50,50,40,34,19,19,20,20,0,0,0],"gold":219,"neow_bonus":"RANDOM_COMMON_RELIC","is_daily":false,"chose_seed":false,"campfire_upgraded":2,"win_rate":0.0,"timestamp":1612890540,"path_taken":["M","M","?","M","?","?","T","?","M","?","?","M","R","M","R","BOSS"],"items_purchased_type":[],"build_version":"2020-12-22","purchased_purges":1,"victory":false,"max_hp_per_floor":[70,70,70,70,70,70,70,70,70,70,71,72,72,73,73,73,73,73],"card_choices":[{"not_picked":["bronze:Shield","bronze:Optimize"],"picked":"bronze:FineTuning","floor":1},{"not_picked":["bronze:Deprecate","bronze:Separator","bronze:Overheat"],"picked":"SKIP","floor":2},{"not_picked":["bronze:Allocate","bronze:GetLatest","bronze:Fortify"],"picked":"SKIP","floor":3},{"not_picked":["bronze:DarkDash","bronze:Shield","bronze:Separator"],"picked":"SKIP","floor":4},{"not_picked":["bronze:Turbo","bronze:Deprecate"],"picked":"bronze:WhirlingStrike","floor":6},{"not_picked":["bronze:Turbo","bronze:FineTuning","bronze:Frontload"],"picked":"SKIP","floor":8},{"not_picked":["bronze:DigitalCarnage","bronze:Constructor","bronze:ForLoop"],"picked":"SKIP","floor":9},{"not_picked":["bronze:CutThrough","bronze:Repulsor"],"picked":"bronze:AlphaBuild","floor":10},{"not_picked":["bronze:Deprecate","bronze:Turbo"],"picked":"bronze:Allocate","floor":11},{"not_picked":["bronze:Invalidate","bronze:Turbo","bronze:Overload"],"picked":"SKIP","floor":12},{"not_picked":["bronze:BuggyMess","bronze:Safeguard","bronze:Backtrace"],"picked":"SKIP","floor":14}],"player_experience":122682,"relics_obtained":[{"floor":7,"key":"Happy Flower"},{"floor":10,"key":"downfall:CloakOfManyFaces"}],"event_choices":[],"is_beta":false,"boss_relics":[],"items_purged_floors":[3],"is_endless":false,"potions_floor_spawned":[2,4,8,10,11,14],"killed_by":"IC_STATUS_ARCHETYPE","ascension_level":0}}