{"host":"zgdag062zrknap1a","time":1612842424,"event":{"mods":["AchievementEnabler","Act Like it!","Aspiration","Bard","BaseMod","BetterRewards","Colored Map","Colored Powertips","Conspire","Downfall","Gensokyo","Hallownest","Hermit","Highlight Path","Hubris","Infinite Spire","Jorbs\u0027s Wanderer Trilogy","Marisa????????","Minty Spire (QoL Compilation)","Quick Restart","Rare Cards Sparkle","Replay The Spire","Shop Mod","StSLib","The Bug Knight","The Cursed","The Hierophant","The Necromancer","The Runesmith","The Servant 0.9.4"],"gold_per_floor":[110,129,129,129,142,173,173,173,173],"floor_reached":8,"language":"ENG","playtime":481,"items_purged":[],"score":56,"play_id":"3c1d0293-5daf-4d8b-86bc-1968f7935b84","local_time":"20210208194704","is_ascension_mode":false,"campfire_choices":[{"floor":7,"key":"RECALL"}],"circlet_count":0,"master_deck":["Strike_P","Strike_P","Strike_P","Strike_P","Defend_P","Defend_P","Defend_P","Defend_P","Vigilance","CrushJoints","PathToVictory","PathToVictory","PathToVictory"],"relics":["PureWater","Lee\u0027s Waffle","MerchantsRug","conspire:Dentures","infinitespire:ShieldingShard"],"acts_visited":["Exordium"],"potions_floor_usage":[],"damage_taken":[{"damage":0,"enemies":"Cultist","floor":1,"turns":3},{"damage":1,"enemies":"Jaw Worm","floor":2,"turns":3},{"damage":0,"enemies":"Small Slimes","floor":5,"turns":2},{"damage":25,"enemies":"Lagavulin","floor":6,"turns":4},{"damage":13,"enemies":"3 Sentries","floor":8,"turns":6}],"seed_played":"-4455738725542586839","potions_obtained":[{"floor":1,"key":"SpeedPotion"},{"floor":2,"key":"champ:CounterPotion"}],"is_trial":false,"path_per_floor":["M","M","?","?","M","E","R","E"],"character_chosen":"WATCHER","items_purchased":["CrushJoints","PathToVictory","Lee\u0027s Waffle","PathToVictory","MerchantsRug"],"campfire_rested":0,"item_purchase_floors":[0,0,0,0,0],"current_hp_per_floor":[79,78,71,68,68,43,43,30,30],"gold":173,"neow_bonus":"","is_daily":false,"chose_seed":false,"campfire_upgraded":0,"win_rate":0.0,"timestamp":1612842424,"path_taken":["M","M","?","?","M","E","R","E"],"items_purchased_type":["Card","Card","Relic","Card","Relic"],"build_version":"2020-12-22","purchased_purges":0,"victory":false,"max_hp_per_floor":[79,79,79,79,79,79,79,79,79],"card_choices":[{"not_picked":["SignatureMove","ThirdEye"],"picked":"PathToVictory","floor":1},{"not_picked":["ForeignInfluence","CrushJoints","ClearTheMind"],"picked":"SKIP","floor":2},{"not_picked":["CutThroughFate","EmptyFist","CrushJoints"],"picked":"SKIP","floor":5},{"not_picked":["BowlingBash","BattleHymn","CutThroughFate"],"picked":"SKIP","floor":6}],"player_experience":425585,"relics_obtained":[{"floor":6,"key":"infinitespire:ShieldingShard"}],"event_choices":[{"cards_removed":["Eruption"],"damage_healed":0,"gold_gain":0,"player_choice":"Card Removal","damage_taken":7,"max_hp_gain":0,"max_hp_loss":0,"event_name":"Golden Wing","floor":3,"gold_loss":0},{"damage_healed":0,"gold_gain":0,"player_choice":"Success","damage_taken":3,"relics_obtained":["conspire:Dentures"],"max_hp_gain":0,"max_hp_loss":0,"event_name":"Scrap Ooze","floor":4,"gold_loss":0}],"is_beta":false,"boss_relics":[],"items_purged_floors":[],"is_endless":false,"potions_floor_spawned":[1,2],"killed_by":"3 Sentries","ascension_level":0}}