{"host":"2e3z4r48quhw80cc","time":1612860534,"event":{"mods":["BaseMod","Minty Spire (QoL Compilation)","Quick Restart","StSLib","SuperFastMode"],"gold_per_floor":[113,128,143,143,143,179,213,213,238,282,326,360,393,429,429,523,523,537,537,7,7,42,42,89,89,114,162,162,215,263,287,287,391,391,415,16,25,25,65,113,153,191,191,227,279,322,365,689,689,796,901,928,949,964,65,65,110,146,190,211,211,232,252,272,295,321,333,452,464,489,510,522,534,595,650,677,729,790,850,910,922,984,448,448,544,544,567,601,625,639,639,639,24,57,91,127,158,191,224,284,284,380,479,551,551,551],"floor_reached":105,"language":"KOR","playtime":16704,"items_purged":["Enlightenment","Capacitor","Conserve Battery"],"score":9460,"play_id":"30cd027e-c965-438b-b037-2e705351d98e","local_time":"20210209174854","daily_mods":["SealedDeck","Vintage","Heirloom","Time Dilation","Flight","DeadlyEvents","Elite Swarm"],"is_ascension_mode":true,"campfire_choices":[{"data":"Echo Form","floor":8.0,"key":"SMITH"},{"data":"Creative AI","floor":15.0,"key":"SMITH"},{"floor":23.0,"key":"REST"},{"data":"Fission","floor":25.0,"key":"SMITH"},{"floor":28.0,"key":"REST"},{"data":"Buffer","floor":32.0,"key":"SMITH"},{"data":"Rainbow","floor":49.0,"key":"SMITH"},{"data":"Seek","floor":67.0,"key":"SMITH"},{"data":"Fission","floor":81.0,"key":"SMITH"},{"data":"Defragment","floor":84.0,"key":"SMITH"},{"data":"Consume","floor":92.0,"key":"SMITH"},{"data":"Loop","floor":101.0,"key":"SMITH"}],"circlet_count":0,"master_deck":["AscendersBane","Storm","Loop+1","Defragment+1","Capacitor","Buffer+1","Echo Form+1","Creative AI+1","Thunder Strike+1","Reboot","Amplify+1","Electrodynamics","Storm+1","Fission+1","Core Surge+1","Seek+1","Seek+1","Rainbow+1","Flash of Steel","Biased Cognition+1","Buffer+1","Buffer+1","Buffer+1","Buffer+1","Buffer+1","Defragment+1","Sweeping Beam+1","Streamline+1","Buffer+1","Multi-Cast","Creative AI+1","Consume+1","Buffer+1","Reboot","Machine Learning+1","Fission+1","Meteor Strike","Core Surge+1","Loop+1","Heatsinks+1","Finesse+1","Glacier+1","Defragment+1","Storm+1"],"relics":["Cracked Core","Lizard Tail","Dream Catcher","PreservedInsect","Prayer Wheel","Golden Idol","Kunai","Symbiotic Virus","Ancient Tea Set","Ginger","Bronze Scales","Ornamental Fan","Emotion Chip","The Courier","Black Star","Question Card","Frozen Egg 2","Runic Capacitor","CeramicFish","FaceOfCleric","Oddly Smooth Stone","MealTicket","White Beast Statue","Mummified Hand","War Paint","Unceasing Top","TungstenRod","Whetstone","Blood Vial","Peace Pipe","Bag of Marbles","Torii","Philosopher\u0027s Stone","Pantograph","Eternal Feather","Omamori","Cables","Du-Vu Doll","Art of War","Nunchaku","Turnip","Letter Opener","Mercury Hourglass","Bottled Tornado","Lantern","Centennial Puzzle","Pear","HornCleat","Akabeko","Vajra","Meat on the Bone","Smiling Mask","Old Coin","Astrolabe","Bird Faced Urn","Happy Flower","Anchor","Strawberry","Matryoshka","Bag of Preparation","Calipers","Toy Ornithopter","Regal Pillow","Pen Nib","Potion Belt","Mango","DataDisk","MawBank","Bottled Flame","Inserter","Tiny Chest","Orichalcum","Membership Card","CaptainsWheel","Toxic Egg 2","Bottled Lightning","Sozu","StrikeDummy","InkBottle","Sundial","FossilizedHelix","Singing Bowl","DollysMirror","Incense Burner","Thread and Needle","Gambling Chip","Tiny House"],"acts_visited":["Exordium","TheCity","TheBeyond","Exordium","TheCity","TheBeyond","Exordium"],"potions_floor_usage":[],"damage_taken":[{"damage":1.0,"enemies":"Small Slimes","floor":1.0,"turns":3.0},{"damage":6.0,"enemies":"2 Louse","floor":2.0,"turns":3.0},{"damage":0.0,"enemies":"Cultist","floor":3.0,"turns":4.0},{"damage":1.0,"enemies":"Lagavulin","floor":6.0,"turns":5.0},{"damage":0.0,"enemies":"Gremlin Nob","floor":7.0,"turns":4.0},{"damage":0.0,"enemies":"Lagavulin","floor":10.0,"turns":4.0},{"damage":5.0,"enemies":"3 Sentries","floor":11.0,"turns":7.0},{"damage":0.0,"enemies":"Lagavulin","floor":12.0,"turns":5.0},{"damage":0.0,"enemies":"Gremlin Nob","floor":13.0,"turns":4.0},{"damage":10.0,"enemies":"3 Sentries","floor":14.0,"turns":4.0},{"damage":18.0,"enemies":"Hexaghost","floor":16.0,"turns":6.0},{"damage":12.0,"enemies":"Chosen","floor":18.0,"turns":3.0},{"damage":33.0,"enemies":"Book of Stabbing","floor":22.0,"turns":4.0},{"damage":22.0,"enemies":"Slavers","floor":24.0,"turns":2.0},{"damage":0.0,"enemies":"Gremlin Leader","floor":27.0,"turns":2.0},{"damage":21.0,"enemies":"Slavers","floor":29.0,"turns":2.0},{"damage":0.0,"enemies":"Gremlin Leader","floor":30.0,"turns":3.0},{"damage":0.0,"enemies":"Spheric Guardian","floor":31.0,"turns":2.0},{"damage":0.0,"enemies":"Automaton","floor":33.0,"turns":3.0},{"damage":9.0,"enemies":"3 Shapes","floor":35.0,"turns":2.0},{"damage":0.0,"enemies":"Nemesis","floor":39.0,"turns":3.0},{"damage":0.0,"enemies":"Reptomancer","floor":40.0,"turns":2.0},{"damage":14.0,"enemies":"Nemesis","floor":41.0,"turns":3.0},{"damage":0.0,"enemies":"Reptomancer","floor":42.0,"turns":2.0},{"damage":0.0,"enemies":"Giant Head","floor":44.0,"turns":3.0},{"damage":0.0,"enemies":"Reptomancer","floor":45.0,"turns":2.0},{"damage":0.0,"enemies":"Giant Head","floor":46.0,"turns":1.0},{"damage":0.0,"enemies":"Reptomancer","floor":47.0,"turns":2.0},{"damage":0.0,"enemies":"3 Darklings","floor":48.0,"turns":1.0},{"damage":0.0,"enemies":"Donu and Deca","floor":50.0,"turns":3.0},{"damage":0.0,"enemies":"Time Eater","floor":51.0,"turns":3.0},{"damage":0.0,"enemies":"Cultist","floor":53.0,"turns":2.0},{"damage":0.0,"enemies":"2 Louse","floor":54.0,"turns":1.0},{"damage":0.0,"enemies":"Gremlin Nob","floor":57.0,"turns":1.0},{"damage":0.0,"enemies":"3 Sentries","floor":58.0,"turns":1.0},{"damage":0.0,"enemies":"Lagavulin","floor":59.0,"turns":1.0},{"damage":0.0,"enemies":"Jaw Worm","floor":60.0,"turns":1.0},{"damage":0.0,"enemies":"Exordium Wildlife","floor":62.0,"turns":1.0},{"damage":0.0,"enemies":"Large Slime","floor":63.0,"turns":1.0},{"damage":0.0,"enemies":"Blue Slaver","floor":64.0,"turns":1.0},{"damage":0.0,"enemies":"2 Fungi Beasts","floor":65.0,"turns":1.0},{"damage":0.0,"enemies":"Exordium Thugs","floor":66.0,"turns":1.0},{"damage":0.0,"enemies":"Slime Boss","floor":68.0,"turns":2.0},{"damage":0.0,"enemies":"Shell Parasite","floor":70.0,"turns":1.0},{"damage":0.0,"enemies":"Gremlin Leader","floor":74.0,"turns":1.0},{"damage":0.0,"enemies":"Slavers","floor":75.0,"turns":1.0},{"damage":0.0,"enemies":"Spheric Guardian","floor":76.0,"turns":1.0},{"damage":0.0,"enemies":"Gremlin Leader","floor":77.0,"turns":2.0},{"damage":0.0,"enemies":"Slavers","floor":78.0,"turns":1.0},{"damage":0.0,"enemies":"Gremlin Leader","floor":79.0,"turns":2.0},{"damage":0.0,"enemies":"Book of Stabbing","floor":80.0,"turns":2.0},{"damage":0.0,"enemies":"Slavers","floor":82.0,"turns":2.0},{"damage":0.0,"enemies":"Collector","floor":85.0,"turns":1.0},{"damage":0.0,"enemies":"Orb Walker","floor":87.0,"turns":1.0},{"damage":0.0,"enemies":"Nemesis","floor":88.0,"turns":3.0},{"damage":0.0,"enemies":"3 Darklings","floor":89.0,"turns":2.0},{"damage":0.0,"enemies":"Transient","floor":90.0,"turns":2.0},{"damage":0.0,"enemies":"Reptomancer","floor":94.0,"turns":1.0},{"damage":0.0,"enemies":"Giant Head","floor":95.0,"turns":2.0},{"damage":0.0,"enemies":"Reptomancer","floor":96.0,"turns":1.0},{"damage":0.0,"enemies":"Nemesis","floor":97.0,"turns":3.0},{"damage":0.0,"enemies":"Reptomancer","floor":98.0,"turns":1.0},{"damage":0.0,"enemies":"Nemesis","floor":99.0,"turns":1.0},{"damage":0.0,"enemies":"2 Orb Walkers","floor":100.0,"turns":2.0},{"damage":0.0,"enemies":"Time Eater","floor":102.0,"turns":3.0},{"damage":0.0,"enemies":"Awakened One","floor":103.0,"turns":2.0},{"damage":0,"enemies":"Cultist","floor":105,"turns":1}],"seed_played":"-5270116192835115043","potions_obtained":[{"floor":1.0,"key":"Energy Potion"},{"floor":6.0,"key":"SkillPotion"},{"floor":12.0,"key":"Block Potion"},{"floor":14.0,"key":"Strength Potion"},{"floor":22.0,"key":"Block Potion"},{"floor":24.0,"key":"Fire Potion"},{"floor":29.0,"key":"BlessingOfTheForge"},{"floor":35.0,"key":"FearPotion"},{"floor":48.0,"key":"DistilledChaos"},{"floor":50.0,"key":"Weak Potion"},{"floor":51.0,"key":"Fire Potion"},{"floor":54.0,"key":"DistilledChaos"},{"floor":62.0,"key":"SmokeBomb"},{"floor":63.0,"key":"Regen Potion"},{"floor":64.0,"key":"Energy Potion"},{"floor":68.0,"key":"PowerPotion"},{"floor":80.0,"key":"PowerPotion"},{"floor":82.0,"key":"FocusPotion"}],"is_trial":true,"path_per_floor":["M","M","M","?","?","E","E","R","T","E","E","E","E","E","R","B",null,"M","?","$","?","E","R","E","R","T","E","R","E","E","M","R","B",null,"M","$","?","?","E","E","E","E","T","E","E","E","E","M","R","B","B",null,"M","M","$","?","E","E","E","M","T","M","M","M","M","M","R","B",null,"M","?","?","$","E","E","M","E","E","E","E","R","E","$","R","B",null,"M","E","M","M","?","R","$","E","E","E","E","E","E","?","R","B","B",null,"M"],"character_chosen":"DEFECT","items_purchased":["Frozen Egg 2","Runic Capacitor","Storm+1","CeramicFish","Enlightenment","Eternal Feather","Omamori","Anchor","Strawberry","Matryoshka","Bag of Preparation","Calipers","Membership Card","Loop+1","Heatsinks+1","CaptainsWheel","Toxic Egg 2","Bottled Lightning","Finesse+1","FossilizedHelix","Glacier+1","Singing Bowl","DollysMirror","Incense Burner","Thread and Needle"],"campfire_rested":2,"item_purchase_floors":[20,20,20,20,36,36,36,55,55,55,55,55,83,83,83,83,83,83,83,93,93,93,93,93,93],"current_hp_per_floor":[63,57,57,33,38,37,37,37,37,37,32,32,32,22,22,4,58,46,46,46,46,14,37,16,16,16,17,40,20,23,26,26,29,70,64,79,70,70,73,76,65,68,68,71,84,87,90,93,103,104,105,105,106,107,114,114,115,116,117,118,118,119,134,135,136,137,137,138,138,139,139,96,111,134,146,147,148,149,150,151,151,152,152,152,153,153,154,155,156,157,157,157,157,160,163,166,169,172,175,178,178,181,184,189,189,189],"gold":551,"neow_bonus":"","is_daily":false,"chose_seed":false,"campfire_upgraded":10,"win_rate":0.0,"timestamp":1612860534,"path_taken":["M","M","M","?","?","E","E","R","T","E","E","E","E","E","R","BOSS","M","?","$","?","?","R","E","R","T","E","R","E","E","?","R","BOSS","M","$","?","?","?","E","E","E","T","E","E","E","E","M","R","BOSS","BOSS","M","M","$","?","?","E","E","M","T","M","M","M","?","M","R","BOSS","M","?","?","?","?","E","?","E","E","?","E","R","E","?","R","BOSS","M","?","?","?","?","R","$","E","E","?","E","E","?","?","R","BOSS","BOSS","M"],"items_purchased_type":["Relic","Relic","Card","Relic","Card","Relic","Relic","Relic","Relic","Relic","Relic","Relic","Relic","Card","Card","Relic","Relic","Relic","Card","Relic","Card","Relic","Relic","Relic","Relic"],"build_version":"2020-12-22","purchased_purges":3,"victory":false,"max_hp_per_floor":[71,71,71,71,76,76,76,76,76,76,76,76,76,76,76,76,76,76,76,76,76,77,77,78,78,78,79,79,80,81,82,82,83,83,84,84,84,84,85,86,87,88,88,89,100,101,102,103,103,104,105,105,106,107,114,114,115,116,117,118,118,119,134,135,136,137,137,138,138,139,139,144,144,145,146,147,148,149,150,151,151,152,152,152,153,153,154,155,156,157,157,157,157,160,163,166,169,172,175,178,178,181,184,189,189,189],"card_choices":[{"not_picked":["Hyperbeam","Meteor Strike"],"picked":"Buffer","floor":6.0},{"not_picked":["Core Surge","Rainbow"],"picked":"Echo Form","floor":7.0},{"not_picked":["Biased Cognition","Echo Form"],"picked":"Creative AI","floor":10.0},{"not_picked":["Rainbow","All For One"],"picked":"Thunder Strike","floor":11.0},{"not_picked":["Meteor Strike","Multi-Cast","Biased Cognition"],"picked":"SKIP","floor":12.0},{"not_picked":["Thunder Strike","Echo Form"],"picked":"Reboot","floor":13.0},{"not_picked":["Biased Cognition","Echo Form"],"picked":"Amplify","floor":14.0},{"not_picked":["Rainbow","Echo Form"],"picked":"Electrodynamics","floor":16.0},{"not_picked":["Electrodynamics+1","Hyperbeam","Multi-Cast","Thunder Strike"],"picked":"SKIP","floor":22.0},{"not_picked":["Machine Learning+1","Rainbow","Creative AI+1"],"picked":"Fission","floor":24.0},{"not_picked":["Creative AI+1","Multi-Cast","Meteor Strike"],"picked":"Core Surge","floor":27.0},{"not_picked":["Amplify","Reboot","All For One"],"picked":"Seek","floor":29.0},{"not_picked":["All For One","Hyperbeam","Creative AI+1"],"picked":"Seek","floor":30.0},{"not_picked":["Echo Form+1","Creative AI+1","Reboot"],"picked":"Rainbow","floor":33.0},{"not_picked":["Blind","Transmutation","Madness"],"picked":"Flash of Steel","floor":37.0},{"not_picked":["Meteor Strike","Creative AI+1","Core Surge"],"picked":"Biased Cognition+1","floor":39.0},{"not_picked":["Meteor Strike","Amplify","Rainbow"],"picked":"Buffer+1","floor":40.0},{"not_picked":["Thunder Strike","Amplify","Hyperbeam"],"picked":"Buffer+1","floor":41.0},{"not_picked":["Electrodynamics+1","Hyperbeam","Echo Form+1","Core Surge"],"picked":"SKIP","floor":42.0},{"not_picked":["Hyperbeam","Creative AI+1","Thunder Strike","Rainbow"],"picked":"SKIP","floor":44.0},{"not_picked":["Electrodynamics+1","Thunder Strike","Rainbow"],"picked":"Buffer+1","floor":45.0},{"not_picked":["Rainbow","Amplify","Biased Cognition+1","Hyperbeam"],"picked":"SKIP","floor":46.0},{"not_picked":["Biased Cognition+1","Hyperbeam","Thunder Strike","All For One"],"picked":"SKIP","floor":47.0},{"not_picked":["Reboot","Rainbow","Seek"],"picked":"Buffer+1","floor":50.0},{"not_picked":["Electrodynamics+1","Echo Form+1","Seek"],"picked":"Buffer+1","floor":51.0},{"not_picked":["Meteor Strike","Thunder Strike","Rainbow"],"picked":"Buffer+1","floor":57.0},{"not_picked":["Creative AI+1","Hyperbeam","Echo Form+1","Electrodynamics+1"],"picked":"SKIP","floor":58.0},{"not_picked":["Amplify","Hyperbeam","All For One"],"picked":"Multi-Cast","floor":59.0},{"not_picked":["Electrodynamics+1","Hyperbeam","Rainbow"],"picked":"Creative AI+1","floor":68.0},{"not_picked":["Electrodynamics+1","Rainbow","Reboot"],"picked":"Buffer+1","floor":74.0},{"not_picked":["Meteor Strike","Biased Cognition+1","Hyperbeam"],"picked":"Reboot","floor":75.0},{"not_picked":["Reboot","Rainbow","All For One","Seek"],"picked":"SKIP","floor":77.0},{"not_picked":["Buffer+1","Meteor Strike","Biased Cognition+1"],"picked":"Machine Learning+1","floor":78.0},{"not_picked":["Buffer+1","Machine Learning+1","Multi-Cast"],"picked":"Fission","floor":79.0},{"not_picked":["Thunder Strike","Multi-Cast","Electrodynamics+1"],"picked":"Meteor Strike","floor":80.0},{"not_picked":["Reboot","Echo Form+1","Amplify"],"picked":"Core Surge","floor":82.0},{"not_picked":["Creative AI+1","Biased Cognition+1","Echo Form+1","All For One"],"picked":"SKIP","floor":88.0},{"not_picked":["Machine Learning+1","Creative AI+1","Multi-Cast+1","Thunder Strike"],"picked":"Singing Bowl","floor":94.0},{"not_picked":["Buffer+1","Rainbow+1","Multi-Cast+1","All For One"],"picked":"Singing Bowl","floor":95.0},{"not_picked":["Thunder Strike","All For One","Amplify+1","Seek+1"],"picked":"Singing Bowl","floor":96.0},{"not_picked":["Electrodynamics+1","Machine Learning+1","Thunder Strike","Multi-Cast+1"],"picked":"Singing Bowl","floor":97.0},{"not_picked":["Machine Learning+1","Thunder Strike","Echo Form+1","Buffer+1"],"picked":"Singing Bowl","floor":98.0},{"not_picked":["Hyperbeam","Machine Learning+1","Buffer+1","Meteor Strike"],"picked":"Singing Bowl","floor":99.0},{"not_picked":["Go for the Eyes","Stack+1","Storm+1","Redo+1"],"picked":"Singing Bowl","floor":100.0},{"not_picked":["Core Surge","Hyperbeam","Buffer+1","Thunder Strike"],"picked":"Singing Bowl","floor":102.0},{"not_picked":["Rainbow+1","Multi-Cast+1","Amplify+1","Core Surge"],"picked":"Singing Bowl","floor":103.0},{"not_picked":["Gash","Beam Cell","Streamline"],"picked":"Storm+1","floor":104.0}],"player_experience":152523,"relics_obtained":[{"floor":1.0,"key":"Dream Catcher"},{"floor":2.0,"key":"PreservedInsect"},{"floor":3.0,"key":"Prayer Wheel"},{"floor":6.0,"key":"Kunai"},{"floor":7.0,"key":"Symbiotic Virus"},{"floor":9.0,"key":"Ancient Tea Set"},{"floor":10.0,"key":"Ginger"},{"floor":11.0,"key":"Bronze Scales"},{"floor":12.0,"key":"Ornamental Fan"},{"floor":13.0,"key":"Emotion Chip"},{"floor":14.0,"key":"The Courier"},{"floor":18.0,"key":"Question Card"},{"floor":22.0,"key":"Oddly Smooth Stone"},{"floor":22.0,"key":"MealTicket"},{"floor":24.0,"key":"White Beast Statue"},{"floor":24.0,"key":"Mummified Hand"},{"floor":26.0,"key":"War Paint"},{"floor":27.0,"key":"Unceasing Top"},{"floor":27.0,"key":"TungstenRod"},{"floor":29.0,"key":"Whetstone"},{"floor":29.0,"key":"Blood Vial"},{"floor":30.0,"key":"Peace Pipe"},{"floor":30.0,"key":"Bag of Marbles"},{"floor":31.0,"key":"Torii"},{"floor":35.0,"key":"Pantograph"},{"floor":39.0,"key":"Cables"},{"floor":39.0,"key":"Du-Vu Doll"},{"floor":40.0,"key":"Art of War"},{"floor":40.0,"key":"Nunchaku"},{"floor":41.0,"key":"Turnip"},{"floor":41.0,"key":"Letter Opener"},{"floor":42.0,"key":"Mercury Hourglass"},{"floor":43.0,"key":"Bottled Tornado"},{"floor":44.0,"key":"Lantern"},{"floor":44.0,"key":"Centennial Puzzle"},{"floor":45.0,"key":"Pear"},{"floor":45.0,"key":"HornCleat"},{"floor":46.0,"key":"Akabeko"},{"floor":46.0,"key":"Vajra"},{"floor":47.0,"key":"Meat on the Bone"},{"floor":47.0,"key":"Smiling Mask"},{"floor":48.0,"key":"Old Coin"},{"floor":53.0,"key":"Bird Faced Urn"},{"floor":54.0,"key":"Happy Flower"},{"floor":60.0,"key":"Toy Ornithopter"},{"floor":61.0,"key":"Regal Pillow"},{"floor":61.0,"key":"Pen Nib"},{"floor":62.0,"key":"Potion Belt"},{"floor":63.0,"key":"Mango"},{"floor":64.0,"key":"DataDisk"},{"floor":65.0,"key":"MawBank"},{"floor":66.0,"key":"Bottled Flame"},{"floor":70.0,"key":"Tiny Chest"},{"floor":76.0,"key":"Orichalcum"},{"floor":87.0,"key":"StrikeDummy"},{"floor":89.0,"key":"InkBottle"},{"floor":90.0,"key":"Sundial"},{"floor":100.0,"key":"Gambling Chip"}],"event_choices":[{"damage_healed":0.0,"max_hp_gain":0.0,"max_hp_loss":0.0,"gold_gain":0.0,"event_name":"Golden Idol","player_choice":"Take Damage","floor":4.0,"gold_loss":0.0,"damage_taken":24.0,"relics_obtained":["Golden Idol"]},{"damage_healed":0.0,"max_hp_gain":5.0,"max_hp_loss":0.0,"gold_gain":0.0,"event_name":"Big Fish","player_choice":"Donut","floor":5.0,"gold_loss":0.0,"damage_taken":0.0},{"damage_healed":0.0,"max_hp_gain":0.0,"max_hp_loss":0.0,"gold_gain":0.0,"event_name":"Ghosts","player_choice":"Ignored","floor":19.0,"gold_loss":0.0,"damage_taken":0.0},{"damage_healed":0.0,"max_hp_gain":0.0,"max_hp_loss":0.0,"gold_gain":0.0,"event_name":"FaceTrader","player_choice":"Trade","floor":21.0,"gold_loss":0.0,"damage_taken":0.0,"relics_obtained":["FaceOfCleric"]},{"damage_healed":0.0,"max_hp_gain":0.0,"max_hp_loss":0.0,"gold_gain":0.0,"event_name":"SensoryStone","player_choice":"Memory 3","floor":37.0,"gold_loss":0.0,"damage_taken":10.0},{"cards_removed":["Coolheaded"],"damage_healed":0.0,"max_hp_gain":0.0,"max_hp_loss":0.0,"gold_gain":0.0,"event_name":"Purifier","player_choice":"Purged","floor":38.0,"gold_loss":0.0,"damage_taken":0.0},{"damage_healed":0.0,"max_hp_gain":0.0,"max_hp_loss":0.0,"gold_gain":0.0,"event_name":"Upgrade Shrine","player_choice":"Upgraded","floor":56.0,"gold_loss":0.0,"damage_taken":0.0,"cards_upgraded":["Seek"]},{"damage_healed":0.0,"max_hp_gain":0.0,"max_hp_loss":0.0,"gold_gain":0.0,"event_name":"The Library","player_choice":"Read","floor":71.0,"gold_loss":0.0,"damage_taken":0.0,"cards_obtained":["Consume"]},{"damage_healed":0.0,"max_hp_gain":5.0,"max_hp_loss":0.0,"gold_gain":0.0,"event_name":"Forgotten Altar","player_choice":"Shed Blood","floor":72.0,"gold_loss":0.0,"damage_taken":49.0},{"damage_healed":0.0,"max_hp_gain":0.0,"max_hp_loss":0.0,"gold_gain":0.0,"event_name":"The Moai Head","player_choice":"Ignored","floor":91.0,"gold_loss":0.0,"damage_taken":0.0},{"damage_healed":0.0,"max_hp_gain":0.0,"max_hp_loss":0.0,"gold_gain":0.0,"event_name":"Mysterious Sphere","player_choice":"Fight","floor":100.0,"gold_loss":0.0,"damage_taken":0.0}],"is_beta":false,"boss_relics":[{"not_picked":["Calling Bell","Tiny House"],"picked":"Black Star"},{"not_picked":["Sozu","SacredBark"],"picked":"Philosopher\u0027s Stone"},{"not_picked":["Empty Cage","Runic Dome"],"picked":"Astrolabe"},{"not_picked":["Snecko Eye","Nuclear Battery"],"picked":"Inserter"},{"not_picked":["Calling Bell","Cursed Key"],"picked":"Sozu"},{"not_picked":["Fusion Hammer","Empty Cage"],"picked":"Tiny House"}],"items_purged_floors":[55,83,93],"is_endless":true,"potions_floor_spawned":[1,6,12,14,22,24,27,29,30,31,33,35,39,40,41,42,44,45,46,47,48,50,51,53,54,57,58,59,60,62,63,64,65,66,68,70,74,75,76,77,78,79,80,82,85,87,88,89,90,94,95,96,97,98,99,100,102,103],"killed_by":"Cultist","ascension_level":20}}