{"host":"8by3m8mve9y2rhh4","time":1612843327,"event":{"mods":["BaseMod","Minty Spire (QoL Compilation)","Quick Restart"],"gold_per_floor":[115,132,37,112,126,126,152,152,225,225,258,258,276,301,301,398,398,408,427,107,119,135,135,161,161,161,173,183,208,208,226,226,330,330,345,363,379,379,140,171,521,555,607,607,607,607,626,41,41,41,41,41,1,36,36,36],"floor_reached":55,"language":"ENG","playtime":2307,"items_purged":["Strike_G","Strike_G","Doubt"],"score":822,"play_id":"58ffed90-a917-4f88-b6c2-2f08f166a793","local_time":"20210209040207","is_ascension_mode":true,"campfire_choices":[{"floor":6,"key":"REST"},{"floor":8,"key":"RECALL"},{"floor":10,"key":"REST"},{"floor":15,"key":"REST"},{"floor":23,"key":"REST"},{"floor":25,"key":"REST"},{"floor":30,"key":"REST"},{"floor":32,"key":"REST"},{"floor":44,"key":"REST"},{"floor":49,"key":"REST"},{"data":"Apotheosis","floor":52,"key":"SMITH"}],"circlet_count":0,"master_deck":["Strike_G","Strike_G","Defend_G","Defend_G","Defend_G","Defend_G","Defend_G","Survivor","Neutralize","Bane","Deadly Poison+1","Escape Plan+1","Terror","Bane","Dodge and Roll+1","Crippling Poison","Acrobatics","Crippling Poison","Burst","Deadly Poison","Blur+1","Noxious Fumes","Deadly Poison","Envenom","Deadly Poison+1","Poisoned Stab","Noxious Fumes","Footwork","Apotheosis+1","Footwork"],"relics":["Cursed Key","Vajra","Blue Candle","The Courier","Happy Flower","HoveringKite","Medical Kit","Juzu Bracelet","Omamori","Bottled Lightning","Dream Catcher","Busted Crown","Lee\u0027s Waffle","Regal Pillow","Old Coin","Calipers","DollysMirror","Shuriken","Sundial"],"acts_visited":["Exordium","TheCity","TheBeyond","TheEnding"],"potions_floor_usage":[7,14,16,19,24,24,28,29,40,42,47,55,55,55],"damage_taken":[{"damage":7,"enemies":"Cultist","floor":1,"turns":5},{"damage":0,"enemies":"2 Louse","floor":2,"turns":2},{"damage":0,"enemies":"Small Slimes","floor":5,"turns":2},{"damage":20,"enemies":"3 Sentries","floor":7,"turns":10},{"damage":18,"enemies":"Gremlin Nob","floor":11,"turns":4},{"damage":0,"enemies":"Exordium Wildlife","floor":13,"turns":3},{"damage":14,"enemies":"Lagavulin","floor":14,"turns":6},{"damage":11,"enemies":"Hexaghost","floor":16,"turns":7},{"damage":25,"enemies":"2 Thieves","floor":18,"turns":4},{"damage":1,"enemies":"Chosen","floor":19,"turns":4},{"damage":7,"enemies":"3 Cultists","floor":21,"turns":5},{"damage":28,"enemies":"Sentry and Sphere","floor":22,"turns":7},{"damage":13,"enemies":"Book of Stabbing","floor":24,"turns":5},{"damage":1,"enemies":"Snecko","floor":27,"turns":4},{"damage":0,"enemies":"Cultist and Chosen","floor":28,"turns":4},{"damage":13,"enemies":"Slavers","floor":29,"turns":6},{"damage":2,"enemies":"Snake Plant","floor":31,"turns":4},{"damage":41,"enemies":"Champ","floor":33,"turns":13},{"damage":10,"enemies":"Orb Walker","floor":35,"turns":4},{"damage":10,"enemies":"3 Darklings","floor":36,"turns":4},{"damage":8,"enemies":"Sphere and 2 Shapes","floor":37,"turns":4},{"damage":23,"enemies":"Reptomancer","floor":40,"turns":6},{"damage":2,"enemies":"Mind Bloom Boss Battle","floor":41,"turns":7},{"damage":52,"enemies":"Nemesis","floor":42,"turns":7},{"damage":16,"enemies":"4 Shapes","floor":47,"turns":6},{"damage":37,"enemies":"Time Eater","floor":50,"turns":13},{"damage":65,"enemies":"Shield and Spear","floor":54,"turns":6},{"damage":33,"enemies":"The Heart","floor":55,"turns":2}],"seed_played":"-2190658837775542904","potions_obtained":[{"floor":2,"key":"CunningPotion"},{"floor":11,"key":"SpeedPotion"},{"floor":14,"key":"AttackPotion"},{"floor":16,"key":"Swift Potion"},{"floor":19,"key":"FearPotion"},{"floor":22,"key":"CunningPotion"},{"floor":24,"key":"DistilledChaos"},{"floor":28,"key":"PowerPotion"},{"floor":31,"key":"LiquidMemories"},{"floor":36,"key":"Dexterity Potion"},{"floor":41,"key":"Poison Potion"},{"floor":47,"key":"SpeedPotion"},{"floor":54,"key":"SpeedPotion"}],"is_trial":false,"path_per_floor":["M","M","$","?","M","R","E","R","T","R","E","?","M","E","R","B",null,"M","M","$","M","M","R","E","R","T","M","M","E","R","M","R","B",null,"M","M","M","?","$","E","?","E","T","R","?","?","M","$","R","B",null,"R","$","E","B"],"character_chosen":"THE_SILENT","items_purchased":["FairyPotion","Medical Kit","Acrobatics","Juzu Bracelet","Lee\u0027s Waffle","Poisoned Stab","Footwork","Apotheosis","DollysMirror","Shuriken","Strength Potion"],"campfire_rested":9,"item_purchase_floors":[3,20,20,20,39,39,48,48,48,48,53],"current_hp_per_floor":[63,63,63,52,52,70,50,50,50,70,52,38,38,24,45,34,70,45,44,44,37,9,30,17,38,38,37,37,24,45,43,64,23,70,60,50,42,42,77,54,52,23,23,61,61,61,45,45,77,40,77,77,77,12,0,0],"gold":36,"neow_bonus":"BOSS_RELIC","is_daily":false,"chose_seed":false,"campfire_upgraded":1,"win_rate":0.0,"timestamp":1612843327,"path_taken":["M","M","?","?","M","R","E","R","T","R","E","?","?","E","R","BOSS","M","M","$","M","M","R","E","R","T","M","M","E","R","M","R","BOSS","M","M","M","?","$","E","?","E","T","R","?","?","M","$","R","BOSS","R","$","E","BOSS"],"items_purchased_type":["Potion","Relic","Card","Relic","Relic","Card","Card","Card","Relic","Relic","Potion"],"build_version":"2020-12-22","purchased_purges":3,"victory":false,"max_hp_per_floor":[70,70,70,70,70,70,70,70,70,70,70,70,70,70,70,70,70,70,70,70,70,70,70,70,70,70,70,70,70,70,70,70,70,70,70,70,70,70,77,77,77,77,77,77,77,77,77,77,77,77,77,77,77,77,77,77],"card_choices":[{"not_picked":["Quick Slash","Prepared"],"picked":"Bane","floor":1},{"not_picked":["Poisoned Stab","Dagger Throw"],"picked":"Deadly Poison","floor":2},{"not_picked":["All Out Attack","Flying Knee"],"picked":"Escape Plan","floor":5},{"not_picked":["Concentrate","Choke"],"picked":"Terror","floor":7},{"not_picked":["Underhanded Strike","Masterful Stab"],"picked":"Bane","floor":11},{"not_picked":["Concentrate","Outmaneuver","Flying Knee"],"picked":"SKIP","floor":13},{"not_picked":["Riddle With Holes","Acrobatics","Flechettes"],"picked":"SKIP","floor":14},{"not_picked":["Escape Plan","Calculated Gamble"],"picked":"Dodge and Roll+1","floor":18},{"not_picked":["Cloak And Dagger","PiercingWail+1"],"picked":"Crippling Poison","floor":19},{"not_picked":["Outmaneuver","Prepared"],"picked":"Dagger Spray","floor":21},{"not_picked":["Blade Dance","Choke+1"],"picked":"Crippling Poison","floor":22},{"not_picked":["Expertise","Dodge and Roll"],"picked":"Burst","floor":24},{"not_picked":["Prepared","Slice"],"picked":"Deadly Poison","floor":27},{"not_picked":["Infinite Blades","Leg Sweep"],"picked":"Blur+1","floor":28},{"not_picked":["Bane+1","Cloak And Dagger+1"],"picked":"Noxious Fumes","floor":29},{"not_picked":["Dagger Throw","Accuracy"],"picked":"Deadly Poison","floor":30},{"not_picked":["PiercingWail","Finisher","Skewer"],"picked":"SKIP","floor":31},{"not_picked":["Tools of the Trade","Night Terror"],"picked":"Envenom","floor":33},{"not_picked":[],"picked":"Deadly Poison+1","floor":35},{"not_picked":["Riddle With Holes"],"picked":"SKIP","floor":36},{"not_picked":["Blade Dance+1"],"picked":"SKIP","floor":37},{"not_picked":["Blade Dance"],"picked":"SKIP","floor":40},{"not_picked":["Quick Slash"],"picked":"SKIP","floor":42},{"not_picked":["Bane+1"],"picked":"SKIP","floor":47},{"not_picked":["Crippling Poison"],"picked":"SKIP","floor":54}],"player_experience":767869,"relics_obtained":[{"floor":7,"key":"Vajra"},{"floor":9,"key":"Blue Candle"},{"floor":11,"key":"The Courier"},{"floor":14,"key":"Happy Flower"},{"floor":24,"key":"Omamori"},{"floor":26,"key":"Bottled Lightning"},{"floor":29,"key":"Dream Catcher"},{"floor":40,"key":"Regal Pillow"},{"floor":41,"key":"Old Coin"},{"floor":42,"key":"Calipers"},{"floor":54,"key":"Sundial"}],"event_choices":[{"damage_healed":0,"gold_gain":75,"player_choice":"Gather Gold","damage_taken":11,"max_hp_gain":0,"max_hp_loss":0,"event_name":"World of Goop","floor":4,"gold_loss":0},{"damage_healed":0,"gold_gain":0,"player_choice":"Entered Light","damage_taken":14,"max_hp_gain":0,"max_hp_loss":0,"event_name":"Shining Light","floor":12,"gold_loss":0,"cards_upgraded":["Escape Plan","Deadly Poison"]},{"cards_removed":["Strike_G"],"damage_healed":0,"gold_gain":0,"player_choice":"Offered Basic","damage_taken":0,"max_hp_gain":0,"max_hp_loss":0,"event_name":"Bonfire Elementals","floor":38,"gold_loss":0},{"damage_healed":0,"gold_gain":0,"player_choice":"Fight","damage_taken":0,"max_hp_gain":0,"max_hp_loss":0,"event_name":"MindBloom","floor":41,"gold_loss":0},{"cards_removed":["Dagger Spray"],"damage_healed":0,"gold_gain":0,"player_choice":"Removed Attack","damage_taken":0,"max_hp_gain":0,"max_hp_loss":0,"event_name":"Falling","floor":45,"gold_loss":0},{"damage_healed":0,"gold_gain":0,"player_choice":"Copied","damage_taken":0,"max_hp_gain":0,"max_hp_loss":0,"event_name":"Duplicator","floor":46,"gold_loss":0,"cards_obtained":["Noxious Fumes"]}],"is_beta":false,"boss_relics":[{"not_picked":["Runic Pyramid","Ectoplasm"],"picked":"HoveringKite"},{"not_picked":["Fusion Hammer","SacredBark"],"picked":"Busted Crown"}],"items_purged_floors":[20,39,48],"is_endless":false,"potions_floor_spawned":[2,11,14,16,19,22,24,28,31,36,37,41,47,54],"killed_by":"The Heart","ascension_level":1}}