{"host":"ydh61a5ftgdajrbo","time":1612858473,"event":{"mods":["100% Spire Juice","BaseMod","Colored Map","DeckTracker","Downfall","HololiveMod","Minty Spire (QoL Compilation)","Prisma Mod","Spire Arcade","StSLib","The Alterego","The Cursed","The Gatherer","The Jungle","The Mystic","The Servant 0.9.4","WarShipGirlsR/??¤Ö¤kR mod"],"gold_per_floor":[114,6,6,18,38,65,80,155,155,35,35,48,48,63,63,164,164],"floor_reached":16,"language":"ZHS","playtime":957,"items_purged":[],"score":154,"play_id":"99d2e640-17c7-4143-8256-2eba3cd6e084","local_time":"20210209161433","is_ascension_mode":false,"campfire_choices":[{"floor":15,"key":"REST"}],"circlet_count":0,"master_deck":["Moonworks:Strike","Moonworks:Strike","Moonworks:Strike","Moonworks:Defend","Moonworks:Defend","Moonworks:Defend","Moonworks:Defend","Moonworks:Ambush","Moonworks:LongDistanceShot","Moonworks:Dash","Moonworks:WindyEnchantment","Moonworks:IntelligenceOfficer","Moonworks:FullSpeedAlicianrone","Moonworks:BackdoorTrade","Moonworks:CloudOfSeagulls","Moonworks:JonathanRush"],"relics":["Moonworks:BrokenBomb","Moonworks:Homemark","Dead Branch","Slimebound:PreparedRelic","Meat on the Bone"],"acts_visited":["Exordium"],"potions_floor_usage":[],"damage_taken":[{"damage":6.0,"enemies":"Jaw Worm","floor":1.0,"turns":4.0},{"damage":2.0,"enemies":"Small Slimes","floor":2.0,"turns":3.0},{"damage":0.0,"enemies":"2 Louse","floor":4.0,"turns":3.0},{"damage":4.0,"enemies":"Lots of Slimes","floor":5.0,"turns":3.0},{"damage":14.0,"enemies":"Lagavulin","floor":6.0,"turns":5.0},{"damage":14.0,"enemies":"Exordium Thugs","floor":7.0,"turns":5.0},{"damage":9.0,"enemies":"3 Louse","floor":12.0,"turns":4.0},{"damage":8,"enemies":"Large Slime","floor":14,"turns":6},{"damage":36,"enemies":"The Guardian","floor":16,"turns":6}],"seed_played":"-7474381612504055765","potions_obtained":[{"floor":1.0,"key":"EssenceOfSteel"},{"floor":6.0,"key":"Strength Potion"},{"floor":7.0,"key":"Dexterity Potion"},{"floor":16,"key":"SmokeBomb"}],"is_trial":false,"path_per_floor":["M","M","?","M","M","E","M","?","T","?","T","M","$","M","R","B"],"character_chosen":"THE_STARBREAKER","items_purchased":[],"campfire_rested":1,"item_purchase_floors":[],"current_hp_per_floor":[60,58,63,63,59,45,31,20,20,13,13,16,16,20,41,17,17],"gold":164,"neow_bonus":"TEN_PERCENT_HP_BONUS","is_daily":false,"chose_seed":false,"campfire_upgraded":0,"win_rate":0.0,"timestamp":1612858473,"path_taken":["M","M","?","M","M","E","M","?","T","?","?","?","?","M","R","BOSS"],"items_purchased_type":[],"build_version":"2020-12-22","purchased_purges":0,"victory":false,"max_hp_per_floor":[66,66,71,71,71,71,71,71,71,71,71,71,71,71,71,71,71],"card_choices":[{"not_picked":["Moonworks:NicePresent","Moonworks:SakisCookie"],"picked":"Moonworks:Dash","floor":1.0},{"not_picked":["Moonworks:Assault","Moonworks:DeployBits"],"picked":"Moonworks:WindyEnchantment","floor":2.0},{"not_picked":["Moonworks:EvilSpyWorkPreparation","Moonworks:DeployBits"],"picked":"Moonworks:IntelligenceOfficer","floor":4.0},{"not_picked":["Moonworks:ExtendedPhotonRifle","Moonworks:TreasureThief"],"picked":"Moonworks:FullSpeedAlicianrone","floor":5.0},{"not_picked":["Moonworks:UnluckyCharm","Moonworks:Assault"],"picked":"Moonworks:BackdoorTrade","floor":6.0},{"not_picked":["Moonworks:NicePresent","Moonworks:ImOnFire"],"picked":"Moonworks:CloudOfSeagulls","floor":7.0},{"not_picked":["Moonworks:TreasureThief","Moonworks:Poppoformation","Moonworks:SubspaceTunnel"],"picked":"SKIP","floor":12},{"not_picked":["Moonworks:SweetBattle","Moonworks:SakisCookie"],"picked":"Moonworks:JonathanRush","floor":14}],"player_experience":371098,"relics_obtained":[{"floor":6.0,"key":"Dead Branch"},{"floor":9.0,"key":"Slimebound:PreparedRelic"},{"floor":11.0,"key":"Meat on the Bone"}],"event_choices":[{"damage_healed":0.0,"max_hp_gain":5.0,"max_hp_loss":0.0,"gold_gain":0.0,"event_name":"Big Fish","player_choice":"Donut","floor":3.0,"gold_loss":0.0,"damage_taken":0.0},{"damage_healed":0.0,"max_hp_gain":0.0,"max_hp_loss":0.0,"gold_gain":75.0,"event_name":"World of Goop","player_choice":"Gather Gold","floor":8.0,"gold_loss":0.0,"damage_taken":11.0},{"cards_removed":["Moonworks:Strike"],"damage_healed":0.0,"max_hp_gain":0.0,"max_hp_loss":0.0,"gold_gain":0.0,"event_name":"Golden Wing","player_choice":"Card Removal","floor":10.0,"gold_loss":0.0,"damage_taken":7.0}],"is_beta":false,"boss_relics":[],"items_purged_floors":[],"is_endless":false,"potions_floor_spawned":[1,6,7,16],"killed_by":"The Guardian","ascension_level":0}}