{"host":"at5b10nm0iti0w4x","time":1612909157,"event":{"mods":["2.2 Compatiblity","AchievementEnabler","BaseMod","Bestiary","Block Reminder","Colored Map","Colored Powertips","Highlight Path","Keyboard Shortcuts","Minty Spire (QoL Compilation)","Relic Stats","Slay the Relics Exporter","StSLib","SuperFastMode","Unknown Chances"],"gold_per_floor":[119,134,148,165,178,192,70,70,70,70,82,7,18,32,32,130,130,150,33,48,68,68,68,68,87,87,87,87,87],"floor_reached":28,"language":"ENG","playtime":963,"items_purged":[],"score":216,"play_id":"e5787c81-11b6-4f45-85a9-9b78eb6c9768","local_time":"20210209171917","is_ascension_mode":false,"campfire_choices":[{"data":"Fire Breathing","floor":8,"key":"SMITH"},{"data":"Barricade","floor":15,"key":"SMITH"},{"floor":23,"key":"REST"},{"data":"Limit Break","floor":27,"key":"SMITH"}],"circlet_count":0,"master_deck":["Strike_R","Strike_R","Strike_R","Strike_R","Strike_R","Defend_R","Defend_R","Defend_R","Defend_R","Bash","Iron Wave","Battle Trance","Blood for Blood","Thunderclap","Power Through","Fire Breathing+1","Wild Strike","Seeing Red","Reckless Charge","Spot Weakness","Burning Pact","Barricade+1","Limit Break+1","Iron Wave","Inflame","Wild Strike","Disarm","Reckless Charge","J.A.X.","Fire Breathing"],"relics":["Burning Blood"],"acts_visited":["Exordium","TheCity"],"potions_floor_usage":[28],"damage_taken":[{"damage":1,"enemies":"Cultist","floor":1,"turns":3},{"damage":0,"enemies":"Small Slimes","floor":2,"turns":3},{"damage":0,"enemies":"2 Louse","floor":3,"turns":3},{"damage":10,"enemies":"Looter","floor":4,"turns":3},{"damage":8,"enemies":"Large Slime","floor":5,"turns":8},{"damage":5,"enemies":"Red Slaver","floor":6,"turns":4},{"damage":3,"enemies":"2 Fungi Beasts","floor":11,"turns":3},{"damage":15,"enemies":"Exordium Thugs","floor":13,"turns":3},{"damage":27,"enemies":"Gremlin Gang","floor":14,"turns":4},{"damage":30,"enemies":"Slime Boss","floor":16,"turns":8},{"damage":44,"enemies":"3 Byrds","floor":18,"turns":6},{"damage":1,"enemies":"Chosen","floor":20,"turns":6},{"damage":27,"enemies":"Snake Plant","floor":21,"turns":5},{"damage":27,"enemies":"Snecko","floor":25,"turns":7},{"damage":31,"enemies":"Shelled Parasite and Fungi","floor":28,"turns":5}],"seed_played":"9057864177909795008","potions_obtained":[{"floor":1,"key":"LiquidMemories"},{"floor":4,"key":"SneckoOil"},{"floor":5,"key":"Weak Potion"},{"floor":20,"key":"Ancient Potion"},{"floor":21,"key":"DistilledChaos"}],"is_trial":false,"path_per_floor":["M","M","M","M","M","M","$","R","T","?","M","$","M","M","R","B",null,"M","$","M","M","$","R","?","M","T","R","M"],"character_chosen":"IRONCLAD","items_purchased":["Wild Strike","Seeing Red","Spot Weakness","Inflame","Wild Strike"],"campfire_rested":1,"item_purchase_floors":[7,7,12,19,19],"current_hp_per_floor":[80,80,80,76,74,75,75,75,75,80,80,80,71,50,50,26,80,42,42,47,26,26,50,50,29,29,29,0,0],"gold":87,"neow_bonus":"THREE_CARDS","is_daily":false,"chose_seed":false,"campfire_upgraded":3,"win_rate":0.0,"timestamp":1612909157,"path_taken":["M","M","M","M","M","M","?","R","T","?","M","$","M","M","R","BOSS","M","$","M","M","$","R","?","M","T","R","M"],"items_purchased_type":["Card","Card","Card","Card","Card"],"build_version":"2020-12-22","purchased_purges":0,"victory":false,"max_hp_per_floor":[80,80,80,80,80,80,80,80,80,80,80,80,80,80,80,80,80,80,80,80,80,80,80,80,80,80,80,80,80],"relic_stats":{"counters":[15,71],"obtain_stats":[{"Burning Blood":0},{"Burning Blood":0},{"Burning Blood":0}],"Burning Blood":64},"card_choices":[{"not_picked":["Pommel Strike","Blood for Blood"],"picked":"Iron Wave","floor":0},{"not_picked":["Clothesline","Thunderclap"],"picked":"Battle Trance","floor":1},{"not_picked":["Searing Blow","Intimidate"],"picked":"Blood for Blood","floor":2},{"not_picked":["Clothesline","Sever Soul"],"picked":"Thunderclap","floor":3},{"not_picked":["Anger","Pummel"],"picked":"Power Through","floor":4},{"not_picked":["Twin Strike","True Grit"],"picked":"Fire Breathing","floor":5},{"not_picked":["Battle Trance","Hemokinesis"],"picked":"Carnage","floor":6},{"not_picked":["Clash","Sword Boomerang"],"picked":"Reckless Charge","floor":11},{"not_picked":["Twin Strike","Sword Boomerang"],"picked":"Burning Pact","floor":13},{"not_picked":["Flex","Pummel"],"picked":"Barricade","floor":14},{"not_picked":["Barricade","Double Tap"],"picked":"Limit Break","floor":16},{"not_picked":["Clash+1","Heavy Blade"],"picked":"Iron Wave","floor":18},{"not_picked":["Flame Barrier","Blood for Blood"],"picked":"Disarm","floor":20},{"not_picked":["Burning Pact","Anger"],"picked":"Reckless Charge","floor":21},{"not_picked":["Flex","True Grit"],"picked":"Fire Breathing","floor":25}],"player_experience":83057,"relics_obtained":[],"event_choices":[{"cards_removed":["Carnage"],"damage_healed":5,"gold_gain":0,"player_choice":"Offered Uncommon","damage_taken":0,"max_hp_gain":0,"max_hp_loss":0,"event_name":"Bonfire Elementals","floor":10,"gold_loss":0},{"damage_healed":0,"gold_gain":0,"player_choice":"Obtain J.A.X.","damage_taken":0,"max_hp_gain":0,"max_hp_loss":0,"event_name":"Drug Dealer","floor":24,"gold_loss":0,"cards_obtained":["J.A.X."]}],"is_beta":false,"boss_relics":[{"not_picked":["Coffee Dripper","Empty Cage","Pandora\u0027s Box"]}],"items_purged_floors":[],"is_endless":false,"potions_floor_spawned":[1,4,5,11,16,20,21,25],"killed_by":"Shelled Parasite and Fungi","ascension_level":0}}