{"host":"gp3usc0dpezjueuv","time":1612874311,"event":{"mods":["100% Spire Juice","Act Like it!","BaseMod","BetterRewards","CapriCore","Colored Powertips","Dota2Spire","HololiveMod","Jedi Mod","Minty Spire (QoL Compilation)","Quick Restart","Remove Card Discount Mod","Replay The Spire","Spicy Shops","StSLib","Swap Starting Deck Mod"],"gold_per_floor":[116,135,30,40,115,144,144,24,24,43,63,7,22,22,22,22,22],"floor_reached":16,"language":"ZHS","playtime":739,"items_purged":["Moonworks:Strike","Moonworks:Strike","Moonworks:Strike"],"score":104,"play_id":"b0f1a6b8-2659-4207-a114-f339644d0b2a","local_time":"20210209203831","is_ascension_mode":false,"campfire_choices":[{"data":"Moonworks:UnpaidWork","floor":7,"key":"SMITH"},{"floor":15,"key":"REST"}],"circlet_count":0,"master_deck":["Moonworks:Defend","Moonworks:Defend","Moonworks:Defend","Moonworks:Defend","Moonworks:Ambush","Moonworks:LongDistanceShot","Moonworks:Assault","Moonworks:LulusLuckyEgg","Moonworks:WindyEnchantment","Moonworks:JonathanRush","Moonworks:UnpaidWork+1","Moonworks:StiffCrystal","Moonworks:EvilSpyWorkPreparation","Moonworks:CloudOfSeagulls","Moonworks:LulusLuckyEgg"],"relics":["Moonworks:BrokenBomb","Moonworks:Homemark","Pear","Dota2Spire:LinkenSphere"],"acts_visited":["Exordium"],"potions_floor_usage":[6,6,10,16],"damage_taken":[{"damage":0,"enemies":"2 Louse","floor":1,"turns":3},{"damage":1,"enemies":"Jaw Worm","floor":2,"turns":3},{"damage":4,"enemies":"Cultist","floor":3,"turns":4},{"damage":10,"enemies":"Large Slime","floor":4,"turns":8},{"damage":23,"enemies":"Replay:BlueRogue","floor":6,"turns":4},{"damage":16,"enemies":"3 Louse","floor":10,"turns":3},{"damage":0,"enemies":"Lots of Slimes","floor":11,"turns":4},{"damage":3,"enemies":"Large Slime","floor":13,"turns":6},{"damage":26,"enemies":"Hexaghost","floor":16,"turns":9}],"seed_played":"7572418726432512367","potions_obtained":[{"floor":1,"key":"Dexterity Potion"},{"floor":4,"key":"Dota2Spire:Clarity"},{"floor":6,"key":"Reflective Coating"},{"floor":11,"key":"Fire Potion"}],"is_trial":false,"path_per_floor":["M","M","M","M","?","E","R","?","T","M","M","$","M","?","R","B"],"character_chosen":"THE_STARBREAKER","items_purchased":["Moonworks:CloudOfSeagulls"],"campfire_rested":1,"item_purchase_floors":[12],"current_hp_per_floor":[60,59,55,45,34,21,21,21,21,5,5,5,2,2,23,0,0],"gold":22,"neow_bonus":"","is_daily":false,"chose_seed":false,"campfire_upgraded":1,"win_rate":0.0,"timestamp":1612874311,"path_taken":["M","M","M","M","?","E","R","?","T","M","M","$","?","?","R","BOSS"],"items_purchased_type":["Card"],"build_version":"2020-12-22","purchased_purges":3,"victory":false,"max_hp_per_floor":[60,60,60,60,60,70,70,70,70,70,70,70,70,70,70,70,70],"card_choices":[{"not_picked":["Moonworks:DevilHand","Moonworks:SakisCookie"],"picked":"Moonworks:Assault","floor":1},{"not_picked":["Moonworks:SelfDestruct","Moonworks:ForcedRevival"],"picked":"Moonworks:LulusLuckyEgg","floor":2},{"not_picked":["Moonworks:Dinner","Moonworks:BigMagnum"],"picked":"Moonworks:WindyEnchantment","floor":3},{"not_picked":["Moonworks:OutOfAmmo","Moonworks:EvilSpyWorkPreparation"],"picked":"Moonworks:JonathanRush","floor":4},{"not_picked":["Moonworks:ImOnFire","Moonworks:SealedMemories"],"picked":"Moonworks:UnpaidWork","floor":6},{"not_picked":["Moonworks:LulusLuckyEgg","Moonworks:EvilSpyWorkPreparation"],"picked":"Moonworks:StiffCrystal","floor":10},{"not_picked":["Moonworks:Poppoformation","Moonworks:ImmovableObject"],"picked":"Moonworks:EvilSpyWorkPreparation","floor":11},{"not_picked":["Moonworks:Assault","Moonworks:BindingChains"],"picked":"Moonworks:LulusLuckyEgg","floor":13}],"player_experience":507409,"relics_obtained":[{"floor":6,"key":"Pear"},{"floor":9,"key":"Dota2Spire:LinkenSphere"}],"event_choices":[{"damage_healed":0,"gold_gain":75,"player_choice":"Gather Gold","damage_taken":11,"max_hp_gain":0,"max_hp_loss":0,"event_name":"World of Goop","floor":5,"gold_loss":0},{"damage_healed":0,"gold_gain":0,"player_choice":"Bought 0 Potions","damage_taken":0,"max_hp_gain":0,"max_hp_loss":0,"event_name":"The Woman in Blue","floor":8,"gold_loss":0},{"cards_removed":["Moonworks:Strike"],"damage_healed":0,"gold_gain":0,"player_choice":"Forget","damage_taken":0,"max_hp_gain":0,"max_hp_loss":0,"event_name":"Living Wall","floor":14,"gold_loss":0}],"is_beta":false,"boss_relics":[],"items_purged_floors":[12,12,12],"is_endless":false,"potions_floor_spawned":[1,4,6,11],"killed_by":"Hexaghost","ascension_level":0}}