{"host":"zlolxa879v8f5dwy","time":1612883908,"event":{"mods":["AchievementEnabler","BaseMod","Downfall","Friendly Minions","Hermit","Hubris","Jorbs\u0027s Wanderer Trilogy","Kiyohime????","Koishi","Marisa????????","Minty Spire (QoL Compilation)","Remilia??????","StSLib","The Animator","The Cursed","The Disciple","The Hierophant","The Servant 0.9.4"],"gold_per_floor":[112,112,227,227,240,278,293,2,2,16,16,43,43,70,70,177,177,191,191,191],"floor_reached":19,"language":"ENG","playtime":1256,"items_purged":[],"score":179,"play_id":"0246015a-755b-40ef-ba43-02d5f9f16ddb","local_time":"20210209161828","is_ascension_mode":false,"campfire_choices":[{"floor":13,"key":"REST"},{"floor":15,"key":"REST"}],"circlet_count":0,"master_deck":["animator:Strike_TenSura","animator:Defend_TenSura","animator:Strike","animator:Strike","animator:Defend+1","animator:Defend+1","animator:Defend","animator:Benimaru","animator:Shuna","animator:Cocytus","animator:NarberalGamma+1","animator:Tatsumaki+1","hubris:NaturalOne","animator:Souei","animator:Rider","animator:GazelDwargon","animator:Kaijin","animator:MadokaKaname","animator:SilverFang"],"relics":["animator:LivingPicture","animator:TheMissingPiece","NeowsBlessing","hubris:Icosahedron","War Paint","Bird Faced Urn","Gambling Chip","Sozu","animator:WornHelmet"],"acts_visited":["Exordium","TheCity"],"potions_floor_usage":[12,12,16,18],"damage_taken":[{"damage":0,"enemies":"Small Slimes","floor":1,"turns":1},{"damage":0,"enemies":"Jaw Worm","floor":3,"turns":1},{"damage":0,"enemies":"2 Louse","floor":5,"turns":1},{"damage":24,"enemies":"3 Sentries","floor":6,"turns":5},{"damage":0,"enemies":"Blue Slaver","floor":7,"turns":5},{"damage":9,"enemies":"3 Louse","floor":10,"turns":3},{"damage":17,"enemies":"Gremlin Nob","floor":12,"turns":5},{"damage":3,"enemies":"Large Slime","floor":14,"turns":5},{"damage":44,"enemies":"Hexaghost","floor":16,"turns":9},{"damage":7,"enemies":"Chosen","floor":18,"turns":7}],"seed_played":"233170232725074877","potions_obtained":[{"floor":6,"key":"PowerPotion"},{"floor":10,"key":"Guardian:BlockOnCardUsePotion"},{"floor":12,"key":"Explosive Potion"},{"floor":16,"key":"GamblersBrew"}],"is_trial":false,"path_per_floor":["M","?","M","?","M","E","M","$","T","M","?","E","R","M","R","B",null,"M","?"],"character_chosen":"THE_ANIMATOR","items_purchased":["Bird Faced Urn"],"campfire_rested":2,"item_purchase_floors":[8],"current_hp_per_floor":[66,66,66,59,59,35,35,35,35,26,26,12,32,31,51,11,67,61,61,61],"gold":191,"neow_bonus":"THREE_ENEMY_KILL","is_daily":false,"chose_seed":false,"campfire_upgraded":0,"win_rate":0.0,"timestamp":1612883908,"path_taken":["M","?","M","?","M","E","M","$","T","M","?","E","R","M","R","BOSS","M","?"],"items_purchased_type":["Relic"],"build_version":"2020-12-22","purchased_purges":0,"victory":false,"max_hp_per_floor":[66,66,66,66,66,66,66,66,66,66,66,67,67,67,67,67,67,67,67,67],"card_choices":[{"not_picked":["animator:Shion","animator:Gillette"],"picked":"animator:Cocytus","floor":1},{"not_picked":["animator:EmiyaShirou","animator:TsurugaMeisai"],"picked":"animator:NarberalGamma","floor":3},{"not_picked":["animator:SayakaMiki","animator:ShinjiMatou"],"picked":"animator:Tatsumaki","floor":5},{"not_picked":["animator:Hakurou","animator:Shion"],"picked":"animator:Souei","floor":6},{"not_picked":["animator:Guy","animator:Berserker","animator:Shion"],"picked":"SKIP","floor":7},{"not_picked":["animator:IrohaTamaki","animator:Azekura"],"picked":"animator:Rider","floor":10},{"not_picked":["animator:Gillette","animator:Souei"],"picked":"animator:GazelDwargon","floor":12},{"not_picked":["animator:Souei","animator:Shuna"],"picked":"animator:Kaijin","floor":14},{"not_picked":["animator:Shizu","animator:HigakiRinne"],"picked":"animator:MadokaKaname","floor":16},{"not_picked":["animator:MamiTomoe","animator:Geryuganshoop+1"],"picked":"animator:SilverFang","floor":18}],"player_experience":170270,"relics_obtained":[{"floor":6,"key":"War Paint"},{"floor":12,"key":"Gambling Chip"}],"event_choices":[{"cards_removed":["animator:Strike"],"damage_healed":0,"gold_gain":0,"player_choice":"Card Removal","damage_taken":7,"max_hp_gain":0,"max_hp_loss":0,"event_name":"Golden Wing","floor":4,"gold_loss":0},{"damage_healed":0,"gold_gain":0,"player_choice":"Opened","damage_taken":0,"relics_obtained":["animator:WornHelmet"],"max_hp_gain":0,"max_hp_loss":0,"event_name":"The Mausoleum","floor":19,"gold_loss":0}],"is_beta":false,"boss_relics":[{"not_picked":["hubris:TerracottaHorce","bronze:MakeshiftBattery"],"picked":"Sozu"}],"items_purged_floors":[],"is_endless":false,"potions_floor_spawned":[6,10,12,16],"ascension_level":0}}