{"host":"xkmvu47k9fdstweo","time":1612841678,"event":{"mods":["BaseMod","Colored Map","Conspire","HololiveMod","Hubris","Minty Spire (QoL Compilation)","Quick Restart","Shop Mod","StSLib"],"gold_per_floor":[80,97,117,32,32,32,57,76,102,128,128,142,15,35,35,112,112,124,143,68,68,68,68,103,118,118,118,145,91,91,116,116,193,193,204,204,220,59,77,108,55,82,82,107,136,136,136,136,136,136],"floor_reached":51,"language":"ENG","playtime":1548,"items_purged":["Hololive_Defend"],"score":2247,"play_id":"c7eeea43-99f4-4930-a0bc-7632d877bda6","local_time":"20210208223438","is_ascension_mode":true,"campfire_choices":[{"data":"Hololive_CallAyundaRisu","floor":6,"key":"SMITH"},{"data":"Hololive_CallMinatoAqua","floor":11,"key":"SMITH"},{"data":"Hololive_CallNakiriAyame","floor":15,"key":"SMITH"},{"data":"Hololive_ManjiGathering","floor":23,"key":"SMITH"},{"data":"Hololive_CallNakiriAyame","floor":27,"key":"SMITH"},{"data":"Hololive_CallMoonaHoshinova","floor":30,"key":"SMITH"},{"data":"Hololive_SoulCatcher","floor":32,"key":"SMITH"},{"data":"Hololive_CocoNews","floor":46,"key":"SMITH"},{"data":"Hololive_CallAkiRosenthal","floor":49,"key":"SMITH"}],"circlet_count":0,"master_deck":["AscendersBane","Hololive_Strike+1","Hololive_Defend","Hololive_Teleport","Hololive_CallShiranuiFlare","Hololive_CallMinatoAqua+1","Hololive_CallAyundaRisu+1","Hololive_CallInugamiKorone","Hololive_CallYuzukiChoco","Hololive_CallOmaruPolka","Hololive_CallMoonaHoshinova+1","Hololive_ManjiGathering+1","Hololive_CallOzoraSubaru","Hololive_CallShirakamiFubuki","Hololive_CallYukihanaLamy","Hololive_CallTsunomakiWatame","Hololive_CallNakiriAyame+1","Hololive_ManjiGathering","Hololive_SoulCatcher+1","Hololive_Rebound+1","Hololive_IdolExercise+1","Hololive_Drill","Hololive_CallYukihanaLamy","Hololive_ManjiGathering+1","Hololive_CallMomosuzuNene+5","Hololive_CallNakiriAyame+1","Hololive_StrengthChampion","Hololive_CocoNews+1","Hololive_BringToTrial+1","Hololive_DurableLive+1","Hololive_CallShishiroBotan+1","Hololive_CallMinatoAqua","Hololive_DDD+1","Parasite","Hololive_Psychosis","Hololive_OvertimeWork+1","Hololive_Drill","Hololive_StrengthChampion","Hololive_OvertimeWork","Hololive_CallShishiroBotan","Hololive_Rebound+1","Hololive_CallMinatoAqua+1","Hololive_Trident","Hololive_CocoNews","Hololive_CallAkiRosenthal+1"],"relics":["Hololive_TheStar","Toxic Egg 2","Whetstone","FossilizedHelix","hubris:BlackHole","Torii","Juzu Bracelet","Singing Bowl","hubris:MedicalManual","hubris:Backtick","Bottled Tornado","Omamori","Potion Belt","hubris:Zylophone","Toy Ornithopter","hubris:Towel","Orrery"],"acts_visited":["Exordium","TheCity","TheBeyond"],"potions_floor_usage":[10,24,24,50,50],"damage_taken":[{"damage":0,"enemies":"Cultist","floor":1,"turns":4},{"damage":0,"enemies":"Jaw Worm","floor":2,"turns":4},{"damage":0,"enemies":"Small Slimes","floor":3,"turns":3},{"damage":0,"enemies":"Lagavulin","floor":7,"turns":4},{"damage":10,"enemies":"Exordium Thugs","floor":8,"turns":4},{"damage":0,"enemies":"3 Sentries","floor":10,"turns":5},{"damage":0,"enemies":"2 Fungi Beasts","floor":12,"turns":3},{"damage":0,"enemies":"3 Louse","floor":14,"turns":1},{"damage":0,"enemies":"The Guardian","floor":16,"turns":6},{"damage":0,"enemies":"Spheric Guardian","floor":18,"turns":3},{"damage":0,"enemies":"3 Byrds","floor":19,"turns":3},{"damage":0,"enemies":"Book of Stabbing","floor":24,"turns":3},{"damage":0,"enemies":"Shelled Parasite and Fungi","floor":25,"turns":3},{"damage":0,"enemies":"Slavers","floor":28,"turns":3},{"damage":0,"enemies":"Book of Stabbing","floor":31,"turns":3},{"damage":0,"enemies":"conspire:MysteriousRune","floor":33,"turns":6},{"damage":0,"enemies":"3 Shapes","floor":35,"turns":2},{"damage":0,"enemies":"Orb Walker","floor":37,"turns":3},{"damage":0,"enemies":"Writhing Mass","floor":39,"turns":4},{"damage":0,"enemies":"Giant Head","floor":40,"turns":6},{"damage":0,"enemies":"Nemesis","floor":42,"turns":3},{"damage":0,"enemies":"Mind Bloom Boss Battle","floor":44,"turns":3},{"damage":0,"enemies":"Giant Head","floor":45,"turns":4},{"damage":0,"enemies":"hubris:GrandSnecko","floor":50,"turns":2}],"seed_played":"-1512140574368027412","potions_obtained":[{"floor":2,"key":"Block Potion"},{"floor":7,"key":"SkillPotion"},{"floor":14,"key":"DistilledChaos"},{"floor":25,"key":"Energy Potion"},{"floor":31,"key":"Strength Potion"},{"floor":35,"key":"PowerPotion"},{"floor":39,"key":"Strength Potion"},{"floor":45,"key":"SpeedPotion"}],"is_trial":false,"path_per_floor":["M","M","M","$","?","R","E","M","T","E","R","M","$","M","R","B",null,"M","M","$","?","?","R","E","M","T","R","E","$","R","E","R","B",null,"M","?","M","$","M","E","$","E","T","?","E","R","?","$","R","B",null],"character_chosen":"Hololive_HololiveCharacter","items_purchased":["Hololive_CallOzoraSubaru","Hololive_ManjiGathering","Hololive_SoulCatcher","Hololive_ManjiGathering","Hololive_CocoNews","Hololive_DDD+1","Hololive_Drill","Orrery"],"campfire_rested":0,"item_purchase_floors":[4,13,13,20,29,38,41,48],"current_hp_per_floor":[27,27,27,27,27,27,27,17,17,17,17,17,17,17,17,17,27,27,27,27,27,27,27,27,27,27,27,27,27,27,27,27,27,29,29,29,29,29,29,29,29,29,29,29,29,29,29,19,19,29],"gold":136,"neow_bonus":"REMOVE_CARD","is_daily":false,"chose_seed":false,"campfire_upgraded":9,"win_rate":0.0,"timestamp":1612841678,"path_taken":["M","M","?","$","?","R","E","M","T","E","R","M","$","?","R","BOSS","M","M","$","?","?","R","E","M","T","R","E","$","R","E","R","BOSS","M","?","M","$","M","E","$","E","T","?","E","R","?","?","R","BOSS"],"items_purchased_type":["Card","Card","Card","Card","Card","Card","Card","Relic"],"build_version":"2020-12-22","purchased_purges":1,"victory":true,"max_hp_per_floor":[30,30,30,30,30,30,30,30,30,30,30,30,30,30,30,30,30,30,30,30,30,30,30,30,30,30,30,30,30,30,30,30,30,30,30,30,30,30,30,30,30,30,30,30,30,30,30,30,30,30],"card_choices":[{"not_picked":["Hololive_OvertimeWork","Hololive_Spy","Hololive_Drill"],"picked":"Hololive_CallOmaruPolka","floor":1},{"not_picked":["Hololive_CandyCastle","Hololive_Breathe","Hololive_Spy"],"picked":"Hololive_CallMoonaHoshinova","floor":2},{"not_picked":["Hololive_CallTokinoSora","Hololive_Breathe","Hololive_CallRoboco"],"picked":"Hololive_ManjiGathering","floor":3},{"not_picked":["Hololive_CallTokinoSora","Hololive_Trident","Hololive_CallFriendA"],"picked":"Hololive_CallShirakamiFubuki","floor":7},{"not_picked":["Hololive_CocoNews","Hololive_CallShiranuiFlare","Hololive_CallAZKi"],"picked":"Hololive_CallYukihanaLamy","floor":8},{"not_picked":["Hololive_Sequa","Hololive_Psychosis","Hololive_Rebound+1"],"picked":"Hololive_CallTsunomakiWatame","floor":10},{"not_picked":["Hololive_CallOzoraSubaru","Hololive_CallKiryuuCoco","Hololive_CallYogiri"],"picked":"Hololive_CallNakiriAyame","floor":12},{"not_picked":["Hololive_CallShirakamiFubuki","Hololive_SummonFox+1","Hololive_Psychosis"],"picked":"Hololive_Rebound+1","floor":14},{"not_picked":["Hololive_DurableLive+1","Hololive_StarCraft+1","Hololive_DiamondStrike"],"picked":"Hololive_IdolExercise+1","floor":16},{"not_picked":["Hololive_CallOmaruPolka","Hololive_Breathe+1","Hololive_FlyingPonyTail+1"],"picked":"Hololive_Drill","floor":18},{"not_picked":["Hololive_CallSpadeEcho","Hololive_Trident","Hololive_Rebound+1"],"picked":"Hololive_CallYukihanaLamy","floor":19},{"not_picked":["Hololive_CallShiranuiFlare","Hololive_OvertimeWork","Hololive_Psychosis"],"picked":"Hololive_CallMomosuzuNene+1","floor":24},{"not_picked":["Hololive_CallAmaneKanata","Hololive_Rebound+1","Hololive_CallUsadaPekora"],"picked":"Hololive_CallNakiriAyame","floor":25},{"not_picked":["Hololive_LuckPotion+1","Hololive_Psychosis","Hololive_FlyingPonyTail+1"],"picked":"Hololive_StrengthChampion","floor":28},{"not_picked":["Hololive_FlyingPonyTail+1","Hololive_CallYogiri","Hololive_CallHimemoriLuna"],"picked":"Hololive_BringToTrial+1","floor":31},{"not_picked":["Hololive_Rebirth+1","Hololive_AWSL","Hololive_HighAtkLowDef+1"],"picked":"Hololive_DurableLive+1","floor":33},{"not_picked":["Hololive_OvertimeWork+1","Hololive_CocoNews","Hololive_CallYuzukiChoco"],"picked":"Hololive_CallShishiroBotan","floor":35},{"not_picked":["Hololive_CallOmaruPolka","Hololive_CallDoris","Hololive_StrengthChampion"],"picked":"Hololive_CallMinatoAqua","floor":37},{"not_picked":["Hololive_StrengthChampion","Hololive_Sequa","Hololive_Drill"],"picked":"Hololive_Psychosis","floor":39},{"not_picked":["Hololive_Teleport+1","Hololive_Sequa","Hololive_RevenueBasedLive+1"],"picked":"Hololive_OvertimeWork+1","floor":40},{"not_picked":["Hololive_Nanodesu","Hololive_CallOmaruPolka+1","Hololive_FlyingPonyTail+1"],"picked":"Hololive_StrengthChampion","floor":42},{"not_picked":["Hololive_Breathe+1","Hololive_LuckPotion+1","Hololive_CallHimemoriLuna+1"],"picked":"Hololive_OvertimeWork","floor":44},{"not_picked":["Hololive_Trident+1","Hololive_CallOkamiMio","Hololive_RevenueBasedLive+1"],"picked":"Hololive_CallShishiroBotan","floor":45},{"not_picked":["Hololive_ILoveYou+1","Hololive_CallTokoyamiTowa+1","Hololive_Teleport+1"],"picked":"Hololive_Rebound+1","floor":48},{"not_picked":["Hololive_MaximGun","Hololive_CallAZKi","Hololive_Drill"],"picked":"Hololive_CallMinatoAqua+1","floor":48},{"not_picked":["Hololive_StrengthChampion","Hololive_CallShiroganeNoel+1","Hololive_Sequa"],"picked":"Hololive_Trident","floor":48},{"not_picked":["Hololive_RevenueBasedLive+1","Hololive_CallMoonaHoshinova","Hololive_HuntDinosaur+1"],"picked":"Hololive_CocoNews","floor":48},{"not_picked":["Hololive_OvertimeWork+1","Hololive_FlyingPonyTail+1","Hololive_HuntDinosaur+1"],"picked":"Hololive_CallAkiRosenthal","floor":48}],"player_experience":346265,"relics_obtained":[{"floor":7,"key":"Toxic Egg 2"},{"floor":9,"key":"Whetstone"},{"floor":10,"key":"FossilizedHelix"},{"floor":24,"key":"Torii"},{"floor":26,"key":"Juzu Bracelet"},{"floor":28,"key":"Singing Bowl"},{"floor":31,"key":"hubris:MedicalManual"},{"floor":40,"key":"Omamori"},{"floor":42,"key":"Potion Belt"},{"floor":43,"key":"hubris:Zylophone"},{"floor":45,"key":"Toy Ornithopter"}],"event_choices":[{"damage_healed":0,"gold_gain":0,"player_choice":"0 cards matched","damage_taken":0,"max_hp_gain":0,"max_hp_loss":0,"event_name":"Match and Keep!","floor":5,"gold_loss":0,"cards_obtained":[]},{"damage_healed":0,"gold_gain":0,"player_choice":"Ignored","damage_taken":0,"max_hp_gain":0,"max_hp_loss":0,"event_name":"Vampires","floor":22,"gold_loss":0},{"damage_healed":0,"gold_gain":0,"player_choice":"Fight","damage_taken":0,"max_hp_gain":0,"max_hp_loss":0,"event_name":"MindBloom","floor":44,"gold_loss":0}],"is_beta":false,"boss_relics":[{"not_picked":["Tiny House","conspire:SeveredTorchhead"],"picked":"hubris:BlackHole"},{"not_picked":["Busted Crown","Calling Bell"],"picked":"hubris:Backtick"}],"items_purged_floors":[38],"is_endless":false,"potions_floor_spawned":[2,7,8,14,16,19,25,31,35,39,45],"ascension_level":17}}