{"host":"zxo0hh95ci93qotr","time":1612860107,"event":{"mods":["AchievementEnabler","BaseMod","Googly Eyes","Minty Spire (QoL Compilation)","StSLib"],"gold_per_floor":[115,125,140,45,59,93,111,143,190,163,163,180,198,230,230,335,335,355,355,366,366,382,382,411,425,425,455,465,465,481,516,516,613,613,625,637,657,670,277,305,75,75,75,110,110,135,135,153,153,153],"floor_reached":51,"language":"ENG","playtime":2755,"items_purged":["Warcry"],"score":911,"play_id":"69f760ac-df49-4536-bda1-fa5190447e67","local_time":"20210209024147","is_ascension_mode":true,"campfire_choices":[{"data":"Armaments","floor":11,"key":"SMITH"},{"data":"Infernal Blade","floor":15,"key":"SMITH"},{"data":"Perfected Strike","floor":23,"key":"SMITH"},{"floor":29,"key":"REST"},{"data":"Berserk","floor":32,"key":"SMITH"},{"floor":45,"key":"REST"},{"data":"Iron Wave","floor":47,"key":"SMITH"},{"floor":49,"key":"REST"}],"circlet_count":0,"master_deck":["Strike_R","Strike_R","Strike_R","Strike_R","Strike_R","Defend_R","Defend_R","Defend_R","Defend_R","Bash","Infernal Blade+1","Armaments+1","Dramatic Entrance","Dropkick","Thunderclap","Warcry","Perfected Strike+1","Iron Wave+1","Metallicize","Berserk+1","Pommel Strike","Pommel Strike","Pommel Strike","Offering","Iron Wave+1","Ghostly Armor+1","Wild Strike+1","Cleave+1","Clothesline","Offering","Pommel Strike+1","Armaments+1","Shrug It Off+1","Master of Strategy","Impervious","Deep Breath","Spot Weakness+1","Shrug It Off+1","Bandage Up","Flash of Steel","Dark Shackles","Rupture+1","Shrug It Off"],"relics":["Burning Blood","NeowsBlessing","StoneCalendar","Omamori","Potion Belt","Letter Opener","Cursed Key","Bag of Preparation","Ornamental Fan","Regal Pillow","Centennial Puzzle","Runic Cube","Lantern","Champion Belt","Orrery","Pear","FossilizedHelix","Thread and Needle"],"acts_visited":["Exordium","TheCity","TheBeyond"],"potions_floor_usage":[8,13,14,20,24,24,33,33,33,38,38,40,44,50,50],"damage_taken":[{"damage":0,"enemies":"Cultist","floor":1,"turns":1},{"damage":0,"enemies":"Small Slimes","floor":2,"turns":1},{"damage":0,"enemies":"2 Louse","floor":3,"turns":2},{"damage":3,"enemies":"Lots of Slimes","floor":5,"turns":2},{"damage":11,"enemies":"Gremlin Nob","floor":6,"turns":3},{"damage":1,"enemies":"Exordium Thugs","floor":7,"turns":3},{"damage":12,"enemies":"3 Sentries","floor":8,"turns":7},{"damage":0,"enemies":"Exordium Wildlife","floor":12,"turns":3},{"damage":0,"enemies":"Large Slime","floor":13,"turns":5},{"damage":16,"enemies":"Lagavulin","floor":14,"turns":7},{"damage":27,"enemies":"Slime Boss","floor":16,"turns":7},{"damage":15,"enemies":"2 Thieves","floor":18,"turns":5},{"damage":14,"enemies":"Shell Parasite","floor":20,"turns":6},{"damage":16,"enemies":"Snake Plant","floor":22,"turns":3},{"damage":14,"enemies":"Gremlin Leader","floor":24,"turns":4},{"damage":6,"enemies":"Centurion and Healer","floor":25,"turns":3},{"damage":25,"enemies":"Book of Stabbing","floor":27,"turns":4},{"damage":6,"enemies":"Shelled Parasite and Fungi","floor":28,"turns":1},{"damage":0,"enemies":"Snake Plant","floor":30,"turns":2},{"damage":23,"enemies":"Gremlin Leader","floor":31,"turns":5},{"damage":38,"enemies":"Automaton","floor":33,"turns":7},{"damage":12,"enemies":"Orb Walker","floor":35,"turns":1},{"damage":12,"enemies":"3 Darklings","floor":36,"turns":2},{"damage":12,"enemies":"Sphere and 2 Shapes","floor":37,"turns":2},{"damage":12,"enemies":"Maw","floor":38,"turns":4},{"damage":29,"enemies":"Reptomancer","floor":40,"turns":7},{"damage":25,"enemies":"Nemesis","floor":44,"turns":7},{"damage":12,"enemies":"Reptomancer","floor":46,"turns":4},{"damage":0,"enemies":"Jaw Worm Horde","floor":48,"turns":3},{"damage":22,"enemies":"Awakened One","floor":50,"turns":11}],"seed_played":"8270598508359742497","potions_obtained":[{"floor":3,"key":"Fire Potion"},{"floor":5,"key":"Strength Potion"},{"floor":8,"key":"Block Potion"},{"floor":12,"key":"HeartOfIron"},{"floor":13,"key":"SpeedPotion"},{"floor":19,"key":"Block Potion"},{"floor":19,"key":"Explosive Potion"},{"floor":19,"key":"Strength Potion"},{"floor":22,"key":"Energy Potion"},{"floor":27,"key":"DistilledChaos"},{"floor":30,"key":"ElixirPotion"},{"floor":33,"key":"LiquidMemories"},{"floor":36,"key":"FearPotion"},{"floor":37,"key":"DuplicationPotion"},{"floor":44,"key":"BlessingOfTheForge"},{"floor":48,"key":"LiquidBronze"}],"is_trial":false,"path_per_floor":["M","M","M","$","M","E","M","E","T","$","R","M","M","E","R","B",null,"M","?","M","?","M","R","E","M","T","E","M","R","M","E","R","B",null,"M","M","M","M","$","E","$","?","T","E","R","E","R","M","R","B",null],"character_chosen":"IRONCLAD","items_purchased":["Dramatic Entrance","Iron Wave","Lantern","Master of Strategy","Deep Breath","Orrery"],"campfire_rested":3,"item_purchase_floors":[4,10,39,39,41,41],"current_hp_per_floor":[80,80,80,80,80,75,80,74,74,74,74,80,80,70,70,49,80,71,71,63,63,53,53,45,45,45,26,26,65,71,54,54,22,80,74,68,62,56,56,33,33,23,33,18,60,58,58,64,90,78],"gold":153,"neow_bonus":"THREE_ENEMY_KILL","is_daily":false,"chose_seed":false,"campfire_upgraded":5,"win_rate":0.0,"timestamp":1612860107,"path_taken":["M","M","M","$","M","E","M","E","T","$","R","M","?","E","R","BOSS","M","?","?","?","M","R","E","M","T","E","M","R","M","E","R","BOSS","M","M","M","M","$","E","$","?","T","E","R","E","R","M","R","BOSS"],"items_purchased_type":["Card","Card","Relic","Card","Card","Relic"],"build_version":"2020-12-22","purchased_purges":1,"victory":true,"max_hp_per_floor":[80,80,80,80,80,80,80,80,80,80,80,80,80,80,80,80,80,80,80,80,80,80,80,80,80,80,80,80,80,80,80,80,80,80,80,80,80,80,80,80,80,80,90,90,90,90,90,90,90,90],"card_choices":[{"not_picked":["Havoc","Carnage"],"picked":"Infernal Blade","floor":1},{"not_picked":["Pommel Strike","Iron Wave"],"picked":"Armaments","floor":2},{"not_picked":["True Grit","Body Slam"],"picked":"Havoc","floor":3},{"not_picked":["Bloodletting","Pommel Strike"],"picked":"Dropkick","floor":5},{"not_picked":["Body Slam","Power Through"],"picked":"Thunderclap","floor":6},{"not_picked":["Clash","Thunderclap"],"picked":"Warcry","floor":7},{"not_picked":["Anger","Clash"],"picked":"Perfected Strike","floor":8},{"not_picked":["Second Wind","Warcry"],"picked":"Metallicize","floor":12},{"not_picked":["Juggernaut","Combust","Dark Embrace"],"picked":"SKIP","floor":13},{"not_picked":["Flex","Pummel","Second Wind"],"picked":"SKIP","floor":14},{"not_picked":["Double Tap","Fiend Fire"],"picked":"Berserk","floor":16},{"not_picked":["Sword Boomerang","Heavy Blade+1"],"picked":"Pummel+1","floor":18},{"not_picked":["Wild Strike","Ghostly Armor"],"picked":"Pommel Strike","floor":20},{"not_picked":["True Grit","Havoc"],"picked":"Offering","floor":22},{"not_picked":["Second Wind","Rage"],"picked":"Iron Wave+1","floor":24},{"not_picked":["Searing Blow+1","Inflame+1"],"picked":"Ghostly Armor+1","floor":25},{"not_picked":["Anger","Body Slam"],"picked":"Wild Strike+1","floor":27},{"not_picked":["Warcry+1","Anger"],"picked":"Cleave+1","floor":28},{"not_picked":["Thunderclap+1","Burning Pact"],"picked":"Clothesline","floor":30},{"not_picked":["Clash+1","Thunderclap"],"picked":"Warcry","floor":31},{"not_picked":["Juggernaut","Demon Form"],"picked":"Offering","floor":33},{"not_picked":["Clothesline+1","Thunderclap","Reckless Charge+1"],"picked":"SKIP","floor":35},{"not_picked":["Searing Blow+1","Uppercut+1"],"picked":"Pommel Strike+1","floor":36},{"not_picked":["Pommel Strike","Headbutt"],"picked":"Armaments+1","floor":37},{"not_picked":["Entrench","Seeing Red"],"picked":"Shrug It Off+1","floor":38},{"not_picked":["Armaments+1","Infernal Blade"],"picked":"Impervious","floor":40},{"not_picked":["True Grit+1","Twin Strike"],"picked":"Spot Weakness+1","floor":41},{"not_picked":["Cleave+1","True Grit+1"],"picked":"Shrug It Off+1","floor":41},{"not_picked":["Impatience","Purity"],"picked":"Bandage Up","floor":42},{"not_picked":["Madness","Trip"],"picked":"Flash of Steel","floor":42},{"not_picked":["Sadistic Nature","Forethought"],"picked":"Dark Shackles","floor":42},{"not_picked":["Twin Strike","Clothesline","Body Slam+1"],"picked":"SKIP","floor":44},{"not_picked":["Combust","Cleave+1"],"picked":"Rupture+1","floor":46},{"not_picked":["Rupture+1","Uppercut"],"picked":"Shrug It Off","floor":48}],"player_experience":211659,"relics_obtained":[{"floor":6,"key":"StoneCalendar"},{"floor":8,"key":"Omamori"},{"floor":9,"key":"Potion Belt"},{"floor":14,"key":"Letter Opener"},{"floor":24,"key":"Bag of Preparation"},{"floor":26,"key":"Ornamental Fan"},{"floor":27,"key":"Regal Pillow"},{"floor":31,"key":"Centennial Puzzle"},{"floor":40,"key":"Champion Belt"},{"floor":43,"key":"Pear"},{"floor":44,"key":"FossilizedHelix"},{"floor":46,"key":"Thread and Needle"}],"event_choices":[{"damage_healed":0,"gold_gain":0,"player_choice":"Got Potions","damage_taken":0,"max_hp_gain":0,"max_hp_loss":0,"event_name":"Lab","floor":19,"gold_loss":0},{"damage_healed":0,"gold_gain":0,"cards_transformed":["Havoc","Pummel"],"player_choice":"Became Test Subject","damage_taken":0,"max_hp_gain":0,"max_hp_loss":0,"event_name":"Drug Dealer","floor":21,"gold_loss":0,"cards_obtained":["Pommel Strike","Pommel Strike"]},{"damage_healed":0,"gold_gain":0,"player_choice":"Memory 3","damage_taken":10,"max_hp_gain":0,"max_hp_loss":0,"event_name":"SensoryStone","floor":42,"gold_loss":0}],"is_beta":false,"boss_relics":[{"not_picked":["Fusion Hammer","Snecko Eye"],"picked":"Cursed Key"},{"not_picked":["SacredBark","Coffee Dripper"],"picked":"Runic Cube"}],"items_purged_floors":[39],"is_endless":false,"potions_floor_spawned":[3,5,8,12,13,22,27,30,33,36,37,44,48],"ascension_level":1}}