{"host":"k7m72kgq8xdir5ne","time":1612851642,"event":{"mods":["ATMod(阿瑾Mod)","AchievementEnabler","Act Like it!","BaseMod","Friendly Minions","Gensokyo","LagranYue(拉格朗・月)","Minty Spire (QoL Compilation)","Quick Restart","RumiaBox-露米娅的神秘盒子","Shop Mod","Spicy Shops","StSLib","SuperFastMode","TestMod","Yakumo Yukari mod","【功能Mod】Neow奖励","【功能Mod】混沌之环修复补丁","篝火指南"],"gold_per_floor":[416,416,433,451,451,483,658,469,493,526,526,546,366,366,366,463,463,475,493,493,507,606,606,636,636,636,360,388,401,427,442,442,544,544,561,561,561,571,582,363,398,186,186,186,186,214,233,233,233,233,233,233,33,62,62],"floor_reached":56,"language":"ZHS","playtime":1406,"items_purged":["Doubt","Strike_R","Strike_R","Strike_R","Defend_R","Bash"],"score":1890,"play_id":"94df146f-868e-434a-819e-794e1c430a13","local_time":"20210209142042","is_ascension_mode":true,"campfire_choices":[{"floor":15.0,"key":"RECALL"},{"floor":23.0,"key":"REST"},{"floor":25.0,"key":"REST"},{"floor":32.0,"key":"REST"},{"floor":49.0,"key":"REST"},{"data":"Corruption","floor":52.0,"key":"SMITH"}],"circlet_count":0,"master_deck":["Defend_R","Defend_R","AT_DiedThrough+1","Perfected Strike","True Grit","Perfected Strike","Combust","AT_BodySlamDance","AT_DiedThrough","Dark Embrace","Evolve","Double Tap","Limit Break","Flex","Infernal Blade","Entrench","Corruption+1","Writhe","AT_DiedThrough","Feel No Pain","Power Through","testmod-Wormhole","Battle Trance"],"relics":["testmod-TestBox","LagranYue:RandomDrawCardRelic","testmod-CrystalShield","testmod-EnergyCheck","AddBug","SecretRecord","Baka","SecretRecord","SecretRecord","SecretRecord","SecretRecord","SecretRecord"],"acts_visited":["Exordium","TheCity","TheBeyond","TheEnding"],"potions_floor_usage":[],"damage_taken":[{"damage":4.0,"enemies":"Jaw Worm","floor":1.0,"turns":4.0},{"damage":7.0,"enemies":"Small Slimes","floor":3.0,"turns":2.0},{"damage":0.0,"enemies":"2 Louse","floor":4.0,"turns":2.0},{"damage":8.0,"enemies":"Gremlin Nob","floor":6.0,"turns":3.0},{"damage":2.0,"enemies":"Lagavulin","floor":10.0,"turns":3.0},{"damage":11.0,"enemies":"Looter","floor":12.0,"turns":2.0},{"damage":3.0,"enemies":"The Guardian","floor":16.0,"turns":5.0},{"damage":8.0,"enemies":"Spheric Guardian","floor":18.0,"turns":3.0},{"damage":39.0,"enemies":"3 Byrds","floor":19.0,"turns":4.0},{"damage":66.0,"enemies":"Shelled Parasite and Fungi","floor":21.0,"turns":4.0},{"damage":38.0,"enemies":"Book of Stabbing","floor":24.0,"turns":3.0},{"damage":46.0,"enemies":"Slavers","floor":28.0,"turns":4.0},{"damage":21.0,"enemies":"3 Cultists","floor":29.0,"turns":4.0},{"damage":0.0,"enemies":"Gremlin Leader","floor":30.0,"turns":3.0},{"damage":0.0,"enemies":"Centurion and Healer","floor":31.0,"turns":1.0},{"damage":60.0,"enemies":"Champ","floor":33.0,"turns":8.0},{"damage":25.0,"enemies":"Orb Walker","floor":35.0,"turns":3.0},{"damage":61.0,"enemies":"3 Darklings","floor":38.0,"turns":5.0},{"damage":2.0,"enemies":"Jaw Worm Horde","floor":39.0,"turns":2.0},{"damage":0.0,"enemies":"Reptomancer","floor":41.0,"turns":2.0},{"damage":0.0,"enemies":"Nemesis","floor":46.0,"turns":1.0},{"damage":0.0,"enemies":"Spire Growth","floor":47.0,"turns":2.0},{"damage":20.0,"enemies":"Awakened One","floor":50.0,"turns":3.0},{"damage":13,"enemies":"Shield and Spear","floor":54,"turns":2},{"damage":29,"enemies":"The Heart","floor":55,"turns":3}],"seed_played":"800371732083398182","potions_obtained":[{"floor":1.0,"key":"Fire Potion"},{"floor":4.0,"key":"SteroidPotion"},{"floor":12.0,"key":"LiquidBronze"},{"floor":21.0,"key":"Dexterity Potion"},{"floor":24.0,"key":"Block Potion"},{"floor":29.0,"key":"Strength Potion"},{"floor":30.0,"key":"Dexterity Potion"},{"floor":39.0,"key":"AttackPotion"},{"floor":41.0,"key":"Regen Potion"},{"floor":47.0,"key":"SkillPotion"}],"is_trial":false,"path_per_floor":["M","?","M","M","?","E","?","R","T","E","?","M","R","?","R","B",null,"M","M","?","M","?","R","E","R","T","$","E","M","E","M","R","B",null,"M","?","?","M","M","R","E","$","T","R","?","E","M","T","R","B",null,"R","$","E","B",null],"character_chosen":"IRONCLAD","items_purchased":["Combust","AT_BodySlamDance","Dark Embrace","AT_MibuBalloonWealth","Feel No Pain","Power Through"],"campfire_rested":4,"item_purchase_floors":[8,8,13,27,40,42],"current_hp_per_floor":[136,104,97,97,90,82,82,82,82,80,80,69,69,69,69,66,137,129,90,90,24,24,72,34,82,82,82,36,15,15,15,63,3,121,96,96,136,75,73,73,73,73,73,73,73,73,73,73,121,101,145,145,145,132,103],"gold":62,"neow_bonus":"BOSS_RELIC","is_daily":false,"chose_seed":false,"campfire_upgraded":1,"win_rate":0.0,"timestamp":1612851642,"path_taken":["M","?","M","M","?","E","?","R","T","E","?","M","R","?","R","BOSS","M","?","?","M","?","R","E","R","T","$","E","M","E","M","R","BOSS","M","?","?","?","M","R","E","$","T","R","?","E","M","?","R","BOSS","R","$","E","BOSS"],"items_purchased_type":["Card","Card","Card","Relic","Card","Card"],"build_version":"2020-12-22","purchased_purges":6,"victory":true,"max_hp_per_floor":[160,160,160,160,160,160,160,160,160,160,160,160,160,160,160,160,160,160,160,160,160,160,160,160,160,160,160,160,160,160,160,160,160,160,160,160,160,160,160,160,160,160,160,160,160,160,160,160,160,160,160,160,160,160,160],"card_choices":[{"not_picked":["Burning Pact","Shockwave"],"picked":"Perfected Strike","floor":1.0},{"not_picked":["Burning Pact","AT_CaressingTears"],"picked":"True Grit","floor":3.0},{"not_picked":["Warcry","Wild Strike"],"picked":"Perfected Strike","floor":4.0},{"not_picked":["Headbutt","Intimidate"],"picked":"Berserk","floor":6.0},{"not_picked":["Pummel","Thunderclap","Twin Strike"],"picked":"SKIP","floor":10.0},{"not_picked":["Sever Soul","Pummel"],"picked":"AT_DiedThrough","floor":12.0},{"not_picked":["Brutality","AT_Dispersion"],"picked":"Double Tap","floor":16.0},{"not_picked":["Heavy Blade","Clothesline","Sword Boomerang"],"picked":"SKIP","floor":18.0},{"not_picked":["AT_DrawKnifeCut","Combust+1","AT_BodySlamDance"],"picked":"SKIP","floor":19.0},{"not_picked":["AT_GerminateFire","Perfected Strike"],"picked":"Limit Break","floor":21.0},{"not_picked":["AT_IchimonjiDouble","Headbutt"],"picked":"Flex","floor":24.0},{"not_picked":["Combust+1","Flex"],"picked":"Infernal Blade","floor":28.0},{"not_picked":["Rampage+1","Burning Pact","Intimidate"],"picked":"SKIP","floor":29.0},{"not_picked":["Headbutt+1","Sever Soul"],"picked":"Entrench","floor":30.0},{"not_picked":["Blood for Blood","Carnage","AT_ShrugMaster"],"picked":"SKIP","floor":31.0},{"not_picked":["Demon Form","Barricade"],"picked":"Corruption","floor":33.0},{"not_picked":["Ghostly Armor+1","Havoc+1","Pommel Strike"],"picked":"SKIP","floor":35.0},{"not_picked":["Havoc","Pommel Strike"],"picked":"AT_DiedThrough","floor":38.0},{"not_picked":["Headbutt","Combust","Warcry+1"],"picked":"SKIP","floor":39.0},{"not_picked":["Clash+1","Evolve","Heavy Blade"],"picked":"SKIP","floor":41.0},{"not_picked":["Blind","Purity"],"picked":"testmod-Wormhole","floor":45.0},{"not_picked":["Perfected Strike","AT_IchimonjiDouble","Cleave"],"picked":"SKIP","floor":46.0},{"not_picked":["Heavy Blade","Clash+1"],"picked":"Battle Trance","floor":47.0},{"not_picked":["Twin Strike+1","Havoc+1","Wild Strike+1"],"picked":"SKIP","floor":54}],"player_experience":76171,"relics_obtained":[{"floor":1.0,"key":"AddBug"},{"floor":1.0,"key":"Baka"},{"floor":3.0,"key":"SecretRecord"},{"floor":6.0,"key":"AT_BladeRuinedKing"},{"floor":10.0,"key":"Torii"},{"floor":19.0,"key":"SecretRecord"},{"floor":24.0,"key":"ZombieArmy"},{"floor":26.0,"key":"GodSword6"},{"floor":28.0,"key":"AT_ChloranthyRing"},{"floor":29.0,"key":"SecretRecord"},{"floor":30.0,"key":"SecretRecord"},{"floor":30.0,"key":"Vajra"},{"floor":41.0,"key":"SecretRecord"},{"floor":41.0,"key":"testmod-ArcanaOfDestiny"},{"floor":43.0,"key":"Darkstone Periapt"},{"floor":46.0,"key":"Akabeko"},{"floor":48.0,"key":"AT_BellowingDragoncrestRing"},{"floor":54,"key":"AT_SilvercatRing"}],"event_choices":[{"damage_healed":0.0,"max_hp_gain":0.0,"max_hp_loss":0.0,"gold_gain":0.0,"event_name":"Shining Light","player_choice":"Entered Light","floor":2.0,"gold_loss":0.0,"damage_taken":32.0,"cards_upgraded":["Defend_R","AT_DiedThrough"]},{"cards_removed":["Defend_R"],"damage_healed":0.0,"max_hp_gain":0.0,"max_hp_loss":0.0,"gold_gain":0.0,"event_name":"Golden Wing","player_choice":"Card Removal","floor":5.0,"gold_loss":0.0,"damage_taken":7.0},{"damage_healed":0.0,"max_hp_gain":0.0,"max_hp_loss":0.0,"gold_gain":175.0,"event_name":"Liars Game","player_choice":"AGREE","floor":7.0,"gold_loss":0.0,"damage_taken":0.0,"cards_obtained":["Doubt"]},{"damage_healed":0.0,"max_hp_gain":0.0,"max_hp_loss":0.0,"gold_gain":0.0,"event_name":"给自己的盒子","player_choice":"Swap Relic","floor":11.0,"relics_lost":["AT_ATBox"],"gold_loss":0.0,"damage_taken":0.0,"relics_obtained":["AT_ATBox"]},{"damage_healed":0.0,"max_hp_gain":0.0,"max_hp_loss":0.0,"gold_gain":0.0,"cards_transformed":["Strike_R"],"event_name":"Transmorgrifier","player_choice":"Transformed","floor":14.0,"gold_loss":0.0,"damage_taken":0.0,"cards_obtained":["Evolve"]},{"cards_removed":["Strike_R"],"damage_healed":0.0,"max_hp_gain":0.0,"max_hp_loss":0.0,"gold_gain":0.0,"event_name":"Back to Basics","player_choice":"Elegance","floor":20.0,"gold_loss":0.0,"damage_taken":0.0},{"damage_healed":0.0,"max_hp_gain":0.0,"max_hp_loss":0.0,"gold_gain":99.0,"event_name":"Nest","player_choice":"Stole From Cult","floor":22.0,"gold_loss":0.0,"damage_taken":0.0},{"cards_removed":["Berserk"],"damage_healed":0.0,"max_hp_gain":0.0,"max_hp_loss":0.0,"gold_gain":0.0,"event_name":"Falling","player_choice":"Removed Power","floor":36.0,"gold_loss":0.0,"damage_taken":0.0},{"damage_healed":40.0,"max_hp_gain":0.0,"max_hp_loss":0.0,"gold_gain":0.0,"event_name":"Winding Halls","player_choice":"Writhe","floor":37.0,"gold_loss":0.0,"damage_taken":0.0,"cards_obtained":["Writhe"]},{"damage_healed":0.0,"max_hp_gain":0.0,"max_hp_loss":0.0,"gold_gain":0.0,"event_name":"SensoryStone","player_choice":"Memory 1","floor":45.0,"gold_loss":0.0,"damage_taken":0.0}],"is_beta":false,"boss_relics":[{"not_picked":["Cursed Key","Fusion Hammer"],"picked":"SacredBark"},{"not_picked":["Busted Crown","testmod-BatchProcessingSystem"],"picked":"testmod-Prudence"}],"items_purged_floors":[8,13,27,40,42,53],"is_endless":false,"potions_floor_spawned":[1,4,12,21,24,29,30,39,41,47,54],"ascension_level":6}}