{"host":"o6nndy8fvkon49s1","time":1612885121,"event":{"mods":["BaseMod","CapriCore","Hermit","Marisa????????","Minty Spire (QoL Compilation)","Prisma Mod","StSLib","Td1madao Mod","The Administrix","The Fake Hero","The Forsaken","The Immortal","The Marked","The Necromancer","The Servant 0.9.4"],"gold_per_floor":[111,211,223,101,116,116,130,81,104,104,65,79,79,91,91,91,91],"floor_reached":16,"language":"ENG","playtime":476,"items_purged":["Strike_MRS"],"score":92,"play_id":"5e16c8cf-bd71-43b1-8667-6ccd1eca2acb","local_time":"20210209093841","is_ascension_mode":false,"campfire_choices":[{"data":"AsteroidBelt","floor":6,"key":"SMITH"},{"data":"MasterSpark","floor":10,"key":"SMITH"},{"data":"EnergyRecoil","floor":13,"key":"SMITH"},{"floor":15,"key":"REST"}],"circlet_count":0,"master_deck":["Strike_MRS","Strike_MRS","Strike_MRS","Defend_MRS","Defend_MRS","Defend_MRS","Defend_MRS","MasterSpark+1","UpSweep","SuperPerseids","AsteroidBelt+1","DC","ManaConvection","EnergyRecoil+1"],"relics":["MiniHakkero","Ancient Tea Set","Tiny Chest"],"acts_visited":["Exordium"],"potions_floor_usage":[12],"damage_taken":[{"damage":13,"enemies":"Jaw Worm","floor":1,"turns":3},{"damage":1,"enemies":"Cultist","floor":3,"turns":3},{"damage":0,"enemies":"Small Slimes","floor":5,"turns":3},{"damage":0,"enemies":"Exordium Wildlife","floor":7,"turns":2},{"damage":0,"enemies":"2 Fungi Beasts","floor":12,"turns":2},{"damage":8,"enemies":"Lots of Slimes","floor":14,"turns":7},{"damage":78,"enemies":"Hexaghost","floor":16,"turns":15}],"seed_played":"2931343664334874818","potions_obtained":[{"floor":5,"key":"Swift Potion"},{"floor":7,"key":"Energy Potion"},{"floor":12,"key":"SpeedPotion"}],"is_trial":false,"path_per_floor":["M","?","M","$","M","R","M","$","T","R","?","M","R","M","R","B"],"character_chosen":"MARISA","items_purchased":["DC","Weak Potion"],"campfire_rested":1,"item_purchase_floors":[4,8],"current_hp_per_floor":[62,62,61,61,61,61,61,61,61,61,61,61,61,53,75,0,0],"gold":91,"neow_bonus":"RANDOM_COMMON_RELIC","is_daily":false,"chose_seed":false,"campfire_upgraded":3,"win_rate":0.0,"timestamp":1612885121,"path_taken":["M","?","M","$","M","R","M","?","T","R","?","M","R","M","R","BOSS"],"items_purchased_type":["Card","Potion"],"build_version":"2020-12-22","purchased_purges":1,"victory":false,"max_hp_per_floor":[75,75,75,75,75,75,75,75,75,75,75,75,75,75,75,75,75],"card_choices":[{"not_picked":["GrandCross","RefractionSpark"],"picked":"SuperPerseids","floor":1},{"not_picked":["DoubleSpark","GravityBeat"],"picked":"AsteroidBelt","floor":3},{"not_picked":["GravityBeat","Acceleration","MysteriousBeam"],"picked":"SKIP","floor":5},{"not_picked":["WitchLeyline","DC"],"picked":"ManaConvection","floor":7},{"not_picked":["NonDirectionalLaser","FinalSpark"],"picked":"EnergyRecoil","floor":12},{"not_picked":["EnergyFlow","OrrerysSun","Occultation"],"picked":"SKIP","floor":14}],"player_experience":227066,"relics_obtained":[{"floor":9,"key":"Tiny Chest"}],"event_choices":[{"damage_healed":0,"gold_gain":100,"player_choice":"Pray","damage_taken":0,"max_hp_gain":0,"max_hp_loss":0,"event_name":"Golden Shrine","floor":2,"gold_loss":0},{"damage_healed":0,"gold_gain":0,"player_choice":"Left Gold","damage_taken":0,"max_hp_gain":0,"max_hp_loss":0,"event_name":"World of Goop","floor":11,"gold_loss":39}],"is_beta":false,"boss_relics":[],"items_purged_floors":[4],"is_endless":false,"potions_floor_spawned":[5,7,12],"killed_by":"Hexaghost","ascension_level":0}}