{"host":"FirstDane","time":1612839101,"event":{"mods":["BaseMod","Bestiary","Highlight Path","Minty Spire (QoL Compilation)","Relic Stats","Slay the Relics Exporter","StSLib"],"gold_per_floor":[119,135,149,64,81,81,94,125,125,125,178,178,208,208,208,281,281,291,291,302,320,334,361,361,381,381,407,407,407,433,104,104,181,181,194,208,220,220,52,78,103,118,166,66,96,96,123,138,138,138,138,138],"floor_reached":51,"language":"ENG","playtime":5441,"items_purged":["Strike_G","Flying Knee"],"score":2090,"play_id":"523b5db0-5730-4d7e-9d84-3cc4dd7dec90","local_time":"20210208205141","is_ascension_mode":true,"campfire_choices":[{"data":"Envenom","floor":6,"key":"SMITH"},{"data":"Bane","floor":10,"key":"SMITH"},{"floor":12,"key":"REST"},{"data":"Flechettes","floor":15,"key":"SMITH"},{"data":"Noxious Fumes","floor":24,"key":"SMITH"},{"floor":28,"key":"REST"},{"data":"Well Laid Plans","floor":32,"key":"SMITH"},{"floor":46,"key":"RECALL"},{"floor":49,"key":"REST"}],"circlet_count":0,"master_deck":["AscendersBane","Defend_G","Defend_G","Defend_G+1","Defend_G","Defend_G","Survivor+1","Neutralize","Bane+1","Noxious Fumes+1","Envenom+1","Backflip","Flechettes+1","Corpse Explosion","PiercingWail","Terror","Well Laid Plans+1","Predator","PiercingWail","Dark Shackles","Outmaneuver+1","Envenom+1","Backflip+1","Flechettes+1","Clumsy","After Image"],"relics":["Ring of the Snake","War Paint","Pocketwatch","WingedGreaves","FossilizedHelix","Cursed Key","Regal Pillow","White Beast Statue","Ornamental Fan","TwistedFunnel","Astrolabe","PreservedInsect","Bronze Scales","Lantern","Ancient Tea Set","Omamori"],"acts_visited":["Exordium","TheCity","TheBeyond"],"potions_floor_usage":[11,16,18,23,35,41,47,50,51],"damage_taken":[{"damage":1,"enemies":"Small Slimes","floor":1,"turns":4},{"damage":2,"enemies":"Jaw Worm","floor":2,"turns":4},{"damage":0,"enemies":"Cultist","floor":3,"turns":4},{"damage":9,"enemies":"Large Slime","floor":5,"turns":6},{"damage":1,"enemies":"Exordium Thugs","floor":7,"turns":4},{"damage":17,"enemies":"Lagavulin","floor":8,"turns":7},{"damage":30,"enemies":"Gremlin Nob","floor":11,"turns":4},{"damage":2,"enemies":"Lagavulin","floor":13,"turns":7},{"damage":0,"enemies":"Slime Boss","floor":16,"turns":5},{"damage":2,"enemies":"Shell Parasite","floor":18,"turns":9},{"damage":5,"enemies":"Spheric Guardian","floor":20,"turns":5},{"damage":0,"enemies":"Snake Plant","floor":21,"turns":5},{"damage":0,"enemies":"Centurion and Healer","floor":22,"turns":3},{"damage":0,"enemies":"Gremlin Leader","floor":23,"turns":5},{"damage":9,"enemies":"Cultist and Chosen","floor":25,"turns":4},{"damage":32,"enemies":"Slavers","floor":27,"turns":3},{"damage":0,"enemies":"Gremlin Leader","floor":30,"turns":7},{"damage":0,"enemies":"Champ","floor":33,"turns":12},{"damage":0,"enemies":"Orb Walker","floor":35,"turns":4},{"damage":5,"enemies":"3 Shapes","floor":36,"turns":3},{"damage":0,"enemies":"Maw","floor":37,"turns":6},{"damage":0,"enemies":"Giant Head","floor":40,"turns":5},{"damage":0,"enemies":"Reptomancer","floor":41,"turns":4},{"damage":1,"enemies":"Transient","floor":42,"turns":6},{"damage":0,"enemies":"Nemesis","floor":45,"turns":5},{"damage":9,"enemies":"Giant Head","floor":47,"turns":6},{"damage":12,"enemies":"Spire Growth","floor":48,"turns":4},{"damage":50,"enemies":"Time Eater","floor":50,"turns":16},{"damage":31,"enemies":"Donu and Deca","floor":51,"turns":7}],"seed_played":"5507037430194786886","potions_obtained":[{"floor":1,"key":"ColorlessPotion"},{"floor":8,"key":"Dexterity Potion"},{"floor":11,"key":"FearPotion"},{"floor":16,"key":"Dexterity Potion"},{"floor":21,"key":"Explosive Potion"},{"floor":23,"key":"GamblersBrew"},{"floor":33,"key":"Dexterity Potion"},{"floor":35,"key":"Energy Potion"},{"floor":36,"key":"Energy Potion"},{"floor":37,"key":"EssenceOfSteel"},{"floor":40,"key":"LiquidMemories"},{"floor":41,"key":"Block Potion"},{"floor":42,"key":"DuplicationPotion"},{"floor":47,"key":"Energy Potion"},{"floor":48,"key":"DuplicationPotion"}],"is_trial":false,"path_per_floor":["M","M","M","$","M","R","M","E","T","R","E","R","E","?","R","B",null,"M","?","M","M","M","E","R","M","T","E","R","?","E","$","R","B",null,"M","M","M","?","$","E","E","M","T","$","E","R","E","M","R","B","B"],"character_chosen":"THE_SILENT","items_purchased":["Noxious Fumes","TwistedFunnel","Dark Shackles","PreservedInsect"],"campfire_rested":3,"item_purchase_floors":[4,31,31,39],"current_hp_per_floor":[64,62,62,62,53,53,52,35,35,35,5,26,24,17,17,17,58,56,56,51,51,51,51,51,42,42,10,46,46,46,46,46,46,66,66,61,61,61,61,61,61,60,60,60,60,60,51,39,72,22,0,0],"gold":138,"neow_bonus":"TEN_PERCENT_HP_BONUS","is_daily":false,"chose_seed":false,"campfire_upgraded":5,"win_rate":0.0,"timestamp":1612839101,"path_taken":["M","M","M","$","M","R","M","E","T","R","E","R","E","?","R","BOSS","M","?","M","M","M","E","R","M","T","E","R","?","E","$","R","BOSS","M","M","?","?","?","E","E","M","T","$","E","R","E","M","R","BOSS","BOSS"],"items_purchased_type":["Card","Relic","Card","Relic"],"build_version":"2020-12-18","purchased_purges":2,"victory":false,"max_hp_per_floor":[72,72,72,72,72,72,72,72,72,72,72,72,72,72,72,72,72,72,72,72,72,72,72,72,72,72,72,72,72,72,72,72,72,72,72,72,72,72,72,72,72,72,72,72,72,72,72,72,72,72,72,72],"relic_stats":{"Regal Pillow":27,"counters":[29,164],"Ornamental Fan":[44],"Astrolabe":["Outmaneuver","Envenom","Backflip"],"Bronze Scales":[139],"PreservedInsect":371,"War Paint":["Defend_G","Survivor"],"Cursed Key":1,"obtain_stats":[{"TwistedFunnel":31,"Regal Pillow":23,"Lantern":41,"Astrolabe":34,"PreservedInsect":39,"Omamori":47,"War Paint":8,"Cursed Key":17,"Ancient Tea Set":45,"White Beast Statue":27,"Ornamental Fan":30,"Bronze Scales":40,"WingedGreaves":11,"FossilizedHelix":13,"Ring of the Snake":0,"Pocketwatch":9},{"TwistedFunnel":17,"Regal Pillow":14,"Lantern":23,"Astrolabe":18,"PreservedInsect":21,"Omamori":26,"War Paint":6,"Cursed Key":9,"Ancient Tea Set":25,"White Beast Statue":16,"Ornamental Fan":17,"Bronze Scales":22,"WingedGreaves":7,"FossilizedHelix":8,"Ring of the Snake":0,"Pocketwatch":6},{"TwistedFunnel":86,"Regal Pillow":72,"Lantern":120,"Astrolabe":98,"PreservedInsect":111,"Omamori":137,"War Paint":29,"Cursed Key":45,"Ancient Tea Set":131,"White Beast Statue":79,"Ornamental Fan":86,"Bronze Scales":116,"WingedGreaves":33,"FossilizedHelix":40,"Ring of the Snake":0,"Pocketwatch":29}],"Ring of the Snake":[58],"Pocketwatch":[246]},"card_choices":[{"not_picked":["Caltrops","Slice"],"picked":"Bane","floor":1},{"not_picked":["Cloak And Dagger","Backflip"],"picked":"Blade Dance","floor":2},{"not_picked":["Backflip","Expertise","Sucker Punch"],"picked":"SKIP","floor":3},{"not_picked":["Quick Slash","Cloak And Dagger"],"picked":"Envenom","floor":5},{"not_picked":["Slice","Sucker Punch"],"picked":"Flying Knee","floor":7},{"not_picked":["Unload","Dodge and Roll"],"picked":"Backflip","floor":8},{"not_picked":["Underhanded Strike","Deflect"],"picked":"Flechettes","floor":11},{"not_picked":["Sucker Punch","Prepared","Choke"],"picked":"SKIP","floor":13},{"not_picked":["Venomology","Bullet Time"],"picked":"Corpse Explosion","floor":16},{"not_picked":["Dagger Throw","Expertise","Poisoned Stab"],"picked":"SKIP","floor":18},{"not_picked":["Bouncing Flask","Outmaneuver"],"picked":"PiercingWail","floor":20},{"not_picked":["Sucker Punch+1","Outmaneuver"],"picked":"Terror","floor":21},{"not_picked":["Acrobatics","Underhanded Strike"],"picked":"Well Laid Plans","floor":22},{"not_picked":["Deflect","Riddle With Holes","Prepared"],"picked":"SKIP","floor":23},{"not_picked":["Underhanded Strike","Slice"],"picked":"Predator","floor":25},{"not_picked":["Acrobatics","Deadly Poison","Doppelganger"],"picked":"SKIP","floor":27},{"not_picked":["Backflip","Cloak And Dagger"],"picked":"PiercingWail","floor":30},{"not_picked":["All Out Attack","Finisher","Backflip"],"picked":"SKIP","floor":35},{"not_picked":["Concentrate","Endless Agony+1","Poisoned Stab+1"],"picked":"SKIP","floor":36},{"not_picked":["Backflip","Distraction","Dagger Throw"],"picked":"SKIP","floor":37},{"not_picked":["Quick Slash+1","Eviscerate","Reflex+1"],"picked":"SKIP","floor":40},{"not_picked":["Poisoned Stab","Backflip","Slice"],"picked":"SKIP","floor":41},{"not_picked":["Calculated Gamble","Quick Slash","Dodge and Roll"],"picked":"SKIP","floor":42},{"not_picked":["Cloak And Dagger","Heel Hook"],"picked":"After Image","floor":45},{"not_picked":["Skewer","Acrobatics","Quick Slash"],"picked":"SKIP","floor":47},{"not_picked":["Dagger Throw","Endless Agony","Backflip"],"picked":"SKIP","floor":48}],"player_experience":4071401,"relics_obtained":[{"floor":8,"key":"War Paint"},{"floor":9,"key":"Pocketwatch"},{"floor":11,"key":"WingedGreaves"},{"floor":13,"key":"FossilizedHelix"},{"floor":23,"key":"Regal Pillow"},{"floor":27,"key":"White Beast Statue"},{"floor":30,"key":"Ornamental Fan"},{"floor":40,"key":"Bronze Scales"},{"floor":41,"key":"Lantern"},{"floor":45,"key":"Ancient Tea Set"},{"floor":47,"key":"Omamori"}],"event_choices":[{"cards_removed":["Strike_G"],"damage_healed":0,"gold_gain":0,"player_choice":"Card Removal","damage_taken":7,"max_hp_gain":0,"max_hp_loss":0,"event_name":"Golden Wing","floor":14,"gold_loss":0},{"damage_healed":0,"gold_gain":0,"player_choice":"Ignored","damage_taken":0,"max_hp_gain":0,"max_hp_loss":0,"event_name":"Cursed Tome","floor":19,"gold_loss":0},{"cards_removed":["Strike_G"],"damage_healed":0,"gold_gain":0,"player_choice":"Offered Basic","damage_taken":0,"max_hp_gain":0,"max_hp_loss":0,"event_name":"Bonfire Elementals","floor":29,"gold_loss":0},{"damage_healed":0,"gold_gain":0,"player_choice":"Copied","damage_taken":0,"max_hp_gain":0,"max_hp_loss":0,"event_name":"Duplicator","floor":38,"gold_loss":0,"cards_obtained":["Flechettes"]}],"is_beta":true,"boss_relics":[{"not_picked":["WristBlade","Busted Crown"],"picked":"Cursed Key"},{"not_picked":["Velvet Choker","Empty Cage"],"picked":"Astrolabe"}],"items_purged_floors":[31,44],"is_endless":false,"potions_floor_spawned":[1,8,11,13,16,21,23,25,30,33,35,36,37,40,41,42,45,47,48],"killed_by":"Donu and Deca","ascension_level":20}}