{"host":"mi0eibewekhugwl1","time":1612856981,"event":{"mods":["AchievementEnabler","BaseMod","Colored Map","Colored Powertips","DeckTracker","Keyboard Shortcuts","Minty Spire (QoL Compilation)","Quick Restart","Rare Cards Sparkle","Relic Stats","StSLib","SuperFastMode","everything is the same but u backflip on backflip"],"gold_per_floor":[112,112,112,126,26,26,44,44,68,81,81,122,122,147,147,147,147],"floor_reached":16,"language":"KOR","playtime":252,"items_purged":["Strike_R"],"score":200,"play_id":"d064b377-0c54-4565-88b4-9c1d20aef145","local_time":"20210209164941","is_ascension_mode":true,"campfire_choices":[{"data":"Searing Blow","floor":6,"key":"SMITH"},{"data":"Armaments","floor":8,"key":"SMITH"},{"data":"Searing Blow+1","floor":13,"key":"SMITH"},{"data":"Searing Blow+2","floor":15,"key":"SMITH"}],"circlet_count":0,"master_deck":["AscendersBane","Strike_R","Strike_R","Strike_R","Strike_R","Defend_R","Defend_R","Defend_R","Defend_R","Bash","Searing Blow+3","Armaments+1","Shrug It Off","Twin Strike","Ghostly Armor","Pommel Strike"],"relics":["Burning Blood","NeowsBlessing","Golden Idol","Juzu Bracelet","MealTicket"],"acts_visited":["Exordium"],"potions_floor_usage":[12,16],"damage_taken":[{"damage":0,"enemies":"Small Slimes","floor":1,"turns":1},{"damage":0,"enemies":"Jaw Worm","floor":4,"turns":1},{"damage":0,"enemies":"Cultist","floor":7,"turns":1},{"damage":0,"enemies":"Blue Slaver","floor":10,"turns":6},{"damage":23,"enemies":"3 Sentries","floor":12,"turns":14},{"damage":6,"enemies":"3 Louse","floor":14,"turns":3},{"damage":71,"enemies":"Hexaghost","floor":16,"turns":10}],"seed_played":"-546918658204580991","potions_obtained":[{"floor":1,"key":"LiquidMemories"},{"floor":4,"key":"BloodPotion"}],"is_trial":false,"path_per_floor":["M","?","?","M","$","R","M","R","T","M","$","E","R","M","R","B"],"character_chosen":"IRONCLAD","items_purchased":["Shrug It Off"],"campfire_rested":0,"item_purchase_floors":[5],"current_hp_per_floor":[74,48,53,59,59,59,65,65,65,71,71,54,54,54,54,0,0],"gold":147,"neow_bonus":"THREE_ENEMY_KILL","is_daily":false,"chose_seed":false,"campfire_upgraded":4,"win_rate":0.0,"timestamp":1612856981,"path_taken":["M","?","?","M","?","R","M","R","T","M","$","E","R","M","R","BOSS"],"items_purchased_type":["Card"],"build_version":"2020-12-22","purchased_purges":1,"victory":false,"max_hp_per_floor":[75,75,80,80,80,80,80,80,80,80,80,80,80,80,80,80,80],"relic_stats":{"counters":[7,36],"Golden Idol":23,"MealTicket":0,"Juzu Bracelet":0,"obtain_stats":[{"NeowsBlessing":0,"Golden Idol":2,"MealTicket":12,"Juzu Bracelet":9,"Burning Blood":0},{"NeowsBlessing":0,"Golden Idol":1,"MealTicket":5,"Juzu Bracelet":3,"Burning Blood":0},{"NeowsBlessing":0,"Golden Idol":1,"MealTicket":23,"Juzu Bracelet":3,"Burning Blood":0}],"Burning Blood":36},"card_choices":[{"not_picked":["Anger","Feel No Pain"],"picked":"Searing Blow","floor":1},{"not_picked":["Intimidate","Infernal Blade"],"picked":"Armaments","floor":4},{"not_picked":["Iron Wave","Clothesline"],"picked":"Twin Strike","floor":7},{"not_picked":["Flex","Clothesline","Armaments"],"picked":"SKIP","floor":10},{"not_picked":["Clash","Twin Strike"],"picked":"Ghostly Armor","floor":12},{"not_picked":["Sentinel","Spot Weakness"],"picked":"Pommel Strike","floor":14}],"player_experience":1789137,"relics_obtained":[{"floor":9,"key":"Juzu Bracelet"},{"floor":12,"key":"MealTicket"}],"event_choices":[{"damage_healed":0,"gold_gain":0,"player_choice":"Take Damage","damage_taken":26,"relics_obtained":["Golden Idol"],"max_hp_gain":0,"max_hp_loss":0,"event_name":"Golden Idol","floor":2,"gold_loss":0},{"damage_healed":0,"gold_gain":0,"player_choice":"Donut","damage_taken":0,"max_hp_gain":5,"max_hp_loss":0,"event_name":"Big Fish","floor":3,"gold_loss":0}],"is_beta":false,"boss_relics":[],"items_purged_floors":[5],"is_endless":false,"potions_floor_spawned":[1,4,7],"killed_by":"Hexaghost","ascension_level":20}}