{"host":"xp5rvh2jwe2ejyfm","time":1612880651,"event":{"mods":["2.2 Compatiblity","Aspiration","BaseMod","Better Altar","Better Match","Better Note","Better Sensory Stone","Better Skull","BetterRewards","Colored Powertips","Conspire","Downfall","GifTheSpireLib","Gremlin Mod","GungeonMod","Hermit","Hubris","Jorbs\u0027s Wanderer Trilogy","Minty Spire (QoL Compilation)","Potionbrewer","Quick Restart","Replay The Spire","Robot Space Explorer","Shade Mod","Somnambulant","StSLib","The Bug Knight","The Clintock","The Construct","The Cursed","The Disciple","The Forsaken","The Hierophant","The Necromancer","The Runesmith","The Servant 0.9.4","The Valiant","The Witch","TheFirefly","thorton"],"gold_per_floor":[113,33,33,53,18,52,62,62,62,62,62,73,107,124,124,227,227,227,227],"floor_reached":18,"language":"ENG","playtime":784,"items_purged":[],"score":170,"play_id":"e1a345e8-0e02-4005-bc75-43d68af1b1ef","local_time":"20210209092411","is_ascension_mode":false,"campfire_choices":[{"floor":8,"key":"RECALL"},{"data":"Shade:AuraOfUnlife","floor":11,"key":"SMITH"},{"data":"Shade:Bite_Shade","floor":15,"key":"SMITH"}],"circlet_count":0,"master_deck":["Shade:Strike_Shade","Shade:Strike_Shade","Shade:Strike_Shade","Shade:Strike_Shade","Shade:Defend_Shade","Shade:Defend_Shade","Shade:Defend_Shade","Shade:Defend_Shade","Shade:AnimateDead+1","Shade:CarefulCut","Swift Strike","Shade:ClawBack","Shade:AuraOfUnlife+1","Shade:ExtraLimbs","Shade:PressTheAttack","Shade:OneIsEnough","Shade:Bite_Shade+1","Shade:WallOfFlesh","Shade:SkeletonHug","Shade:Trample","Shade:LichForm"],"relics":["Shade:YorickSkull","Centennial Puzzle","theForsaken:ScaryMask","aspiration:RunicSpoon"],"acts_visited":["Exordium","TheCity"],"potions_floor_usage":[6,13,13,16],"damage_taken":[{"damage":0,"enemies":"Small Slimes","floor":1,"turns":3},{"damage":0,"enemies":"Cultist","floor":4,"turns":3},{"damage":5,"enemies":"Gremlin Nob","floor":6,"turns":3},{"damage":0,"enemies":"conspire:RoseBush","floor":7,"turns":2},{"damage":0,"enemies":"Looter","floor":12,"turns":3},{"damage":4,"enemies":"Lagavulin","floor":13,"turns":5},{"damage":0,"enemies":"2 Fungi Beasts","floor":14,"turns":4},{"damage":26,"enemies":"Hexaghost","floor":16,"turns":12},{"damage":15,"enemies":"Spheric Guardian","floor":18,"turns":5}],"seed_played":"-2667192217105598643","potions_obtained":[{"floor":4,"key":"hexamod:SoulburnPotion"},{"floor":7,"key":"potionbrewer:SplittingPotion"},{"floor":14,"key":"Venom Potion"}],"is_trial":false,"path_per_floor":["M","$","?","M","$","E","M","R","T","?","R","M","E","M","R","B",null,"M"],"character_chosen":"SHADE","items_purchased":["Shade:AuraOfUnlife","Shade:PressTheAttack"],"campfire_rested":0,"item_purchase_floors":[2,5],"current_hp_per_floor":[65,65,65,65,65,60,60,60,60,60,60,62,60,62,62,48,65,50,50],"gold":227,"neow_bonus":"RANDOM_COLORLESS","is_daily":false,"chose_seed":false,"campfire_upgraded":2,"win_rate":0.0,"timestamp":1612880651,"path_taken":["M","$","?","?","$","E","M","R","T","?","R","M","E","M","R","BOSS","M"],"items_purchased_type":["Card","Card"],"build_version":"2020-12-22","purchased_purges":0,"victory":false,"max_hp_per_floor":[65,65,65,65,65,65,65,65,65,65,65,65,65,65,65,65,65,65,65],"card_choices":[{"not_picked":["Replay:BasicMightCard","Flash of Steel"],"picked":"Swift Strike","floor":0},{"not_picked":["Shade:Premonition","Shade:FleshOffering"],"picked":"Shade:ClawBack","floor":1},{"not_picked":["Shade:FuneraryArmor","Shade:Premonition"],"picked":"Shade:ExtraLimbs","floor":4},{"not_picked":["Shade:CallOfTheGrave","Shade:Premonition"],"picked":"Shade:OneIsEnough","floor":6},{"not_picked":["Shade:StitchTogether","Shade:FuneraryArmor"],"picked":"Shade:Bite_Shade","floor":7},{"not_picked":["Shade:SoulToxin","Shade:ScuttlingHand"],"picked":"Shade:WallOfFlesh","floor":12},{"not_picked":["Shade:Brains","Shade:Frenzy"],"picked":"Shade:SkeletonHug","floor":13},{"not_picked":["Shade:Frenzy","Shade:RitualOffering"],"picked":"Shade:Trample","floor":14},{"not_picked":["Shade:MadHubris","Shade:Consume"],"picked":"Shade:LichForm","floor":16}],"player_experience":471739,"relics_obtained":[{"floor":6,"key":"Centennial Puzzle"},{"floor":13,"key":"theForsaken:ScaryMask"}],"event_choices":[{"damage_healed":0,"gold_gain":0,"player_choice":"Forge","damage_taken":0,"max_hp_gain":0,"max_hp_loss":0,"event_name":"Accursed Blacksmith","floor":3,"gold_loss":0,"cards_upgraded":["Shade:AnimateDead"]}],"is_beta":false,"boss_relics":[{"not_picked":["Busted Crown","theForsaken:PaleLantern"],"picked":"aspiration:RunicSpoon"}],"items_purged_floors":[],"is_endless":false,"potions_floor_spawned":[4,7,14],"killed_by":"Spheric Guardian","ascension_level":0}}