{"host":"grpjhwjd167m6b3a","time":1612865073,"event":{"mods":["BaseMod","Bossed Relics","LagranYue(拉格朗・月)","Minty Spire (QoL Compilation)","Prisma Mod","Reliquary","SOS（斯巴达之子）","StSLib","The Alterego","The Saiyan","The Senshi"],"gold_per_floor":[93,93,109,109,134,168,191,191,260,278,303,326,326,501,501,622,622,636,606,619,619,640,640,640,640],"floor_reached":24,"language":"ZHS","playtime":2304,"items_purged":[],"score":225,"play_id":"185512c9-f75f-4673-8caa-434746f08cfa","local_time":"20210209200433","is_ascension_mode":false,"campfire_choices":[{"floor":8,"key":"REST"},{"floor":13,"key":"REST"},{"data":"Saiyan:Furor","floor":15,"key":"SMITH"},{"floor":23,"key":"REST"}],"circlet_count":0,"master_deck":["Saiyan:SAIYA_Strike","Saiyan:SAIYA_Strike","Saiyan:SAIYA_Strike","Saiyan:SAIYA_Defend","Saiyan:SAIYA_Defend","Saiyan:SAIYA_Defend","Saiyan:SAIYA_Defend","Saiyan:EnergyBlast","Saiyan:KaioKen","Saiyan:RuthlessBlow","Saiyan:SuperSaiyanForm","Saiyan:Makankosappo","Saiyan:RemoveWeights","Saiyan:ConcussiveBlow","Saiyan:Flurry","Saiyan:ExpandingShockwave","Saiyan:Furor+1","Saiyan:FinalFlash","Doubt","Saiyan:TransfigurationBeam","Saiyan:Pacing","Saiyan:KameHameHa","Saiyan:MonkeyTail","Saiyan:SpiritSword","Enlightenment","Saiyan:KiExplosion"],"relics":["SaiyanSoul","SaiyanHeart","LagranYue:RandomDrawCardRelic","Golden Idol","Ice Cream","Pantograph","Philosopher\u0027s Stone"],"acts_visited":["Exordium","TheCity"],"potions_floor_usage":[16,16,16,20,22,24,24,24,24,24],"damage_taken":[{"damage":0,"enemies":"Cultist","floor":1,"turns":3},{"damage":0,"enemies":"2 Louse","floor":3,"turns":3},{"damage":0,"enemies":"Small Slimes","floor":5,"turns":2},{"damage":24,"enemies":"Lagavulin","floor":6,"turns":6},{"damage":7,"enemies":"Blue Slaver","floor":7,"turns":3},{"damage":7,"enemies":"Red Slaver","floor":10,"turns":3},{"damage":5,"enemies":"3 Louse","floor":11,"turns":3},{"damage":9,"enemies":"Lots of Slimes","floor":12,"turns":4},{"damage":13,"enemies":"Slime Boss","floor":16,"turns":11},{"damage":31,"enemies":"2 Thieves","floor":18,"turns":5},{"damage":0,"enemies":"Spheric Guardian","floor":20,"turns":3},{"damage":25,"enemies":"Snecko","floor":22,"turns":4},{"damage":67,"enemies":"Slavers","floor":24,"turns":4}],"seed_played":"5510594577161667628","potions_obtained":[{"floor":1,"key":"DistilledChaos"},{"floor":7,"key":"Swift Potion"},{"floor":12,"key":"GamblersBrew"},{"floor":16,"key":"EntropicBrew"},{"floor":19,"key":"DistilledChaos"},{"floor":19,"key":"Energy Potion"},{"floor":20,"key":"Regen Potion"}],"is_trial":false,"path_per_floor":["M","?","M","?","M","E","M","R","T","M","M","M","R","?","R","B",null,"M","?","M","?","M","R","E"],"character_chosen":"SAIYAJIN","items_purchased":[],"campfire_rested":3,"item_purchase_floors":[],"current_hp_per_floor":[66,50,51,51,51,28,22,42,42,36,31,23,44,44,44,57,72,43,43,45,45,35,58,0,0],"gold":640,"neow_bonus":"TEN_PERCENT_HP_BONUS","is_daily":false,"chose_seed":false,"campfire_upgraded":1,"win_rate":0.0,"timestamp":1612865073,"path_taken":["M","?","M","?","M","E","?","R","T","M","M","M","R","?","R","BOSS","M","?","?","?","?","R","E"],"items_purchased_type":[],"build_version":"2020-12-22","purchased_purges":0,"victory":false,"max_hp_per_floor":[66,66,67,67,67,68,69,69,69,70,70,71,71,71,71,72,72,74,74,76,76,79,79,80,80],"card_choices":[{"not_picked":["Saiyan:DrainingStrike","Saiyan:SaiyanHubris"],"picked":"Saiyan:SuperSaiyanForm","floor":1},{"not_picked":["Saiyan:DoubleMasenko","Saiyan:FingerParry"],"picked":"Saiyan:Makankosappo","floor":3},{"not_picked":["Saiyan:Makankosappo","Saiyan:BackAttack"],"picked":"Saiyan:RemoveWeights","floor":5},{"not_picked":["Saiyan:DragonFist","Saiyan:PowerPole"],"picked":"Saiyan:ConcussiveBlow","floor":6},{"not_picked":["Saiyan:Kienzan","Saiyan:SoulSpice"],"picked":"Saiyan:Flurry","floor":7},{"not_picked":["Saiyan:Quickening","Saiyan:Flurry"],"picked":"Saiyan:ExpandingShockwave","floor":10},{"not_picked":["Saiyan:Afterimage","Saiyan:RemoveWeights"],"picked":"Saiyan:Furor","floor":11},{"not_picked":["Saiyan:RemoveWeights","Saiyan:PowerStance"],"picked":"Saiyan:FinalFlash","floor":12},{"not_picked":["Saiyan:Rekindle","Saiyan:Momentum"],"picked":"Saiyan:TransfigurationBeam","floor":16},{"not_picked":["Saiyan:DoubleMasenko","Saiyan:PowerPole"],"picked":"Saiyan:Pacing","floor":18},{"not_picked":["Saiyan:Scouter","Saiyan:PlotArmor"],"picked":"Saiyan:KameHameHa","floor":20},{"not_picked":["Saiyan:Planning","Saiyan:TurtleShell+1"],"picked":"Saiyan:KiExplosion","floor":22}],"player_experience":288812,"relics_obtained":[{"floor":6,"key":"Ice Cream"},{"floor":9,"key":"Pantograph"}],"event_choices":[{"damage_healed":0,"gold_gain":0,"player_choice":"Take Damage","damage_taken":16,"relics_obtained":["Golden Idol"],"max_hp_gain":0,"max_hp_loss":0,"event_name":"Golden Idol","floor":2,"gold_loss":0},{"cards_removed":["Saiyan:SAIYA_Strike"],"damage_healed":0,"gold_gain":0,"player_choice":"Purged","damage_taken":0,"max_hp_gain":0,"max_hp_loss":0,"event_name":"Purifier","floor":4,"gold_loss":0},{"damage_healed":0,"gold_gain":175,"player_choice":"AGREE","damage_taken":0,"max_hp_gain":0,"max_hp_loss":0,"event_name":"Liars Game","floor":14,"gold_loss":0,"cards_obtained":["Doubt"]},{"damage_healed":0,"gold_gain":0,"player_choice":"Bought 2 Potions","damage_taken":0,"max_hp_gain":0,"max_hp_loss":0,"event_name":"The Woman in Blue","floor":19,"gold_loss":0},{"damage_healed":0,"gold_gain":0,"player_choice":"3 cards matched","damage_taken":0,"max_hp_gain":0,"max_hp_loss":0,"event_name":"Match and Keep!","floor":21,"gold_loss":0,"cards_obtained":["Saiyan:MonkeyTail","Saiyan:SpiritSword","Enlightenment"]}],"is_beta":false,"boss_relics":[{"not_picked":["Velvet Choker","Sozu"],"picked":"Philosopher\u0027s Stone"}],"items_purged_floors":[],"is_endless":false,"potions_floor_spawned":[1,7,12,16,20],"killed_by":"Slavers","ascension_level":0}}