{"host":"684z1xpuwaoqmmh1","time":1612868064,"event":{"mods":["A Magickal Journey","BaseMod","Downfall","Hermit","Jorbs\u0027s Wanderer Trilogy","Marisa????????","Minty Spire (QoL Compilation)","Robot Space Explorer","Shade Mod","StSLib","The Bug Knight","The Dragon Tamer","The Elementalist","The Hayseed","The Hierophant","The Marked","The Mystic","The Runesmith","The Saiyan","The Senshi","The Spell Scribe","The Vixen","TheBandit","TheFirefly"],"gold_per_floor":[118,68,86,97,97,97,115,141,141,159,159,159,176,193,193,193,193],"floor_reached":16,"language":"ENG","playtime":709,"items_purged":[],"score":177,"play_id":"0db80bf4-c72d-4979-a836-33d714ab242f","local_time":"20210209125424","is_ascension_mode":true,"campfire_choices":[{"data":"theSenshi:MoonCosmicPowerMakeUp","floor":6,"key":"SMITH"},{"data":"theSenshi:MoonCrystalPowerMakeUp","floor":12,"key":"SMITH"},{"data":"theSenshi:MoonKick","floor":15,"key":"SMITH"}],"circlet_count":0,"master_deck":["AscendersBane","theSenshi:SailorKick","theSenshi:SailorKick","theSenshi:SailorKick","theSenshi:SailorBlock","theSenshi:SailorBlock","theSenshi:SailorBlock","theSenshi:SailorBlock","theSenshi:RoseThrow+1","theSenshi:MoonPrismPowerMakeUp","theSenshi:MoonKick+1","theSenshi:MoonCosmicPowerMakeUp+1","theSenshi:SailorStarHealerAssists","theSenshi:MoonCrystalPowerMakeUp+1","theSenshi:MoonTiaraMagic","theSenshi:SailorUranusAssists","theSenshi:SailorMercuryAssists","theSenshi:OdangoHead"],"relics":["theSenshi:TransformationBroochRelic","Eternal Feather","Mummified Hand","theSenshi:HolyGrailRelic"],"acts_visited":["Exordium"],"potions_floor_usage":[8,8],"damage_taken":[{"damage":0,"enemies":"Jaw Worm","floor":1,"turns":5},{"damage":2,"enemies":"Small Slimes","floor":3,"turns":4},{"damage":1,"enemies":"Cultist","floor":4,"turns":4},{"damage":9,"enemies":"Looter","floor":7,"turns":4},{"damage":42,"enemies":"3 Sentries","floor":8,"turns":12},{"damage":10,"enemies":"Exordium Wildlife","floor":10,"turns":5},{"damage":21,"enemies":"Exordium Thugs","floor":13,"turns":6},{"damage":12,"enemies":"Large Slime","floor":14,"turns":8},{"damage":19,"enemies":"Slime Boss","floor":16,"turns":3}],"seed_played":"49155812730916272","potions_obtained":[{"floor":3,"key":"EntropicBrew"},{"floor":8,"key":"Weak Potion"},{"floor":10,"key":"Energy Potion"},{"floor":13,"key":"PowerPotion"}],"is_trial":false,"path_per_floor":["M","?","M","M","?","R","M","E","T","M","?","R","M","M","R","B"],"character_chosen":"THE_SENSHI","items_purchased":[],"campfire_rested":0,"item_purchase_floors":[],"current_hp_per_floor":[68,68,66,65,65,65,61,24,24,19,19,28,12,5,14,0,0],"gold":193,"neow_bonus":"UPGRADE_CARD","is_daily":false,"chose_seed":false,"campfire_upgraded":3,"win_rate":0.0,"timestamp":1612868064,"path_taken":["M","?","M","M","?","R","M","E","T","M","?","R","M","M","R","BOSS"],"items_purchased_type":[],"build_version":"2020-12-22","purchased_purges":0,"victory":false,"max_hp_per_floor":[75,75,75,75,75,75,75,75,75,75,75,75,75,75,75,75,75],"card_choices":[{"not_picked":["theSenshi:MoonPower","theSenshi:TuxedoSmokingBomber"],"picked":"theSenshi:MoonKick","floor":1},{"not_picked":["theSenshi:LateForSchool","theSenshi:SailorMercuryAssists"],"picked":"theSenshi:MoonCosmicPowerMakeUp","floor":3},{"not_picked":["theSenshi:MoonPrincessHalation","theSenshi:TuxedoMaskAssists"],"picked":"theSenshi:SailorStarHealerAssists","floor":4},{"not_picked":["theSenshi:NeptunesGrace","theSenshi:OdangoHead"],"picked":"theSenshi:MoonCrystalPowerMakeUp","floor":7},{"not_picked":["theSenshi:LunasBite","theSenshi:TallSilhouette"],"picked":"theSenshi:MoonTiaraMagic","floor":8},{"not_picked":["theSenshi:MoonPunch","theSenshi:SailorMarsAssists"],"picked":"theSenshi:SailorUranusAssists","floor":10},{"not_picked":["theSenshi:VenusGlamour","theSenshi:MoonPrincessHalation"],"picked":"theSenshi:SailorMercuryAssists","floor":13},{"not_picked":["theSenshi:SchoolBag","theSenshi:SailorStarMakerAssists"],"picked":"theSenshi:OdangoHead","floor":14}],"player_experience":3211775,"relics_obtained":[{"floor":8,"key":"Eternal Feather"},{"floor":9,"key":"Mummified Hand"}],"event_choices":[{"cards_removed":["theSenshi:SailorKick"],"damage_healed":0,"gold_gain":0,"player_choice":"Card Removal","damage_taken":0,"max_hp_gain":0,"max_hp_loss":0,"event_name":"The Cleric","floor":2,"gold_loss":50},{"damage_healed":0,"gold_gain":0,"player_choice":"Searched \u00271\u0027 times","damage_taken":0,"relics_obtained":["theSenshi:HolyGrailRelic"],"max_hp_gain":0,"max_hp_loss":0,"event_name":"Dead Adventurer","floor":11,"gold_loss":0}],"is_beta":false,"boss_relics":[],"items_purged_floors":[],"is_endless":false,"potions_floor_spawned":[3,8,10,13],"killed_by":"Slime Boss","ascension_level":14}}