{"host":"3a1ypf1irl30q4k8","time":1612885349,"event":{"mods":["AchievementEnabler","BaseMod","Bestiary","Colored Map","Minty Spire (QoL Compilation)","Relic Stats","ojb\u0027s Info Mod"],"gold_per_floor":[361,374,127,145,74,74,74,88,135,135,135,163,175,192,192,192,192],"floor_reached":16,"language":"ENG","playtime":599,"items_purged":["Parasite"],"score":122,"play_id":"49cbddbf-90c9-4fc8-ba2b-f1527df68dab","local_time":"20210209154229","is_ascension_mode":true,"campfire_choices":[{"data":"Well Laid Plans","floor":6,"key":"SMITH"},{"data":"All Out Attack","floor":10,"key":"SMITH"},{"floor":15,"key":"REST"}],"circlet_count":0,"master_deck":["Strike_G","Strike_G","Strike_G","Strike_G","Defend_G","Defend_G","Defend_G","Defend_G","Defend_G","Survivor","Neutralize","All Out Attack","All Out Attack+1","Cloak And Dagger","Bouncing Flask","Well Laid Plans+1","Pain","All Out Attack","Caltrops","Endless Agony"],"relics":["Ring of the Snake","TheAbacus","WarpedTongs","MealTicket","Pen Nib"],"acts_visited":["Exordium"],"potions_floor_usage":[12],"damage_taken":[{"damage":5,"enemies":"Cultist","floor":1,"turns":6},{"damage":2,"enemies":"Small Slimes","floor":2,"turns":3},{"damage":1,"enemies":"Jaw Worm","floor":4,"turns":3},{"damage":3,"enemies":"Exordium Thugs","floor":8,"turns":5},{"damage":48,"enemies":"Lagavulin","floor":12,"turns":7},{"damage":1,"enemies":"Blue Slaver","floor":13,"turns":3},{"damage":6,"enemies":"Looter","floor":14,"turns":2},{"damage":35,"enemies":"Slime Boss","floor":16,"turns":7}],"seed_played":"-266828361071868755","potions_obtained":[{"floor":1,"key":"Regen Potion"},{"floor":4,"key":"SneckoOil"},{"floor":8,"key":"GamblersBrew"}],"is_trial":false,"path_per_floor":["M","M","$","M","$","R","?","M","T","R","?","E","M","M","R","B"],"character_chosen":"THE_SILENT","items_purchased":["Cloak And Dagger","TheAbacus","Well Laid Plans"],"campfire_rested":1,"item_purchase_floors":[3,3,5],"current_hp_per_floor":[65,63,63,62,62,62,62,59,59,59,52,19,18,12,32,0,0],"gold":192,"neow_bonus":"TWO_FIFTY_GOLD","is_daily":false,"chose_seed":false,"campfire_upgraded":2,"win_rate":0.0,"timestamp":1612885349,"path_taken":["M","M","?","M","$","R","?","?","T","R","?","E","M","M","R","BOSS"],"items_purchased_type":["Card","Relic","Card"],"build_version":"2020-12-22","purchased_purges":1,"victory":false,"max_hp_per_floor":[70,70,67,67,67,67,67,67,67,67,67,67,67,67,67,67,67],"relic_stats":{"TheAbacus":[36],"counters":[8,36],"MealTicket":0,"Pen Nib":[2],"obtain_stats":[{"TheAbacus":3,"MealTicket":9,"Pen Nib":12,"Ring of the Snake":0,"WarpedTongs":7},{"TheAbacus":2,"MealTicket":4,"Pen Nib":5,"Ring of the Snake":0,"WarpedTongs":3},{"TheAbacus":9,"MealTicket":17,"Pen Nib":24,"Ring of the Snake":0,"WarpedTongs":12}],"Ring of the Snake":[17],"WarpedTongs":[24]},"card_choices":[{"not_picked":["Backflip","Dodge and Roll"],"picked":"All Out Attack","floor":1},{"not_picked":["Acrobatics","Well Laid Plans"],"picked":"All Out Attack","floor":2},{"not_picked":["Prepared","Setup"],"picked":"Bouncing Flask","floor":4},{"not_picked":["Catalyst","Underhanded Strike"],"picked":"All Out Attack","floor":8},{"not_picked":["Escape Plan","Bane"],"picked":"Caltrops","floor":12},{"not_picked":["Poisoned Stab","Prepared"],"picked":"Endless Agony","floor":13},{"not_picked":["Choke","Blade Dance","Dodge and Roll"],"picked":"SKIP","floor":14}],"player_experience":1377907,"relics_obtained":[{"floor":9,"key":"MealTicket"},{"floor":12,"key":"Pen Nib"}],"event_choices":[{"damage_healed":0,"gold_gain":0,"player_choice":"Rummage","damage_taken":0,"relics_obtained":["WarpedTongs"],"max_hp_gain":0,"max_hp_loss":0,"event_name":"Accursed Blacksmith","floor":7,"gold_loss":0,"cards_obtained":["Pain"]},{"cards_removed":["Strike_G"],"damage_healed":0,"gold_gain":0,"player_choice":"Card Removal","damage_taken":7,"max_hp_gain":0,"max_hp_loss":0,"event_name":"Golden Wing","floor":11,"gold_loss":0}],"is_beta":false,"boss_relics":[],"items_purged_floors":[3],"is_endless":false,"potions_floor_spawned":[1,4,8],"killed_by":"Slime Boss","ascension_level":4}}