{"host":"k4t1rqzyfa1bjnq8","time":1612895705,"event":{"mods":["BaseMod","Colored Powertips","Downfall","Minty Spire (QoL Compilation)","StSLib","The Cursed","The Jungle","The Servant 0.9.4"],"gold_per_floor":[118,134,147,165,182,217,217,251,251,251,70,406,431,431,431,560,560,576,600,600,415,436,436,436],"floor_reached":23,"language":"ENG","playtime":5291,"items_purged":[],"score":249,"play_id":"da53db94-eed6-4b43-8357-fc88758d396d","local_time":"20210209203505","is_ascension_mode":true,"campfire_choices":[{"floor":7.0,"key":"REST"},{"floor":15.0,"key":"REST"}],"circlet_count":0,"master_deck":["TheCursedMod:Strike_TheCursed","TheCursedMod:Strike_TheCursed","TheCursedMod:Strike_TheCursed","TheCursedMod:Strike_TheCursed","TheCursedMod:Defend_TheCursed","TheCursedMod:Defend_TheCursed","TheCursedMod:Defend_TheCursed","TheCursedMod:Defend_TheCursed","TheCursedMod:CursedWand","TheCursedMod:CleanUpWorkshop","TheCursedMod:Dregs","TheCursedMod:CursedAmulet","TheCursedMod:ReleasedKnowledge","TheCursedMod:HellsGateOpen","TheCursedMod:CursedBlade","TheCursedMod:BlessingInDisguise","TheCursedMod:CircleOfCorruption","TheCursedMod:Torture","Injury","TheCursedMod:HellfireBreathing","TheCursedMod:SpitefulPray","TheCursedMod:WearCloak","TheCursedMod:DoubleShield","TheCursedMod:OutForBlood","TheCursedMod:CircleOfBlood","TheCursedMod:SmokeScreen","TheCursedMod:CursedBoomerang+1"],"relics":["TheCursedMod:BlackMagic101","Bag of Preparation","Dream Catcher","Golden Idol","PreservedInsect","Old Coin","Question Card","Black Star","theJungle:BirthdayCake","theJungle:Creamberry"],"acts_visited":["Exordium","Exordium"],"potions_floor_usage":[22],"damage_taken":[{"damage":0.0,"enemies":"Cultist","floor":1.0,"turns":4.0},{"damage":0.0,"enemies":"2 Louse","floor":2.0,"turns":3.0},{"damage":0.0,"enemies":"Small Slimes","floor":3.0,"turns":5.0},{"damage":7.0,"enemies":"3 Louse","floor":4.0,"turns":5.0},{"damage":6.0,"enemies":"Exordium Wildlife","floor":5.0,"turns":5.0},{"damage":15.0,"enemies":"3 Sentries","floor":6.0,"turns":7.0},{"damage":26.0,"enemies":"Lagavulin","floor":8.0,"turns":12.0},{"damage":2.0,"enemies":"3 Sentries","floor":12.0,"turns":4.0},{"damage":0.0,"enemies":"2 Fungi Beasts","floor":13.0,"turns":3.0},{"damage":49.0,"enemies":"Slime Boss","floor":16.0,"turns":13.0},{"damage":19.0,"enemies":"Shell Parasite","floor":18.0,"turns":6.0},{"damage":51.0,"enemies":"theJungle:Flameango_and_Byrd","floor":19.0,"turns":7.0},{"damage":20,"enemies":"theJungle:JungleHuntersEncounter","floor":22,"turns":7},{"damage":38,"enemies":"theJungle:Cassacara","floor":23,"turns":5}],"seed_played":"8087434824306596380","potions_obtained":[{"floor":2.0,"key":"Block Potion"},{"floor":6.0,"key":"CultistPotion"},{"floor":18.0,"key":"CultistPotion"}],"is_trial":false,"path_per_floor":["M","M","M","M","M","E","R","E","T","?","$","E","M","?","R","B",null,"M","M","?","?","M","E"],"character_chosen":"THE_CURSED","items_purchased":["TheCursedMod:HellfireBreathing","PreservedInsect"],"campfire_rested":2,"item_purchase_floors":[11,11],"current_hp_per_floor":[82,82,82,75,69,54,78,52,52,52,52,50,50,43,67,18,82,63,12,32,32,16,0,0],"gold":436,"neow_bonus":"TEN_PERCENT_HP_BONUS","is_daily":false,"chose_seed":false,"campfire_upgraded":0,"win_rate":0.0,"timestamp":1612895705,"path_taken":["M","M","M","M","M","E","R","E","T","?","$","E","M","?","R","BOSS","M","M","?","?","?","E"],"items_purchased_type":["Card","Relic"],"build_version":"2020-12-22","purchased_purges":0,"victory":false,"max_hp_per_floor":[82,82,82,82,82,82,82,82,82,82,82,82,82,82,82,82,82,82,82,102,102,102,102,102],"card_choices":[{"not_picked":["TheCursedMod:Stigma","TheCursedMod:SpitefulPray"],"picked":"TheCursedMod:CursedAmulet","floor":1.0},{"not_picked":["TheCursedMod:TacticalStrike","TheCursedMod:CircleOfWindfury"],"picked":"TheCursedMod:ReleasedKnowledge","floor":2.0},{"not_picked":["TheCursedMod:CursedShiv","TheCursedMod:CircleOfAmplification"],"picked":"TheCursedMod:HellsGateOpen","floor":3.0},{"not_picked":["TheCursedMod:AshesToAshes","TheCursedMod:SurpriseAttack"],"picked":"TheCursedMod:CursedBlade","floor":4.0},{"not_picked":["TheCursedMod:Obscuration","TheCursedMod:Stigma"],"picked":"TheCursedMod:BlessingInDisguise","floor":5.0},{"not_picked":["TheCursedMod:Wield","TheCursedMod:CursedAmulet"],"picked":"TheCursedMod:CircleOfCorruption","floor":6.0},{"not_picked":["TheCursedMod:ParallelWorld","TheCursedMod:TacticalStrike"],"picked":"TheCursedMod:Torture","floor":8.0},{"not_picked":["TheCursedMod:SaltUponWound","TheCursedMod:CursedStaff"],"picked":"TheCursedMod:SpitefulPray","floor":12.0},{"not_picked":["TheCursedMod:VitalStrike","TheCursedMod:ReleasedKnowledge"],"picked":"TheCursedMod:WearCloak","floor":13.0},{"not_picked":["TheCursedMod:SurpriseAttack","TheCursedMod:ManaBullet","TheCursedMod:CursedSpellbook"],"picked":"TheCursedMod:DoubleShield","floor":15.0},{"not_picked":["TheCursedMod:DarkBarrier","TheCursedMod:UltimatePain","TheCursedMod:ManaCirculation"],"picked":"TheCursedMod:OutForBlood","floor":16.0},{"not_picked":["TheCursedMod:VitalStrike+1","TheCursedMod:SpitefulPray","TheCursedMod:CursedAmulet"],"picked":"TheCursedMod:CircleOfBlood","floor":18.0},{"not_picked":["TheCursedMod:Stretching","TheCursedMod:RapidMovement","TheCursedMod:TacticalStrike"],"picked":"TheCursedMod:SmokeScreen","floor":19.0},{"not_picked":["TheCursedMod:ReleasedKnowledge+1","TheCursedMod:VitalStrike+1","TheCursedMod:RavingStaff"],"picked":"TheCursedMod:CursedBoomerang+1","floor":22}],"player_experience":1096387,"relics_obtained":[{"floor":6.0,"key":"Bag of Preparation"},{"floor":8.0,"key":"Dream Catcher"},{"floor":12.0,"key":"Old Coin"}],"event_choices":[{"damage_healed":0.0,"max_hp_gain":0.0,"max_hp_loss":0.0,"gold_gain":0.0,"event_name":"Golden Idol","player_choice":"Take Wound","floor":10.0,"gold_loss":0.0,"damage_taken":0.0,"relics_obtained":["Golden Idol"],"cards_obtained":["Injury"]},{"damage_healed":0.0,"max_hp_gain":0.0,"max_hp_loss":0.0,"gold_gain":0.0,"event_name":"Scrap Ooze","player_choice":"Success","floor":14.0,"gold_loss":0.0,"damage_taken":7.0,"relics_obtained":["Question Card"]}],"is_beta":false,"boss_relics":[{"not_picked":["Sozu","Empty Cage"],"picked":"Black Star"}],"items_purged_floors":[],"is_endless":false,"potions_floor_spawned":[2,6,18],"killed_by":"theJungle:Cassacara","ascension_level":1}}