{"host":"t8facflq355xg1wc","time":1612880777,"event":{"mods":["AchievementEnabler","BaseMod","DeckTracker","Minty Spire (QoL Compilation)","StSLib","SuperFastMode"],"gold_per_floor":[114,114,114,126,143,172,183,183,230,264,264,276,276,55,55,154,204,224,240,240,259,272,23,23,23,23,23,23,48,48,78,90,197,209,239,266,294,306,333,374,405,431,468,510,576,173,173,206,206,206],"floor_reached":51,"language":"KOR","playtime":4213,"items_purged":["Defend_P","Defend_P","Defend_P+1"],"score":1146,"play_id":"0419738c-1e9b-43d0-978d-363ca8fe068e","local_time":"20210209232617","is_ascension_mode":true,"campfire_choices":[{"floor":8.0,"key":"REST"},{"data":"Eruption","floor":11.0,"key":"SMITH"},{"floor":15.0,"key":"REST"},{"data":"Adaptation","floor":25.0,"key":"SMITH"},{"floor":27.0,"key":"REST"},{"data":"Scrawl","floor":30.0,"key":"SMITH"},{"floor":32.0,"key":"REST"},{"floor":49.0,"key":"REST"}],"circlet_count":0,"master_deck":["Strike_P","Strike_P","Strike_P","Eruption+1","Vigilance+1","Adaptation+1","Scrawl+1","FearNoEvil","Prostrate+1","InnerPeace+1"],"relics":["PureWater","NeowsBlessing","Kunai","Oddly Smooth Stone","Ancient Tea Set","Mummified Hand","Vajra","Tiny House","Bag of Marbles","Anchor","MutagenicStrength","Matryoshka","Gambling Chip","MawBank","Black Star","PreservedInsect","Singing Bowl","War Paint","Damaru","StoneCalendar","Blue Candle","Girya","Pear","MealTicket","Toxic Egg 2","Dream Catcher","Boot"],"acts_visited":["Exordium","TheCity","TheBeyond"],"potions_floor_usage":[50,50,50],"damage_taken":[{"damage":0.0,"enemies":"2 Louse","floor":1.0,"turns":1.0},{"damage":0.0,"enemies":"Jaw Worm","floor":4.0,"turns":1.0},{"damage":0.0,"enemies":"Small Slimes","floor":5.0,"turns":1.0},{"damage":29.0,"enemies":"3 Sentries","floor":6.0,"turns":12.0},{"damage":13.0,"enemies":"Looter","floor":7.0,"turns":3.0},{"damage":12.0,"enemies":"Lagavulin","floor":10.0,"turns":5.0},{"damage":7.0,"enemies":"3 Louse","floor":12.0,"turns":2.0},{"damage":9.0,"enemies":"Hexaghost","floor":16.0,"turns":9.0},{"damage":16.0,"enemies":"Shell Parasite","floor":18.0,"turns":6.0},{"damage":9.0,"enemies":"2 Thieves","floor":19.0,"turns":3.0},{"damage":15.0,"enemies":"Snake Plant","floor":21.0,"turns":4.0},{"damage":6.0,"enemies":"3 Cultists","floor":22.0,"turns":5.0},{"damage":0.0,"enemies":"Slavers","floor":29.0,"turns":2.0},{"damage":0.0,"enemies":"Gremlin Leader","floor":31.0,"turns":1.0},{"damage":10.0,"enemies":"Automaton","floor":33.0,"turns":8.0},{"damage":0.0,"enemies":"Orb Walker","floor":35.0,"turns":1.0},{"damage":23.0,"enemies":"3 Darklings","floor":36.0,"turns":5.0},{"damage":0.0,"enemies":"Sphere and 2 Shapes","floor":37.0,"turns":1.0},{"damage":0.0,"enemies":"Transient","floor":39.0,"turns":2.0},{"damage":44.0,"enemies":"Nemesis","floor":40.0,"turns":7.0},{"damage":0.0,"enemies":"Spire Growth","floor":41.0,"turns":1.0},{"damage":0.0,"enemies":"4 Shapes","floor":42.0,"turns":1.0},{"damage":0.0,"enemies":"Giant Head","floor":44.0,"turns":6.0},{"damage":0.0,"enemies":"2 Orb Walkers","floor":45.0,"turns":1.0},{"damage":0.0,"enemies":"Nemesis","floor":48.0,"turns":1.0},{"damage":3,"enemies":"Time Eater","floor":50,"turns":7}],"seed_played":"-1066916409268299440","potions_obtained":[{"floor":1.0,"key":"BlessingOfTheForge"},{"floor":4.0,"key":"SkillPotion"},{"floor":5.0,"key":"Block Potion"},{"floor":12.0,"key":"Explosive Potion"},{"floor":17.0,"key":"SkillPotion"},{"floor":19.0,"key":"PowerPotion"},{"floor":29.0,"key":"SkillPotion"},{"floor":36.0,"key":"PowerPotion"},{"floor":40.0,"key":"Ancient Potion"},{"floor":41.0,"key":"ColorlessPotion"},{"floor":44.0,"key":"Ancient Potion"}],"is_trial":false,"path_per_floor":["M","?","?","M","M","E","M","R","T","E","R","M","?","$","R","B",null,"M","M","?","M","M","$","?","R","T","R","$","E","R","E","R","B",null,"M","M","M","?","M","E","M","M","T","E","?","$","T","E","R","B",null],"character_chosen":"WATCHER","items_purchased":["Vajra","Anchor","Pear","AttackPotion"],"campfire_rested":5,"item_purchase_floors":[14,23,46,46],"current_hp_per_floor":[72,65,65,65,65,36,23,44,44,32,32,25,25,25,46,37,77,61,52,52,37,31,31,31,31,31,54,54,54,54,54,77,67,77,77,54,54,54,54,12,12,14,14,16,18,28,28,30,59,56],"gold":206,"neow_bonus":"THREE_ENEMY_KILL","is_daily":false,"chose_seed":false,"campfire_upgraded":3,"win_rate":0.0,"timestamp":1612880777,"path_taken":["M","?","?","M","?","E","M","R","T","E","R","M","?","$","R","BOSS","M","M","?","M","M","$","?","R","T","R","?","E","R","E","R","BOSS","M","M","M","?","M","E","M","M","T","E","?","$","?","E","R","BOSS"],"items_purchased_type":["Relic","Relic","Relic","Potion"],"build_version":"2020-12-22","purchased_purges":3,"victory":true,"max_hp_per_floor":[72,72,72,72,72,72,72,72,72,72,72,72,72,72,72,72,77,77,77,77,77,77,77,77,77,77,77,77,77,77,77,77,77,77,77,77,77,77,77,79,79,81,81,83,85,95,95,97,97,97],"card_choices":[{"not_picked":["InnerPeace","FollowUp"],"picked":"Adaptation","floor":1.0},{"not_picked":["Prostrate","Collect","Crescendo"],"picked":"SKIP","floor":4.0},{"not_picked":["SignatureMove","ThirdEye","BattleHymn"],"picked":"SKIP","floor":5.0},{"not_picked":["FlurryOfBlows","Halt","Swivel"],"picked":"SKIP","floor":6.0},{"not_picked":["Swivel","FlyingSleeves","JustLucky"],"picked":"SKIP","floor":7.0},{"not_picked":["FollowUp","Weave","FlurryOfBlows"],"picked":"SKIP","floor":10.0},{"not_picked":["CrushJoints","JustLucky","SashWhip"],"picked":"SKIP","floor":12.0},{"not_picked":["ConjureBlade","LessonLearned"],"picked":"Scrawl","floor":16.0},{"not_picked":["Wallop","Prostrate+1","EmptyFist"],"picked":"SKIP","floor":18.0},{"not_picked":["Crescendo","JustLucky","BowlingBash"],"picked":"SKIP","floor":19.0},{"not_picked":["FollowUp","WaveOfTheHand","Prostrate"],"picked":"SKIP","floor":21.0},{"not_picked":["FollowUp","PathToVictory","CrushJoints"],"picked":"SKIP","floor":22.0},{"not_picked":["Vault","Study","SandsOfTime+1"],"picked":"SKIP","floor":29.0},{"not_picked":["Omniscience","FollowUp","ThirdEye"],"picked":"SKIP","floor":31.0},{"not_picked":["PathToVictory+1","SashWhip+1","Evaluate+1"],"picked":"SKIP","floor":35.0},{"not_picked":["BowlingBash","Evaluate+1"],"picked":"FearNoEvil","floor":36.0},{"not_picked":["DeceiveReality","Crescendo","FlurryOfBlows"],"picked":"SKIP","floor":37.0},{"not_picked":["ClearTheMind","WaveOfTheHand+1","EmptyBody"],"picked":"SKIP","floor":39.0},{"not_picked":["EmptyFist+1","Halt+1","EmptyMind"],"picked":"Singing Bowl","floor":40.0},{"not_picked":["ClearTheMind+1","CrushJoints+1"],"picked":"Prostrate+1","floor":41.0},{"not_picked":["EmptyBody","Nirvana","BowlingBash"],"picked":"Singing Bowl","floor":42.0},{"not_picked":["Blasphemy","ThirdEye+1","Fasting2"],"picked":"Singing Bowl","floor":44.0},{"not_picked":["CutThroughFate+1","CrushJoints+1","FlurryOfBlows"],"picked":"Singing Bowl","floor":45.0},{"not_picked":["SignatureMove","FlyingSleeves+1","Perseverance+1"],"picked":"Singing Bowl","floor":48.0},{"not_picked":["BowlingBash+1","WindmillStrike"],"picked":"InnerPeace+1","floor":49.0}],"player_experience":166886,"relics_obtained":[{"floor":6.0,"key":"Kunai"},{"floor":9.0,"key":"Oddly Smooth Stone"},{"floor":10.0,"key":"Ancient Tea Set"},{"floor":26.0,"key":"Matryoshka"},{"floor":29.0,"key":"Gambling Chip"},{"floor":31.0,"key":"MawBank"},{"floor":40.0,"key":"PreservedInsect"},{"floor":40.0,"key":"Singing Bowl"},{"floor":43.0,"key":"War Paint"},{"floor":43.0,"key":"Damaru"},{"floor":44.0,"key":"StoneCalendar"},{"floor":44.0,"key":"Blue Candle"},{"floor":45.0,"key":"Girya"},{"floor":47.0,"key":"MealTicket"},{"floor":47.0,"key":"Toxic Egg 2"},{"floor":48.0,"key":"Dream Catcher"},{"floor":48.0,"key":"Boot"}],"event_choices":[{"cards_removed":["Defend_P"],"damage_healed":0.0,"max_hp_gain":0.0,"max_hp_loss":0.0,"gold_gain":0.0,"event_name":"Golden Wing","player_choice":"Card Removal","floor":2.0,"gold_loss":0.0,"damage_taken":7.0},{"cards_removed":["Strike_P"],"damage_healed":0.0,"max_hp_gain":0.0,"max_hp_loss":0.0,"gold_gain":0.0,"event_name":"Living Wall","player_choice":"Forget","floor":3.0,"gold_loss":0.0,"damage_taken":0.0},{"damage_healed":0.0,"max_hp_gain":0.0,"max_hp_loss":0.0,"gold_gain":0.0,"event_name":"Dead Adventurer","player_choice":"Searched \u00271\u0027 times","floor":13.0,"gold_loss":0.0,"damage_taken":0.0,"relics_obtained":["Mummified Hand"]},{"damage_healed":0.0,"max_hp_gain":0.0,"max_hp_loss":0.0,"gold_gain":0.0,"event_name":"The Mausoleum","player_choice":"Opened","floor":20.0,"gold_loss":0.0,"damage_taken":0.0,"relics_obtained":["Bag of Marbles"]},{"damage_healed":0.0,"max_hp_gain":0.0,"max_hp_loss":0.0,"gold_gain":0.0,"event_name":"Drug Dealer","player_choice":"Inject Mutagens","floor":24.0,"gold_loss":0.0,"damage_taken":0.0,"relics_obtained":["MutagenicStrength"]},{"damage_healed":0.0,"max_hp_gain":0.0,"max_hp_loss":0.0,"gold_gain":0.0,"event_name":"Tomb of Lord Red Mask","player_choice":"Ignored","floor":38.0,"gold_loss":0.0,"damage_taken":0.0},{"damage_healed":0.0,"max_hp_gain":0.0,"max_hp_loss":0.0,"gold_gain":0.0,"event_name":"Mysterious Sphere","player_choice":"Fight","floor":45.0,"gold_loss":0.0,"damage_taken":0.0}],"is_beta":false,"boss_relics":[{"not_picked":["Pandora\u0027s Box","Ectoplasm"],"picked":"Tiny House"},{"not_picked":["Runic Dome","Cursed Key"],"picked":"Black Star"}],"items_purged_floors":[14,23,46],"is_endless":false,"potions_floor_spawned":[1,4,5,12,19,29,36,40,41,44],"ascension_level":2}}