{"host":"vflj39ie5n27t074","time":1612863137,"event":{"mods":["BaseMod","BetterRewards","Bossed Relics","Colored Map","Colored Powertips","Downfall","Hubris","Infinite Spire","Marisa????????","Minty Spire (QoL Compilation)","Replay The Spire","SIMod","StSLib","The Bug Knight","The Jungle","The Mystic","The Servant 0.9.4"],"gold_per_floor":[116,126,136,146,146,146,70,97,97,97,372,386,386,386],"floor_reached":13,"language":"ENG","playtime":910,"items_purged":[],"score":85,"play_id":"de042f35-477a-4b62-bcae-5abc3506347e","local_time":"20210209033217","is_ascension_mode":false,"campfire_choices":[{"data":"HollowMod:FocusHealStart","floor":6,"key":"SMITH"},{"data":"HollowMod:SoulStrike","floor":10,"key":"SMITH"}],"circlet_count":0,"master_deck":["HollowMod:NailStrikeStart","HollowMod:NailStrikeStart","HollowMod:NailStrikeStart","HollowMod:NailStrikeStart","HollowMod:QuickDashStart","HollowMod:QuickDashStart","HollowMod:QuickDashStart","HollowMod:FocusHealStart+1","HollowMod:PogoStrike","HollowMod:BaldurShell","HollowMod:MawleksShell","HollowMod:SoulShaman","HollowMod:GoodIntentions","HollowMod:HowlingWraiths","HollowMod:AwokenDreamNail","HollowMod:SoulStrike+1","Regret"],"relics":["HollowMod:VesselMask","Replay:Mystery Machine","infinitespire:Eraser"],"acts_visited":["Exordium"],"potions_floor_usage":[],"damage_taken":[{"damage":7,"enemies":"Cultist","floor":1,"turns":5},{"damage":4,"enemies":"Small Slimes","floor":2,"turns":4},{"damage":15,"enemies":"Jaw Worm","floor":3,"turns":4},{"damage":25,"enemies":"Exordium Thugs","floor":4,"turns":8},{"damage":48,"enemies":"Lagavulin","floor":8,"turns":8},{"damage":13,"enemies":"3 Louse","floor":12,"turns":3},{"damage":14,"enemies":"Gremlin Nob","floor":13,"turns":2}],"seed_played":"-5329208745470404664","potions_obtained":[{"floor":3,"key":"FearPotion"},{"floor":4,"key":"champ:CounterPotion"}],"is_trial":false,"path_per_floor":["M","M","M","M","T","R","$","E","T","R","?","M","E"],"character_chosen":"THE_BUGKNIGHT","items_purchased":["HollowMod:AwokenDreamNail"],"campfire_rested":0,"item_purchase_floors":[7],"current_hp_per_floor":[68,74,69,54,54,54,54,18,18,18,18,11,0,0],"gold":386,"neow_bonus":"TRANSFORM_CARD","is_daily":false,"chose_seed":false,"campfire_upgraded":2,"win_rate":0.0,"timestamp":1612863137,"path_taken":["M","M","?","?","?","R","?","E","T","R","?","M","E"],"items_purchased_type":["Card"],"build_version":"2020-12-22","purchased_purges":0,"victory":false,"max_hp_per_floor":[75,75,75,75,75,75,75,75,75,75,75,75,75,75],"card_choices":[{"not_picked":["HollowMod:CloakDash","HollowMod:SiblingsSouls"],"picked":"HollowMod:MawleksShell","floor":1},{"not_picked":["HollowMod:HeavyBlow","HollowMod:LifebloodCocoon"],"picked":"HollowMod:SoulShaman","floor":2},{"not_picked":["HollowMod:DoubleDash","HollowMod:SoulSplash"],"picked":"HollowMod:GoodIntentions","floor":3},{"not_picked":["HollowMod:SharpenedShadows","HollowMod:CornifersMapStart"],"picked":"HollowMod:HowlingWraiths","floor":4},{"not_picked":["HollowMod:GoodIntentions","HollowMod:MawleksShell"],"picked":"HollowMod:SoulStrike","floor":8},{"not_picked":["HollowMod:NewLittleFool","HollowMod:WraithStrike","HollowMod:SharpenedShadows"],"picked":"SKIP","floor":12}],"player_experience":125803,"relics_obtained":[{"floor":8,"key":"Replay:Mystery Machine"},{"floor":9,"key":"infinitespire:Eraser"}],"event_choices":[{"damage_healed":0,"gold_gain":275,"player_choice":"Desecrate","damage_taken":0,"max_hp_gain":0,"max_hp_loss":0,"event_name":"Golden Shrine","floor":11,"gold_loss":0,"cards_obtained":["Regret"]}],"is_beta":false,"boss_relics":[],"items_purged_floors":[],"is_endless":false,"potions_floor_spawned":[3,4],"killed_by":"Gremlin Nob","ascension_level":0}}