{"host":"ydg0vn0pu4pubmdt","time":1612896710,"event":{"mods":["AchievementEnabler","BaseMod","Colored Map","Gold Saver","Minty Spire (QoL Compilation)","Quick Restart","SuperFastMode"],"gold_per_floor":[839,858,576,596,596,623,623,623,623,623,673,691,691,477,477,555,555,569,596,646,546,573,573,588,588,668,668,699,715,732,743,743,830,830,846,846,855,640,658,658,685,685,708,747,747,772,806,815,815,815],"floor_reached":51,"language":"KOR","playtime":1377,"items_purged":["Strike_P","Strike_P","Strike_P","Strike_P"],"score":1476,"play_id":"64cdff7f-978d-4960-91dd-e39835e2eef1","local_time":"20210210035150","is_ascension_mode":true,"campfire_choices":[{"data":"MentalFortress","floor":7.0,"key":"SMITH"},{"data":"EmptyFist","floor":10.0,"key":"SMITH"},{"data":"FlurryOfBlows","floor":15.0,"key":"SMITH"},{"floor":23.0,"key":"REST"},{"floor":25.0,"key":"REST"},{"data":"Vault","floor":27.0,"key":"SMITH"},{"data":"Deep Breath","floor":32.0,"key":"SMITH"},{"data":"Vault","floor":40.0,"key":"SMITH"},{"data":"Panache","floor":42.0,"key":"SMITH"},{"data":"Study","floor":45,"key":"SMITH"},{"floor":49,"key":"REST"}],"circlet_count":0,"master_deck":["AscendersBane","Defend_P","Defend_P","Eruption+1","Vigilance","MentalFortress+1","EmptyFist+1","FollowUp","FlurryOfBlows+1","Vault+1","WheelKick","Deep Breath+1","FearNoEvil","Vault+1","Panache+1","Study+1","Protect+1","Adaptation","Evaluate+1","Evaluate"],"relics":["PureWater","Membership Card","Anchor","StoneCalendar","Sundial","Mummified Hand","VioletLotus","CeramicFish","Meat on the Bone","Bag of Marbles","SlaversCollar","Vajra","Pen Nib","Lantern","Blood Vial","Prayer Wheel"],"acts_visited":["Exordium","TheCity","TheBeyond"],"potions_floor_usage":[44,50],"damage_taken":[{"damage":2.0,"enemies":"Jaw Worm","floor":1.0,"turns":3.0},{"damage":4.0,"enemies":"2 Louse","floor":2.0,"turns":2.0},{"damage":0.0,"enemies":"Small Slimes","floor":4.0,"turns":4.0},{"damage":6.0,"enemies":"Lagavulin","floor":6.0,"turns":8.0},{"damage":0.0,"enemies":"Gremlin Gang","floor":12.0,"turns":6.0},{"damage":37.0,"enemies":"Slime Boss","floor":16.0,"turns":7.0},{"damage":16.0,"enemies":"Spheric Guardian","floor":18.0,"turns":4.0},{"damage":17.0,"enemies":"3 Byrds","floor":22.0,"turns":6.0},{"damage":24.0,"enemies":"Snecko","floor":24.0,"turns":6.0},{"damage":20.0,"enemies":"Slavers","floor":28.0,"turns":5.0},{"damage":0.0,"enemies":"Snake Plant","floor":29.0,"turns":2.0},{"damage":8.0,"enemies":"Centurion and Healer","floor":30.0,"turns":3.0},{"damage":0.0,"enemies":"3 Cultists","floor":31.0,"turns":5.0},{"damage":36.0,"enemies":"Champ","floor":33.0,"turns":10.0},{"damage":0.0,"enemies":"Orb Walker","floor":35.0,"turns":3.0},{"damage":37.0,"enemies":"3 Darklings","floor":39.0,"turns":5.0},{"damage":0.0,"enemies":"Giant Head","floor":41.0,"turns":5.0},{"damage":0,"enemies":"Nemesis","floor":44,"turns":4},{"damage":0,"enemies":"Jaw Worm Horde","floor":46,"turns":4},{"damage":0,"enemies":"Mind Bloom Boss Battle","floor":47,"turns":3},{"damage":0,"enemies":"Time Eater","floor":50,"turns":8}],"seed_played":"-249077682260602872","potions_obtained":[{"floor":0.0,"key":"LiquidMemories"},{"floor":0.0,"key":"Swift Potion"},{"floor":2.0,"key":"FairyPotion"},{"floor":12.0,"key":"SneckoOil"},{"floor":13.0,"key":"StancePotion"},{"floor":24.0,"key":"EssenceOfSteel"},{"floor":30.0,"key":"Explosive Potion"},{"floor":33.0,"key":"SneckoOil"},{"floor":39.0,"key":"StancePotion"},{"floor":47,"key":"PowerPotion"}],"is_trial":false,"path_per_floor":["M","M","$","M","?","E","R","?","T","R","?","M","?","$","R","B",null,"M","T","?","$","M","R","M","R","T","R","E","M","M","M","R","B",null,"M","?","?","$","M","R","E","R","T","E","R","M","?","?","R","B",null],"character_chosen":"WATCHER","items_purchased":["Membership Card","Anchor","FlurryOfBlows","Mummified Hand","Deep Breath","Regen Potion","Study","Vajra"],"campfire_rested":3,"item_purchase_floors":[3,3,14,14,21,38,38,38],"current_hp_per_floor":[59,55,55,55,55,49,49,42,42,42,42,42,42,42,42,5,52,36,36,36,36,19,39,15,35,35,35,27,39,43,43,43,19,56,56,56,46,46,35,35,35,35,35,35,35,37,39,39,58,60],"gold":815,"neow_bonus":"THREE_SMALL_POTIONS","is_daily":false,"chose_seed":false,"campfire_upgraded":8,"win_rate":0.0,"timestamp":1612896710,"path_taken":["M","M","$","M","?","E","R","?","T","R","?","?","?","$","R","BOSS","M","?","?","$","M","R","M","R","T","R","E","?","M","M","R","BOSS","M","?","?","$","M","R","E","R","T","E","R","M","?","?","R","BOSS"],"items_purchased_type":["Relic","Relic","Card","Relic","Card","Potion","Card","Relic"],"build_version":"2020-12-22","purchased_purges":4,"victory":true,"max_hp_per_floor":[68,68,68,68,68,68,68,68,68,68,68,68,68,68,68,68,68,68,68,68,68,68,68,68,68,68,68,68,68,68,68,68,68,68,68,65,65,65,65,65,65,65,65,65,65,65,65,65,65,65],"card_choices":[{"not_picked":["JustLucky","Crescendo"],"picked":"MentalFortress","floor":1.0},{"not_picked":["EmptyBody","JustLucky"],"picked":"EmptyFist","floor":2.0},{"not_picked":["Nirvana","ThirdEye","JustLucky"],"picked":"SKIP","floor":4.0},{"not_picked":["ClearTheMind","Crescendo","JustLucky"],"picked":"SKIP","floor":6.0},{"not_picked":["Prostrate","Evaluate"],"picked":"FollowUp","floor":12.0},{"not_picked":["Wish","Scrawl"],"picked":"Vault","floor":16.0},{"not_picked":["ThirdEye","CrushJoints"],"picked":"WheelKick","floor":18.0},{"not_picked":["EmptyFist","FollowUp+1"],"picked":"FearNoEvil","floor":22.0},{"not_picked":["ThirdEye","Weave","Fasting2"],"picked":"SKIP","floor":24.0},{"not_picked":["Pray","ClearTheMind","Consecrate"],"picked":"SKIP","floor":28.0},{"not_picked":["ClearTheMind","Halt","CrushJoints"],"picked":"SKIP","floor":29.0},{"not_picked":["CrushJoints","WreathOfFlame","SashWhip+1"],"picked":"SKIP","floor":30.0},{"not_picked":["Prostrate","WheelKick","Halt"],"picked":"SKIP","floor":31.0},{"not_picked":["Wish","Brilliance"],"picked":"Vault","floor":33.0},{"not_picked":["Consecrate","Nirvana+1","LikeWater"],"picked":"SKIP","floor":35.0},{"not_picked":["Trip","Discovery"],"picked":"Panache","floor":37.0},{"not_picked":["FlurryOfBlows+1","CarveReality+1","Consecrate"],"picked":"SKIP","floor":39.0},{"not_picked":["Perseverance","WaveOfTheHand","Prostrate+1"],"picked":"SKIP","floor":41.0},{"not_picked":["Prostrate+1","EmptyFist+1"],"picked":"Protect+1","floor":44},{"not_picked":["CutThroughFate","Crescendo"],"picked":"Adaptation","floor":46},{"not_picked":["SpiritShield","CrushJoints"],"picked":"Evaluate+1","floor":47}],"player_experience":531313,"relics_obtained":[{"floor":6.0,"key":"StoneCalendar"},{"floor":9.0,"key":"Sundial"},{"floor":19.0,"key":"CeramicFish"},{"floor":26.0,"key":"Meat on the Bone"},{"floor":28.0,"key":"Bag of Marbles"},{"floor":41.0,"key":"Pen Nib"},{"floor":43.0,"key":"Lantern"},{"floor":44,"key":"Blood Vial"},{"floor":47,"key":"Prayer Wheel"}],"event_choices":[{"damage_healed":0.0,"max_hp_gain":0.0,"max_hp_loss":0.0,"gold_gain":0.0,"event_name":"Living Wall","player_choice":"Grow","floor":5.0,"gold_loss":0.0,"damage_taken":0.0,"cards_upgraded":["Eruption"]},{"cards_removed":["Defend_P"],"damage_healed":0.0,"max_hp_gain":0.0,"max_hp_loss":0.0,"gold_gain":0.0,"event_name":"Golden Wing","player_choice":"Card Removal","floor":8.0,"gold_loss":0.0,"damage_taken":7.0},{"damage_healed":0.0,"max_hp_gain":0.0,"max_hp_loss":0.0,"gold_gain":50.0,"event_name":"Golden Shrine","player_choice":"Pray","floor":11.0,"gold_loss":0.0,"damage_taken":0.0},{"damage_healed":0.0,"max_hp_gain":0.0,"max_hp_loss":0.0,"gold_gain":0.0,"event_name":"Lab","player_choice":"Got Potions","floor":13.0,"gold_loss":0.0,"damage_taken":0.0},{"damage_healed":0.0,"max_hp_gain":0.0,"max_hp_loss":0.0,"gold_gain":50.0,"event_name":"Golden Shrine","player_choice":"Pray","floor":20.0,"gold_loss":0.0,"damage_taken":0.0},{"damage_healed":0.0,"max_hp_gain":0.0,"max_hp_loss":3.0,"gold_gain":0.0,"event_name":"Winding Halls","player_choice":"Max HP","floor":36.0,"gold_loss":0.0,"damage_taken":0.0},{"damage_healed":0.0,"max_hp_gain":0.0,"max_hp_loss":0.0,"gold_gain":0.0,"event_name":"SensoryStone","player_choice":"Memory 3","floor":37.0,"gold_loss":0.0,"damage_taken":10.0},{"damage_healed":0,"gold_gain":0,"player_choice":"Fight","damage_taken":0,"max_hp_gain":0,"max_hp_loss":0,"event_name":"MindBloom","floor":47,"gold_loss":0},{"damage_healed":0,"gold_gain":0,"cards_transformed":["Defend_P"],"player_choice":"Transformed","damage_taken":0,"max_hp_gain":0,"max_hp_loss":0,"event_name":"Transmorgrifier","floor":48,"gold_loss":0,"cards_obtained":["Evaluate"]}],"is_beta":false,"boss_relics":[{"not_picked":["Cursed Key","Ectoplasm"],"picked":"VioletLotus"},{"not_picked":["Busted Crown","Velvet Choker"],"picked":"SlaversCollar"}],"items_purged_floors":[3,14,21,38],"is_endless":false,"potions_floor_spawned":[2,4,12,16,24,30,33,39,47],"ascension_level":17}}