{"host":"xspno2hvvkg1vi3z","time":1612860907,"event":{"mods":["100% Spire Juice","BaseMod","Downfall","Energized Spire","Minty Spire (QoL Compilation)","StSLib"],"gold_per_floor":[99,116,134,154,254,286,335,362,362,381,397,397,297,312,326,422,422,422,422,422,332,217,234,234,134,134,148,148,166,166,166,177,299,349,349,399,449,449,185,205,251,270,270,170,196,196,210,210,222,222,222,251,251,251,251,251,251,251],"floor_reached":56,"language":"ZHS","playtime":2960,"items_purged":["Guardian:Strike_Guardian+1","Guardian:Defend_Guardian+1","downfall:Icky"],"score":842,"play_id":"2a0f57d2-e61c-4596-906a-e696419b65a0","local_time":"20210209165507","is_ascension_mode":false,"campfire_choices":[{"floor":1.0,"key":"RECALL"},{"floor":13.0,"key":"REST"},{"data":"downfall:Malfunctioning","floor":18.0,"key":"PURGE"},{"data":"Guardian:TimeSifter","floor":25,"key":"SMITH"},{"data":"Guardian:FastForward","floor":35,"key":"SMITH"},{"data":"Guardian:WalkerClaw","floor":44,"key":"PURGE"},{"floor":46,"key":"REST"},{"floor":54,"key":"REST"}],"circlet_count":0,"master_deck":["Guardian:CurlUp","Guardian:TwinSlam+1","Guardian:PiercingHide","Guardian:MultiBeam+1","Guardian:RefractedBeam+1","Guardian:FierceBash+1","Guardian:TimeSifter+1","Guardian:ShieldCharger","Guardian:Repulse","Guardian:FastForward+1"],"relics":["Velvet Choker","Oddly Smooth Stone","Peace Pipe","Matryoshka","downfall:HeartBlessingRed","energizedSpire:EnergizedDie","Singing Bowl","downfall:HeartBlessingBlue","downfall:RedIOU","Tiny House","Ice Cream","Dream Catcher","Bottled Tornado","Guardian:BottledStasis","Mango","Art of War","Lantern","downfall:HeartBlessingGreen","Bronze Scales","Blood Vial"],"acts_visited":["Exordium","TheCity","TheBeyond","TheEnding"],"potions_floor_usage":[33,33,39,39,50],"damage_taken":[{"damage":0.0,"enemies":"2 Louse","floor":2.0,"turns":2.0},{"damage":0.0,"enemies":"Small Slimes","floor":3.0,"turns":5.0},{"damage":0.0,"enemies":"Jaw Worm","floor":4.0,"turns":4.0},{"damage":29.0,"enemies":"downfall:Heads","floor":5.0,"turns":7.0},{"damage":17.0,"enemies":"Lagavulin","floor":6.0,"turns":6.0},{"damage":14.0,"enemies":"Gremlin Nob","floor":8.0,"turns":3.0},{"damage":6.0,"enemies":"Blue Slaver","floor":10.0,"turns":3.0},{"damage":3.0,"enemies":"3 Louse","floor":11.0,"turns":2.0},{"damage":0.0,"enemies":"Exordium Wildlife","floor":14.0,"turns":2.0},{"damage":0.0,"enemies":"Gremlin Gang","floor":15.0,"turns":2.0},{"damage":14.0,"enemies":"IC_STATUS_ARCHETYPE","floor":16.0,"turns":3.0},{"damage":1.0,"enemies":"downfall:FleeingMerchant","floor":21.0,"turns":4.0},{"damage":6,"enemies":"downfall:FleeingMerchant","floor":22,"turns":4},{"damage":0,"enemies":"Spheric Guardian","floor":23,"turns":3},{"damage":2,"enemies":"Cultist and Chosen","floor":26,"turns":3},{"damage":0,"enemies":"3 Cultists","floor":27,"turns":2},{"damage":2,"enemies":"Chosen and Byrds","floor":29,"turns":4},{"damage":14,"enemies":"Centurion and Healer","floor":32,"turns":4},{"damage":28,"enemies":"SI_MIRROR_ARCHETYPE","floor":33,"turns":8},{"damage":15,"enemies":"SI_MIRROR_ARCHETYPE","floor":36,"turns":5},{"damage":20,"enemies":"downfall:FleeingMerchant","floor":39,"turns":3},{"damage":19,"enemies":"3 Shapes","floor":40,"turns":2},{"damage":16,"enemies":"Orb Walker","floor":42,"turns":3},{"damage":28,"enemies":"Nemesis","floor":43,"turns":7},{"damage":0,"enemies":"Giant Head","floor":45,"turns":5},{"damage":9,"enemies":"4 Shapes","floor":47,"turns":4},{"damage":10,"enemies":"Sphere and 2 Shapes","floor":49,"turns":3},{"damage":35,"enemies":"DF_ARCHETYPE_ORBS","floor":50,"turns":6},{"damage":67,"enemies":"downfall:CharBossMerchant","floor":52,"turns":7},{"damage":102,"enemies":"downfall:NeowBoss","floor":55,"turns":17},{"damage":37,"enemies":"downfall:NeowBossFinal","floor":56,"turns":2}],"seed_played":"5609586881346452625","potions_obtained":[{"floor":2.0,"key":"Fruit Juice"},{"floor":4.0,"key":"Fire Potion"},{"floor":6.0,"key":"Slimebound:ThreeZeroPotion"},{"floor":15.0,"key":"FearPotion"},{"floor":16.0,"key":"ColorlessPotion"},{"floor":23,"key":"SteroidPotion"},{"floor":32,"key":"bronze:BurnAndBuffPotion"},{"floor":33,"key":"SteroidPotion"},{"floor":34,"key":"SneckoOil"},{"floor":40,"key":"Dexterity Potion"},{"floor":43,"key":"Fire Potion"},{"floor":52,"key":"DistilledChaos"}],"is_trial":false,"path_per_floor":["R","M","M","M","?","E","T","E","?","M","M","?","R","M","M","B",null,"R","?","?","$","$","M","T","R","M","M","?","M","?","?","M","B",null,"R","?","T","?","$","M","T","M","E","R","E","R","M","?","M","B",null,"E","$","R","B","B"],"character_chosen":"GUARDIAN","items_purchased":["Guardian:BottledStasis","Mango"],"campfire_rested":3,"item_purchase_floors":[39,39],"current_hp_per_floor":[80,80,85,85,56,39,39,25,18,12,9,9,34,34,34,20,85,85,85,85,84,78,78,78,88,88,90,90,90,90,90,78,50,110,110,97,97,97,93,76,76,62,36,36,38,80,73,73,65,30,142,77,77,122,22,0,0,0],"gold":251,"neow_bonus":"BOSS_RELIC","is_daily":false,"chose_seed":false,"campfire_upgraded":2,"win_rate":0.0,"timestamp":1612860907,"path_taken":["R","M","M","M","?","E","T","E","?","M","M","?","R","?","M","BOSS","R","?","?","$","?","M","T","R","M","?","?","M","?","?","M","BOSS","R","?","?","?","$","M","T","?","E","R","E","R","M","?","M","BOSS","E","$","R","BOSS","BOSS"],"items_purchased_type":["Relic","Relic"],"build_version":"2020-12-22","purchased_purges":3,"victory":false,"max_hp_per_floor":[80,80,85,85,85,85,85,85,85,85,85,85,85,85,85,85,85,85,85,85,85,85,85,85,95,97,99,99,101,101,101,103,103,110,110,112,112,112,128,130,130,132,134,134,136,138,140,140,142,142,142,144,144,146,146,146,146,146],"card_choices":[{"not_picked":["Guardian:BronzeOrb","Guardian:Suspension"],"picked":"Guardian:PiercingHide","floor":2.0},{"not_picked":["Guardian:TemporalStrike","Guardian:GuardianWhirl","Guardian:Gem_Green"],"picked":"SKIP","floor":3.0},{"not_picked":["Guardian:PrimingBeam","Guardian:Reroute","Guardian:TemporalShield"],"picked":"SKIP","floor":4.0},{"not_picked":["Guardian:Planning","Guardian:Gem_Red"],"picked":"Guardian:MultiBeam","floor":6.0},{"not_picked":["Guardian:Planning","Guardian:SpikerProtocol","Guardian:ChargeCore"],"picked":"SKIP","floor":8.0},{"not_picked":["Guardian:ChargeCore","Guardian:Gem_Cyan"],"picked":"Guardian:RefractedBeam","floor":10.0},{"not_picked":["Guardian:Gem_Lightblue","Guardian:Gem_Cyan","Guardian:ChargeCore"],"picked":"SKIP","floor":11.0},{"not_picked":["Guardian:Gem_Lightblue","Guardian:ChargeCore"],"picked":"Guardian:Gem_Cyan","floor":11.0},{"not_picked":["Guardian:FloatingOrbs","Guardian:Gem_Lightblue"],"picked":"Guardian:Gem_Red","floor":14.0},{"not_picked":["Guardian:Reroute","Guardian:Emergency"],"picked":"Guardian:FierceBash","floor":15.0},{"not_picked":["Guardian:Gem_Orange","Guardian:GemFinder"],"picked":"Guardian:TimeSifter","floor":16.0},{"not_picked":["Guardian:TemporalStrike","Guardian:Suspension+1","Guardian:Recover"],"picked":"SKIP","floor":21.0},{"not_picked":["Guardian:PiercingHide","Guardian:TemporalShield"],"picked":"Guardian:Repulse","floor":22},{"not_picked":["Guardian:PiercingHide","Guardian:ChargeCore","Guardian:Gem_Green"],"picked":"SKIP","floor":23},{"not_picked":["Guardian:PrismaticBarrier+1","Guardian:GuardianWhirl","Guardian:Gem_Blue"],"picked":"Singing Bowl","floor":26},{"not_picked":["Guardian:ShieldCharger","Guardian:CrystalBeam","Guardian:WalkerClaw"],"picked":"Singing Bowl","floor":27},{"not_picked":["Guardian:PrismaticBeam","Guardian:Planning","Guardian:Gem_Lightblue"],"picked":"Singing Bowl","floor":29},{"not_picked":["Guardian:Gem_Cyan","Guardian:Recover","Guardian:Planning"],"picked":"Singing Bowl","floor":32},{"not_picked":["Guardian:SphericShield","Guardian:StasisStrike"],"picked":"Guardian:FastForward","floor":33},{"not_picked":["Guardian:CrystalBeam","Guardian:Gem_Green","Guardian:ArmoredProtocol"],"picked":"Singing Bowl","floor":34},{"not_picked":["Guardian:Gem_Blue","Guardian:Planning","Guardian:RollAttack+1"],"picked":"Singing Bowl","floor":36},{"not_picked":["Guardian:RollAttack","Guardian:Harden","Guardian:TimeCapacitor"],"picked":"Singing Bowl","floor":39},{"not_picked":["Guardian:Reroute","Guardian:Incinerate","Guardian:ShieldCharger+1"],"picked":"Singing Bowl","floor":40},{"not_picked":["Guardian:Gem_Red","Guardian:Emergency+1","Guardian:ChargeCore"],"picked":"Singing Bowl","floor":42},{"not_picked":["Guardian:EvasiveProtocol+1","Guardian:Incinerate","Guardian:Recover+1"],"picked":"Singing Bowl","floor":43},{"not_picked":["Guardian:Harden+1","Guardian:Preprogram+1","Guardian:ShieldCharger"],"picked":"Singing Bowl","floor":45},{"not_picked":["Guardian:Reroute","Guardian:Emergency","Guardian:ShieldSpikes"],"picked":"Singing Bowl","floor":46},{"not_picked":["Guardian:SpikerProtocol+1","Guardian:Incinerate","Guardian:DonusPower"],"picked":"Singing Bowl","floor":47},{"not_picked":["Guardian:BronzeOrb+1","Guardian:BronzeArmor","Guardian:PrismaticBarrier"],"picked":"Singing Bowl","floor":49},{"not_picked":["Guardian:ArmoredProtocol","Guardian:Recover+1","Guardian:Gem_Yellow"],"picked":"Singing Bowl","floor":52},{"not_picked":["Guardian:SentryBeam+1","Guardian:GatlingBeam","Guardian:TimeBomb"],"picked":"Singing Bowl","floor":54}],"player_experience":199855,"relics_obtained":[{"floor":6.0,"key":"Oddly Smooth Stone"},{"floor":7.0,"key":"Centennial Puzzle"},{"floor":8.0,"key":"Peace Pipe"},{"floor":24,"key":"Singing Bowl"},{"floor":36,"key":"Ice Cream"},{"floor":37,"key":"Dream Catcher"},{"floor":37,"key":"Bottled Tornado"},{"floor":41,"key":"Art of War"},{"floor":43,"key":"Lantern"},{"floor":45,"key":"Bronze Scales"},{"floor":52,"key":"Blood Vial"}],"event_choices":[{"damage_healed":0.0,"max_hp_gain":0.0,"max_hp_loss":0.0,"gold_gain":0.0,"event_name":"Scrap Ooze","player_choice":"Success","floor":9.0,"gold_loss":0.0,"damage_taken":7.0,"relics_obtained":["Matryoshka"]},{"damage_healed":0.0,"max_hp_gain":0.0,"max_hp_loss":0.0,"gold_gain":0.0,"cards_transformed":["Guardian:Strike_Guardian","Guardian:Defend_Guardian"],"event_name":"Drug Dealer","player_choice":"Became Test Subject","floor":19.0,"gold_loss":0.0,"damage_taken":0.0,"cards_obtained":["Guardian:Gem_Green","Guardian:ShieldCharger"]},{"damage_healed":0,"gold_gain":0,"player_choice":"Ignored","damage_taken":0,"max_hp_gain":0,"max_hp_loss":0,"event_name":"Ghosts","floor":30,"gold_loss":0},{"cards_removed":["Guardian:Strike_Guardian"],"damage_healed":0,"gold_gain":0,"player_choice":"Offered Basic","damage_taken":0,"max_hp_gain":0,"max_hp_loss":0,"event_name":"Bonfire Elementals","floor":48,"gold_loss":0}],"is_beta":false,"boss_relics":[{"not_picked":["SacredBark","energizedSpire:StickyHand"],"picked":"energizedSpire:EnergizedDie"},{"not_picked":["energizedSpire:SpiderWeb","Astrolabe"],"picked":"Tiny House"}],"items_purged_floors":[21,22,39],"is_endless":false,"potions_floor_spawned":[2,4,6,15,16,23,29,32,33,40,43,47,49,52],"killed_by":"downfall:NeowBossFinal","ascension_level":0}}