{"host":"h4lp0eeso8a0ssq0","time":1612914768,"event":{"mods":["2.2 Compatiblity","AchievementEnabler","BaseMod","CapriCore","Colored Map","Minty Spire (QoL Compilation)","StSLib","SuperFastMode"],"gold_per_floor":[118,138,138,138,33,59,71,81,81,81,97,112,127,155,155,233,233,251,251,151,151,151,151,170,204,204,204,240,254,282,103,103,191,200,213,231,231,281,301,301,176,210,210,210,210,221,61,79,79,79,79],"floor_reached":50,"language":"KOR","playtime":1816,"items_purged":["Strike_G","Strike_G","Defend_G"],"score":1225,"play_id":"847f2e12-ad9c-491a-ac95-7b571ccf3bd2","local_time":"20210210085248","is_ascension_mode":true,"campfire_choices":[{"floor":15.0,"key":"REST"},{"data":"Wraith Form v2","floor":23.0,"key":"SMITH"},{"data":"Bouncing Flask","floor":27.0,"key":"SMITH"},{"data":"Noxious Fumes","floor":32.0,"key":"SMITH"},{"data":"Bouncing Flask","floor":40.0,"key":"SMITH"},{"data":"Bouncing Flask","floor":45.0,"key":"SMITH"},{"data":"Malaise","floor":49.0,"key":"SMITH"}],"circlet_count":0,"master_deck":["AscendersBane","Defend_G","Defend_G","Defend_G","Neutralize","Catalyst+1","Poisoned Stab","Prepared","Backflip","Noxious Fumes+1","Backflip","Eviscerate","Wraith Form v2+1","Acrobatics","PiercingWail","Bullet Time","Ghostly","Ghostly","Ghostly","Dagger Spray","Die Die Die","Bouncing Flask+1","Poisoned Stab","Escape Plan","Bouncing Flask+1","Bouncing Flask+1","Malaise+1","CurseOfTheBell","Prepared+1"],"relics":["Ring of the Snake","NeowsBlessing","Question Card","Mango","Dead Branch","Odd Mushroom","Philosopher\u0027s Stone","Eternal Feather","Thread and Needle","CeramicFish","Calling Bell","Darkstone Periapt","Calipers","Akabeko","PreservedInsect","Singing Bowl","Oddly Smooth Stone"],"acts_visited":["Exordium","TheCity","TheBeyond"],"potions_floor_usage":[50,50],"damage_taken":[{"damage":0.0,"enemies":"Jaw Worm","floor":1.0,"turns":1.0},{"damage":0.0,"enemies":"2 Louse","floor":2.0,"turns":1.0},{"damage":0.0,"enemies":"3 Sentries","floor":6.0,"turns":1.0},{"damage":0.0,"enemies":"Cultist","floor":7.0,"turns":4.0},{"damage":2.0,"enemies":"2 Fungi Beasts","floor":8.0,"turns":5.0},{"damage":1.0,"enemies":"Red Slaver","floor":11.0,"turns":3.0},{"damage":7.0,"enemies":"3 Louse","floor":12.0,"turns":5.0},{"damage":8.0,"enemies":"Large Slime","floor":13.0,"turns":7.0},{"damage":33.0,"enemies":"The Mushroom Lair","floor":14.0,"turns":6.0},{"damage":17.0,"enemies":"The Guardian","floor":16.0,"turns":10.0},{"damage":17.0,"enemies":"2 Thieves","floor":18.0,"turns":5.0},{"damage":2.0,"enemies":"Spheric Guardian","floor":24.0,"turns":5.0},{"damage":3.0,"enemies":"Book of Stabbing","floor":25.0,"turns":5.0},{"damage":0.0,"enemies":"Slavers","floor":28.0,"turns":8.0},{"damage":0.0,"enemies":"Snecko","floor":29.0,"turns":6.0},{"damage":0.0,"enemies":"3 Cultists","floor":30.0,"turns":5.0},{"damage":0.0,"enemies":"Champ","floor":33.0,"turns":5.0},{"damage":0.0,"enemies":"3 Shapes","floor":35.0,"turns":4.0},{"damage":0.0,"enemies":"3 Darklings","floor":36.0,"turns":7.0},{"damage":0.0,"enemies":"Maw","floor":39.0,"turns":7.0},{"damage":0.0,"enemies":"Giant Head","floor":42.0,"turns":7.0},{"damage":0.0,"enemies":"Jaw Worm Horde","floor":46.0,"turns":4.0},{"damage":5.0,"enemies":"3 Darklings","floor":48.0,"turns":7.0},{"damage":39,"enemies":"Awakened One","floor":50,"turns":14}],"seed_played":"-6786346409968378870","potions_obtained":[{"floor":1.0,"key":"EssenceOfSteel"},{"floor":12.0,"key":"Strength Potion"},{"floor":14.0,"key":"EssenceOfSteel"},{"floor":18.0,"key":"Energy Potion"},{"floor":29.0,"key":"Strength Potion"},{"floor":30.0,"key":"LiquidMemories"}],"is_trial":false,"path_per_floor":["M","M","?","?","$","E","M","M","T","?","M","M","M","?","R","B",null,"M","?","$","?","?","R","M","E","T","R","E","M","M","$","R","B",null,"M","M","$","?","M","R","$","E","T","?","R","M","$","M","R","B"],"character_chosen":"THE_SILENT","items_purchased":["Prepared","Bouncing Flask","GhostInAJar","Oddly Smooth Stone"],"campfire_rested":1,"item_purchase_floors":[5,31,31,47],"current_hp_per_floor":[59,59,39,39,39,53,53,51,51,51,50,43,35,2,26,9,62,45,45,45,40,40,40,38,35,35,40,40,40,40,40,40,40,40,40,40,40,40,40,40,40,40,40,40,40,42,42,39,44,5,5],"gold":79,"neow_bonus":"THREE_ENEMY_KILL","is_daily":false,"chose_seed":false,"campfire_upgraded":6,"win_rate":0.0,"timestamp":1612914768,"path_taken":["M","M","?","?","$","E","M","?","T","?","M","?","M","?","R","BOSS","M","?","$","?","?","R","M","E","T","R","E","M","M","$","R","BOSS","M","M","$","?","?","R","$","E","T","?","R","M","$","M","R","BOSS"],"items_purchased_type":["Card","Card","Potion","Relic"],"build_version":"2020-12-22","purchased_purges":3,"victory":false,"max_hp_per_floor":[66,66,66,66,66,80,80,80,80,80,80,80,80,80,80,80,80,80,80,80,40,40,40,40,40,40,40,40,40,40,40,40,40,40,40,40,40,40,40,40,40,40,40,40,40,42,42,44,44,44,44],"card_choices":[{"not_picked":["Riddle With Holes","Escape Plan"],"picked":"Catalyst","floor":1.0},{"not_picked":["Setup","Outmaneuver"],"picked":"Poisoned Stab","floor":2.0},{"not_picked":["Leg Sweep","Setup","Quick Slash"],"picked":"Backflip","floor":6.0},{"not_picked":["Backflip","Cloak And Dagger","Choke"],"picked":"Noxious Fumes","floor":7.0},{"not_picked":["PiercingWail","Cloak And Dagger","Riddle With Holes"],"picked":"Backflip","floor":8.0},{"not_picked":["Deadly Poison","PiercingWail","Acrobatics"],"picked":"Wraith Form v2","floor":11.0},{"not_picked":["Cloak And Dagger","Underhanded Strike","Setup"],"picked":"Acrobatics","floor":12.0},{"not_picked":["Choke","Well Laid Plans","All Out Attack"],"picked":"PiercingWail","floor":13.0},{"not_picked":["Wraith Form v2","Die Die Die","Venomology"],"picked":"Bullet Time","floor":16.0},{"not_picked":["Underhanded Strike","Outmaneuver","Caltrops","Blade Dance"],"picked":"SKIP","floor":18.0},{"not_picked":["Bane","Blade Dance","Concentrate"],"picked":"Bouncing Flask","floor":24.0},{"not_picked":["Expertise","Dagger Spray","Heel Hook"],"picked":"Poisoned Stab","floor":25.0},{"not_picked":["Reflex","Storm of Steel","Infinite Blades"],"picked":"Escape Plan","floor":28.0},{"not_picked":["Underhanded Strike","Backstab","Flying Knee","Bane"],"picked":"SKIP","floor":29.0},{"not_picked":["Slice","All Out Attack","Underhanded Strike"],"picked":"Bouncing Flask","floor":30.0},{"not_picked":["After Image","Unload","Night Terror"],"picked":"Malaise","floor":33.0},{"not_picked":["Footwork","Slice","Flechettes","Blade Dance"],"picked":"SKIP","floor":35.0},{"not_picked":["All Out Attack","Flying Knee","Deflect","Predator"],"picked":"SKIP","floor":36.0},{"not_picked":["Bullet Time","Acrobatics","Tactician"],"picked":"Prepared+1","floor":39.0},{"not_picked":["Dagger Spray","Flechettes","Distraction","Masterful Stab"],"picked":"SKIP","floor":42.0},{"not_picked":["Blade Dance","Dagger Spray+1","Concentrate","Predator"],"picked":"Singing Bowl","floor":46.0},{"not_picked":["Outmaneuver+1","Acrobatics","Poisoned Stab","Glass Knife"],"picked":"Singing Bowl","floor":48.0}],"player_experience":196214,"relics_obtained":[{"floor":6.0,"key":"Mango"},{"floor":9.0,"key":"Dead Branch"},{"floor":14.0,"key":"Odd Mushroom"},{"floor":25.0,"key":"Eternal Feather"},{"floor":26.0,"key":"Thread and Needle"},{"floor":28.0,"key":"CeramicFish"},{"floor":34.0,"key":"Darkstone Periapt"},{"floor":34.0,"key":"Calipers"},{"floor":34.0,"key":"Akabeko"},{"floor":42.0,"key":"PreservedInsect"},{"floor":43.0,"key":"Singing Bowl"}],"event_choices":[{"damage_healed":0.0,"max_hp_gain":0.0,"max_hp_loss":0.0,"gold_gain":0.0,"event_name":"Shining Light","player_choice":"Entered Light","floor":3.0,"gold_loss":0.0,"damage_taken":20.0,"cards_upgraded":["Strike_G","Catalyst"]},{"damage_healed":0.0,"max_hp_gain":0.0,"max_hp_loss":0.0,"gold_gain":0.0,"event_name":"WeMeetAgain","player_choice":"Gave Potion","floor":4.0,"gold_loss":0.0,"damage_taken":0.0,"relics_obtained":["Question Card"]},{"damage_healed":0.0,"max_hp_gain":0.0,"max_hp_loss":0.0,"gold_gain":0.0,"cards_transformed":["Strike_G"],"event_name":"Transmorgrifier","player_choice":"Transformed","floor":10.0,"gold_loss":0.0,"damage_taken":0.0,"cards_obtained":["Eviscerate"]},{"damage_healed":0.0,"max_hp_gain":0.0,"max_hp_loss":0.0,"gold_gain":0.0,"event_name":"Mushrooms","player_choice":"Fought Mushrooms","floor":14.0,"gold_loss":0.0,"damage_taken":0.0},{"cards_removed":["Strike_G"],"damage_healed":0.0,"max_hp_gain":0.0,"max_hp_loss":0.0,"gold_gain":0.0,"event_name":"Back to Basics","player_choice":"Elegance","floor":19.0,"gold_loss":0.0,"damage_taken":0.0},{"damage_healed":0.0,"max_hp_gain":0.0,"max_hp_loss":40.0,"gold_gain":0.0,"event_name":"Ghosts","player_choice":"Became a Ghost","floor":21.0,"gold_loss":0.0,"damage_taken":0.0,"cards_obtained":["Ghostly","Ghostly","Ghostly"]},{"damage_healed":0.0,"max_hp_gain":0.0,"max_hp_loss":0.0,"gold_gain":0.0,"cards_transformed":["Strike_G","Defend_G"],"event_name":"Drug Dealer","player_choice":"Became Test Subject","floor":22.0,"gold_loss":0.0,"damage_taken":0.0,"cards_obtained":["Dagger Spray","Die Die Die"]},{"damage_healed":0.0,"max_hp_gain":0.0,"max_hp_loss":0.0,"gold_gain":50.0,"event_name":"Golden Shrine","player_choice":"Pray","floor":38.0,"gold_loss":0.0,"damage_taken":0.0},{"cards_removed":["Survivor"],"damage_healed":0.0,"max_hp_gain":0.0,"max_hp_loss":0.0,"gold_gain":0.0,"event_name":"Falling","player_choice":"Removed Skill","floor":44.0,"gold_loss":0.0,"damage_taken":0.0}],"is_beta":false,"boss_relics":[{"not_picked":["Astrolabe","Snecko Eye"],"picked":"Philosopher\u0027s Stone"},{"not_picked":["Empty Cage","WristBlade"],"picked":"Calling Bell"}],"items_purged_floors":[5,20,41],"is_endless":false,"potions_floor_spawned":[1,12,14,18,29,30,36,42,48],"killed_by":"Awakened One","ascension_level":17}}