{"host":"swc5gdc7cm0k0g7l","time":1612912407,"event":{"mods":["AchievementEnabler","Act Like it!","Aspiration","BaseMod","BetterRewards","Colored Map","Colored Powertips","Downfall","Duelist Mod","Gensokyo","Hermit","Highlight Path","Hubris","Infinite Spire","Jorbs\u0027s Wanderer Trilogy","Koishi","Minty Spire (QoL Compilation)","Quick Restart","Replay The Spire","Shop Mod","StSLib","SuperFastMode","The Animator"],"gold_per_floor":[137,153,153,153,166,195,195,220,220,232,243,268,286,317,317,422,422,442,442,455,455,455,490,506,536,536,546,546,559,53,69,69,173,173,183,199,199,212,49,49,63,88,88,88,115,115,127,127,127],"floor_reached":48,"language":"ENG","playtime":26855,"items_purged":["Injury","Parasite"],"score":754,"play_id":"251bcf6e-78c5-486c-9745-c83a28987213","local_time":"20210209181327","is_ascension_mode":true,"campfire_choices":[{"data":"theDuelist:MadSwordBeast","floor":7,"key":"SMITH"},{"data":"theDuelist:StampingDestruction","floor":15,"key":"SMITH"},{"floor":28,"key":"REST"},{"data":"theDuelist:DragonMirror","floor":32,"key":"SMITH"},{"data":"theDuelist:LostWorld","floor":40,"key":"SMITH"},{"floor":44,"key":"RECALL"}],"circlet_count":0,"master_deck":["theDuelist:BlackTyranno","theDuelist:MadSwordBeast+1","theDuelist:BlackTyranno+1","theDuelist:StampingDestruction+1","theDuelist:Sparks","theDuelist:EyeTimaeus+1","theDuelist:CaveDragon","theDuelist:DarkDriceratops+1","theDuelist:Destroyersaurus","theDuelist:BabyDragon","theDuelist:LesserDragon","theDuelist:CastleWalls","theDuelist:Pyrorex+1","theDuelist:CaveDragon","theDuelist:BerserkScales","theDuelist:Kabazauls","theDuelist:CastleWalls","theDuelist:LostWorld+1","theDuelist:Pyrorex+1","theDuelist:SurvivalFittest","theDuelist:Lancephorhynchus+1","theDuelist:BlackPtera+1","theDuelist:DragonMirror+1","theDuelist:LesserDragon","theDuelist:Duoterion","theDuelist:ThreateningRoar","theDuelist:Sparks","theDuelist:YamataDragon","theDuelist:BlasterDragonInfernos+1","theDuelist:BurstBreath","theDuelist:Pyrorex+1","theDuelist:ArmageddonDragonEmp+1"],"relics":["theDuelist:MillenniumPuzzle","theDuelist:CardPoolRelic","theDuelist:CardPoolBasicRelic","theDuelist:BoosterPackPoolRelic","theDuelist:CardPoolAddRelic","theDuelist:CardPoolMinusRelic","theDuelist:CardPoolSaveRelic","theDuelist:CardPoolOptionsRelic","NeowsBlessing","MealTicket","infinitespire:Freezer","aspiration:HatOfInfinitePower","Toxic Egg 2","Ooze Armor","theDuelist:BoosterPackMonsterEgg","theDuelist:SpellMaxHPRelic","Chameleon Ring","MerchantsRug","Sozu","HandDrill","theDuelist:DuelistOrichalcum","Replay:Arrowhead","theDuelist:MetronomeRelicB","BargainBundle"],"acts_visited":["Gensokyo:Gensokyo","TheCity","TheBeyond"],"potions_floor_usage":[6,6,24,38,42,47],"damage_taken":[{"damage":0,"enemies":"Gensokyo:Python","floor":1,"turns":1},{"damage":0,"enemies":"Gensokyo:Gryphon","floor":2,"turns":1},{"damage":0,"enemies":"Gensokyo:3_Fairies","floor":5,"turns":1},{"damage":18,"enemies":"Gensokyo:Aya","floor":6,"turns":6},{"damage":3,"enemies":"Gensokyo:Mamizou","floor":8,"turns":8},{"damage":4,"enemies":"Gensokyo:Gryphon_and_Rabbit","floor":10,"turns":5},{"damage":1,"enemies":"Gensokyo:3_Kodama","floor":11,"turns":4},{"damage":10,"enemies":"Gensokyo:Cirno","floor":12,"turns":7},{"damage":1,"enemies":"Gensokyo:VengefulSpirit","floor":13,"turns":4},{"damage":0,"enemies":"Gensokyo:Mamizou","floor":14,"turns":4},{"damage":27,"enemies":"Gensokyo:Yukari","floor":16,"turns":7},{"damage":0,"enemies":"3 Byrds","floor":18,"turns":2},{"damage":0,"enemies":"Chosen","floor":20,"turns":1},{"damage":14,"enemies":"theDuelist:KaibaA2","floor":23,"turns":4},{"damage":0,"enemies":"Snake Plant","floor":24,"turns":3},{"damage":0,"enemies":"Book of Stabbing","floor":25,"turns":4},{"damage":0,"enemies":"3 Cultists","floor":27,"turns":3},{"damage":7,"enemies":"Shelled Parasite and Fungi","floor":29,"turns":4},{"damage":8,"enemies":"Snake Plant","floor":31,"turns":6},{"damage":7,"enemies":"hubris:MusketHawk","floor":33,"turns":6},{"damage":6,"enemies":"3 Shapes","floor":35,"turns":6},{"damage":4,"enemies":"Orb Walker","floor":36,"turns":2},{"damage":29,"enemies":"Transient","floor":38,"turns":5},{"damage":0,"enemies":"Writhing Mass","floor":41,"turns":3},{"damage":4,"enemies":"Nemesis","floor":42,"turns":3},{"damage":21,"enemies":"R_Hoarder","floor":45,"turns":5},{"damage":41,"enemies":"Jaw Worm Horde","floor":47,"turns":5},{"damage":18,"enemies":"Transient","floor":48,"turns":2}],"seed_played":"-7232199149456626499","potions_obtained":[{"floor":2,"key":"theDuelist:CoolBottle"},{"floor":5,"key":"SteroidPotion"},{"floor":8,"key":"theDuelist:WaterBottle"},{"floor":11,"key":"theDuelist:SolderPotionB"},{"floor":16,"key":"theDuelist:SummonArmorPotion"},{"floor":25,"key":"Weak Potion"},{"floor":27,"key":"theDuelist:SummonArmorPotion"},{"floor":31,"key":"theDuelist:BurningPotion"}],"is_trial":false,"path_per_floor":["M","M","COS","?","M","E","R","E","T","M","M","E","M","E","R","B",null,"M","?","M","?","?","E","M","E","T","M","R","M","$","M","R","B",null,"M","M","?","M","$","R","M","E","T","R","E","AVR","M","M"],"character_chosen":"THE_DUELIST","items_purchased":["MerchantsRug","theDuelist:DuelistSnakeEye","HandDrill","theDuelist:LostWorld"],"campfire_rested":1,"item_purchase_floors":[30,30,39,39],"current_hp_per_floor":[80,80,80,80,80,73,73,70,70,66,65,55,54,54,54,27,80,80,74,74,59,59,45,45,46,46,47,73,66,81,73,73,66,87,81,77,86,58,74,74,74,70,70,70,49,49,8,0,0],"gold":127,"neow_bonus":"THREE_ENEMY_KILL","is_daily":false,"chose_seed":false,"campfire_upgraded":4,"win_rate":0.0,"timestamp":1612912407,"path_taken":["M","M","COS","?","M","E","R","E","T","M","M","E","M","E","R","BOSS","M","?","M","?","?","E","M","E","T","M","R","M","$","M","R","BOSS","M","M","?","M","$","R","M","E","T","R","E","AVR","?","M"],"items_purchased_type":["Relic","Relic","Relic","Card"],"build_version":"2020-12-22","purchased_purges":2,"victory":false,"max_hp_per_floor":[80,80,80,80,80,80,80,80,80,80,80,80,80,80,80,80,80,80,80,80,85,85,85,85,86,86,87,87,87,87,87,87,87,87,87,87,87,88,89,89,89,89,89,89,89,86,86,86,86],"card_choices":[{"not_picked":["theDuelist:Sabersaurus","theDuelist:GalaxyTyranno","theDuelist:Carboneddon","theDuelist:Beatraptor"],"picked":"theDuelist:Destroyersaurus","floor":1},{"not_picked":["theDuelist:LightningDarts","theDuelist:BattleguardKing","theDuelist:Mausoleum","theDuelist:HarpieFeather"],"picked":"theDuelist:DianKeto","floor":2},{"not_picked":["theDuelist:BattleguardKing","theDuelist:BigFire","theDuelist:LightningDarts","theDuelist:RainbowOverdragon","theDuelist:Raigeki"],"picked":"SKIP","floor":5},{"not_picked":["theDuelist:ViceDragon","theDuelist:TornadoDragon","theDuelist:MegafleetDragon","theDuelist:AncientDragon"],"picked":"theDuelist:MadSwordBeast","floor":6},{"not_picked":["theDuelist:BlackStego","theDuelist:HazyFlameHydra","theDuelist:CoralDragon","theDuelist:MoltenDestruction"],"picked":"theDuelist:Duoterion","floor":8},{"not_picked":["theDuelist:ScrapIronScarecrow","theDuelist:FireDarts","theDuelist:DefenseDraw","theDuelist:BurstBreath"],"picked":"theDuelist:ThreateningRoar","floor":10},{"not_picked":["theDuelist:Beatraptor","theDuelist:FrozenFitzgerald","theDuelist:YamataDragon","theDuelist:HymnOfLight"],"picked":"theDuelist:BlackTyranno","floor":11},{"not_picked":["theDuelist:CyberValley","theDuelist:CyberDragonVier","theDuelist:CoralDragon","theDuelist:CyberDragonCore"],"picked":"theDuelist:Kabazauls","floor":12},{"not_picked":["theDuelist:Earthquake","theDuelist:HymnOfLight","theDuelist:ArtifactIgnition","theDuelist:EvilMind"],"picked":"theDuelist:StampingDestruction","floor":13},{"not_picked":["theDuelist:VeilDarkness+1","theDuelist:SpiralSpearStrike+1","theDuelist:SafeZone+1","theDuelist:DefenseZone+1","theDuelist:DefenseDraw+1"],"picked":"SKIP","floor":14},{"not_picked":["theDuelist:TailSwipe","theDuelist:DoomkaiserDragon","theDuelist:DefensiveTactics+1","theDuelist:BSkullDragon"],"picked":"theDuelist:BlasterDragonInfernos+1","floor":16},{"not_picked":["theDuelist:ChimeratechOverdragon","theDuelist:QueenDragunDjinn+1","theDuelist:RedDragonArchfiend+1","theDuelist:AncientRules+1"],"picked":"theDuelist:SurvivalFittest","floor":18},{"not_picked":["theDuelist:LightningDarts","theDuelist:Wiseman+1","theDuelist:PreventRat+1","theDuelist:JamBreeding+1","theDuelist:DestructPotion+1"],"picked":"SKIP","floor":20},{"not_picked":["theDuelist:DarkHorus+1","theDuelist:ViceDragon+1","theDuelist:LesserDragon+1","theDuelist:CurseDragon+1"],"picked":"theDuelist:BlackPtera+1","floor":23},{"not_picked":["theDuelist:YamataDragon+1","theDuelist:BusterBlader+1","theDuelist:MirageDragon+1","theDuelist:FiendSkull+1"],"picked":"theDuelist:Pyrorex+1","floor":24},{"not_picked":["theDuelist:WhiteHornDragon+1","theDuelist:DragonRavine+1","theDuelist:CastleDragonSouls"],"picked":"theDuelist:DragonMirror","floor":25},{"not_picked":["theDuelist:StampingDestruction","theDuelist:SpiralSpearStrike","theDuelist:Dracocension+1","theDuelist:FluteSummoning+1"],"picked":"theDuelist:EyeTimaeus+1","floor":27},{"not_picked":["theDuelist:TrihornedDragon+1","theDuelist:EvilMind+1","theDuelist:BlackVeloci+1","theDuelist:BlackTyranno+1"],"picked":"theDuelist:DarkDriceratops+1","floor":29},{"not_picked":["theDuelist:BattleguardKing+1","theDuelist:Hinotama","theDuelist:LightningDarts","theDuelist:RainbowOverdragon+1","theDuelist:BigFire"],"picked":"SKIP","floor":31},{"not_picked":["theDuelist:WaterDragon+1","theDuelist:StardustDragon+1","theDuelist:DragonMastery+1","theDuelist:ArmedProtectorDragon+1"],"picked":"theDuelist:Lancephorhynchus+1","floor":33},{"not_picked":["theDuelist:LesserDragon+1","theDuelist:SilverDragon+1","theDuelist:HazyFlameHydra+1","theDuelist:GoldSarcophagus+1"],"picked":"theDuelist:Pyrorex+1","floor":35},{"not_picked":["theDuelist:MetalDragon+1","theDuelist:SphereChaos+1","theDuelist:ViceDragon+1","theDuelist:LeviaDragon+1","theDuelist:FrozenFitzgerald+1"],"picked":"SKIP","floor":36},{"not_picked":["theDuelist:VoidOgreDragon+1","theDuelist:TailSwipe","theDuelist:OceanDragonLord+1","theDuelist:BlueDuston+1"],"picked":"theDuelist:BerserkScales","floor":38},{"not_picked":["theDuelist:MadFlameKaiju+1","theDuelist:BarrelDragon+1","theDuelist:GiantRex+1","theDuelist:BlackStego+1"],"picked":"theDuelist:BlackTyranno+1","floor":41},{"not_picked":["theDuelist:MaskedDragon+1","theDuelist:RedRisingDragon+1","theDuelist:FiendSkull+1","theDuelist:BoosterDragon+1"],"picked":"theDuelist:BurstBreath","floor":42},{"not_picked":["theDuelist:MaskedDragon+1","theDuelist:MadSwordBeast+1","theDuelist:Kabazauls+1","theDuelist:AtomicScrapDragon+1"],"picked":"theDuelist:Pyrorex+1","floor":45},{"not_picked":["theDuelist:VoidOgreDragon+1","theDuelist:Scapegoat+1","theDuelist:LostWorld","theDuelist:DefensiveTactics+1"],"picked":"theDuelist:ArmageddonDragonEmp+1","floor":47}],"player_experience":59327,"relics_obtained":[{"floor":6,"key":"infinitespire:Freezer"},{"floor":8,"key":"aspiration:HatOfInfinitePower"},{"floor":9,"key":"aspiration:StickyExplosives_weak"},{"floor":12,"key":"Replay:WaspNest"},{"floor":14,"key":"Toxic Egg 2"},{"floor":23,"key":"theDuelist:SpellMaxHPRelic"},{"floor":25,"key":"Chameleon Ring"},{"floor":42,"key":"theDuelist:DuelistOrichalcum"},{"floor":43,"key":"Replay:Arrowhead"},{"floor":45,"key":"theDuelist:MetronomeRelicB"}],"event_choices":[{"damage_healed":0,"gold_gain":0,"player_choice":"Dig - random Duelist relic","duelist":true,"damage_taken":0,"max_hp_gain":0,"max_hp_loss":0,"event_name":"Aknamkanon\u0027s Tomb","floor":19,"gold_loss":0},{"damage_healed":0,"gold_gain":0,"player_choice":"Shed Blood","damage_taken":20,"max_hp_gain":5,"max_hp_loss":0,"event_name":"Forgotten Altar","floor":21,"gold_loss":0},{"damage_healed":0,"gold_gain":0,"player_choice":"Leave","duelist":true,"damage_taken":0,"max_hp_gain":0,"max_hp_loss":0,"event_name":"Relic Duplicator","floor":22,"gold_loss":0}],"is_beta":false,"boss_relics":[{"not_picked":["hubris:ScarierMask","aspiration:WatcherSkillbook"],"picked":"Ooze Armor"},{"not_picked":["Runic Cube","aspiration:SilentSkillbook"],"picked":"Sozu"}],"items_purged_floors":[30,46],"is_endless":false,"potions_floor_spawned":[2,5,8,11,16,25,27,29,31,33,36,41,45,47],"killed_by":"Transient","ascension_level":2}}