{"host":"sc0o2qwpf9j16a4i","time":1612873118,"event":{"mods":["AchievementEnabler","BaseMod","BetterRewards","Block Reminder","Colored Map","Colored Powertips","Custom Start","Highlight Path","Minty Spire (QoL Compilation)","Relic Stats"],"gold_per_floor":[119,67,105,280,230,259,259,259,259,276,311,134,150,166,166,268,268,283,299,299,312,312,312],"floor_reached":22,"language":"ENG","playtime":677,"items_purged":[],"score":271,"play_id":"c4d9576c-2ce1-4464-8686-79397c5ef0a4","local_time":"20210209141838","daily_mods":["Allstar","ControlledChaos","Terminal"],"is_ascension_mode":false,"campfire_choices":[{"data":"Worship","floor":7,"key":"SMITH"},{"data":"Meditate","floor":15,"key":"SMITH"}],"circlet_count":0,"master_deck":["Strike_P","Strike_P","Strike_P","Strike_P","Defend_P","Defend_P","Defend_P","Defend_P","Eruption","Vigilance","Blind","Transmutation","Deep Breath","Dramatic Entrance","Transmutation","Worship+1","LikeWater","ClearTheMind","Crescendo","InnerPeace","Consecrate","BowlingBash","FearNoEvil","Meditate+1","SpiritShield","ClearTheMind+1","Protect+1"],"relics":["PureWater","Frozen Eye","Toy Ornithopter","Bottled Lightning","Pen Nib","Strawberry","Cursed Key","Nloth\u0027s Gift"],"acts_visited":["Exordium","TheCity"],"potions_floor_usage":[],"damage_taken":[{"damage":0,"enemies":"Jaw Worm","floor":1,"turns":4},{"damage":0,"enemies":"2 Louse","floor":3,"turns":2},{"damage":34,"enemies":"Gremlin Nob","floor":6,"turns":4},{"damage":0,"enemies":"Cultist","floor":10,"turns":3},{"damage":0,"enemies":"3 Sentries","floor":11,"turns":4},{"damage":0,"enemies":"2 Fungi Beasts","floor":13,"turns":2},{"damage":2,"enemies":"Blue Slaver","floor":14,"turns":3},{"damage":0,"enemies":"Slime Boss","floor":16,"turns":7},{"damage":12,"enemies":"Spheric Guardian","floor":18,"turns":4},{"damage":0,"enemies":"Shell Parasite","floor":19,"turns":4},{"damage":5,"enemies":"3 Cultists","floor":21,"turns":5},{"damage":0,"enemies":"Snecko","floor":22,"turns":1}],"seed_played":"6844942114664134042","potions_obtained":[{"floor":10,"key":"SpeedPotion"},{"floor":11,"key":"Explosive Potion"},{"floor":13,"key":"LiquidMemories"},{"floor":18,"key":"Energy Potion"}],"is_trial":true,"path_per_floor":["M","?","M","?","?","E","R","T","T","M","E","$","M","M","R","B",null,"M","M","?","M","M"],"character_chosen":"WATCHER","items_purchased":["Consecrate","BowlingBash","DistilledChaos"],"campfire_rested":0,"item_purchase_floors":[12,12,12],"current_hp_per_floor":[70,69,68,67,66,32,32,32,32,32,39,39,39,37,37,37,61,49,49,49,44,44,44],"gold":312,"neow_bonus":"","is_daily":false,"chose_seed":false,"campfire_upgraded":2,"win_rate":0.0,"timestamp":1612873118,"path_taken":["M","?","?","?","?","E","R","?","T","M","E","$","M","M","R","BOSS","M","?","?","?","M"],"items_purchased_type":["Card","Card","Potion"],"build_version":"2020-12-22","purchased_purges":0,"victory":false,"max_hp_per_floor":[70,69,68,67,66,65,64,63,62,61,67,66,65,64,63,62,61,60,59,58,57,57,57],"relic_stats":{"counters":[12,43],"Pen Nib":[5],"Nloth\u0027s Gift":0,"Cursed Key":0,"obtain_stats":[{"Frozen Eye":0,"Strawberry":11,"Pen Nib":9,"Nloth\u0027s Gift":20,"Bottled Lightning":6,"PureWater":0,"Cursed Key":17,"Toy Ornithopter":2,"White Beast Statue":8},{"Frozen Eye":0,"Strawberry":5,"Pen Nib":3,"Nloth\u0027s Gift":10,"Bottled Lightning":3,"PureWater":0,"Cursed Key":8,"Toy Ornithopter":1,"White Beast Statue":3},{"Frozen Eye":0,"Strawberry":17,"Pen Nib":10,"Nloth\u0027s Gift":37,"Bottled Lightning":10,"PureWater":0,"Cursed Key":29,"Toy Ornithopter":4,"White Beast Statue":10}],"Toy Ornithopter":0},"card_choices":[{"not_picked":["Prostrate","PathToVictory"],"picked":"Worship","floor":1},{"not_picked":["FlyingSleeves","ThirdEye"],"picked":"LikeWater","floor":3},{"not_picked":["BowlingBash","Ragnarok"],"picked":"ClearTheMind","floor":6},{"not_picked":["ClearTheMind","BowlingBash"],"picked":"Crescendo","floor":10},{"not_picked":["DeusExMachina","FollowUp"],"picked":"InnerPeace","floor":11},{"not_picked":["Halt","PathToVictory"],"picked":"FearNoEvil","floor":13},{"not_picked":["BattleHymn","SignatureMove"],"picked":"Meditate","floor":14},{"not_picked":["Alpha","Brilliance"],"picked":"SpiritShield","floor":16},{"not_picked":["FollowUp","Fasting2"],"picked":"ClearTheMind+1","floor":18},{"not_picked":["SashWhip","Consecrate","FlurryOfBlows"],"picked":"SKIP","floor":19},{"not_picked":["EmptyFist","Wireheading+1"],"picked":"Protect+1","floor":21}],"player_experience":1292617,"relics_obtained":[{"floor":6,"key":"Bottled Lightning"},{"floor":8,"key":"White Beast Statue"},{"floor":9,"key":"Pen Nib"},{"floor":11,"key":"Strawberry"}],"event_choices":[{"damage_healed":0,"gold_gain":0,"player_choice":"Paid Gold","damage_taken":0,"relics_obtained":["Toy Ornithopter"],"max_hp_gain":0,"max_hp_loss":0,"event_name":"WeMeetAgain","floor":2,"gold_loss":52},{"damage_healed":0,"gold_gain":175,"player_choice":"AGREE","damage_taken":0,"max_hp_gain":0,"max_hp_loss":0,"event_name":"Liars Game","floor":4,"gold_loss":0,"cards_obtained":["Doubt"]},{"cards_removed":["Doubt"],"damage_healed":0,"gold_gain":0,"player_choice":"Card Removal","damage_taken":0,"max_hp_gain":0,"max_hp_loss":0,"event_name":"The Cleric","floor":5,"gold_loss":50},{"damage_healed":0,"gold_gain":0,"player_choice":"Traded Relic","damage_taken":0,"relics_obtained":["Nloth\u0027s Gift"],"max_hp_gain":0,"max_hp_loss":0,"event_name":"N\u0027loth","floor":20,"relics_lost":["White Beast Statue"],"gold_loss":0}],"is_beta":false,"boss_relics":[{"not_picked":["Pandora\u0027s Box","Runic Dome"],"picked":"Cursed Key"}],"items_purged_floors":[],"is_endless":false,"potions_floor_spawned":[10,11,13,14,16,18,19],"killed_by":"Snecko","ascension_level":0}}