{"host":"fc5kl670efuhtomy","time":1612840299,"event":{"mods":["AchievementEnabler","BaseMod","Colored Powertips","Downfall","Marisa（F雨　魔理沙）","Minty Spire (QoL Compilation)","Quick Restart","Rare Cards Sparkle","Relic Stats","Replay The Spire","StSLib","The Bug Knight","The Construct","The Cursed","The Necromancer","The Servant 0.9.4","WarShipGirlsR/战舰少女R mod"],"gold_per_floor":[99,110,122,134,134,134,134,159,188,22,22,39,39,56,69,172,172,172,182,282,295,310,5,79,79,95,44,144,155,155,175,192,289,289,289,299,310,310,321,25,25,73,73,156,156,186,186,200,216,216,216,216],"floor_reached":50,"language":"ZHS","playtime":2618,"items_purged":["Slimebound:MinionMaster"],"score":576,"play_id":"71fe9613-9c7b-4239-b2ec-fce3a26af7d2","local_time":"20210209111139","is_ascension_mode":true,"campfire_choices":[{"data":"Slimebound:PrepareCrush","floor":1,"key":"SMITH"},{"floor":13,"key":"REST"},{"data":"Slimebound:SlimeBrawl","floor":18,"key":"PURGE"},{"data":"Slimebound:DouseInSlime","floor":30,"key":"SMITH"},{"data":"Slimebound:OneTwoCombo","floor":35,"key":"SMITH"},{"data":"Slimebound:Equalize","floor":45,"key":"SMITH"},{"data":"expansioncontent:InvincibleStrength","floor":47,"key":"SMITH"}],"circlet_count":0,"master_deck":["Slimebound:Tackle+1","Slimebound:Split+1","Slimebound:ProtectTheBoss","Slimebound:PrepareCrush+1","Slimebound:LevelUp","Slimebound:LeechEnergy+1","Slimebound:LivingWall","Slimebound:Equalize+1","Slimebound:Nibble","Slimebound:Schlurp","Slimebound:OneTwoCombo+1","Slimebound:SplitMire","Slimebound:DouseInSlime+1","Slimebound:AcidTongue","Slimebound:Schlurp+1","Slimebound:Schlurp","Slimebound:PrepareCrush","expansioncontent:InvincibleStrength+1","Slimebound:Gluttony+1","Slimebound:Prepare","Slimebound:Repurpose+1","Slimebound:SpikyOuterGoop+1","Slimebound:MassRepurpose+1","Slimebound:SplitLeeching+1","Slimebound:FirmFortitude+1","Slimebound:HauntingLick+1","Slimebound:SplitLeeching+1","Slimebound:LivingWall+1","Slimebound:GoopSpray+1","Slimebound:MinionMaster+1","Slimebound:ComboTackle+1"],"relics":["Pandora\u0027s Box","HornCleat","Lizard Tail","Odd Mushroom","Omamori","Coffee Dripper","Durian","Eternal Feather","ReplayTheSpireMod:TigerMarble","Golden Egg","Slimebound:AggressiveSlimeRelic","Anchor","Toy Ornithopter","Astrolabe","OrangePellets","Vajra","InkBottle","StoneCalendar","Blood Vial","ReplayTheSpireMod:Lightbulb"],"acts_visited":["Exordium","TheCity","TheBeyond"],"potions_floor_usage":[12,15,15,15,16,20,27,28,29,29,32,33,50],"damage_taken":[{"damage":14,"enemies":"Jaw Worm","floor":2,"turns":2},{"damage":15,"enemies":"2 Louse","floor":3,"turns":3},{"damage":16,"enemies":"Small Slimes","floor":4,"turns":2},{"damage":19,"enemies":"3 Sentries","floor":8,"turns":7},{"damage":24,"enemies":"The Mushroom Lair","floor":9,"turns":4},{"damage":9,"enemies":"downfall:FleeingMerchant","floor":10,"turns":4},{"damage":16,"enemies":"Exordium Thugs","floor":12,"turns":3},{"damage":10,"enemies":"3 Louse","floor":14,"turns":3},{"damage":12,"enemies":"Red Slaver","floor":15,"turns":3},{"damage":3,"enemies":"WA_ARCHETYPE_RETAIN","floor":16,"turns":4},{"damage":3,"enemies":"Spheric Guardian","floor":19,"turns":3},{"damage":33,"enemies":"Colosseum Nobs","floor":20,"turns":5},{"damage":23,"enemies":"Snecko","floor":21,"turns":5},{"damage":24,"enemies":"Snake Plant","floor":22,"turns":3},{"damage":0,"enemies":"downfall:FleeingMerchant","floor":23,"turns":4},{"damage":0,"enemies":"Cultist and Chosen","floor":26,"turns":6},{"damage":15,"enemies":"downfall:FleeingMerchant","floor":27,"turns":3},{"damage":14,"enemies":"downfall:LadyInBlue","floor":28,"turns":5},{"damage":0,"enemies":"Shelled Parasite and Fungi","floor":29,"turns":4},{"damage":10,"enemies":"3 Cultists","floor":31,"turns":6},{"damage":0,"enemies":"Snake Plant","floor":32,"turns":3},{"damage":48,"enemies":"SI_MIRROR_ARCHETYPE","floor":33,"turns":9},{"damage":8,"enemies":"3 Shapes","floor":36,"turns":4},{"damage":5,"enemies":"Orb Walker","floor":37,"turns":3},{"damage":24,"enemies":"3 Darklings","floor":39,"turns":6},{"damage":6,"enemies":"2 Orb Walkers","floor":42,"turns":3},{"damage":19,"enemies":"Reptomancer","floor":46,"turns":6},{"damage":1,"enemies":"4 Shapes","floor":48,"turns":4},{"damage":0,"enemies":"3 Darklings","floor":49,"turns":4},{"damage":120,"enemies":"IC_BLOCK_ARCHETYPE","floor":50,"turns":4}],"seed_played":"-7535403614265375119","potions_obtained":[{"floor":3,"key":"Fire Potion"},{"floor":8,"key":"LifebloodPotion"},{"floor":9,"key":"PowerPotion"},{"floor":14,"key":"EssenceOfSteel"},{"floor":15,"key":"DistilledChaos"},{"floor":19,"key":"FearPotion"},{"floor":22,"key":"PowerPotion"},{"floor":26,"key":"champ:CounterPotion"},{"floor":28,"key":"Regen Potion"},{"floor":28,"key":"DuplicationPotion"},{"floor":31,"key":"LiquidBronze"},{"floor":32,"key":"Fire Potion"},{"floor":39,"key":"Fire Potion"},{"floor":42,"key":"Fire Potion"}],"is_trial":false,"path_per_floor":["R","M","M","M","?","?","T","E","?","$","?","M","R","M","M","B",null,"R","M","?","M","M","$","T","?","M","$","?","M","R","M","M","B",null,"R","M","M","?","M","$","T","?","?","?","R","E","R","M","M","B"],"character_chosen":"SLIMEBOUND","items_purchased":["Omamori","ReplayTheSpireMod:TigerMarble","Fire Potion","expansioncontent:InvincibleStrength","Slimebound:AggressiveSlimeRelic","Anchor","OrangePellets","Vajra"],"campfire_rested":1,"item_purchase_floors":[10,23,23,23,27,27,40,40],"current_hp_per_floor":[65,51,36,20,20,41,41,22,32,23,23,7,26,16,4,1,65,65,65,37,18,2,6,6,6,14,18,12,34,46,44,49,14,70,70,66,65,65,45,45,45,43,43,26,41,30,48,49,57,0,0,0],"gold":216,"neow_bonus":"BOSS_RELIC","is_daily":false,"chose_seed":false,"campfire_upgraded":5,"win_rate":0.0,"timestamp":1612840299,"path_taken":["R","M","M","M","?","?","T","E","?","?","?","M","R","M","M","BOSS","R","M","?","M","M","?","T","?","?","$","?","M","R","?","M","BOSS","R","M","M","?","M","$","T","?","?","?","R","E","R","M","M","BOSS"],"items_purchased_type":["Relic","Relic","Potion","Card","Relic","Relic","Relic","Relic"],"build_version":"2020-12-22","purchased_purges":1,"victory":false,"max_hp_per_floor":[65,65,65,65,65,65,65,65,65,65,65,65,65,65,65,65,65,65,65,70,70,70,70,70,70,70,70,70,70,70,70,70,70,70,70,70,70,70,70,70,70,70,70,70,70,70,70,70,70,70,70,70],"relic_stats":{"Blood Vial":8,"OrangePellets":[0],"Lizard Tail":32,"counters":[30,123],"Astrolabe":["TheCursedMod:Dregs","Slimebound:SplitLeeching","Slimebound:FirmFortitude"],"Pandora\u0027s Box":["Slimebound:SlimeBrawl","Slimebound:MinionMaster","Slimebound:ProtectTheBoss","Slimebound:PrepareCrush","Slimebound:LevelUp","Slimebound:GoopTackle","Slimebound:SelfFormingGoo"],"Eternal Feather":45,"StoneCalendar":[0],"obtain_stats":[{"Golden Egg":24,"Slimebound:AggressiveSlimeRelic":27,"Astrolabe":34,"Vajra":40,"Eternal Feather":20,"StoneCalendar":42,"Omamori":10,"Odd Mushroom":9,"Blood Vial":44,"OrangePellets":40,"Lizard Tail":8,"Anchor":27,"HornCleat":7,"Pandora\u0027s Box":0,"Slimebound:AbsorbEndCombat":0,"Coffee Dripper":17,"Durian":20,"ReplayTheSpireMod:TigerMarble":23,"ReplayTheSpireMod:Lightbulb":46,"Toy Ornithopter":28,"InkBottle":41},{"Golden Egg":15,"Slimebound:AggressiveSlimeRelic":17,"Astrolabe":22,"Vajra":25,"Eternal Feather":12,"StoneCalendar":26,"Omamori":6,"Odd Mushroom":5,"Blood Vial":26,"OrangePellets":25,"Lizard Tail":4,"Anchor":17,"HornCleat":3,"Pandora\u0027s Box":0,"Slimebound:AbsorbEndCombat":0,"Coffee Dripper":10,"Durian":12,"ReplayTheSpireMod:TigerMarble":15,"ReplayTheSpireMod:Lightbulb":27,"Toy Ornithopter":18,"InkBottle":25},{"Golden Egg":54,"Slimebound:AggressiveSlimeRelic":63,"Astrolabe":90,"Vajra":102,"Eternal Feather":42,"StoneCalendar":105,"Omamori":21,"Odd Mushroom":17,"Blood Vial":105,"OrangePellets":102,"Lizard Tail":13,"Anchor":63,"HornCleat":6,"Pandora\u0027s Box":0,"Slimebound:AbsorbEndCombat":0,"Coffee Dripper":34,"Durian":42,"ReplayTheSpireMod:TigerMarble":54,"ReplayTheSpireMod:Lightbulb":111,"Toy Ornithopter":68,"InkBottle":102}],"Toy Ornithopter":25,"InkBottle":[14]},"card_choices":[{"not_picked":["Slimebound:GoopTackle","Slimebound:Replication","Slimebound:SplitBruiser"],"picked":"SKIP","floor":2},{"not_picked":["Slimebound:Replication","Slimebound:HauntingLick"],"picked":"Slimebound:LeechEnergy","floor":3},{"not_picked":["Slimebound:DisruptingSlam","Slimebound:TongueLash"],"picked":"Slimebound:LivingWall","floor":4},{"not_picked":["Slimebound:SlimeBrawl","Slimebound:TongueLash","Slimebound:ItLooksTasty"],"picked":"SKIP","floor":8},{"not_picked":["Slimebound:LeechingTouch","Slimebound:SamplingLick"],"picked":"Slimebound:Equalize","floor":9},{"not_picked":["Slimebound:SplitBruiser","Slimebound:LeadByExample"],"picked":"Slimebound:Nibble","floor":10},{"not_picked":["Slimebound:FormOfPuddle","Slimebound:GrowthPunch"],"picked":"Slimebound:Schlurp","floor":12},{"not_picked":["Slimebound:SplitLeeching","Slimebound:TongueLash"],"picked":"Slimebound:OneTwoCombo","floor":14},{"not_picked":["Slimebound:FinishingTackle","Slimebound:RollThrough"],"picked":"Slimebound:SplitMire","floor":15},{"not_picked":["Slimebound:MassRepurpose","Slimebound:RallyTheTroops"],"picked":"Slimebound:DouseInSlime","floor":16},{"not_picked":["Slimebound:SplitAcid","Slimebound:SlimeBrawl","Slimebound:PressTheAttack"],"picked":"SKIP","floor":19},{"not_picked":["Slimebound:SplitAcid","Slimebound:GoopSpray"],"picked":"Slimebound:AcidTongue","floor":20},{"not_picked":["Slimebound:SlimeSpikes","Slimebound:ComboTackle"],"picked":"Slimebound:Schlurp+1","floor":21},{"not_picked":["Slimebound:SplitAcid","Slimebound:FinishingTackle"],"picked":"Slimebound:Schlurp","floor":22},{"not_picked":["Slimebound:LeechEnergy+1","Slimebound:ComboTackle"],"picked":"Slimebound:PrepareCrush","floor":23},{"not_picked":["Slimebound:LeadByExample","Slimebound:RollThrough+1","Slimebound:PressTheAttack"],"picked":"SKIP","floor":26},{"not_picked":["Slimebound:Chomp","Slimebound:FlameTackle"],"picked":"Slimebound:Gluttony+1","floor":27},{"not_picked":["Slimebound:BestDefense","Slimebound:SplitLeeching"],"picked":"Slimebound:Prepare","floor":28},{"not_picked":["Slimebound:ComboTackle","Slimebound:SlimeSpikes"],"picked":"Slimebound:Repurpose+1","floor":29},{"not_picked":["Slimebound:Schlurp+1","Slimebound:Repurpose"],"picked":"Slimebound:SpikyOuterGoop+1","floor":31},{"not_picked":["Slimebound:ForwardTackle","Slimebound:SplitLeeching","Slimebound:Replication+1"],"picked":"SKIP","floor":32},{"not_picked":["Slimebound:MinionMaster","Slimebound:Overexert"],"picked":"Slimebound:MassRepurpose","floor":33},{"not_picked":["Slimebound:Schlurp+1","Slimebound:Equalize+1"],"picked":"Slimebound:TongueLash","floor":36},{"not_picked":["Slimebound:SplitLeeching","Slimebound:PressTheAttack+1"],"picked":"Slimebound:HauntingLick+1","floor":37},{"not_picked":["Slimebound:RejuvenatingLick","Slimebound:Dissolve"],"picked":"Slimebound:SplitLeeching+1","floor":39},{"not_picked":["Slimebound:Prepare","Slimebound:PrepareCrush"],"picked":"Slimebound:LivingWall+1","floor":42},{"not_picked":["Slimebound:Replication+1","Slimebound:SplitLeeching"],"picked":"Slimebound:GoopSpray+1","floor":44},{"not_picked":["Slimebound:LeechEnergy","Slimebound:SplitBruiser"],"picked":"Slimebound:MinionMaster","floor":46},{"not_picked":["Slimebound:LeechingTouch","Slimebound:GoopSpray+1"],"picked":"Slimebound:ComboTackle+1","floor":48},{"not_picked":["Slimebound:Equalize+1","Slimebound:SamplingLick","Slimebound:SplitLeeching"],"picked":"SKIP","floor":49}],"player_experience":177562,"relics_obtained":[{"floor":7,"key":"HornCleat"},{"floor":8,"key":"Lizard Tail"},{"floor":9,"key":"Odd Mushroom"},{"floor":20,"key":"Durian"},{"floor":20,"key":"Eternal Feather"},{"floor":24,"key":"Golden Egg"},{"floor":28,"key":"Toy Ornithopter"},{"floor":41,"key":"InkBottle"},{"floor":42,"key":"StoneCalendar"},{"floor":44,"key":"Blood Vial"},{"floor":46,"key":"ReplayTheSpireMod:Lightbulb"}],"event_choices":[{"damage_healed":21,"gold_gain":0,"player_choice":"Banana","damage_taken":0,"max_hp_gain":0,"max_hp_loss":0,"event_name":"Big Fish","floor":6,"gold_loss":0},{"damage_healed":0,"gold_gain":0,"player_choice":"Fought Mushrooms","damage_taken":0,"max_hp_gain":0,"max_hp_loss":0,"event_name":"Mushrooms","floor":9,"gold_loss":0},{"cards_removed":["Slimebound:TongueLash"],"damage_healed":0,"gold_gain":0,"player_choice":"Removed Attack","damage_taken":0,"max_hp_gain":0,"max_hp_loss":0,"event_name":"Falling","floor":38,"gold_loss":0},{"damage_healed":0,"gold_gain":0,"player_choice":"Fight","damage_taken":0,"max_hp_gain":0,"max_hp_loss":0,"event_name":"Mysterious Sphere","floor":42,"gold_loss":0}],"is_beta":false,"boss_relics":[{"not_picked":["Replay:Wanted Poster","SacredBark"],"picked":"Coffee Dripper"},{"not_picked":["Tiny House","Replay:Bronze Core"],"picked":"Astrolabe"}],"items_purged_floors":[27],"is_endless":false,"potions_floor_spawned":[3,8,9,14,15,19,22,26,31,32,39,42,48],"killed_by":"IC_BLOCK_ARCHETYPE","ascension_level":1}}