{"host":"j37i0m9ltjmpbz2t","time":1612868939,"event":{"mods":["BaseMod","Minty Spire (QoL Compilation)","StSLib","UnlockEverythingMod","WarShipGirlsR/’ΩΩ¢…Ÿ≈ÆR mod"],"gold_per_floor":[117,42,52,72,83,83,104,104,152,152,167,198,198,227,227,328,328,344,356,63,162,173,173,200,200,227,227,242,272,147,165,165,268,268,288,138,150,202,202,229,229,229,255,280,306,306,341,353,353,353,353,353,105,132,132],"floor_reached":56,"language":"ZHS","playtime":4455,"items_purged":["rmod:strick","rmod:strick","rmod:defend","rmod:defend","rmod:supportescort+1"],"score":1726,"play_id":"de41aeab-8ab7-45e8-b228-7685060b5ecf","local_time":"20210209190859","is_ascension_mode":true,"campfire_choices":[{"data":"rmod:aviationdawn","floor":6.0,"key":"SMITH"},{"data":"rmod:basicallowance","floor":8.0,"key":"SMITH"},{"data":"rmod:maingunfire","floor":10.0,"key":"SMITH"},{"data":"rmod:supportescort","floor":15.0,"key":"SMITH"},{"data":"rmod:circuitoustactics","floor":23.0,"key":"SMITH"},{"data":"rmod:wife","floor":25.0,"key":"SMITH"},{"data":"rmod:seals","floor":27.0,"key":"SMITH"},{"floor":32.0,"key":"REST"},{"floor":42.0,"key":"DIG"},{"floor":46.0,"key":"DIG"},{"floor":49.0,"key":"RECALL"},{"floor":52.0,"key":"DIG"}],"circlet_count":0,"master_deck":["rmod:basicallowance+1","rmod:overbreakdown+1","rmod:aviationdawn+1","rmod:circuitoustactics+1","rmod:diaomin+1","rmod:highspeedmaneuver+1","Limit Break+1","rmod:launchingtorpedo+1","Calculated Gamble+1","Reflex+1","Tactician+1","Calculated Gamble+1"],"relics":["rmod:firstchargereward","Odd Mushroom","Bag of Preparation","Bronze Scales","White Beast Statue","Molten Egg 2","Empty Cage","MealTicket","Omamori","Tiny Chest","Runic Dome","Shovel","Mercury Hourglass","Shuriken","Lantern","Juzu Bracelet","PreservedInsect","rmod:quickrepair","Happy Flower","Calipers","HornCleat","Sundial","Anchor"],"acts_visited":["Exordium","TheCity","TheBeyond","TheEnding"],"potions_floor_usage":[55],"damage_taken":[{"damage":0.0,"enemies":"Cultist","floor":1.0,"turns":3.0},{"damage":0.0,"enemies":"Small Slimes","floor":3.0,"turns":3.0},{"damage":12.0,"enemies":"Jaw Worm","floor":4.0,"turns":4.0},{"damage":0.0,"enemies":"2 Fungi Beasts","floor":5.0,"turns":3.0},{"damage":4.0,"enemies":"The Mushroom Lair","floor":7.0,"turns":4.0},{"damage":0.0,"enemies":"Looter","floor":11.0,"turns":4.0},{"damage":0.0,"enemies":"Gremlin Nob","floor":12.0,"turns":3.0},{"damage":11.0,"enemies":"3 Sentries","floor":14.0,"turns":8.0},{"damage":7.0,"enemies":"Hexaghost","floor":16.0,"turns":8.0},{"damage":0.0,"enemies":"3 Byrds","floor":18.0,"turns":3.0},{"damage":10.0,"enemies":"Spheric Guardian","floor":19.0,"turns":4.0},{"damage":14.0,"enemies":"Chosen and Byrds","floor":22.0,"turns":7.0},{"damage":0.0,"enemies":"Gremlin Leader","floor":24.0,"turns":7.0},{"damage":3.0,"enemies":"Cultist and Chosen","floor":28.0,"turns":7.0},{"damage":0.0,"enemies":"Book of Stabbing","floor":29.0,"turns":5.0},{"damage":8.0,"enemies":"3 Cultists","floor":31.0,"turns":6.0},{"damage":48.0,"enemies":"Automaton","floor":33.0,"turns":10.0},{"damage":1.0,"enemies":"Orb Walker","floor":35.0,"turns":4.0},{"damage":1.0,"enemies":"3 Shapes","floor":37.0,"turns":5.0},{"damage":9.0,"enemies":"2 Orb Walkers","floor":38.0,"turns":5.0},{"damage":1.0,"enemies":"Reptomancer","floor":40.0,"turns":7.0},{"damage":25.0,"enemies":"Nemesis","floor":45.0,"turns":9.0},{"damage":0.0,"enemies":"Giant Head","floor":47.0,"turns":7.0},{"damage":12.0,"enemies":"Maw","floor":48.0,"turns":9.0},{"damage":11.0,"enemies":"Donu and Deca","floor":50.0,"turns":6.0},{"damage":0.0,"enemies":"Shield and Spear","floor":54.0,"turns":5.0},{"damage":0,"enemies":"The Heart","floor":55,"turns":5}],"seed_played":"8867190186425857024","potions_obtained":[{"floor":1.0,"key":"Explosive Potion"},{"floor":5.0,"key":"CultistPotion"},{"floor":7.0,"key":"Dexterity Potion"},{"floor":12.0,"key":"Weak Potion"},{"floor":16.0,"key":"EntropicBrew"},{"floor":22.0,"key":"Swift Potion"},{"floor":24.0,"key":"EssenceOfSteel"},{"floor":28.0,"key":"LiquidBronze"},{"floor":29.0,"key":"Energy Potion"},{"floor":31.0,"key":"Block Potion"},{"floor":33.0,"key":"AttackPotion"},{"floor":35.0,"key":"AttackPotion"},{"floor":38.0,"key":"Fruit Juice"},{"floor":40.0,"key":"Energy Potion"},{"floor":45.0,"key":"FearPotion"},{"floor":54.0,"key":"SteroidPotion"}],"is_trial":false,"path_per_floor":["M","$","M","M","M","R","?","R","T","R","M","E","T","E","R","B",null,"M","M","$","?","M","R","E","R","T","R","M","E","$","M","R","B",null,"M","$","M","?","?","E","?","R","T","T","E","R","E","M","R","B",null,"R","$","E","B",null],"character_chosen":"PRAEFECT","items_purchased":["rmod:wife","MealTicket","rmod:launchingtorpedo+1"],"campfire_rested":1,"item_purchase_floors":[20,20,53],"current_hp_per_floor":[75,75,75,63,63,63,59,59,59,59,59,59,59,48,48,41,67,67,57,57,57,43,43,43,43,43,43,40,40,55,47,69,21,62,61,75,74,65,65,64,64,64,64,64,44,44,44,32,32,69,77,77,80,80,80],"gold":132,"neow_bonus":"THREE_CARDS","is_daily":false,"chose_seed":false,"campfire_upgraded":7,"win_rate":0.0,"timestamp":1612868939,"path_taken":["M","$","M","?","?","R","?","R","T","R","M","E","?","E","R","BOSS","M","M","$","?","M","R","E","R","T","R","M","E","$","M","R","BOSS","M","$","M","?","?","E","?","R","T","?","E","R","E","M","R","BOSS","R","$","E","BOSS"],"items_purchased_type":["Card","Relic","Card"],"build_version":"2020-12-22","purchased_purges":5,"victory":true,"max_hp_per_floor":[75,75,75,75,75,75,75,75,75,75,75,75,75,75,75,75,75,75,75,75,75,75,75,75,75,75,75,75,75,75,75,75,75,75,75,75,75,75,75,75,75,75,75,75,80,80,80,80,80,80,80,80,80,80,80],"card_choices":[{"not_picked":["rmod:diamondstrike","rmod:highspeedshooting"],"picked":"rmod:overbreakdown","floor":0.0},{"not_picked":["rmod:aggressivemary","rmod:ammunitionsupply"],"picked":"rmod:aviationdawn","floor":1.0},{"not_picked":["rmod:fuelsupply","rmod:steelsupply","rmod:heivgo"],"picked":"SKIP","floor":3.0},{"not_picked":["rmod:aviationdawn","rmod:victimresponsibility","rmod:salvage"],"picked":"SKIP","floor":4.0},{"not_picked":["rmod:gendarmerie","rmod:intelligenceanalysis"],"picked":"rmod:supportescort","floor":5.0},{"not_picked":["rmod:victimresponsibility","rmod:combined","rmod:supportaircraftcarrier"],"picked":"SKIP","floor":11.0},{"not_picked":["rmod:intelligenceanalysis","rmod:combined","rmod:concentratefire"],"picked":"SKIP","floor":12.0},{"not_picked":["rmod:highspeedshooting+1","rmod:combined+1"],"picked":"rmod:circuitoustactics","floor":14.0},{"not_picked":["rmod:stealaluminum","rmod:desperatesituation"],"picked":"rmod:seals","floor":16.0},{"not_picked":["rmod:supportescort","rmod:steelsupply","rmod:overbreakdown+1"],"picked":"SKIP","floor":18.0},{"not_picked":["rmod:steelsupply","rmod:wolves+1","rmod:diamondstrike+1"],"picked":"SKIP","floor":19.0},{"not_picked":["rmod:garrisonisland+1","rmod:highspeedshooting+1","rmod:wife"],"picked":"SKIP","floor":22.0},{"not_picked":["rmod:garrisonisland+1","rmod:highspeedshooting+1","rmod:wife"],"picked":"SKIP","floor":22.0},{"not_picked":["rmod:aviationdawn","rmod:wolves+1","rmod:ring"],"picked":"SKIP","floor":24.0},{"not_picked":["rmod:supportescort","rmod:supriseattacks"],"picked":"rmod:diaomin+1","floor":28.0},{"not_picked":["rmod:rockthrower+1","rmod:diamondstrike+1","rmod:tearstotiara+1"],"picked":"SKIP","floor":29.0},{"not_picked":["rmod:spoils","rmod:unsinkable"],"picked":"rmod:ring+1","floor":31.0},{"not_picked":["rmod:desperatesituation","rmod:u235"],"picked":"rmod:highspeedmaneuver","floor":33.0},{"not_picked":["rmod:overbreakdown+1","rmod:victimresponsibility"],"picked":"rmod:ammunitionsupply+1","floor":35.0},{"not_picked":["rmod:diamondstrike+1","rmod:ammunitionsupply","rmod:bulid"],"picked":"SKIP","floor":37.0},{"not_picked":["rmod:intelligenceanalysis+1","rmod:highspeedmaneuver","rmod:ammunitionsupply"],"picked":"SKIP","floor":40.0},{"not_picked":["rmod:steelsupply","rmod:supriseattacks","rmod:supportescort+1"],"picked":"SKIP","floor":45.0},{"not_picked":["rmod:generalist+1","rmod:luckystar+1","rmod:aluminumsupply"],"picked":"SKIP","floor":47.0},{"not_picked":["rmod:overbreakdown","rmod:punchline","rmod:fuelsupply"],"picked":"SKIP","floor":48.0},{"not_picked":["rmod:lonelyqueen","rmod:goodsister+1"],"picked":"rmod:robin+1","floor":54.0}],"player_experience":207238,"relics_obtained":[{"floor":7.0,"key":"Odd Mushroom"},{"floor":9.0,"key":"Bag of Preparation"},{"floor":12.0,"key":"Bronze Scales"},{"floor":13.0,"key":"White Beast Statue"},{"floor":14.0,"key":"Molten Egg 2"},{"floor":24.0,"key":"Omamori"},{"floor":29.0,"key":"Tiny Chest"},{"floor":38.0,"key":"Shovel"},{"floor":40.0,"key":"Mercury Hourglass"},{"floor":42.0,"key":"Shuriken"},{"floor":43.0,"key":"Lantern"},{"floor":44.0,"key":"Juzu Bracelet"},{"floor":45.0,"key":"PreservedInsect"},{"floor":46.0,"key":"rmod:quickrepair"},{"floor":47.0,"key":"Happy Flower"},{"floor":52.0,"key":"HornCleat"},{"floor":54.0,"key":"Sundial"}],"event_choices":[{"damage_healed":0.0,"max_hp_gain":0.0,"max_hp_loss":0.0,"gold_gain":0.0,"event_name":"Mushrooms","player_choice":"Fought Mushrooms","floor":7.0,"gold_loss":0.0,"damage_taken":0.0},{"damage_healed":0.0,"max_hp_gain":0.0,"max_hp_loss":0.0,"gold_gain":99.0,"event_name":"Nest","player_choice":"Stole From Cult","floor":21.0,"gold_loss":0.0,"damage_taken":0.0},{"damage_healed":0.0,"max_hp_gain":0.0,"max_hp_loss":0.0,"gold_gain":0.0,"event_name":"Mysterious Sphere","player_choice":"Fight","floor":38.0,"gold_loss":0.0,"damage_taken":0.0},{"cards_removed":["rmod:maingunfire"],"damage_healed":0.0,"max_hp_gain":0.0,"max_hp_loss":0.0,"gold_gain":0.0,"event_name":"Falling","player_choice":"Removed Attack","floor":39.0,"gold_loss":0.0,"damage_taken":0.0},{"damage_healed":0.0,"max_hp_gain":0.0,"max_hp_loss":0.0,"gold_gain":0.0,"event_name":"SecretPortal","player_choice":"Ignored","floor":41.0,"gold_loss":0.0,"damage_taken":0.0}],"is_beta":false,"boss_relics":[{"not_picked":["Fusion Hammer","Sozu"],"picked":"Empty Cage"},{"not_picked":["Tiny House","Snecko Eye"],"picked":"Runic Dome"}],"items_purged_floors":[2,20,30,36,53],"is_endless":false,"potions_floor_spawned":[1,5,7,12,14,16,18,19,22,24,28,29,31,33,35,37,38,40,45,47,48,54],"ascension_level":5}}