{"host":"d61fcf2p3sjwe6yo","time":1612878107,"event":{"mods":["BaseMod","Colored Map","Koishi","Marisa????????","Minty Spire (QoL Compilation)","StSLib","SuperFastMode","The Servant 0.9.4"],"gold_per_floor":[115,115,115,131,147,147,164,176,202,202,227,227,256,273,273,350,350,364,6,19,19,38,38,38,38],"floor_reached":24,"language":"ENG","playtime":1631,"items_purged":["Defend_MRS"],"score":491,"play_id":"48ea31d7-4320-4ab7-b8e3-be551ab325b9","local_time":"20210209164147","is_ascension_mode":true,"campfire_choices":[{"data":"UpSweep","floor":6,"key":"SMITH"},{"data":"MasterSpark","floor":10,"key":"SMITH"},{"data":"AsteroidBelt","floor":12,"key":"SMITH"},{"floor":15,"key":"REST"},{"data":"MagicChant","floor":23,"key":"SMITH"}],"circlet_count":0,"master_deck":["AscendersBane","Strike_MRS","Strike_MRS","Strike_MRS","Strike_MRS","Defend_MRS","Defend_MRS","Defend_MRS","MasterSpark+1","UpSweep+1","MagicChant+1","AsteroidBelt+1","GalacticHalo","UltimateShortwave","EnergyFlow","GalacticHalo","MagicChant+1"],"relics":["MiniHakkero","Centennial Puzzle","Orichalcum","Nunchaku","BreadOfAWashokuLover","RampagingMagicTools","Meat on the Bone"],"acts_visited":["Exordium","TheCity"],"potions_floor_usage":[7,13,16,20,24],"damage_taken":[{"damage":2,"enemies":"2 Louse","floor":1,"turns":3},{"damage":2,"enemies":"Jaw Worm","floor":4,"turns":3},{"damage":0,"enemies":"Small Slimes","floor":5,"turns":2},{"damage":5,"enemies":"Gremlin Gang","floor":7,"turns":3},{"damage":4,"enemies":"Red Slaver","floor":8,"turns":3},{"damage":2,"enemies":"Lagavulin","floor":11,"turns":7},{"damage":12,"enemies":"3 Sentries","floor":13,"turns":15},{"damage":8,"enemies":"Exordium Wildlife","floor":14,"turns":3},{"damage":16,"enemies":"Slime Boss","floor":16,"turns":21},{"damage":43,"enemies":"3 Byrds","floor":18,"turns":8},{"damage":5,"enemies":"Shell Parasite","floor":20,"turns":7},{"damage":22,"enemies":"Snake Plant","floor":22,"turns":6},{"damage":25,"enemies":"Slavers","floor":24,"turns":3}],"seed_played":"5431273676554827916","potions_obtained":[{"floor":1,"key":"Swift Potion"},{"floor":4,"key":"PowerPotion"},{"floor":7,"key":"SpeedPotion"},{"floor":13,"key":"Energy Potion"},{"floor":16,"key":"SpeedPotion"}],"is_trial":false,"path_per_floor":["M","?","?","M","M","R","M","M","T","R","E","R","E","M","R","B",null,"M","$","M","?","M","R","E"],"character_chosen":"MARISA","items_purchased":["Meat on the Bone"],"campfire_rested":1,"item_purchase_floors":[19],"current_hp_per_floor":[68,57,57,55,55,55,50,46,46,46,44,44,32,25,48,57,82,39,39,46,46,36,36,11,11],"gold":38,"neow_bonus":"TEN_PERCENT_HP_BONUS","is_daily":false,"chose_seed":false,"campfire_upgraded":4,"win_rate":0.0,"timestamp":1612878107,"path_taken":["M","?","?","M","M","R","M","M","T","R","E","R","E","?","R","BOSS","M","$","M","?","M","R","E"],"items_purchased_type":["Relic"],"build_version":"2020-12-22","purchased_purges":1,"victory":false,"max_hp_per_floor":[77,77,77,77,77,77,77,77,77,77,77,77,77,77,77,90,90,90,90,90,90,90,90,90,90],"card_choices":[{"not_picked":["SporeBomb","WitchOfGreed"],"picked":"MagicChant","floor":1},{"not_picked":["RefractionSpark","Acceleration"],"picked":"AsteroidBelt","floor":4},{"not_picked":["NonDirectionalLaser","DarkSpark","SuperPerseids"],"picked":"SKIP","floor":5},{"not_picked":["DC","WitchOfGreed"],"picked":"GalacticHalo","floor":7},{"not_picked":["DarkMatter","StarlightTyphoon","MachineGunSpark"],"picked":"SKIP","floor":8},{"not_picked":["CollectingQuirk","StarlightTyphoon"],"picked":"UltimateShortwave","floor":11},{"not_picked":["MilkyWay","Occultation"],"picked":"EnergyFlow","floor":13},{"not_picked":["GrandCross","RefractionSpark"],"picked":"GalacticHalo","floor":14},{"not_picked":["ShootTheMoon","ShootingEcho"],"picked":"MagicChant","floor":18},{"not_picked":["PulseMagic","DragonMeteor","OpenUniverse"],"picked":"SKIP","floor":20},{"not_picked":["MysteriousBeam+1","NonDirectionalLaser","WitchLeyline+1"],"picked":"SKIP","floor":22}],"player_experience":314186,"relics_obtained":[{"floor":9,"key":"Orichalcum"},{"floor":11,"key":"Nunchaku"},{"floor":13,"key":"BreadOfAWashokuLover"}],"event_choices":[{"damage_healed":0,"gold_gain":0,"player_choice":"Success","damage_taken":11,"relics_obtained":["Centennial Puzzle"],"max_hp_gain":0,"max_hp_loss":0,"event_name":"Scrap Ooze","floor":2,"gold_loss":0},{"damage_healed":0,"gold_gain":0,"player_choice":"Grow","damage_taken":0,"max_hp_gain":0,"max_hp_loss":0,"event_name":"Living Wall","floor":3,"gold_loss":0,"cards_upgraded":["MagicChant"]},{"damage_healed":0,"gold_gain":0,"player_choice":"Ignored","damage_taken":0,"max_hp_gain":0,"max_hp_loss":0,"event_name":"Ghosts","floor":21,"gold_loss":0}],"is_beta":false,"boss_relics":[{"not_picked":["SacredBark","Ectoplasm"],"picked":"RampagingMagicTools"}],"items_purged_floors":[19],"is_endless":false,"potions_floor_spawned":[1,4,7,13,16],"killed_by":"Slavers","ascension_level":20}}