{"host":"22ezjknwheybwqtz","time":1612851275,"event":{"mods":["BaseMod","Downfall","Minty Spire (QoL Compilation)","Shop Mod","StSLib","The Necromancer","The Poker Player"],"gold_per_floor":[114,114,50,68,78,111,111,127,127,127,127,127,143,143,143,244,244,255,273,273,273,273,273],"floor_reached":21,"language":"ENG","playtime":932,"items_purged":[],"score":179,"play_id":"5c894714-807a-467c-8938-8bb0aed6144c","local_time":"20210209141435","is_ascension_mode":false,"metric_token":466,"campfire_choices":[{"data":"PokerPlayerMod:Mulligan","floor":7,"key":"SMITH"},{"data":"PokerPlayerMod:FakeSymbols","floor":10,"key":"SMITH"},{"data":"PokerPlayerMod:Configure","floor":12,"key":"SMITH"},{"data":"PokerPlayerMod:HiddenCard","floor":15,"key":"SMITH"}],"circlet_count":0,"master_deck":["PokerPlayerMod:Diamond1","PokerPlayerMod:Diamond2","PokerPlayerMod:Diamond3","PokerPlayerMod:Diamond4","PokerPlayerMod:Diamond5","PokerPlayerMod:Spade1","PokerPlayerMod:Spade2","PokerPlayerMod:Spade3","PokerPlayerMod:Spade4","PokerPlayerMod:Club1","PokerPlayerMod:Club2","PokerPlayerMod:Heart2","PokerPlayerMod:TrumpStrike+1","PokerPlayerMod:BadJoker","PokerPlayerMod:Mulligan+1","PokerPlayerMod:Club6","PokerPlayerMod:Club3","PokerPlayerMod:FakeSymbols+1","PokerPlayerMod:Heart7","PokerPlayerMod:Diamond7","PokerPlayerMod:Configure+1","PokerPlayerMod:Diamond5","PokerPlayerMod:HiddenCard+1","PokerPlayerMod:Club8","PokerPlayerMod:ClubStrike+1","PokerPlayerMod:FillThePot","PokerPlayerMod:PoorCopy","PokerPlayerMod:Diamond5"],"relics":["PokerPlayerMod:DeckCase","NeowsBlessing","Prayer Wheel","Eternal Feather","Pantograph","SlaversCollar"],"acts_visited":["Exordium","TheCity"],"potions_floor_usage":[21,21],"damage_taken":[{"damage":0,"enemies":"Jaw Worm","floor":1,"turns":1},{"damage":0,"enemies":"2 Louse","floor":4,"turns":1},{"damage":0,"enemies":"Cultist","floor":5,"turns":1},{"damage":47,"enemies":"Lagavulin","floor":6,"turns":6},{"damage":7,"enemies":"Large Slime","floor":8,"turns":4},{"damage":0,"enemies":"2 Fungi Beasts","floor":13,"turns":2},{"damage":35,"enemies":"Slime Boss","floor":16,"turns":5},{"damage":16,"enemies":"Shell Parasite","floor":18,"turns":3},{"damage":13,"enemies":"3 Byrds","floor":19,"turns":3},{"damage":38,"enemies":"Centurion and Healer","floor":21,"turns":4}],"seed_played":"2597279512122441169","potions_obtained":[{"floor":4,"key":"LiquidBronze"},{"floor":13,"key":"sneckomod:MuddlingPotion"},{"floor":16,"key":"SteroidPotion"},{"floor":19,"key":"PowerPotion"}],"is_trial":false,"path_per_floor":["M","?","?","M","M","E","R","M","T","R","?","R","M","$","R","B",null,"M","M","?","M"],"character_chosen":"THE_POKER_PLAYER","items_purchased":[],"campfire_rested":0,"item_purchase_floors":[],"current_hp_per_floor":[52,52,52,52,52,21,33,34,34,46,46,52,52,52,52,36,52,39,26,26,0,0,0],"gold":273,"neow_bonus":"THREE_ENEMY_KILL","is_daily":false,"chose_seed":false,"campfire_upgraded":4,"win_rate":0.0,"timestamp":1612851275,"path_taken":["M","?","?","?","M","E","R","M","T","R","?","R","M","$","R","BOSS","M","M","?","M"],"items_purchased_type":[],"build_version":"2020-12-22","purchased_purges":0,"victory":false,"max_hp_per_floor":[52,52,52,52,52,52,52,52,52,52,52,52,52,52,52,52,52,52,52,52,52,52,52],"card_choices":[{"not_picked":["PokerPlayerMod:MagicTrick","PokerPlayerMod:Trickery"],"picked":"PokerPlayerMod:Club6","floor":1},{"not_picked":["PokerPlayerMod:Spade1","PokerPlayerMod:MagicTrick"],"picked":"PokerPlayerMod:Club3","floor":4},{"not_picked":["PokerPlayerMod:DamnStraight","PokerPlayerMod:RiskyBet"],"picked":"PokerPlayerMod:FakeSymbols","floor":4},{"not_picked":["PokerPlayerMod:Spade5","PokerPlayerMod:ClubShade"],"picked":"PokerPlayerMod:Heart7","floor":5},{"not_picked":["PokerPlayerMod:Spade2","PokerPlayerMod:Club5"],"picked":"PokerPlayerMod:ClubsClub","floor":5},{"not_picked":["PokerPlayerMod:DiamondStrike","PokerPlayerMod:Duplicate"],"picked":"PokerPlayerMod:Diamond7","floor":6},{"not_picked":["PokerPlayerMod:FlyingCard","PokerPlayerMod:Diamond1"],"picked":"PokerPlayerMod:Configure","floor":8},{"not_picked":["PokerPlayerMod:MagicTrick","PokerPlayerMod:Spade2","PokerPlayerMod:Diamond1"],"picked":"SKIP","floor":8},{"not_picked":["PokerPlayerMod:Spade5","PokerPlayerMod:Spade4"],"picked":"PokerPlayerMod:Diamond5","floor":13},{"not_picked":["PokerPlayerMod:ClubDance","PokerPlayerMod:Spade3"],"picked":"PokerPlayerMod:HiddenCard","floor":13},{"not_picked":["PokerPlayerMod:StackedDeck","PokerPlayerMod:FakeSymbols"],"picked":"PokerPlayerMod:Club8","floor":16},{"not_picked":["PokerPlayerMod:DiamondStrike","PokerPlayerMod:MagicTrick"],"picked":"PokerPlayerMod:ClubStrike+1","floor":18},{"not_picked":["PokerPlayerMod:Diamond3","PokerPlayerMod:ClubStrike"],"picked":"PokerPlayerMod:FillThePot","floor":18},{"not_picked":["PokerPlayerMod:Trickery","PokerPlayerMod:CloakAndDiamond"],"picked":"PokerPlayerMod:PoorCopy","floor":19},{"not_picked":["PokerPlayerMod:SpadeStrike","PokerPlayerMod:Spade4"],"picked":"PokerPlayerMod:Diamond5","floor":19}],"player_experience":108078,"relics_obtained":[{"floor":6,"key":"Eternal Feather"},{"floor":9,"key":"Pantograph"}],"event_choices":[{"damage_healed":0,"gold_gain":0,"player_choice":"Grow","damage_taken":0,"max_hp_gain":0,"max_hp_loss":0,"event_name":"Living Wall","floor":2,"gold_loss":0,"cards_upgraded":["PokerPlayerMod:TrumpStrike"]},{"damage_healed":0,"gold_gain":0,"player_choice":"Paid Gold","damage_taken":0,"relics_obtained":["Prayer Wheel"],"max_hp_gain":0,"max_hp_loss":0,"event_name":"WeMeetAgain","floor":3,"gold_loss":64},{"damage_healed":0,"gold_gain":0,"player_choice":"Leave","damage_taken":0,"max_hp_gain":0,"max_hp_loss":0,"event_name":"The Cleric","floor":11,"gold_loss":0},{"cards_removed":["PokerPlayerMod:ClubsClub"],"damage_healed":0,"gold_gain":0,"player_choice":"Purged","damage_taken":0,"max_hp_gain":0,"max_hp_loss":0,"event_name":"Purifier","floor":20,"gold_loss":0}],"is_beta":false,"boss_relics":[{"not_picked":["Coffee Dripper","SacredBark"],"picked":"SlaversCollar"}],"items_purged_floors":[],"is_endless":false,"potions_floor_spawned":[4,13,16,18,19],"killed_by":"Centurion and Healer","ascension_level":0}}