{"host":"pi8b3ffzwvxqztac","time":1612888169,"event":{"mods":["BaseMod","Colored Map","Custom Start","Downfall","Minty Spire (QoL Compilation)","StSLib"],"gold_per_floor":[10,10,10,26,46,46,79,79,105,105,119,132,146,159,159,264,264,283,283,296,57,68,68,68,82,151,151,165,176,176,207,207,207,207],"floor_reached":33,"language":"ENG","playtime":1738,"items_purged":["Strike_B"],"score":377,"play_id":"0ae9f538-768d-46ec-9908-58fdc5a78f76","local_time":"20210210052929","is_ascension_mode":true,"campfire_choices":[{"data":"Chaos","floor":6.0,"key":"SMITH"},{"data":"Zap","floor":8.0,"key":"SMITH"},{"data":"Recycle","floor":10.0,"key":"SMITH"},{"floor":15.0,"key":"REST"},{"data":"Chaos","floor":23.0,"key":"SMITH"},{"data":"Conserve Battery","floor":27.0,"key":"SMITH"},{"floor":30.0,"key":"REST"},{"floor":32,"key":"REST"}],"circlet_count":0,"master_deck":["Strike_B","Defend_B","Defend_B","Defend_B","Defend_B+1","Zap+1","Dualcast+1","Chaos+1","Recycle+1","Chaos+1","Static Discharge+1","Conserve Battery","Conserve Battery+1","Seek","Compile Driver+1","Capacitor","Melter","Glacier","Glacier"],"relics":["Cracked Core","hexamod:Sixitude","FaceOfCleric","Centennial Puzzle","Smiling Mask","Empty Cage","Membership Card","Meat on the Bone","Matryoshka"],"acts_visited":["Exordium","TheCity"],"potions_floor_usage":[31,33],"damage_taken":[{"damage":0.0,"enemies":"2 Louse","floor":1.0,"turns":2.0},{"damage":1.0,"enemies":"Small Slimes","floor":4.0,"turns":3.0},{"damage":1.0,"enemies":"Cultist","floor":5.0,"turns":3.0},{"damage":17.0,"enemies":"3 Sentries","floor":7.0,"turns":7.0},{"damage":12.0,"enemies":"Gremlin Gang","floor":11.0,"turns":3.0},{"damage":12.0,"enemies":"Lots of Slimes","floor":12.0,"turns":4.0},{"damage":4.0,"enemies":"2 Fungi Beasts","floor":13.0,"turns":2.0},{"damage":0.0,"enemies":"Large Slime","floor":14.0,"turns":3.0},{"damage":10.0,"enemies":"Hexaghost","floor":16.0,"turns":9.0},{"damage":12.0,"enemies":"3 Byrds","floor":18.0,"turns":4.0},{"damage":7.0,"enemies":"Shell Parasite","floor":20.0,"turns":4.0},{"damage":10.0,"enemies":"Centurion and Healer","floor":22.0,"turns":4.0},{"damage":1.0,"enemies":"Snecko","floor":25.0,"turns":4.0},{"damage":28.0,"enemies":"Cultist and Chosen","floor":28.0,"turns":4.0},{"damage":15.0,"enemies":"Chosen and Byrds","floor":29.0,"turns":5.0},{"damage":21,"enemies":"Book of Stabbing","floor":31,"turns":8},{"damage":80,"enemies":"Champ","floor":33,"turns":20}],"seed_played":"3561622765091157222","potions_obtained":[{"floor":4.0,"key":"SpeedPotion"},{"floor":5.0,"key":"Energy Potion"},{"floor":11.0,"key":"FearPotion"},{"floor":12.0,"key":"ColorlessPotion"},{"floor":20.0,"key":"EssenceOfDarkness"},{"floor":25.0,"key":"sneckomod:MuddlingPotion"},{"floor":28.0,"key":"Ancient Potion"},{"floor":29.0,"key":"Dexterity Potion"},{"floor":31,"key":"BlessingOfTheForge"}],"is_trial":false,"path_per_floor":["M","?","?","M","M","R","E","R","T","R","M","M","M","M","R","B",null,"M","?","M","$","M","R","?","M","T","R","M","M","R","E","R","B"],"character_chosen":"DEFECT","items_purchased":["Membership Card","Melter"],"campfire_rested":3,"item_purchase_floors":[21,21],"current_hp_per_floor":[68,53,53,53,53,53,37,37,37,37,26,15,12,13,37,28,69,58,58,52,52,43,43,43,43,43,43,28,26,52,44,71,0,0],"gold":207,"neow_bonus":"ONE_RARE_RELIC","is_daily":false,"chose_seed":false,"campfire_upgraded":5,"win_rate":0.0,"timestamp":1612888169,"path_taken":["M","?","?","?","?","R","E","R","T","R","M","M","M","?","R","BOSS","M","?","M","$","M","R","?","M","T","R","?","M","R","E","R","BOSS"],"items_purchased_type":["Relic","Card"],"build_version":"2020-12-22","purchased_purges":1,"victory":false,"max_hp_per_floor":[75,75,75,76,77,77,78,78,78,78,79,80,81,82,82,83,83,84,84,85,85,86,86,86,87,87,87,88,89,89,90,90,90,90],"card_choices":[{"not_picked":["Steam","Hello World"],"picked":"Chaos","floor":1.0},{"not_picked":["Steam","Leap"],"picked":"Recycle","floor":4.0},{"not_picked":["Redo","Barrage","Coolheaded"],"picked":"SKIP","floor":5.0},{"not_picked":["Seek","Turbo"],"picked":"Chaos","floor":7.0},{"not_picked":["Coolheaded","Redo","Barrage"],"picked":"SKIP","floor":11.0},{"not_picked":["Meteor Strike","Coolheaded"],"picked":"Static Discharge","floor":12.0},{"not_picked":["Tempest","Skim"],"picked":"Conserve Battery","floor":13.0},{"not_picked":["Storm","Rebound"],"picked":"Conserve Battery","floor":14.0},{"not_picked":["All For One","Fission"],"picked":"Seek","floor":16.0},{"not_picked":["Sweeping Beam+1","Rebound"],"picked":"Compile Driver+1","floor":18.0},{"not_picked":["Go for the Eyes","Leap"],"picked":"Capacitor","floor":20.0},{"not_picked":["Undo","Sweeping Beam+1","Melter+1"],"picked":"SKIP","floor":22.0},{"not_picked":["Tempest","Steam Power","Force Field"],"picked":"SKIP","floor":25.0},{"not_picked":["Coolheaded","Capacitor"],"picked":"Glacier","floor":28.0},{"not_picked":["Chill","Hologram"],"picked":"Glacier","floor":29.0},{"not_picked":["Gash+1","Streamline","Cold Snap+1"],"picked":"SKIP","floor":31}],"player_experience":734947,"relics_obtained":[{"floor":7.0,"key":"Centennial Puzzle"},{"floor":9.0,"key":"Smiling Mask"},{"floor":26.0,"key":"Meat on the Bone"},{"floor":31,"key":"Matryoshka"}],"event_choices":[{"damage_healed":0.0,"max_hp_gain":0.0,"max_hp_loss":0.0,"gold_gain":0.0,"event_name":"Shining Light","player_choice":"Entered Light","floor":2.0,"gold_loss":0.0,"damage_taken":15.0,"cards_upgraded":["Dualcast","Defend_B"]},{"damage_healed":0.0,"max_hp_gain":0.0,"max_hp_loss":0.0,"gold_gain":0.0,"event_name":"FaceTrader","player_choice":"Trade","floor":3.0,"gold_loss":0.0,"damage_taken":0.0,"relics_obtained":["FaceOfCleric"]},{"damage_healed":0.0,"max_hp_gain":0.0,"max_hp_loss":0.0,"gold_gain":0.0,"event_name":"Cursed Tome","player_choice":"Ignored","floor":19.0,"gold_loss":0.0,"damage_taken":0.0},{"damage_healed":0.0,"max_hp_gain":0.0,"max_hp_loss":0.0,"gold_gain":0.0,"event_name":"Accursed Blacksmith","player_choice":"Forge","floor":24.0,"gold_loss":0.0,"damage_taken":0.0,"cards_upgraded":["Static Discharge"]}],"is_beta":false,"boss_relics":[{"not_picked":["Runic Dome","Cursed Key"],"picked":"Empty Cage"}],"items_purged_floors":[21],"is_endless":false,"potions_floor_spawned":[4,5,11,12,20,25,28,29,31],"killed_by":"Champ","ascension_level":6}}