{"host":"w2kjv12xyhtt0cv2","time":1612885260,"event":{"mods":["100% Spire Juice","Act Like it!","BaseMod","Colored Map","Friendly Minions","Gensokyo","GifTheSpireLib","Highlight Path","Hubris","Marisa（F雨　魔理沙）","Minty Spire (QoL Compilation)","Prisma Mod","Quick Restart","Reimu（博丽灵梦）","Relic Stats","Reliquary","Replay The Spire","Robot Space Explorer","RumiaBox-露米娅的神秘盒子","Shop Mod","Spicy Shops","StSLib","The Bug Knight","The Cursed","The Dragon Tamer","The Servant 0.9.4","UnlockEverythingMod","Waifu the Spire","[功能]功能增强和修复MOD","【功能Mod】Neow奖励","【遗物卡牌】REMEMod","没有小屋子和绿帽子啦"],"gold_per_floor":[109,459,459,477,255,283,293,319,394,394,394],"floor_reached":10,"language":"ZHS","playtime":515,"items_purged":["Normality"],"score":141,"play_id":"ab0ea968-dde8-4762-a602-8ef20a23cd94","local_time":"20210209234100","is_ascension_mode":true,"campfire_choices":[],"circlet_count":0,"master_deck":["AscendersBane","TheCursedMod:Strike_TheCursed","TheCursedMod:Strike_TheCursed","TheCursedMod:Strike_TheCursed","TheCursedMod:Strike_TheCursed","TheCursedMod:Defend_TheCursed","TheCursedMod:Defend_TheCursed","TheCursedMod:Defend_TheCursed","TheCursedMod:Defend_TheCursed","TheCursedMod:CursedWand","TheCursedMod:CleanUpWorkshop","TheCursedMod:Dregs","Corruption","PrismaMod:MiyuCommonAttack","PrismaMod:MiyuCommonDefend","TheCursedMod:NeowsMight","TheCursedMod:SpitefulStrike","Normality","hubris:Sloth","TheCursedMod:HellfireBreathing","Hologram","RobotSpaceExplorer:FreezeRay","ReplayTheSpireMod:Doomed"],"relics":["TheCursedMod:BlackMagic101","REME_ComplimentaryCards","ReplayTheSpireMod:Ring of Exchange","Ring of Greed","MealTicket","Old Coin","TheCursedMod:CrystalBall","PrismaticShard","TheCursedMod:Tack","reliquary:RoseTintedGlasses","GodSword7"],"acts_visited":["Exordium"],"potions_floor_usage":[8,8,10],"damage_taken":[{"damage":10,"enemies":"Jaw Worm","floor":1,"turns":5},{"damage":4,"enemies":"Cultist","floor":4,"turns":5},{"damage":27,"enemies":"Lagavulin","floor":6,"turns":9},{"damage":10,"enemies":"2 Louse","floor":7,"turns":3},{"damage":18,"enemies":"3 Sentries","floor":8,"turns":5},{"damage":0,"enemies":"Gremlin Nob","floor":10,"turns":2}],"seed_played":"511825756171308193","potions_obtained":[{"floor":1,"key":"Reflective Coating"},{"floor":6,"key":"Cursed Concoction"},{"floor":8,"key":"Cursed Concoction"}],"is_trial":false,"path_per_floor":["M","?","T","M","$","E","M","E","T","E"],"character_chosen":"THE_CURSED","items_purchased":["PrismaticShard"],"campfire_rested":0,"item_purchase_floors":[5],"current_hp_per_floor":[54,54,54,50,65,38,28,10,10,10,10],"gold":394,"neow_bonus":"THREE_RARE_CARDS","is_daily":false,"chose_seed":false,"campfire_upgraded":0,"win_rate":0.0,"timestamp":1612885260,"path_taken":["M","?","?","M","$","E","?","E","T","E"],"items_purchased_type":["Relic"],"build_version":"2020-12-22","purchased_purges":1,"victory":false,"max_hp_per_floor":[71,71,71,71,71,71,71,71,71,71,71],"relic_stats":{"counters":[6,29],"MealTicket":15,"obtain_stats":[{"TheCursedMod:BlackMagic101":0,"ReplayTheSpireMod:Ring of Exchange":2,"TheCursedMod:Tack":6,"MealTicket":2,"TheCursedMod:CrystalBall":3,"reliquary:RoseTintedGlasses":8,"GodSword7":9,"Ring of Greed":2,"PrismaticShard":5,"REME_ComplimentaryCards":0,"Old Coin":2},{"TheCursedMod:BlackMagic101":0,"ReplayTheSpireMod:Ring of Exchange":1,"TheCursedMod:Tack":3,"MealTicket":1,"TheCursedMod:CrystalBall":1,"reliquary:RoseTintedGlasses":5,"GodSword7":5,"Ring of Greed":1,"PrismaticShard":2,"REME_ComplimentaryCards":0,"Old Coin":1},{"TheCursedMod:BlackMagic101":0,"ReplayTheSpireMod:Ring of Exchange":5,"TheCursedMod:Tack":19,"MealTicket":5,"TheCursedMod:CrystalBall":5,"reliquary:RoseTintedGlasses":27,"GodSword7":27,"Ring of Greed":5,"PrismaticShard":10,"REME_ComplimentaryCards":0,"Old Coin":5}]},"card_choices":[{"not_picked":["TheCursedMod:ShockAndAwe","TheCursedMod:ManaCirculation"],"picked":"TheCursedMod:NeowsMight","floor":0},{"not_picked":["TheCursedMod:SmokeScreen","TheCursedMod:SurpriseAttack"],"picked":"TheCursedMod:SpitefulStrike","floor":1},{"not_picked":["TheCursedMod:BloodBarrier","TheCursedMod:Stigma"],"picked":"TheCursedMod:HellfireBreathing","floor":4},{"not_picked":["Starlight","Replay:DivineShield"],"picked":"Hologram","floor":6},{"not_picked":["Replay:Bootleg Shield Generator","TheCursedMod:CursedBlade","RobotSpaceExplorer:GlueShot"],"picked":"SKIP","floor":7},{"not_picked":["DancingSilver","TheCursedMod:Obscuration"],"picked":"RobotSpaceExplorer:FreezeRay","floor":8}],"player_experience":223914,"relics_obtained":[{"floor":2,"key":"ReplayTheSpireMod:Ring of Exchange"},{"floor":2,"key":"Ring of Greed"},{"floor":2,"key":"MealTicket"},{"floor":2,"key":"Old Coin"},{"floor":3,"key":"TheCursedMod:CrystalBall"},{"floor":6,"key":"TheCursedMod:Tack"},{"floor":8,"key":"reliquary:RoseTintedGlasses"},{"floor":9,"key":"GodSword7"}],"event_choices":[],"is_beta":false,"boss_relics":[],"items_purged_floors":[5],"is_endless":false,"potions_floor_spawned":[1,6,7,8],"killed_by":"Gremlin Nob","ascension_level":17}}