{"host":"bxn2em57qlx5u4i0","time":1612843591,"event":{"mods":["BaseMod","Colored Map","Colored Powertips","Highlight Path","Minty Spire (QoL Compilation)","Random Character Button","Relic Sorter","Relic Stats","StSLib","SuperFastMode"],"gold_per_floor":[109,127,127,138,138,173,173,203,226,226,226,226,237,264,264,341,341,357,272,205,255,255,288,315,315,370,401,410,444,475,475,475],"floor_reached":31,"language":"ENG","playtime":859,"items_purged":[],"score":840,"play_id":"d0a4e5af-0000-48ad-b1a5-80a0c2010ee8","local_time":"20210208230631","daily_mods":["SealedDeck","Flight"],"is_ascension_mode":true,"campfire_choices":[{"data":"Noxious Fumes","floor":7,"key":"SMITH"},{"data":"Footwork","floor":10,"key":"SMITH"},{"data":"Bouncing Flask","floor":11,"key":"SMITH"},{"data":"Deadly Poison","floor":12,"key":"SMITH"},{"data":"Malaise","floor":15,"key":"SMITH"},{"data":"Footwork","floor":25,"key":"SMITH"}],"circlet_count":0,"master_deck":["AscendersBane","Bouncing Flask+1","PiercingWail","Deadly Poison","Deflect","Dodge and Roll","Deflect","Deadly Poison+1","Noxious Fumes+1","Well Laid Plans","Footwork+1","Calculated Gamble","Dodge and Roll","Night Terror","Malaise+1","Venomology","Footwork+1","Pain"],"relics":["Ring of the Snake","Oddly Smooth Stone","Tiny Chest","FossilizedHelix","Busted Crown","CeramicFish","Sundial","Blue Candle","Regal Pillow","Snake Skull","The Courier","WarpedTongs","Pantograph","Boot"],"acts_visited":["Exordium","TheCity"],"potions_floor_usage":[6,14,18,23,23,24,27,29,30,30],"damage_taken":[{"damage":0,"enemies":"Cultist","floor":1,"turns":3},{"damage":0,"enemies":"2 Louse","floor":2,"turns":3},{"damage":8,"enemies":"Small Slimes","floor":4,"turns":4},{"damage":16,"enemies":"3 Sentries","floor":6,"turns":8},{"damage":6,"enemies":"Lagavulin","floor":8,"turns":5},{"damage":0,"enemies":"Red Slaver","floor":13,"turns":5},{"damage":9,"enemies":"Gremlin Nob","floor":14,"turns":3},{"damage":0,"enemies":"The Guardian","floor":16,"turns":7},{"damage":0,"enemies":"Spheric Guardian","floor":18,"turns":3},{"damage":18,"enemies":"Slavers","floor":23,"turns":6},{"damage":11,"enemies":"Gremlin Leader","floor":24,"turns":7},{"damage":0,"enemies":"Book of Stabbing","floor":27,"turns":6},{"damage":12,"enemies":"Gremlin Leader","floor":29,"turns":5},{"damage":2,"enemies":"Book of Stabbing","floor":30,"turns":5},{"damage":24,"enemies":"Slavers","floor":31,"turns":3}],"seed_played":"4757979288471674981","potions_obtained":[{"floor":1,"key":"CunningPotion"},{"floor":4,"key":"BlessingOfTheForge"},{"floor":6,"key":"Regen Potion"},{"floor":14,"key":"SpeedPotion"},{"floor":23,"key":"FairyPotion"},{"floor":24,"key":"DistilledChaos"}],"is_trial":true,"path_per_floor":["M","M","?","M","?","E","R","E","T","R","R","R","M","E","R","B",null,"M","?","$","?","T","E","E","R","T","E","?","E","E","E"],"character_chosen":"THE_SILENT","items_purchased":["Footwork"],"campfire_rested":0,"item_purchase_floors":[20],"current_hp_per_floor":[59,59,64,56,56,40,40,34,34,34,34,34,34,25,25,25,56,66,66,66,60,60,42,31,31,31,31,31,19,17,0,0],"gold":475,"neow_bonus":"","is_daily":false,"chose_seed":false,"campfire_upgraded":6,"win_rate":0.0,"timestamp":1612843591,"path_taken":["M","?","?","?","?","E","R","E","T","R","R","R","?","E","R","BOSS","M","?","$","?","?","E","E","R","T","E","?","E","E","E"],"items_purchased_type":["Card"],"build_version":"2020-12-22","purchased_purges":0,"victory":false,"max_hp_per_floor":[66,66,66,66,66,66,66,66,66,66,66,66,66,66,66,66,66,66,66,66,66,66,66,66,66,66,66,66,66,66,66,66],"relic_stats":{"Regal Pillow":0,"counters":[15,73],"CeramicFish":18,"Blue Candle":[4],"Snake Skull":[53],"Boot":[0],"WarpedTongs":[13],"Busted Crown":12,"Sundial":[8],"Pantograph":0,"Tiny Chest":1,"obtain_stats":[{"Regal Pillow":24,"CeramicFish":19,"Blue Candle":23,"Oddly Smooth Stone":6,"Snake Skull":26,"The Courier":27,"Boot":30,"WarpedTongs":28,"Busted Crown":17,"Sundial":22,"Pantograph":29,"Tiny Chest":8,"FossilizedHelix":14,"Ring of the Snake":0},{"Regal Pillow":11,"CeramicFish":9,"Blue Candle":10,"Oddly Smooth Stone":4,"Snake Skull":11,"The Courier":12,"Boot":14,"WarpedTongs":12,"Busted Crown":8,"Sundial":9,"Pantograph":13,"Tiny Chest":5,"FossilizedHelix":7,"Ring of the Snake":0},{"Regal Pillow":54,"CeramicFish":41,"Blue Candle":47,"Oddly Smooth Stone":18,"Snake Skull":54,"The Courier":60,"Boot":70,"WarpedTongs":60,"Busted Crown":38,"Sundial":41,"Pantograph":65,"Tiny Chest":23,"FossilizedHelix":31,"Ring of the Snake":0}],"Ring of the Snake":[30]},"card_choices":[{"not_picked":["Caltrops","Prepared"],"picked":"Well Laid Plans","floor":1},{"not_picked":["Quick Slash","Bane","Endless Agony"],"picked":"SKIP","floor":2},{"not_picked":["Masterful Stab","Deflect"],"picked":"Footwork","floor":4},{"not_picked":["Dagger Spray","Acrobatics","Distraction"],"picked":"SKIP","floor":6},{"not_picked":["Poisoned Stab","Finisher"],"picked":"Dodge and Roll","floor":8},{"not_picked":["Finisher","Leg Sweep"],"picked":"Night Terror","floor":13},{"not_picked":["Underhanded Strike","Sucker Punch"],"picked":"Malaise","floor":14},{"not_picked":["Unload","Die Die Die"],"picked":"Venomology","floor":16},{"not_picked":["Deadly Poison"],"picked":"SKIP","floor":18},{"not_picked":["Deadly Poison"],"picked":"SKIP","floor":23},{"not_picked":["Night Terror"],"picked":"SKIP","floor":24},{"not_picked":["Dagger Spray"],"picked":"SKIP","floor":27},{"not_picked":["PiercingWail"],"picked":"SKIP","floor":29},{"not_picked":["Outmaneuver"],"picked":"SKIP","floor":30}],"player_experience":3021557,"relics_obtained":[{"floor":6,"key":"Oddly Smooth Stone"},{"floor":8,"key":"Tiny Chest"},{"floor":14,"key":"FossilizedHelix"},{"floor":22,"key":"Sundial"},{"floor":23,"key":"Blue Candle"},{"floor":24,"key":"Regal Pillow"},{"floor":26,"key":"Snake Skull"},{"floor":27,"key":"The Courier"},{"floor":29,"key":"Pantograph"},{"floor":30,"key":"Boot"}],"event_choices":[{"cards_removed":["Prepared"],"damage_healed":5,"gold_gain":0,"player_choice":"Offered Common","damage_taken":0,"max_hp_gain":0,"max_hp_loss":0,"event_name":"Bonfire Elementals","floor":3,"gold_loss":0},{"cards_removed":["Prepared"],"damage_healed":5,"gold_gain":0,"player_choice":"Offered Special","damage_taken":0,"max_hp_gain":0,"max_hp_loss":0,"event_name":"Bonfire Elementals","floor":3,"gold_loss":0},{"damage_healed":0,"gold_gain":0,"cards_transformed":["Cloak And Dagger"],"player_choice":"Transformed","damage_taken":0,"max_hp_gain":0,"max_hp_loss":0,"event_name":"Transmorgrifier","floor":5,"gold_loss":0,"cards_obtained":["Calculated Gamble"]},{"damage_healed":0,"gold_gain":0,"player_choice":"Obtained Relic","damage_taken":0,"relics_obtained":["CeramicFish"],"max_hp_gain":0,"max_hp_loss":0,"event_name":"Addict","floor":19,"gold_loss":85},{"damage_healed":0,"gold_gain":50,"player_choice":"Touch","damage_taken":6,"max_hp_gain":0,"max_hp_loss":0,"event_name":"FaceTrader","floor":21,"gold_loss":0},{"damage_healed":0,"gold_gain":0,"player_choice":"Rummage","damage_taken":0,"relics_obtained":["WarpedTongs"],"max_hp_gain":0,"max_hp_loss":0,"event_name":"Accursed Blacksmith","floor":28,"gold_loss":0,"cards_obtained":["Pain"]}],"is_beta":false,"boss_relics":[{"not_picked":["Ring of the Serpent","WristBlade"],"picked":"Busted Crown"}],"items_purged_floors":[],"is_endless":false,"potions_floor_spawned":[1,4,6,14,23,24,27],"killed_by":"Slavers","ascension_level":20}}