{"host":"kk6i5v7sjcm8i50x","time":1612905721,"event":{"mods":["BaseMod","Bestiary","Colored Map","Downfall","Hubris","Minty Spire (QoL Compilation)","Reliquary","StSLib","The Saiyan"],"gold_per_floor":[117,117,192,192,203,231,231,260,286,236,246,246,272,290,290,391,391,402,402,501,115,115,142,158,158,158,185,100,13,24,41,41,41,41],"floor_reached":33,"language":"ENG","playtime":1230,"items_purged":["Defend_P","Defend_P"],"score":316,"play_id":"ed578455-73ed-4e9a-90f1-bdb4c860ce1b","local_time":"20210209162201","is_ascension_mode":false,"campfire_choices":[{"data":"FlurryOfBlows","floor":7,"key":"SMITH"},{"floor":12,"key":"REST"},{"floor":15,"key":"REST"},{"data":"Eruption","floor":25,"key":"SMITH"},{"floor":32,"key":"REST"}],"circlet_count":0,"master_deck":["Strike_P","Strike_P","Strike_P","Strike_P","Defend_P","Defend_P","Eruption+1","Vigilance","Pray","LikeWater","FlurryOfBlows+1","Fasting2","Protect","FlurryOfBlows","LessonLearned","CrushJoints+1","Pray","Wallop","FlurryOfBlows","CutThroughFate","Prostrate","LikeWater","Halt+1","Indignation+1"],"relics":["PureWater","NeowsBlessing","hubris:Icosahedron","Bronze Scales","hubris:OldNail","Smiling Mask","Strawberry","reliquary:Stiletto","reliquary:WritOfMandamus","hubris:Towel","hubris:TenFootPole","Toolbox","reliquary:Boomerang","Lantern","Ice Cream","reliquary:RoseTintedGlasses"],"acts_visited":["Exordium","TheCity"],"potions_floor_usage":[14,16,16,27,30],"damage_taken":[{"damage":0,"enemies":"2 Louse","floor":1,"turns":1},{"damage":0,"enemies":"Jaw Worm","floor":5,"turns":1},{"damage":0,"enemies":"Lagavulin","floor":6,"turns":2},{"damage":37,"enemies":"Gremlin Nob","floor":8,"turns":5},{"damage":1,"enemies":"Small Slimes","floor":11,"turns":2},{"damage":15,"enemies":"Gremlin Gang","floor":14,"turns":4},{"damage":29,"enemies":"Hexaghost","floor":16,"turns":11},{"damage":20,"enemies":"2 Thieves","floor":18,"turns":4},{"damage":37,"enemies":"Gremlin Leader","floor":23,"turns":6},{"damage":0,"enemies":"Spheric Guardian","floor":24,"turns":1},{"damage":17,"enemies":"Book of Stabbing","floor":27,"turns":5},{"damage":21,"enemies":"Snake Plant","floor":30,"turns":3},{"damage":3,"enemies":"Chosen and Byrds","floor":31,"turns":3},{"damage":36,"enemies":"Collector","floor":33,"turns":5}],"seed_played":"-1071781400646139022","potions_obtained":[{"floor":1,"key":"champ:CounterPotion"},{"floor":8,"key":"BottledMiracle"},{"floor":11,"key":"Strength Potion"},{"floor":14,"key":"ColorlessPotion"},{"floor":24,"key":"EssenceOfSteel"},{"floor":27,"key":"LiquidMemories"}],"is_trial":false,"path_per_floor":["M","?","?","?","M","E","R","E","T","$","M","R","T","M","R","B",null,"M","?","?","$","?","E","M","R","T","E","?","$","M","M","R","B"],"character_chosen":"WATCHER","items_purchased":["hubris:TenFootPole","Toolbox","Pray","Prostrate","LikeWater"],"campfire_rested":3,"item_purchase_floors":[21,21,21,29,29],"current_hp_per_floor":[72,72,61,61,61,61,61,24,31,31,30,53,53,38,61,32,79,59,59,59,59,79,42,42,42,42,25,25,25,4,1,24,0,0],"gold":41,"neow_bonus":"THREE_ENEMY_KILL","is_daily":false,"chose_seed":false,"campfire_upgraded":2,"win_rate":0.0,"timestamp":1612905721,"path_taken":["M","?","?","?","M","E","R","E","T","$","?","R","?","M","R","BOSS","M","?","?","$","?","E","M","R","T","E","?","?","M","M","R","BOSS"],"items_purchased_type":["Relic","Relic","Card","Card","Card"],"build_version":"2020-12-22","purchased_purges":2,"victory":false,"max_hp_per_floor":[72,72,72,72,72,72,72,72,79,79,79,79,79,79,79,79,79,79,79,79,79,79,79,79,79,79,79,79,79,79,79,79,79,79],"card_choices":[{"not_picked":["Indignation","Evaluate"],"picked":"Pray","floor":1},{"not_picked":["Weave","Protect"],"picked":"LikeWater","floor":5},{"not_picked":["Consecrate","ClearTheMind"],"picked":"FlurryOfBlows","floor":6},{"not_picked":["Meditate","LikeWater"],"picked":"Fasting2","floor":8},{"not_picked":["FlyingSleeves","EmptyBody"],"picked":"Protect","floor":11},{"not_picked":["ClearTheMind","FollowUp"],"picked":"FlurryOfBlows","floor":14},{"not_picked":["ConjureBlade","Wish"],"picked":"LessonLearned","floor":16},{"not_picked":["CarveReality+1","Vengeance"],"picked":"CrushJoints+1","floor":18},{"not_picked":["Pray","Tantrum"],"picked":"Wallop","floor":23},{"not_picked":["ClearTheMind","CrushJoints"],"picked":"FlurryOfBlows","floor":24},{"not_picked":["Study","MasterReality"],"picked":"CutThroughFate","floor":27},{"not_picked":["Wireheading","Study"],"picked":"Halt+1","floor":30},{"not_picked":["CrushJoints","Evaluate"],"picked":"Indignation+1","floor":31}],"player_experience":186160,"relics_obtained":[{"floor":6,"key":"hubris:OldNail"},{"floor":8,"key":"Smiling Mask"},{"floor":9,"key":"Strawberry"},{"floor":13,"key":"reliquary:Stiletto"},{"floor":23,"key":"reliquary:Boomerang"},{"floor":26,"key":"Lantern"},{"floor":27,"key":"Ice Cream"}],"event_choices":[{"damage_healed":0,"gold_gain":75,"player_choice":"Gather Gold","damage_taken":11,"max_hp_gain":0,"max_hp_loss":0,"event_name":"World of Goop","floor":3,"gold_loss":0},{"damage_healed":0,"gold_gain":0,"player_choice":"Gave Potion","damage_taken":0,"relics_obtained":["Bronze Scales"],"max_hp_gain":0,"max_hp_loss":0,"event_name":"WeMeetAgain","floor":4,"gold_loss":0},{"damage_healed":0,"gold_gain":99,"player_choice":"Stole From Cult","damage_taken":0,"max_hp_gain":0,"max_hp_loss":0,"event_name":"Nest","floor":20,"gold_loss":0},{"damage_healed":26,"gold_gain":0,"player_choice":"Heal","damage_taken":0,"max_hp_gain":0,"max_hp_loss":0,"event_name":"The Library","floor":22,"gold_loss":0},{"damage_healed":0,"gold_gain":0,"player_choice":"Obtained Relic","damage_taken":0,"relics_obtained":["reliquary:RoseTintedGlasses"],"max_hp_gain":0,"max_hp_loss":0,"event_name":"Addict","floor":28,"gold_loss":85}],"is_beta":false,"boss_relics":[{"not_picked":["reliquary:Craggleroot","hubris:RunicObelisk"],"picked":"reliquary:WritOfMandamus"}],"items_purged_floors":[10,21],"is_endless":false,"potions_floor_spawned":[1,8,11,14,24,27],"killed_by":"Collector","ascension_level":0}}