{"host":"sc0o2qwpf9j16a4i","time":1612878674,"event":{"mods":["AchievementEnabler","BaseMod","BetterRewards","Block Reminder","Colored Map","Colored Powertips","Custom Start","Highlight Path","Minty Spire (QoL Compilation)","Relic Stats"],"gold_per_floor":[110,110,125,38,38,38,14,14,96,131,131,165,15,26,26,123,123,139,49,12,29,44,73,92,92,92,111,140,155,169,194,194,292,292,306,326,340,44,20,47,62,62,88,107,141,141,175,200,200,200],"floor_reached":51,"language":"ENG","playtime":1897,"items_purged":[],"score":1085,"play_id":"ab75e92d-b39e-42e7-ada2-31d47fd65219","local_time":"20210209155114","daily_mods":["Chimera","Time Dilation","DeadlyEvents"],"is_ascension_mode":false,"campfire_choices":[{"data":"Wallop","floor":6,"key":"SMITH"},{"data":"CutThroughFate","floor":11,"key":"SMITH"},{"data":"Blasphemy","floor":15,"key":"SMITH"},{"data":"TalkToTheHand","floor":25,"key":"SMITH"},{"floor":32,"key":"REST"},{"floor":46,"key":"REST"},{"floor":49,"key":"REST"}],"circlet_count":0,"master_deck":["Bash","Survivor","Zap","Eruption","Strike_R","Strike_G","Strike_B","Defend_R","Defend_G","Defend_P+1","Halt","InnerPeace","Wallop+1","CutThroughFate+1","ClearTheMind+1","JustLucky","Blasphemy+1","Evaluate+1","Brilliance","Protect+1","TalkToTheHand+1","WaveOfTheHand+1","Prostrate","Meditate","CrushJoints","Ragnarok","Indignation","ThirdEye","Tantrum+1","ForeignInfluence+1","Establishment","Crescendo+1","EmptyFist+1","MentalFortress","Evaluate+1","Wallop+1","DevaForm","ThirdEye","CrushJoints+1","Sanctity+1","Prostrate+1","MentalFortress","FollowUp+1"],"relics":["PureWater","Omamori","Letter Opener","Pantograph","Bronze Scales","Ancient Tea Set","ClockworkSouvenir","SlaversCollar","CaptainsWheel","Blue Candle","Bag of Preparation","Molten Egg 2","Busted Crown","Orrery","Gremlin Horn","Vajra","Art of War","Mercury Hourglass","HornCleat","War Paint"],"acts_visited":["Exordium","TheCity","TheBeyond"],"potions_floor_usage":[12,16,27,30,33,33,37,37,47,47,50,50],"damage_taken":[{"damage":0,"enemies":"Cultist","floor":1,"turns":2},{"damage":0,"enemies":"2 Louse","floor":3,"turns":2},{"damage":5,"enemies":"Gremlin Nob","floor":10,"turns":4},{"damage":0,"enemies":"3 Sentries","floor":12,"turns":6},{"damage":0,"enemies":"Small Slimes","floor":14,"turns":2},{"damage":32,"enemies":"Hexaghost","floor":16,"turns":7},{"damage":22,"enemies":"Shell Parasite","floor":18,"turns":5},{"damage":0,"enemies":"Spheric Guardian","floor":21,"turns":2},{"damage":0,"enemies":"Centurion and Healer","floor":22,"turns":5},{"damage":0,"enemies":"Gremlin Leader","floor":23,"turns":4},{"damage":0,"enemies":"Snecko","floor":24,"turns":3},{"damage":16,"enemies":"3 Cultists","floor":27,"turns":5},{"damage":3,"enemies":"Book of Stabbing","floor":28,"turns":5},{"damage":2,"enemies":"Sentry and Sphere","floor":29,"turns":3},{"damage":0,"enemies":"Cultist and Chosen","floor":30,"turns":4},{"damage":0,"enemies":"Gremlin Leader","floor":31,"turns":3},{"damage":0,"enemies":"Collector","floor":33,"turns":3},{"damage":0,"enemies":"Orb Walker","floor":35,"turns":3},{"damage":12,"enemies":"3 Darklings","floor":36,"turns":5},{"damage":4,"enemies":"Sphere and 2 Shapes","floor":37,"turns":5},{"damage":0,"enemies":"Giant Head","floor":40,"turns":7},{"damage":15,"enemies":"Maw","floor":41,"turns":6},{"damage":0,"enemies":"Jaw Worm Horde","floor":44,"turns":1},{"damage":0,"enemies":"Reptomancer","floor":45,"turns":2},{"damage":0,"enemies":"Giant Head","floor":47,"turns":3},{"damage":48,"enemies":"Nemesis","floor":48,"turns":5},{"damage":31,"enemies":"Donu and Deca","floor":50,"turns":6}],"seed_played":"5479134148555832019","potions_obtained":[{"floor":1,"key":"SkillPotion"},{"floor":12,"key":"Swift Potion"},{"floor":23,"key":"SkillPotion"},{"floor":24,"key":"GamblersBrew"},{"floor":27,"key":"Dexterity Potion"},{"floor":31,"key":"SteroidPotion"},{"floor":36,"key":"EntropicBrew"},{"floor":41,"key":"Energy Potion"},{"floor":45,"key":"Swift Potion"},{"floor":48,"key":"SteroidPotion"}],"is_trial":true,"path_per_floor":["M","?","M","$","?","R","$","T","T","E","R","E","$","M","R","B",null,"M","?","$","M","M","E","M","R","T","M","E","M","M","E","R","B",null,"M","M","M","$","$","E","M","T","T","M","E","R","E","E","R","B",null],"character_chosen":"WATCHER","items_purchased":["Wallop","CutThroughFate","ClearTheMind","ClockworkSouvenir","TalkToTheHand","Orrery","DevaForm","ThirdEye"],"campfire_rested":3,"item_purchase_floors":[4,4,7,13,20,38,38,39],"current_hp_per_floor":[72,72,72,72,72,72,72,72,72,67,67,67,67,67,67,40,72,50,50,50,50,50,50,50,50,50,34,31,29,29,29,50,72,72,72,60,56,56,56,56,41,41,41,41,41,62,62,14,35,29],"gold":200,"neow_bonus":"","is_daily":false,"chose_seed":false,"campfire_upgraded":4,"win_rate":0.0,"timestamp":1612878674,"path_taken":["M","?","?","$","?","R","$","?","T","E","R","?","?","M","R","BOSS","M","?","$","M","M","E","M","R","T","M","?","M","M","E","R","BOSS","M","?","M","?","$","E","M","?","T","M","E","R","E","?","R","BOSS"],"items_purchased_type":["Card","Card","Card","Relic","Card","Relic","Card","Card"],"build_version":"2020-12-22","purchased_purges":0,"victory":true,"max_hp_per_floor":[72,72,72,72,72,72,72,72,72,72,72,72,72,72,72,72,72,72,72,72,72,72,72,72,72,72,72,72,72,72,72,72,72,72,72,72,72,72,72,72,72,72,72,72,72,72,72,72,72,72],"relic_stats":{"Busted Crown":28,"Gremlin Horn":[6,6],"counters":[27,107],"Pantograph":52,"Bronze Scales":[259],"Blue Candle":[0],"Bag of Preparation":[28],"Art of War":[0],"Letter Opener":[233],"War Paint":["Evaluate","ClearTheMind"],"obtain_stats":[{"Gremlin Horn":40,"Blue Candle":26,"Vajra":42,"Omamori":5,"Bag of Preparation":28,"Letter Opener":8,"War Paint":48,"Ancient Tea Set":12,"ClockworkSouvenir":13,"Mercury Hourglass":45,"SlaversCollar":17,"CaptainsWheel":23,"Busted Crown":34,"HornCleat":47,"Pantograph":9,"Bronze Scales":10,"Orrery":38,"Molten Egg 2":31,"Art of War":43,"PureWater":0},{"Gremlin Horn":21,"Blue Candle":11,"Vajra":22,"Omamori":2,"Bag of Preparation":13,"Letter Opener":2,"War Paint":26,"Ancient Tea Set":4,"ClockworkSouvenir":4,"Mercury Hourglass":24,"SlaversCollar":6,"CaptainsWheel":10,"Busted Crown":17,"HornCleat":25,"Pantograph":2,"Bronze Scales":3,"Orrery":20,"Molten Egg 2":16,"Art of War":22,"PureWater":0},{"Gremlin Horn":85,"Blue Candle":42,"Vajra":91,"Omamori":4,"Bag of Preparation":52,"Letter Opener":4,"War Paint":101,"Ancient Tea Set":14,"ClockworkSouvenir":14,"Mercury Hourglass":94,"SlaversCollar":23,"CaptainsWheel":39,"Busted Crown":65,"HornCleat":97,"Pantograph":4,"Bronze Scales":8,"Orrery":78,"Molten Egg 2":62,"Art of War":91,"PureWater":0}],"Mercury Hourglass":[40]},"card_choices":[{"not_picked":["WreathOfFlame","PathToVictory"],"picked":"Halt","floor":1},{"not_picked":["JustLucky","Evaluate"],"picked":"InnerPeace","floor":3},{"not_picked":["SandsOfTime","SashWhip"],"picked":"JustLucky","floor":10},{"not_picked":["FlyingSleeves","BowlingBash"],"picked":"Blasphemy","floor":12},{"not_picked":["Halt","Consecrate"],"picked":"Evaluate","floor":14},{"not_picked":["Alpha","ConjureBlade"],"picked":"Brilliance","floor":16},{"not_picked":["Halt+1","CutThroughFate"],"picked":"Protect+1","floor":18},{"not_picked":["PathToVictory","SashWhip"],"picked":"WaveOfTheHand+1","floor":21},{"not_picked":["EmptyBody+1","ClearTheMind"],"picked":"Prostrate","floor":22},{"not_picked":["CutThroughFate+1","BowlingBash"],"picked":"Meditate","floor":23},{"not_picked":["JustLucky","Wireheading"],"picked":"CrushJoints","floor":24},{"not_picked":["EmptyBody","Vengeance"],"picked":"Ragnarok","floor":27},{"not_picked":["Study","SignatureMove"],"picked":"Indignation","floor":28},{"not_picked":["JustLucky+1","Wireheading"],"picked":"ThirdEye","floor":29},{"not_picked":["PathToVictory+1","Protect"],"picked":"Tantrum+1","floor":30},{"not_picked":["Crescendo","EmptyBody"],"picked":"ForeignInfluence+1","floor":31},{"not_picked":["Wish","ConjureBlade"],"picked":"Establishment","floor":33},{"not_picked":["SignatureMove+1"],"picked":"SKIP","floor":35},{"not_picked":[],"picked":"Crescendo+1","floor":36},{"not_picked":["PathToVictory+1"],"picked":"SKIP","floor":37},{"not_picked":[],"picked":"EmptyFist+1","floor":38},{"not_picked":[],"picked":"MentalFortress","floor":38},{"not_picked":[],"picked":"Evaluate+1","floor":38},{"not_picked":[],"picked":"Wallop+1","floor":38},{"not_picked":[],"picked":"CrushJoints+1","floor":40},{"not_picked":[],"picked":"Sanctity+1","floor":41},{"not_picked":[],"picked":"Prostrate+1","floor":44},{"not_picked":["FlurryOfBlows+1"],"picked":"SKIP","floor":45},{"not_picked":[],"picked":"MentalFortress","floor":47},{"not_picked":[],"picked":"FollowUp+1","floor":48}],"player_experience":1296886,"relics_obtained":[{"floor":8,"key":"Letter Opener"},{"floor":9,"key":"Pantograph"},{"floor":10,"key":"Bronze Scales"},{"floor":12,"key":"Ancient Tea Set"},{"floor":23,"key":"CaptainsWheel"},{"floor":26,"key":"Blue Candle"},{"floor":28,"key":"Bag of Preparation"},{"floor":31,"key":"Molten Egg 2"},{"floor":40,"key":"Gremlin Horn"},{"floor":42,"key":"Vajra"},{"floor":43,"key":"Art of War"},{"floor":45,"key":"Mercury Hourglass"},{"floor":47,"key":"HornCleat"},{"floor":48,"key":"War Paint"}],"event_choices":[{"damage_healed":0,"gold_gain":0,"player_choice":"Full Heal","damage_taken":0,"max_hp_gain":0,"max_hp_loss":0,"event_name":"Wheel of Change","floor":2,"gold_loss":0},{"damage_healed":0,"gold_gain":0,"player_choice":"Box","damage_taken":0,"relics_obtained":["Omamori"],"max_hp_gain":0,"max_hp_loss":0,"event_name":"Big Fish","floor":5,"gold_loss":0,"cards_obtained":["Regret"]},{"cards_removed":["Regret"],"damage_healed":0,"gold_gain":0,"player_choice":"Upgrade and Remove","damage_taken":0,"max_hp_gain":0,"max_hp_loss":0,"event_name":"Designer","floor":19,"gold_loss":90,"cards_upgraded":["Defend_P"]}],"is_beta":false,"boss_relics":[{"not_picked":["Fusion Hammer","Empty Cage"],"picked":"SlaversCollar"},{"not_picked":["Black Star","Sozu"],"picked":"Busted Crown"}],"items_purged_floors":[],"is_endless":false,"potions_floor_spawned":[1,12,23,24,27,31,36,41,45,48],"ascension_level":0}}