{"host":"oehe2dxjvdgux73m","time":1612874946,"event":{"mods":["AchievementEnabler","BaseMod","Colored Map","Colored Powertips","DeckTracker","Keyboard Shortcuts","Minty Spire (QoL Compilation)","Permanent Neow","Quick Restart","StSLib","SuperFastMode"],"gold_per_floor":[216,236,32,50,50,50,81,81,81,131,143,177,51,63,63,134,134,151,151,163,163,3,28,28,28,54,54,54,15,15,15,15,94,94,106,106,120,64,64,64,64,64,64,64,64],"floor_reached":44,"language":"KOR","playtime":1474,"items_purged":["Bite"],"score":881,"play_id":"66273e03-a3af-4ea7-8bcf-c1ca1a244d33","local_time":"20210209214906","is_ascension_mode":true,"campfire_choices":[{"data":"Apotheosis","floor":6.0,"key":"SMITH"},{"floor":8.0,"key":"REST"},{"floor":15.0,"key":"REST"},{"data":"Tactician","floor":25.0,"key":"SMITH"},{"data":"Ghostly","floor":30,"key":"SMITH"},{"data":"Prepared","floor":32,"key":"SMITH"},{"floor":40,"key":"REST"},{"floor":42,"key":"REST"}],"circlet_count":0,"master_deck":["AscendersBane","Defend_G","Defend_G","Defend_G","Defend_G","Defend_G","Survivor","Neutralize","Acrobatics","PiercingWail","Apotheosis+1","Terror","Quick Slash","Prepared+1","Corpse Explosion","Skewer","Footwork","Acrobatics","A Thousand Cuts","Bite","Bite","Bite+1","Bite+1","PiercingWail","Crippling Poison","Tactician+1","Ghostly+1","Ghostly","Ghostly","Noxious Fumes","Adrenaline","Leg Sweep+1","Decay"],"relics":["Ring of the Snake","WingedGreaves","Turnip","Tough Bandages","HoveringKite","Juzu Bracelet","Whetstone","Runic Dome"],"acts_visited":["Exordium","TheCity","TheBeyond"],"potions_floor_usage":[28],"damage_taken":[{"damage":5.0,"enemies":"2 Louse","floor":1.0,"turns":6.0},{"damage":5.0,"enemies":"Small Slimes","floor":2.0,"turns":6.0},{"damage":0.0,"enemies":"Cultist","floor":4.0,"turns":5.0},{"damage":2.0,"enemies":"Lagavulin","floor":7.0,"turns":6.0},{"damage":9.0,"enemies":"Exordium Thugs","floor":11.0,"turns":7.0},{"damage":14.0,"enemies":"Gremlin Nob","floor":12.0,"turns":3.0},{"damage":0.0,"enemies":"Exordium Wildlife","floor":14.0,"turns":2.0},{"damage":34.0,"enemies":"Slime Boss","floor":16.0,"turns":12.0},{"damage":7.0,"enemies":"2 Thieves","floor":18.0,"turns":4.0},{"damage":20.0,"enemies":"Shell Parasite","floor":20.0,"turns":7.0},{"damage":15.0,"enemies":"Book of Stabbing","floor":23.0,"turns":6.0},{"damage":0,"enemies":"Colosseum Slavers","floor":28,"turns":2},{"damage":7,"enemies":"Automaton","floor":33,"turns":9},{"damage":2,"enemies":"3 Shapes","floor":35,"turns":4},{"damage":22,"enemies":"3 Darklings","floor":37,"turns":6},{"damage":39,"enemies":"Nemesis","floor":44,"turns":12}],"seed_played":"5967851988775733114","potions_obtained":[{"floor":2.0,"key":"Energy Potion"},{"floor":7.0,"key":"Explosive Potion"},{"floor":11.0,"key":"Swift Potion"},{"floor":16.0,"key":"EssenceOfSteel"},{"floor":23.0,"key":"Poison Potion"}],"is_trial":false,"path_per_floor":["M","M","$","M","?","R","E","R","T","?","M","E","$","M","R","B",null,"M","?","M","?","$","E","?","R","T","?","?","$","R","$","R","B",null,"M","?","M","$","?","R","?","R","T","E"],"character_chosen":"THE_SILENT","items_purchased":["PiercingWail","Apotheosis","Skewer","Footwork","Crippling Poison","Noxious Fumes","Dexterity Potion"],"campfire_rested":4,"item_purchase_floors":[3,3,13,13,22,29,38],"current_hp_per_floor":[54,49,49,49,42,42,40,59,59,59,50,36,36,36,55,21,55,48,46,34,34,34,28,28,28,28,23,23,23,23,23,23,22,23,21,21,4,4,4,10,10,16,16,0,0],"gold":64,"neow_bonus":"HUNDRED_GOLD","is_daily":false,"chose_seed":false,"campfire_upgraded":4,"win_rate":0.0,"timestamp":1612874946,"path_taken":["M","M","$","M","?","R","E","R","T","?","?","E","?","M","R","BOSS","M","?","M","?","$","E","?","R","T","?","?","$","R","?","R","BOSS","M","?","M","$","?","R","?","R","T","E"],"items_purchased_type":["Card","Card","Card","Card","Card","Card","Potion"],"build_version":"2020-12-22","purchased_purges":1,"victory":false,"max_hp_per_floor":[66,66,66,66,66,66,66,66,66,66,66,66,66,66,66,66,66,66,46,46,46,46,46,46,46,46,23,23,23,23,23,23,23,23,23,23,23,23,22,22,22,22,22,22,22],"card_choices":[{"not_picked":["Dodge and Roll","Accuracy"],"picked":"Acrobatics","floor":1.0},{"not_picked":["Poisoned Stab","Noxious Fumes"],"picked":"Riddle With Holes","floor":2.0},{"not_picked":["Heel Hook","Poisoned Stab"],"picked":"Terror","floor":4.0},{"not_picked":["Bouncing Flask","Prepared"],"picked":"Quick Slash","floor":7.0},{"not_picked":["Blade Dance","Noxious Fumes"],"picked":"Prepared","floor":11.0},{"not_picked":["Riddle With Holes","Infinite Blades"],"picked":"Corpse Explosion","floor":12.0},{"not_picked":["Accuracy","Cloak And Dagger"],"picked":"Acrobatics","floor":14.0},{"not_picked":["Phantasmal Killer","After Image"],"picked":"A Thousand Cuts","floor":16.0},{"not_picked":["Eviscerate","Sucker Punch","Caltrops"],"picked":"SKIP","floor":18.0},{"not_picked":["Heel Hook","Deflect"],"picked":"PiercingWail","floor":20.0},{"not_picked":["Escape Plan+1","Deflect"],"picked":"Tactician","floor":23.0},{"not_picked":["Die Die Die","Wraith Form v2"],"picked":"Adrenaline","floor":33},{"not_picked":["Backstab","Quick Slash","Poisoned Stab"],"picked":"SKIP","floor":35},{"not_picked":["Calculated Gamble","Bane"],"picked":"Leg Sweep+1","floor":37}],"player_experience":431483,"relics_obtained":[{"floor":7.0,"key":"WingedGreaves"},{"floor":9.0,"key":"Turnip"},{"floor":12.0,"key":"Tough Bandages"},{"floor":23.0,"key":"Juzu Bracelet"},{"floor":26.0,"key":"Whetstone"}],"event_choices":[{"cards_removed":["Strike_G"],"damage_healed":0.0,"max_hp_gain":0.0,"max_hp_loss":0.0,"gold_gain":0.0,"event_name":"Golden Wing","player_choice":"Card Removal","floor":5.0,"gold_loss":0.0,"damage_taken":7.0},{"damage_healed":0.0,"max_hp_gain":0.0,"max_hp_loss":0.0,"gold_gain":50.0,"event_name":"Golden Shrine","player_choice":"Pray","floor":10.0,"gold_loss":0.0,"damage_taken":0.0},{"damage_healed":0.0,"max_hp_gain":0.0,"max_hp_loss":20.0,"gold_gain":0.0,"event_name":"Vampires","player_choice":"Became a vampire","floor":19.0,"gold_loss":0.0,"damage_taken":0.0,"cards_obtained":["Bite","Bite","Bite","Bite","Bite"]},{"damage_healed":0.0,"max_hp_gain":0.0,"max_hp_loss":0.0,"gold_gain":0.0,"cards_transformed":["Riddle With Holes"],"event_name":"Transmorgrifier","player_choice":"Transformed","floor":21.0,"gold_loss":0.0,"damage_taken":0.0,"cards_obtained":["Underhanded Strike"]},{"damage_healed":0.0,"max_hp_gain":0.0,"max_hp_loss":23.0,"gold_gain":0.0,"event_name":"Ghosts","player_choice":"Became a Ghost","floor":27.0,"gold_loss":0.0,"damage_taken":0.0,"cards_obtained":["Ghostly","Ghostly","Ghostly"]},{"damage_healed":0,"gold_gain":0,"player_choice":"Fight","damage_taken":0,"max_hp_gain":0,"max_hp_loss":0,"event_name":"Colosseum","floor":28,"gold_loss":0},{"damage_healed":0,"gold_gain":0,"player_choice":"Fled From Nobs","damage_taken":0,"max_hp_gain":0,"max_hp_loss":0,"event_name":"Colosseum","floor":28,"gold_loss":0},{"cards_removed":["Underhanded Strike"],"damage_healed":0,"gold_gain":0,"player_choice":"Removed Attack","damage_taken":0,"max_hp_gain":0,"max_hp_loss":0,"event_name":"Falling","floor":36,"gold_loss":0},{"damage_healed":0,"gold_gain":0,"player_choice":"Max HP","damage_taken":0,"max_hp_gain":0,"max_hp_loss":1,"event_name":"Winding Halls","floor":39,"gold_loss":0},{"damage_healed":0,"gold_gain":0,"player_choice":"Cursed","damage_taken":0,"max_hp_gain":0,"max_hp_loss":0,"event_name":"Wheel of Change","floor":41,"gold_loss":0,"cards_obtained":["Decay"]}],"is_beta":false,"boss_relics":[{"not_picked":["WristBlade","Ring of the Serpent"],"picked":"HoveringKite"},{"not_picked":["Astrolabe","Pandora\u0027s Box"],"picked":"Runic Dome"}],"items_purged_floors":[22],"is_endless":false,"potions_floor_spawned":[2,7,11,16,23,28],"killed_by":"Nemesis","ascension_level":20}}