{"host":"kag8mfq4or8nkqb2","time":1612896302,"event":{"mods":["2.2 Compatiblity","BaseMod","Colored Map","Colored Powertips","Downfall","Minty Spire (QoL Compilation)","Relic Stats","StSLib"],"gold_per_floor":[99,117,129,129,229,241,241,257,87,87,149,159,238,269,285,360,360,260,274,274,274,274],"floor_reached":20,"language":"ENG","playtime":1171,"items_purged":["Regret"],"score":296,"play_id":"e725662f-f744-4753-802c-2f1a4d762bcb","local_time":"20210209184502","is_ascension_mode":true,"campfire_choices":[{"data":"Apotheosis","floor":1,"key":"SMITH"},{"data":"Slimebound:Recycling","floor":10,"key":"SMITH"},{"data":"Decay","floor":18,"key":"PURGE"}],"circlet_count":0,"master_deck":["AscendersBane","Slimebound:Strike_Slimebound","Slimebound:Strike_Slimebound","Slimebound:Strike_Slimebound","Slimebound:Tackle","Slimebound:Defend_Slimebound","Slimebound:Defend_Slimebound","Slimebound:Defend_Slimebound","Slimebound:Defend_Slimebound","Slimebound:Split","Slimebound:CorrosiveSpit","Apotheosis+1","Slimebound:RejuvenatingLick","Slimebound:SplitLeeching","Slimebound:SamplingLick","Slimebound:MegaLick","Slimebound:Recycling+1","Slimebound:Repurpose","Slimebound:SpikyOuterGoop","Slimebound:LeechEnergy","Slimebound:SlimeSpikes","Slimebound:Recycling","Slimebound:SamplingLick"],"relics":["Slimebound:AbsorbEndCombat","Ancient Tea Set","Question Card","Vajra","InkBottle","Peace Pipe","Slimebound:TarBlob","downfall:HeartBlessingGreen"],"acts_visited":["Exordium","TheCity"],"potions_floor_usage":[20],"damage_taken":[{"damage":7,"enemies":"Jaw Worm","floor":2,"turns":4},{"damage":0,"enemies":"2 Louse","floor":3,"turns":2},{"damage":0,"enemies":"Cultist","floor":6,"turns":3},{"damage":2,"enemies":"2 Fungi Beasts","floor":8,"turns":4},{"damage":3,"enemies":"downfall:FleeingMerchant","floor":9,"turns":4},{"damage":5,"enemies":"3 Sentries","floor":11,"turns":5},{"damage":2,"enemies":"Gremlin Gang","floor":12,"turns":4},{"damage":12,"enemies":"3 Sentries","floor":14,"turns":6},{"damage":13,"enemies":"3 Louse","floor":15,"turns":3},{"damage":46,"enemies":"IC_STATUS_ARCHETYPE","floor":16,"turns":11},{"damage":11,"enemies":"Shell Parasite","floor":19,"turns":4},{"damage":51,"enemies":"Colosseum Nobs","floor":20,"turns":3}],"seed_played":"6220543908528190481","potions_obtained":[{"floor":6,"key":"hexamod:SoulburnPotion"},{"floor":8,"key":"CultistPotion"},{"floor":14,"key":"PowerPotion"}],"is_trial":false,"path_per_floor":["R","M","M","?","?","M","T","M","$","R","?","M","T","E","M","B",null,"R","M","?"],"character_chosen":"SLIMEBOUND","items_purchased":["Slimebound:Repurpose"],"campfire_rested":0,"item_purchase_floors":[9],"current_hp_per_floor":[53,50,54,54,54,58,58,57,58,58,58,59,59,53,46,8,46,46,43,0,0,0],"gold":274,"neow_bonus":"RANDOM_COLORLESS_2","is_daily":false,"chose_seed":false,"campfire_upgraded":2,"win_rate":0.0,"timestamp":1612896302,"path_taken":["R","M","M","?","?","M","T","M","$","R","?","M","?","E","M","BOSS","R","M","?"],"items_purchased_type":["Card"],"build_version":"2020-12-22","purchased_purges":1,"victory":false,"max_hp_per_floor":[59,59,59,59,59,59,59,59,59,59,59,59,59,59,59,59,59,59,59,59,59,59],"relic_stats":{"Peace Pipe":1,"counters":[12,52],"Question Card":8,"obtain_stats":[{"Peace Pipe":14,"Vajra":11,"downfall:HeartBlessingGreen":18,"Slimebound:AbsorbEndCombat":0,"Ancient Tea Set":4,"Question Card":7,"InkBottle":13,"Slimebound:TarBlob":17},{"Peace Pipe":8,"Vajra":6,"downfall:HeartBlessingGreen":10,"Slimebound:AbsorbEndCombat":0,"Ancient Tea Set":2,"Question Card":3,"InkBottle":7,"Slimebound:TarBlob":10},{"Peace Pipe":31,"Vajra":22,"downfall:HeartBlessingGreen":45,"Slimebound:AbsorbEndCombat":0,"Ancient Tea Set":6,"Question Card":9,"InkBottle":26,"Slimebound:TarBlob":45}],"InkBottle":[13]},"card_choices":[{"not_picked":["Secret Weapon","Secret Technique"],"picked":"Apotheosis","floor":0},{"not_picked":["Slimebound:SplitLeeching","Slimebound:LevelUp"],"picked":"Slimebound:RejuvenatingLick","floor":2},{"not_picked":["Slimebound:SlimeBarrage","Slimebound:ServeAndProtect"],"picked":"Slimebound:SplitLeeching","floor":3},{"not_picked":["Slimebound:SplitMire","Slimebound:GoopSpray"],"picked":"Slimebound:SamplingLick","floor":6},{"not_picked":["Slimebound:ViciousTackle","Slimebound:GrowthPunch","Slimebound:PressTheAttack"],"picked":"Slimebound:MegaLick","floor":8},{"not_picked":["Slimebound:LivingWall","Slimebound:LeechingTouch","Slimebound:PressTheAttack"],"picked":"Slimebound:Recycling","floor":9},{"not_picked":["Slimebound:LevelUp","Slimebound:RollThrough","Slimebound:AcidTongue"],"picked":"Slimebound:SpikyOuterGoop","floor":11},{"not_picked":["Slimebound:Schlurp","Slimebound:GoopSpray","Slimebound:SplitBruiser","Slimebound:ForwardTackle"],"picked":"SKIP","floor":12},{"not_picked":["Slimebound:RollThrough","Slimebound:Nibble","Slimebound:ProtectTheBoss"],"picked":"Slimebound:LeechEnergy","floor":14},{"not_picked":["Slimebound:AcidTongue","Slimebound:FinishingTackle","Slimebound:FlameTackle"],"picked":"Slimebound:SlimeSpikes","floor":15},{"not_picked":["Slimebound:TagTeam","Slimebound:Darklings","Slimebound:LeechLife"],"picked":"Slimebound:Recycling","floor":16},{"not_picked":["Slimebound:SplitBruiser","Slimebound:FinishingTackle+1","Slimebound:LivingWall"],"picked":"Slimebound:SamplingLick","floor":19}],"player_experience":1091798,"relics_obtained":[{"floor":7,"key":"Question Card"},{"floor":11,"key":"Vajra"},{"floor":13,"key":"InkBottle"},{"floor":14,"key":"Peace Pipe"}],"event_choices":[{"damage_healed":0,"gold_gain":0,"player_choice":"Box","damage_taken":0,"relics_obtained":["Ancient Tea Set"],"max_hp_gain":0,"max_hp_loss":0,"event_name":"Big Fish","floor":4,"gold_loss":0,"cards_obtained":["Regret"]}],"is_beta":false,"boss_relics":[{"not_picked":["Snecko Eye","Black Star"],"picked":"Slimebound:TarBlob"}],"items_purged_floors":[9],"is_endless":false,"potions_floor_spawned":[6,8,12,14,16],"killed_by":"Colosseum Nobs","ascension_level":14}}