{"host":"xltl1aroowo69o4n","time":1612856279,"event":{"mods":["BaseMod","Colored Map","Colored Powertips","Downfall","Marisa????????","Minty Spire (QoL Compilation)","Replay The Spire","StSLib","The Cursed","The Hierophant","The Mystic","The Necromancer","The Servant 0.9.4"],"gold_per_floor":[119,119,119,30,0,30,30,43,68,68,88,117,117,127,127,232,232,249,22,22,38,38,38,71,71,71,82,116,142,160,40,40,135,135,155,171,9,20,32,32,0,0,46,46,46,66,78,95,95,95,95,95,23,53,53,53],"floor_reached":55,"language":"ENG","playtime":4587,"items_purged":["Regret"],"score":915,"play_id":"9ef9535d-8411-4345-9509-1a282fc28280","local_time":"20210209023759","is_ascension_mode":false,"campfire_choices":[{"floor":7,"key":"REST"},{"floor":13,"key":"REST"},{"floor":23,"key":"REST"},{"floor":25,"key":"REST"},{"floor":32,"key":"RECALL"},{"floor":40,"key":"REST"},{"floor":49,"key":"REST"},{"floor":52,"key":"REST"}],"circlet_count":0,"master_deck":["Strike_S","Strike_S","Strike_S","Defend_S","Defend_S","Defend_S","Defend_S","KidneyShot","Exchange","GearUp","InstantArmor+1","Discovery","Shuttle","DoubleEdge+1","TimeTheft","RealityMarble","Misdirection","Solidify","Ricochet+1","Alleviate","Replace","DualDimension","Sabotage","Embodiment","Rewind+1","Rearm+1","Solidify+1","Defy+1","BestPractice","ReplayTheSpireMod:Brewmster","Rewind+1","Comet+1","Replay:Sssssssssshield+1","Defy+1","KillingDoll","Defy+1","Solidify+1"],"relics":["Uniform","Ancient Tea Set","Quantum Egg","ReplayTheSpireMod:Lightbulb","Durian","Centennial Puzzle","Fusion Hammer","Vajra","Nilry\u0027s Codex","Nloth\u0027s Gift","Lantern","Toxic Egg 2","PreservedInsect","Honey Jar","Red Mask","Bag of Marbles","Strawberry"],"acts_visited":["Exordium","TheCity","TheBeyond","TheEnding"],"potions_floor_usage":[12,28,33,33,38,38,39,39,47,47,48,50,50,50,50,50,50,54,54,54,55,55,55],"damage_taken":[{"damage":4,"enemies":"2 Louse","floor":1,"turns":4},{"damage":9,"enemies":"Replay:BlueRogue","floor":6,"turns":4},{"damage":0,"enemies":"Jaw Worm","floor":8,"turns":4},{"damage":0,"enemies":"Small Slimes","floor":11,"turns":4},{"damage":41,"enemies":"3 Sentries","floor":12,"turns":14},{"damage":4,"enemies":"Blue Slaver","floor":14,"turns":4},{"damage":23,"enemies":"Fading Forest","floor":16,"turns":11},{"damage":4,"enemies":"2 Thieves","floor":18,"turns":3},{"damage":0,"enemies":"Spheric Guardian","floor":21,"turns":4},{"damage":8,"enemies":"Replay:Snechameleon","floor":24,"turns":7},{"damage":1,"enemies":"Chosen and Byrds","floor":27,"turns":3},{"damage":7,"enemies":"Slavers","floor":28,"turns":6},{"damage":1,"enemies":"Snake Plant","floor":30,"turns":6},{"damage":3,"enemies":"Pondfish","floor":33,"turns":12},{"damage":3,"enemies":"3 Shapes","floor":35,"turns":4},{"damage":0,"enemies":"Orb Walker","floor":36,"turns":4},{"damage":25,"enemies":"Jaw Worm Horde","floor":38,"turns":5},{"damage":22,"enemies":"Transient","floor":39,"turns":5},{"damage":0,"enemies":"Maw","floor":46,"turns":10},{"damage":0,"enemies":"Writhing Mass","floor":47,"turns":7},{"damage":15,"enemies":"3 Darklings","floor":48,"turns":5},{"damage":1,"enemies":"Donu and Deca","floor":50,"turns":8},{"damage":11,"enemies":"Shield and Spear","floor":54,"turns":7},{"damage":98,"enemies":"The Heart","floor":55,"turns":9}],"seed_played":"-3616071008452140689","potions_obtained":[{"floor":8,"key":"Toxic Potion"},{"floor":11,"key":"Explosive Potion"},{"floor":18,"key":"hexamod:SoulburnPotion"},{"floor":30,"key":"Strength Potion"},{"floor":39,"key":"sneckomod:MuddlingPotion"},{"floor":47,"key":"Fire Potion"}],"is_trial":false,"path_per_floor":["M","?","?","$","?","E","R","M","T","?","M","E","R","M","R_BF","B",null,"M","$","?","M","?","R","E","R","T","M","E","T","M","$","R_BF","B",null,"M","M","$","M","M","R","?","?","T","$","?","M","M","M","R","B",null,"R","$","E","B"],"character_chosen":"THE_SERVANT","items_purchased":["Discovery","Alleviate","Vajra","Fire Potion","Rearm+1","ReplayTheSpireMod:Brewmster","Guardian:BlockOnCardUsePotion"],"campfire_rested":7,"item_purchase_floors":[4,19,19,19,31,37,53],"current_hp_per_floor":[43,43,43,43,43,34,53,53,53,55,55,14,35,31,52,51,70,66,66,50,50,50,70,62,70,70,69,62,62,61,61,61,58,70,67,67,67,42,20,41,41,41,41,41,41,41,41,26,47,46,70,70,70,66,0,0],"gold":53,"neow_bonus":"ONE_RARE_RELIC","is_daily":false,"chose_seed":false,"campfire_upgraded":0,"win_rate":0.0,"timestamp":1612856279,"path_taken":["M","?","?","?","?","E","R","M","T","?","M","E","R","?","R_BF","BOSS","M","$","?","M","?","R","E","R","T","?","E","?","M","$","R_BF","BOSS","M","?","$","M","M","R","?","?","T","$","?","?","M","M","R","BOSS","R","$","E","BOSS"],"items_purchased_type":["Card","Card","Relic","Potion","Card","Card","Potion"],"build_version":"2020-12-13","purchased_purges":1,"victory":false,"max_hp_per_floor":[65,65,65,65,65,65,65,65,65,70,70,70,70,70,70,70,70,70,70,70,70,70,70,70,70,70,70,70,70,70,70,70,70,70,70,70,70,70,70,70,70,70,70,70,70,70,70,70,70,70,70,70,70,77,77,77],"card_choices":[{"not_picked":["DoubleEdge","Hightail"],"picked":"GearUp","floor":1},{"not_picked":["Contraction","Read"],"picked":"Shuttle","floor":6},{"not_picked":["SurpressingFire","BottledTime"],"picked":"DoubleEdge","floor":8},{"not_picked":["WasteNot","Moonlight"],"picked":"TimeTheft","floor":11},{"not_picked":["ShatteredReality","Unruled"],"picked":"RealityMarble","floor":12},{"not_picked":["Spin","SurpressingFire"],"picked":"Misdirection","floor":14},{"not_picked":["Initiator","PendulumOfEternity"],"picked":"Solidify","floor":16},{"not_picked":["TimeTheft+1","Defy"],"picked":"Ricochet+1","floor":18},{"not_picked":["BottledTime","Starlight"],"picked":"Replace","floor":21},{"not_picked":["ForgedInTime","Deny"],"picked":"DualDimension","floor":24},{"not_picked":["BottledTime+1","TimeWarp"],"picked":"Sabotage","floor":27},{"not_picked":["LightFlow","ForgedInTime+1"],"picked":"Embodiment","floor":28},{"not_picked":["FanOfKnives","Replace+1"],"picked":"Rewind+1","floor":30},{"not_picked":["FloweringNight","FlawlessForm"],"picked":"Solidify+1","floor":33},{"not_picked":["DoubleEdge+1","Read+1","Ricochet"],"picked":"Defy+1","floor":35},{"not_picked":["Deadline+1","Shuttle+1","Rewind+1"],"picked":"BestPractice","floor":36},{"not_picked":["WasteNot+1","Unruled","GearUp+1"],"picked":"Rewind+1","floor":38},{"not_picked":["TimeWarp+1","Ricochet+1","ShatteredReality+1"],"picked":"Comet+1","floor":39},{"not_picked":["Replay:BasicMightCard","Secret Technique+1","ReplayTheSpireMod:Trickstab"],"picked":"Replay:Sssssssssshield+1","floor":45},{"not_picked":["ShiftingGears+1","TimeWarp+1","Alleviate+1"],"picked":"Defy+1","floor":46},{"not_picked":["Replace+1","WasteNot","RealityMarble"],"picked":"KillingDoll","floor":47},{"not_picked":["BottledTime+1","Potential+1","DoubleEdge+1"],"picked":"Defy+1","floor":48},{"not_picked":["Initiator","TimeWarp","SoulSculpture"],"picked":"Solidify+1","floor":54}],"player_experience":166754,"relics_obtained":[{"floor":6,"key":"Quantum Egg"},{"floor":9,"key":"ReplayTheSpireMod:Lightbulb"},{"floor":12,"key":"Centennial Puzzle"},{"floor":20,"key":"Nilry\u0027s Codex"},{"floor":24,"key":"Lantern"},{"floor":26,"key":"Toxic Egg 2"},{"floor":28,"key":"PreservedInsect"},{"floor":43,"key":"Bag of Marbles"},{"floor":54,"key":"Strawberry"}],"event_choices":[{"damage_healed":0,"gold_gain":0,"player_choice":"Box","damage_taken":0,"relics_obtained":["Ancient Tea Set"],"max_hp_gain":0,"max_hp_loss":0,"event_name":"Big Fish","floor":3,"gold_loss":0,"cards_obtained":["Regret"]},{"damage_healed":0,"gold_gain":0,"player_choice":"Left Gold","damage_taken":0,"max_hp_gain":0,"max_hp_loss":0,"event_name":"World of Goop","floor":5,"gold_loss":30},{"damage_healed":0,"gold_gain":0,"player_choice":"Success","damage_taken":3,"relics_obtained":["Durian"],"max_hp_gain":0,"max_hp_loss":0,"event_name":"Scrap Ooze","floor":10,"gold_loss":0},{"damage_healed":0,"gold_gain":0,"player_choice":"Obtained Book","damage_taken":16,"max_hp_gain":0,"max_hp_loss":0,"event_name":"Cursed Tome","floor":20,"gold_loss":0},{"damage_healed":0,"gold_gain":0,"player_choice":"Traded Relic","damage_taken":0,"relics_obtained":["Nloth\u0027s Gift"],"max_hp_gain":0,"max_hp_loss":0,"event_name":"N\u0027loth","floor":22,"relics_lost":["Du-Vu Doll"],"gold_loss":0},{"damage_healed":0,"gold_gain":0,"player_choice":"Paid","damage_taken":0,"relics_obtained":["Red Mask"],"max_hp_gain":0,"max_hp_loss":0,"event_name":"Tomb of Lord Red Mask","floor":41,"gold_loss":32},{"damage_healed":0,"gold_gain":0,"player_choice":"Ignored","damage_taken":0,"max_hp_gain":0,"max_hp_loss":0,"event_name":"Mysterious Sphere","floor":42,"gold_loss":0},{"damage_healed":0,"gold_gain":0,"player_choice":"Memory 1","damage_taken":0,"max_hp_gain":0,"max_hp_loss":0,"event_name":"SensoryStone","floor":45,"gold_loss":0}],"is_beta":false,"boss_relics":[{"not_picked":["Abe\u0027s Treasure","StoneMask"],"picked":"Fusion Hammer"},{"not_picked":["Ring of Chaos","Coffee Dripper"],"picked":"Honey Jar"}],"items_purged_floors":[31],"is_endless":false,"potions_floor_spawned":[8,11,18,30,39,47],"killed_by":"The Heart","ascension_level":0}}