{"host":"adi","time":1612909604,"event":{"mods":["AchievementEnabler","BaseMod","Bestiary","Colored Powertips","Minty Spire (QoL Compilation)","StSLib"],"gold_per_floor":[116,116,38,54,2,2,33,33,33,33,43,43,68,68,90,118,118,192,192,205,33,50,50,50,67,67,67],"floor_reached":26,"language":"ENG","playtime":1092,"items_purged":["Strike_G"],"score":420,"play_id":"85704845-7479-4a38-b454-57941f0b8531","local_time":"20210209232644","is_ascension_mode":true,"campfire_choices":[{"data":"Footwork","floor":6.0,"key":"SMITH"},{"data":"Blade Dance","floor":8,"key":"SMITH"},{"data":"Poisoned Stab","floor":10,"key":"SMITH"},{"data":"Catalyst","floor":17,"key":"SMITH"}],"circlet_count":0,"master_deck":["AscendersBane","Strike_G","Strike_G","Strike_G","Strike_G","Defend_G","Defend_G","Defend_G","Defend_G","Defend_G","Survivor","Neutralize+1","Slice","Footwork+1","Poisoned Stab+1","Blade Dance+1","Blade Dance","Acrobatics","Dagger Throw","Catalyst+1","Night Terror+1","All Out Attack","Noxious Fumes","PiercingWail"],"relics":["Ring of the Snake","NeowsBlessing","Bottled Lightning","Tingsha","Blue Candle","White Beast Statue","Odd Mushroom","Gambling Chip","Runic Dome"],"acts_visited":["Exordium","TheCity"],"potions_floor_usage":[18],"damage_taken":[{"damage":0.0,"enemies":"Jaw Worm","floor":1.0,"turns":1.0},{"damage":0.0,"enemies":"Cultist","floor":4.0,"turns":1.0},{"damage":0.0,"enemies":"Lagavulin","floor":7.0,"turns":1.0},{"damage":0,"enemies":"2 Louse","floor":11,"turns":2},{"damage":14,"enemies":"3 Sentries","floor":13,"turns":7},{"damage":19,"enemies":"The Mushroom Lair","floor":15,"turns":3},{"damage":27,"enemies":"Lagavulin","floor":16,"turns":4},{"damage":4,"enemies":"Hexaghost","floor":18,"turns":7},{"damage":8,"enemies":"3 Byrds","floor":20,"turns":3},{"damage":10,"enemies":"Shell Parasite","floor":22,"turns":4},{"damage":18,"enemies":"3 Cultists","floor":25,"turns":5},{"damage":17,"enemies":"Snecko","floor":26,"turns":4}],"seed_played":"2083126535194691979","potions_obtained":[{"floor":7.0,"key":"FairyPotion"},{"floor":11,"key":"SmokeBomb"},{"floor":16,"key":"Poison Potion"},{"floor":18,"key":"CunningPotion"},{"floor":22,"key":"PowerPotion"}],"is_trial":false,"path_per_floor":["M","?","$","M","$","R","E","R","T","R","M","$","E","?","?","E","R","B",null,"M","$","M","?","$","M","M"],"character_chosen":"THE_SILENT","items_purchased":["Footwork","Blade Dance","Noxious Fumes","PiercingWail"],"campfire_rested":0,"item_purchase_floors":[3,5,21,21],"current_hp_per_floor":[59,59,59,59,59,59,59,59,59,59,59,59,45,38,19,19,19,15,53,45,45,35,35,35,17,0,0],"gold":67,"neow_bonus":"THREE_ENEMY_KILL","is_daily":false,"chose_seed":false,"campfire_upgraded":4,"win_rate":0.0,"timestamp":1612909604,"path_taken":["M","?","$","M","?","R","E","R","T","R","M","$","E","?","?","E","R","BOSS","M","$","M","?","$","M","M"],"items_purchased_type":["Card","Card","Card","Card"],"build_version":"2020-12-18","purchased_purges":1,"victory":false,"max_hp_per_floor":[66,66,66,66,66,66,66,66,66,66,66,66,66,66,66,66,66,66,66,66,66,66,66,66,66,66,66],"card_choices":[{"not_picked":["Dodge and Roll","Outmaneuver"],"picked":"Slice","floor":1.0},{"not_picked":["Terror","Poisoned Stab","Heel Hook"],"picked":"SKIP","floor":4.0},{"not_picked":["Terror","Heel Hook"],"picked":"Poisoned Stab","floor":4.0},{"not_picked":["Bullet Time","Endless Agony"],"picked":"Blade Dance","floor":7.0},{"not_picked":["Flying Knee","Setup"],"picked":"Acrobatics","floor":11},{"not_picked":["Slice","Acrobatics","Setup"],"picked":"SKIP","floor":13},{"not_picked":["Tactician","Flying Knee"],"picked":"Dagger Throw","floor":15},{"not_picked":["Bouncing Flask","Caltrops"],"picked":"Catalyst","floor":16},{"not_picked":["Wraith Form v2","Glass Knife"],"picked":"Night Terror","floor":18},{"not_picked":["PiercingWail","Finisher"],"picked":"All Out Attack","floor":20},{"not_picked":["Masterful Stab","Deflect","Endless Agony+1"],"picked":"SKIP","floor":22},{"not_picked":["Flechettes+1","Sucker Punch","Underhanded Strike"],"picked":"SKIP","floor":25}],"player_experience":371751,"relics_obtained":[{"floor":7.0,"key":"Bottled Lightning"},{"floor":9,"key":"Tingsha"},{"floor":13,"key":"Blue Candle"},{"floor":15,"key":"Odd Mushroom"},{"floor":16,"key":"Gambling Chip"}],"event_choices":[{"damage_healed":0.0,"max_hp_gain":0.0,"max_hp_loss":0.0,"gold_gain":0.0,"event_name":"Accursed Blacksmith","player_choice":"Forge","floor":2.0,"gold_loss":0.0,"damage_taken":0.0,"cards_upgraded":["Neutralize"]},{"damage_healed":0,"gold_gain":0,"player_choice":"Success","damage_taken":7,"relics_obtained":["White Beast Statue"],"max_hp_gain":0,"max_hp_loss":0,"event_name":"Scrap Ooze","floor":14,"gold_loss":0},{"damage_healed":0,"gold_gain":0,"player_choice":"Fought Mushrooms","damage_taken":0,"max_hp_gain":0,"max_hp_loss":0,"event_name":"Mushrooms","floor":15,"gold_loss":0},{"damage_healed":0,"gold_gain":0,"player_choice":"Upgraded","damage_taken":0,"max_hp_gain":0,"max_hp_loss":0,"event_name":"Upgrade Shrine","floor":23,"gold_loss":0,"cards_upgraded":["Night Terror"]}],"is_beta":true,"boss_relics":[{"not_picked":["Busted Crown","Snecko Eye"],"picked":"Runic Dome"}],"items_purged_floors":[21],"is_endless":false,"potions_floor_spawned":[7,11,15,16,18,20,22,25],"killed_by":"Snecko","ascension_level":14}}