{"host":"dx8mnueonnkh60qu","time":1612834637,"event":{"mods":["AchievementEnabler","Act Like it!","Aspiration","BaseMod","Better Silent Start","Better Third Choice","Bossed Relics","CCEM2","Conspire","Defuse TimeMaze Blight","Dota2Spire","Downfall","Hubris","Infinite Spire","Marked Mod","Minty Spire (QoL Compilation)","Quarter Circle Forward PUNCH!","Rare Cards Sparkle","Relic Stats","Reliquary","Robot Space Explorer","Spicy Shops","Spikes Relics","StSLib","SuperFastMode","The Blue Laboratory","The Caster"],"gold_per_floor":[99,99,99,99,115,115,115,150,50,66,66,98,98,198,215,316,316,316,334,244,244,259,259,339,104,129,139,39,66,51,61,76,171,171,171,186,236,236,236,44,116,128,28,28,28,55,82,82,101,101,101,128,80,80,80,80],"floor_reached":57,"language":"ENG","playtime":3398,"items_purged":["Slimebound:Strike_Slimebound"],"score":1447,"play_id":"dd6372ec-4a75-4c46-bf62-c65194b87889","local_time":"20210208203717","is_ascension_mode":true,"campfire_choices":[{"data":"Slimebound:Split","floor":1.0,"key":"SMITH"},{"data":"Slimebound:ViciousTackle","floor":6.0,"key":"SMITH"},{"data":"Slimebound:GoopSpray","floor":9.0,"key":"SMITH"},{"floor":13.0,"key":"REST"},{"data":"infinitespire:Oblivion","floor":18.0,"key":"SMITH"},{"data":"Slimebound:LeadByExample","floor":28.0,"key":"SMITH"},{"floor":35.0,"key":"RECALL"},{"data":"Slimebound:OneTwoCombo","floor":43,"key":"SMITH"},{"data":"Slimebound:SplitSpecialist","floor":45,"key":"SMITH"},{"data":"Slimebound:PressTheAttack","floor":54,"key":"SMITH"}],"circlet_count":0,"master_deck":["Slimebound:Strike_Slimebound","Slimebound:Strike_Slimebound","Slimebound:Tackle","Slimebound:Defend_Slimebound","Slimebound:Defend_Slimebound","Slimebound:Defend_Slimebound","Slimebound:Split+1","Slimebound:CorrosiveSpit","Slimebound:SplitAcid","Slimebound:LivingWall","Slimebound:SlimeSpikes","Slimebound:ViciousTackle+1","Slimebound:GoopSpray+1","Slimebound:RollThrough","infinitespire:Oblivion+1","Slimebound:Recollect","Slimebound:SplitSpecialist+1","Slimebound:MassFeed+1","Slimebound:Prepare","Slimebound:LeechEnergy+1","Slimebound:SpikyOuterGoop","Slimebound:ItLooksTasty","Slimebound:LeadByExample+1","Slimebound:Gluttony","Slimebound:RollThrough+1","Slimebound:OneTwoCombo+1","Slimebound:SlimeTap","Slimebound:Overexert","Slimebound:FlameTackle+1","Slimebound:Gluttony","Slimebound:Schlurp+1","Slimebound:LeechLife","Slimebound:PressTheAttack+1"],"relics":["Slimebound:AbsorbEndCombat","downfall:HeartsMalice","Rawhide","FossilizedHelix","downfall:HeartBlessingGreen","conspire:TopHat","Black Star","Dota2Spire:Vanguard","qcfpunch:Extra_Skeleton","HandDrill","reliquary:PorcupineQuills","infinitespire:Joker Card","downfall:HeartBlessingBlue","StrikeDummy","Sundial","qcfpunch:Crimson_Sash","CCEMRelics:D6","CCEMRelics:BiPhaseBiplane","infinitespire:Bottled Soul","aspiration:FetidBarrel","downfall:HeartBlessingRed","Dota2Spire:Satanic","CCEMRelics:TeddyBear","Anchor","Dota2Spire:HeartOfTarrasque","CCEMRelics:Barrel"],"acts_visited":["Exordium","TheCity","TheBeyond","TheEnding"],"potions_floor_usage":[55,56,56],"damage_taken":[{"damage":0.0,"enemies":"Cultist","floor":2.0,"turns":1.0},{"damage":0.0,"enemies":"Jaw Worm","floor":3.0,"turns":1.0},{"damage":0.0,"enemies":"Small Slimes","floor":4.0,"turns":1.0},{"damage":13.0,"enemies":"Exordium Wildlife","floor":5.0,"turns":4.0},{"damage":15.0,"enemies":"3 Sentries","floor":8.0,"turns":7.0},{"damage":5.0,"enemies":"Exordium Thugs","floor":10.0,"turns":4.0},{"damage":0.0,"enemies":"Gremlin Nob","floor":12.0,"turns":4.0},{"damage":3.0,"enemies":"Blue Slaver","floor":15.0,"turns":3.0},{"damage":3.0,"enemies":"SI_SHIV_ARCHETYPE","floor":16.0,"turns":5.0},{"damage":0.0,"enemies":"Chosen","floor":19.0,"turns":4.0},{"damage":0.0,"enemies":"downfall:FleeingMerchant","floor":20.0,"turns":4.0},{"damage":0.0,"enemies":"Snecko","floor":22.0,"turns":4.0},{"damage":4.0,"enemies":"Snecko","floor":23.0,"turns":6.0},{"damage":0.0,"enemies":"downfall:FleeingMerchant","floor":25.0,"turns":4.0},{"damage":0.0,"enemies":"conspire:Head Lice","floor":26.0,"turns":7.0},{"damage":4.0,"enemies":"Centurion and Healer","floor":27.0,"turns":9.0},{"damage":22.0,"enemies":"Slavers","floor":29.0,"turns":6.0},{"damage":0.0,"enemies":"downfall:FleeingMerchant","floor":30.0,"turns":4.0},{"damage":2.0,"enemies":"Snake Plant","floor":31.0,"turns":5.0},{"damage":8.0,"enemies":"Shelled Parasite and Fungi","floor":32.0,"turns":4.0},{"damage":10.0,"enemies":"IC_MUSHROOM_ARCHETYPE","floor":33.0,"turns":8.0},{"damage":12.0,"enemies":"3 Darklings","floor":36.0,"turns":4.0},{"damage":0.0,"enemies":"3 Darklings","floor":37.0,"turns":4.0},{"damage":6.0,"enemies":"downfall:FleeingMerchant","floor":40.0,"turns":3.0},{"damage":8,"enemies":"3 Shapes","floor":42,"turns":2},{"damage":44,"enemies":"Nightmare","floor":46,"turns":7},{"damage":0,"enemies":"conspire:MimicChest","floor":47,"turns":4},{"damage":0,"enemies":"Spire Growth","floor":49,"turns":4},{"damage":5,"enemies":"WA_ARCHETYPE_DIVINITY","floor":50,"turns":11},{"damage":19,"enemies":"downfall:CharBossMerchant","floor":52,"turns":7},{"damage":4,"enemies":"downfall:NeowBoss","floor":55,"turns":13},{"damage":122,"enemies":"downfall:NeowBossFinal","floor":56,"turns":13}],"seed_played":"-6322177186512575301","potions_obtained":[{"floor":5.0,"key":"Block Potion"},{"floor":8.0,"key":"blueLaboratory:BottledHope"},{"floor":12.0,"key":"blueLaboratory:PyrophylliteBrew"},{"floor":19.0,"key":"blueLaboratory:Moonshine"},{"floor":37.0,"key":"LiquidBronze"}],"is_trial":false,"path_per_floor":["R","M","M","M","M","R","T","E","R","M","?","E","R","?","M","B",null,"R","M","$","?","M","?","T","$","E","M","R","E","$","M","M","B",null,"R","M","?","?","?","$","T","M","R","?","R","NM","?","$","M","B",null,"E","$","R","B","B",null],"character_chosen":"SLIMEBOUND","items_purchased":["Dota2Spire:Vanguard","Slimebound:LeadByExample","HandDrill","CCEMRelics:BiPhaseBiplane","infinitespire:Bottled Soul","Slimebound:Gluttony","Slimebound:PressTheAttack"],"campfire_rested":1,"item_purchase_floors":[20,25,25,40,40,40,53],"current_hp_per_floor":[65,65,65,65,54,54,54,45,45,44,28,30,49,49,50,55,65,65,65,65,65,69,67,67,69,69,69,79,69,77,81,87,85,95,95,86,94,94,94,89,89,89,89,89,89,49,64,64,68,84,119,104,104,104,122,26],"gold":80,"neow_bonus":"THREE_ENEMY_KILL","is_daily":false,"chose_seed":false,"campfire_upgraded":8,"win_rate":0.0,"timestamp":1612834637,"path_taken":["R","M","?","M","M","R","T","E","R","M","?","E","R","?","M","BOSS","R","M","$","?","M","?","T","?","E","M","R","E","?","M","M","BOSS","R","M","?","?","?","$","T","M","R","?","R","NM","?","?","M","BOSS","E","$","R","BOSS","BOSS"],"items_purchased_type":["Relic","Card","Relic","Relic","Relic","Card","Card"],"build_version":"2020-12-22","purchased_purges":1,"victory":true,"max_hp_per_floor":[65,65,65,65,65,65,65,65,65,65,65,65,65,65,65,65,65,65,65,65,65,69,69,69,69,69,73,83,87,87,87,95,95,95,95,99,107,107,107,107,107,119,119,119,119,119,119,119,119,119,119,127,127,127,127,127],"relic_stats":{"counters":[32,161],"Sundial":[6],"Black Star":4,"HandDrill":[82],"obtain_stats":[{"CCEMRelics:TeddyBear":46,"Rawhide":7,"downfall:HeartBlessingGreen":9,"Dota2Spire:Vanguard":20,"conspire:TopHat":12,"qcfpunch:Crimson_Sash":34,"Dota2Spire:Satanic":46,"downfall:HeartBlessingBlue":28,"Sundial":29,"infinitespire:Bottled Soul":40,"CCEMRelics:D6":37,"HandDrill":25,"CCEMRelics:Barrel":52,"downfall:HeartBlessingRed":43,"aspiration:FetidBarrel":41,"downfall:HeartsMalice":0,"infinitespire:Joker Card":26,"Dota2Spire:HeartOfTarrasque":52,"Anchor":47,"reliquary:PorcupineQuills":26,"CCEMRelics:BiPhaseBiplane":40,"qcfpunch:Extra_Skeleton":23,"Slimebound:AbsorbEndCombat":0,"Black Star":17,"StrikeDummy":29,"FossilizedHelix":8},{"CCEMRelics:TeddyBear":26,"Rawhide":4,"downfall:HeartBlessingGreen":5,"Dota2Spire:Vanguard":11,"conspire:TopHat":7,"qcfpunch:Crimson_Sash":21,"Dota2Spire:Satanic":26,"downfall:HeartBlessingBlue":16,"Sundial":17,"infinitespire:Bottled Soul":24,"CCEMRelics:D6":23,"HandDrill":14,"CCEMRelics:Barrel":30,"downfall:HeartBlessingRed":25,"aspiration:FetidBarrel":24,"downfall:HeartsMalice":0,"infinitespire:Joker Card":15,"Dota2Spire:HeartOfTarrasque":30,"Anchor":27,"reliquary:PorcupineQuills":15,"CCEMRelics:BiPhaseBiplane":24,"qcfpunch:Extra_Skeleton":13,"Slimebound:AbsorbEndCombat":0,"Black Star":9,"StrikeDummy":17,"FossilizedHelix":5},{"CCEMRelics:TeddyBear":110,"Rawhide":4,"downfall:HeartBlessingGreen":11,"Dota2Spire:Vanguard":34,"conspire:TopHat":18,"qcfpunch:Crimson_Sash":90,"Dota2Spire:Satanic":110,"downfall:HeartBlessingBlue":63,"Sundial":69,"infinitespire:Bottled Soul":101,"CCEMRelics:D6":98,"HandDrill":47,"CCEMRelics:Barrel":135,"downfall:HeartBlessingRed":103,"aspiration:FetidBarrel":101,"downfall:HeartsMalice":0,"infinitespire:Joker Card":54,"Dota2Spire:HeartOfTarrasque":135,"Anchor":114,"reliquary:PorcupineQuills":54,"CCEMRelics:BiPhaseBiplane":101,"qcfpunch:Extra_Skeleton":43,"Slimebound:AbsorbEndCombat":0,"Black Star":26,"StrikeDummy":69,"FossilizedHelix":11}]},"card_choices":[{"not_picked":["Slimebound:FinishingTackle","Slimebound:FlameTackle"],"picked":"Slimebound:SplitAcid","floor":2.0},{"not_picked":["Slimebound:Prepare","Slimebound:RollThrough"],"picked":"Slimebound:LivingWall","floor":3.0},{"not_picked":["Slimebound:Overexert","Slimebound:FinishingTackle"],"picked":"Slimebound:SlimeSpikes","floor":4.0},{"not_picked":["Slimebound:Prepare","Slimebound:FormOfPuddle"],"picked":"Slimebound:ViciousTackle","floor":5.0},{"not_picked":["Slimebound:SplitBruiser","Slimebound:LeadByExample"],"picked":"Slimebound:GoopSpray","floor":8.0},{"not_picked":["Slimebound:ForwardTackle","Slimebound:PressTheAttack"],"picked":"Slimebound:RollThrough","floor":10.0},{"not_picked":["infinitespire:Starlight","infinitespire:FinalStrike"],"picked":"infinitespire:Oblivion","floor":11.0},{"not_picked":["Slimebound:HauntingLick","Slimebound:SplitAcid"],"picked":"Slimebound:Recollect","floor":12.0},{"not_picked":["Slimebound:FinishingTackle","Slimebound:ComboTackle"],"picked":"Slimebound:SplitSpecialist","floor":15.0},{"not_picked":["Slimebound:SelfFormingGoo","Slimebound:WasteNot"],"picked":"Slimebound:MassFeed","floor":16.0},{"not_picked":["Slimebound:ItLooksTasty","Slimebound:ComboTackle"],"picked":"Slimebound:Prepare","floor":19.0},{"not_picked":["Slimebound:SplitAcid","Slimebound:PressTheAttack"],"picked":"Slimebound:LeechEnergy+1","floor":20.0},{"not_picked":["Slimebound:GoopTackle","Slimebound:ComboTackle+1"],"picked":"Slimebound:SpikyOuterGoop","floor":22.0},{"not_picked":["Slimebound:Teamwork","Slimebound:GoopSpray+1"],"picked":"Slimebound:ItLooksTasty","floor":25.0},{"not_picked":["Slimebound:AcidTongue+1","Slimebound:SplitLeeching"],"picked":"Slimebound:Gluttony","floor":26.0},{"not_picked":["Slimebound:GrowthPunch","Slimebound:Schlurp"],"picked":"Slimebound:RollThrough+1","floor":27.0},{"not_picked":["Slimebound:SlimeBrawl+1","Slimebound:LivingWall+1"],"picked":"Slimebound:OneTwoCombo","floor":29.0},{"not_picked":["Slimebound:RollThrough+1","Slimebound:ComboTackle","Slimebound:DivideAndConquer"],"picked":"SKIP","floor":30.0},{"not_picked":["Slimebound:SplitLeeching+1","Slimebound:Prepare"],"picked":"Slimebound:SlimeTap","floor":31.0},{"not_picked":["Slimebound:Dissolve","Slimebound:RejuvenatingLick","Slimebound:ForwardTackle"],"picked":"SKIP","floor":32.0},{"not_picked":["Slimebound:SlimeSlap","Slimebound:MinionMaster"],"picked":"Slimebound:Overexert","floor":33.0},{"not_picked":["Slimebound:PressTheAttack+1","Slimebound:HauntingLick","Slimebound:LeechEnergy"],"picked":"SKIP","floor":36.0},{"not_picked":["Slimebound:Chomp","Slimebound:Repurpose"],"picked":"Slimebound:FlameTackle+1","floor":40.0},{"not_picked":["Slimebound:ItLooksTasty+1","Slimebound:HungryTackle"],"picked":"Slimebound:Schlurp+1","floor":42},{"not_picked":["Slimebound:FirmFortitude","Slimebound:ForwardTackle","Slimebound:SplitMire+1"],"picked":"SKIP","floor":46},{"not_picked":["Slimebound:SlimeSpikes+1","Slimebound:SplitSpecialist"],"picked":"Slimebound:LeechLife","floor":47},{"not_picked":["Slimebound:ServeAndProtect","Slimebound:DivideAndConquer+1","Slimebound:FinishingTackle+1"],"picked":"SKIP","floor":49},{"not_picked":["Slimebound:SplitMire+1","Slimebound:GoopTackle","Slimebound:Repurpose"],"picked":"SKIP","floor":52}],"player_experience":616564,"relics_obtained":[{"floor":7.0,"key":"Rawhide"},{"floor":8.0,"key":"FossilizedHelix"},{"floor":12.0,"key":"conspire:TopHat"},{"floor":26.0,"key":"reliquary:PorcupineQuills"},{"floor":26.0,"key":"infinitespire:Joker Card"},{"floor":29.0,"key":"StrikeDummy"},{"floor":29.0,"key":"Sundial"},{"floor":37.0,"key":"CCEMRelics:D6"},{"floor":41.0,"key":"aspiration:FetidBarrel"},{"floor":46,"key":"Dota2Spire:Satanic"},{"floor":46,"key":"CCEMRelics:TeddyBear"},{"floor":47,"key":"Anchor"},{"floor":52,"key":"Dota2Spire:HeartOfTarrasque"},{"floor":52,"key":"CCEMRelics:Barrel"}],"event_choices":[{"cards_removed":["Slimebound:Defend_Slimebound"],"damage_healed":0.0,"max_hp_gain":0.0,"max_hp_loss":0.0,"gold_gain":0.0,"event_name":"Falling","player_choice":"Removed Skill","floor":38.0,"gold_loss":0.0,"damage_taken":0.0}],"is_beta":false,"boss_relics":[{"not_picked":["infinitespire:Cupcake","CCEMRelics:DefectiveTurbocharger"],"picked":"Black Star"},{"not_picked":["hubris:GrandSneckoEye","reliquary:Craggleroot"],"picked":"qcfpunch:Crimson_Sash"}],"items_purged_floors":[25],"is_endless":false,"potions_floor_spawned":[5,8,12,19,22,23,27,31,37,42,47],"ascension_level":1}}