{"host":"tml1x4ylw9tadh99","time":1612872765,"event":{"mods":["AchievementEnabler","Act Like it!","BaseMod","Bestiary","Colored Map","Colored Powertips","DeckTracker","Friendly Minions","GifTheSpireLib","Minty Spire (QoL Compilation)","Quick Restart","Random Character Button","Random Character Mod","Relic Stats","StSLib","Synergy Search"],"gold_per_floor":[118,138,151,151,170,203,203,203,228,228,248,248,281,295,295,390,390,402,402,413,35,55,55,82,97,124,149,6,6,21,21,21,121,121,134,134,134,144,144,144],"floor_reached":39,"language":"ENG","playtime":4244,"items_purged":["Strike_G+1"],"score":481,"play_id":"6c9c7719-ce55-4089-ba31-8a6fa0711da3","local_time":"20210209131245","is_ascension_mode":false,"campfire_choices":[{"data":"Corpse Explosion","floor":7,"key":"SMITH"},{"data":"Catalyst","floor":10,"key":"SMITH"},{"floor":15,"key":"REST"},{"data":"Burst","floor":23,"key":"SMITH"},{"data":"Catalyst","floor":29,"key":"SMITH"},{"floor":32,"key":"REST"}],"circlet_count":0,"master_deck":["Strike_G+1","Strike_G+1","Strike_G+1","Strike_G+1","Defend_G+1","Defend_G+1","Defend_G+1","Defend_G+1","Defend_G+1","Survivor","Neutralize","Corpse Explosion+1","Catalyst+1","Blur","Infinite Blades","Catalyst+1","Catalyst","Burst+1","Prepared+1","Footwork","Outmaneuver+1","Outmaneuver","Bullet Time","Catalyst+1","Madness","Madness"],"relics":["Ring of the Snake","Centennial Puzzle","Regal Pillow","MealTicket","Runic Pyramid","Ice Cream","Mummified Hand","Ancient Tea Set","Blood Vial","Pen Nib","WristBlade"],"acts_visited":["Exordium","TheCity","TheBeyond"],"potions_floor_usage":[27,27,27,39,39],"damage_taken":[{"damage":0,"enemies":"2 Louse","floor":1,"turns":2},{"damage":0,"enemies":"Jaw Worm","floor":2,"turns":5},{"damage":0,"enemies":"Small Slimes","floor":3,"turns":3},{"damage":1,"enemies":"Exordium Wildlife","floor":5,"turns":4},{"damage":8,"enemies":"Lagavulin","floor":6,"turns":9},{"damage":0,"enemies":"Lots of Slimes","floor":11,"turns":1},{"damage":9,"enemies":"3 Sentries","floor":13,"turns":4},{"damage":28,"enemies":"Exordium Thugs","floor":14,"turns":7},{"damage":17,"enemies":"Hexaghost","floor":16,"turns":5},{"damage":0,"enemies":"Chosen","floor":18,"turns":3},{"damage":4,"enemies":"2 Thieves","floor":20,"turns":5},{"damage":0,"enemies":"Cultist and Chosen","floor":22,"turns":4},{"damage":31,"enemies":"Gremlin Leader","floor":24,"turns":7},{"damage":0,"enemies":"Centurion and Healer","floor":25,"turns":3},{"damage":25,"enemies":"Slavers","floor":27,"turns":4},{"damage":0,"enemies":"Snecko","floor":30,"turns":2},{"damage":6,"enemies":"Collector","floor":33,"turns":3},{"damage":0,"enemies":"Orb Walker","floor":35,"turns":2},{"damage":0,"enemies":"3 Shapes","floor":38,"turns":3},{"damage":70,"enemies":"2 Orb Walkers","floor":39,"turns":4}],"seed_played":"-6105827145687879885","potions_obtained":[{"floor":6,"key":"AttackPotion"},{"floor":11,"key":"SteroidPotion"},{"floor":14,"key":"Strength Potion"},{"floor":16,"key":"EssenceOfSteel"},{"floor":20,"key":"AttackPotion"},{"floor":25,"key":"Regen Potion"},{"floor":33,"key":"SkillPotion"},{"floor":35,"key":"Poison Potion"}],"is_trial":false,"path_per_floor":["M","M","M","$","M","E","R","?","T","R","M","?","E","M","R","B",null,"M","?","M","$","M","R","E","M","T","E","?","R","M","$","R","B",null,"M","?","?","M","?"],"character_chosen":"THE_SILENT","items_purchased":["Ice Cream"],"campfire_rested":2,"item_purchase_floors":[21],"current_hp_per_floor":[63,63,63,63,62,54,54,54,54,54,54,54,45,17,50,33,63,63,63,59,63,63,63,32,32,32,21,21,21,23,38,63,57,63,63,55,55,57,0,0],"gold":144,"neow_bonus":"THREE_RARE_CARDS","is_daily":false,"chose_seed":false,"campfire_upgraded":4,"win_rate":0.0,"timestamp":1612872765,"path_taken":["M","M","M","$","M","E","R","?","T","R","M","?","E","M","R","BOSS","M","?","M","$","M","R","E","M","T","E","?","R","?","?","R","BOSS","M","?","?","?","?"],"items_purchased_type":["Relic"],"build_version":"2020-12-22","purchased_purges":1,"victory":false,"max_hp_per_floor":[63,63,63,63,63,63,63,63,63,63,63,63,63,63,63,63,63,63,63,63,63,63,63,63,63,63,63,63,63,63,63,63,63,63,63,63,63,63,63,63],"relic_stats":{"Blood Vial":6,"Centennial Puzzle":[24],"Regal Pillow":22,"counters":[20,80],"Mummified Hand":[7],"MealTicket":19,"Pen Nib":[0],"obtain_stats":[{"Ice Cream":21,"Blood Vial":27,"Centennial Puzzle":6,"Regal Pillow":9,"WristBlade":34,"Mummified Hand":24,"MealTicket":13,"Pen Nib":28,"Ancient Tea Set":26,"Ring of the Snake":0,"Runic Pyramid":17},{"Ice Cream":11,"Blood Vial":15,"Centennial Puzzle":5,"Regal Pillow":5,"WristBlade":17,"Mummified Hand":13,"MealTicket":7,"Pen Nib":15,"Ancient Tea Set":14,"Ring of the Snake":0,"Runic Pyramid":9},{"Ice Cream":48,"Blood Vial":66,"Centennial Puzzle":23,"Regal Pillow":23,"WristBlade":71,"Mummified Hand":59,"MealTicket":28,"Pen Nib":66,"Ancient Tea Set":62,"Ring of the Snake":0,"Runic Pyramid":40}],"Ring of the Snake":[40]},"card_choices":[{"not_picked":["Doppelganger","Burst"],"picked":"Corpse Explosion","floor":0.0},{"not_picked":["Sucker Punch","Poisoned Stab","Calculated Gamble"],"picked":"SKIP","floor":1},{"not_picked":["Outmaneuver","Infinite Blades"],"picked":"Catalyst","floor":2},{"not_picked":["Dodge and Roll","Backflip","Flying Knee"],"picked":"SKIP","floor":3},{"not_picked":["Backflip","Flying Knee"],"picked":"Blur","floor":5},{"not_picked":["Slice","Prepared","Quick Slash"],"picked":"SKIP","floor":6},{"not_picked":["Deflect","Outmaneuver"],"picked":"Infinite Blades","floor":11},{"not_picked":["Reflex","Riddle With Holes"],"picked":"Catalyst","floor":13},{"not_picked":["Finisher","Flying Knee"],"picked":"Catalyst","floor":14},{"not_picked":["Venomology","A Thousand Cuts"],"picked":"Burst","floor":16},{"not_picked":["Endless Agony","Underhanded Strike"],"picked":"Prepared+1","floor":18},{"not_picked":["Bane","Acrobatics+1","Endless Agony+1"],"picked":"SKIP","floor":20},{"not_picked":["Skewer+1","Choke"],"picked":"Footwork","floor":22},{"not_picked":["Sucker Punch","PiercingWail","Doppelganger"],"picked":"SKIP","floor":24},{"not_picked":["Underhanded Strike+1","Escape Plan"],"picked":"Outmaneuver+1","floor":25},{"not_picked":["Choke","Flying Knee","Dagger Throw"],"picked":"SKIP","floor":27},{"not_picked":["Infinite Blades","Terror+1"],"picked":"Outmaneuver","floor":30},{"not_picked":["Night Terror","Venomology"],"picked":"Bullet Time","floor":33},{"not_picked":["Flechettes+1","PiercingWail"],"picked":"Catalyst+1","floor":35},{"not_picked":["Sucker Punch+1","Poisoned Stab+1","Eviscerate+1"],"picked":"SKIP","floor":38}],"player_experience":27303,"relics_obtained":[{"floor":6,"key":"Centennial Puzzle"},{"floor":9,"key":"Regal Pillow"},{"floor":13,"key":"MealTicket"},{"floor":24,"key":"Mummified Hand"},{"floor":26,"key":"Ancient Tea Set"},{"floor":27,"key":"Blood Vial"}],"event_choices":[{"damage_healed":0,"gold_gain":0,"player_choice":"Ignored","damage_taken":0,"max_hp_gain":0,"max_hp_loss":0,"event_name":"Golden Idol","floor":8,"gold_loss":0},{"damage_healed":0,"gold_gain":0,"player_choice":"Ignored","damage_taken":0,"max_hp_gain":0,"max_hp_loss":0,"event_name":"Shining Light","floor":12,"gold_loss":0},{"damage_healed":0,"gold_gain":0,"player_choice":"Simplicity","damage_taken":0,"max_hp_gain":0,"max_hp_loss":0,"event_name":"Back to Basics","floor":19,"gold_loss":0,"cards_upgraded":["Strike_G","Strike_G","Strike_G","Strike_G","Strike_G","Defend_G","Defend_G","Defend_G","Defend_G","Defend_G"]},{"damage_healed":0,"gold_gain":0,"player_choice":"Paid Gold","damage_taken":0,"relics_obtained":["Pen Nib"],"max_hp_gain":0,"max_hp_loss":0,"event_name":"WeMeetAgain","floor":28,"gold_loss":143},{"damage_healed":0,"gold_gain":0,"player_choice":"Embrace Madness","damage_taken":8,"max_hp_gain":0,"max_hp_loss":0,"event_name":"Winding Halls","floor":36,"gold_loss":0,"cards_obtained":["Madness","Madness"]},{"damage_healed":0,"gold_gain":0,"player_choice":"Ignored","damage_taken":0,"max_hp_gain":0,"max_hp_loss":0,"event_name":"NoteForYourself","floor":37,"gold_loss":0},{"damage_healed":0,"gold_gain":0,"player_choice":"Fight","damage_taken":0,"max_hp_gain":0,"max_hp_loss":0,"event_name":"Mysterious Sphere","floor":39,"gold_loss":0}],"is_beta":false,"boss_relics":[{"not_picked":["Astrolabe","Philosopher\u0027s Stone"],"picked":"Runic Pyramid"},{"not_picked":["Velvet Choker","Ring of the Serpent"],"picked":"WristBlade"}],"items_purged_floors":[21],"is_endless":false,"potions_floor_spawned":[6,11,14,16,20,25,33,35],"killed_by":"2 Orb Walkers","ascension_level":0}}