{"host":"8fl9fk3sx00hvnsh","time":1612896502,"event":{"mods":["BaseMod","Bestiary","Bossed Relics","Colored Powertips","Custom Start","Downfall","Minty Spire (QoL Compilation)","Reliquary","Replay The Spire","StSLib","The Blue Laboratory","The Dragon Tamer","The Gatherer","The Marked","The Wild Card"],"gold_per_floor":[99,117,117,133,145,175,199,99,113,113,124,24,39,139,156,156,156,156],"floor_reached":16,"language":"ENG","playtime":1117,"items_purged":[],"score":104,"play_id":"f4444d3d-c551-4475-a944-945cc310832d","local_time":"20210209134822","is_ascension_mode":false,"campfire_choices":[{"floor":1,"key":"DIG"},{"floor":8,"key":"REST"},{"floor":12,"key":"REST"}],"circlet_count":0,"master_deck":["Guardian:Strike_Guardian","Guardian:Strike_Guardian","Guardian:Strike_Guardian","Guardian:Defend_Guardian","Guardian:Defend_Guardian","Guardian:Defend_Guardian","Guardian:CurlUp","Guardian:TwinSlam","Guardian:BronzeOrb","Guardian:TemporalStrike","Guardian:BronzeOrb","Guardian:FuturePlans","Guardian:Gem_Yellow","Guardian:MultiBeam+1","Guardian:Planning","Guardian:Suspension","Guardian:Gem_Lightblue"],"relics":["Guardian:ModeShifter","TungstenRod","Guardian:PickAxe","Happy Flower","downfall:HeartBlessingBlue","downfall:HeartBlessingGreen"],"acts_visited":["Exordium"],"potions_floor_usage":[14],"damage_taken":[{"damage":1,"enemies":"Small Slimes","floor":2,"turns":4},{"damage":5,"enemies":"Cultist","floor":4,"turns":3},{"damage":6,"enemies":"Jaw Worm","floor":5,"turns":3},{"damage":64,"enemies":"Lagavulin","floor":6,"turns":12},{"damage":5,"enemies":"Exordium Wildlife","floor":9,"turns":3},{"damage":1,"enemies":"Blue Slaver","floor":11,"turns":3},{"damage":5,"enemies":"3 Louse","floor":13,"turns":3},{"damage":19,"enemies":"downfall:Heads","floor":14,"turns":9},{"damage":0,"enemies":"Exordium Wildlife","floor":15,"turns":2},{"damage":34,"enemies":"IC_STATUS_ARCHETYPE","floor":16,"turns":8}],"seed_played":"-8634709004062681535","potions_obtained":[{"floor":2,"key":"Elixir"},{"floor":4,"key":"Elixir"},{"floor":9,"key":"Guardian:BlockOnCardUsePotion"},{"floor":11,"key":"Guardian:StasisDiscoveryPotion"},{"floor":13,"key":"blueLaboratory:PolymorphPotion"}],"is_trial":false,"path_per_floor":["R","M","?","M","M","E","T","R","M","R","M","R","M","?","M","B"],"character_chosen":"GUARDIAN","items_purchased":[],"campfire_rested":2,"item_purchase_floors":[],"current_hp_per_floor":[80,79,77,72,66,2,2,38,33,33,32,58,53,34,34,0,0,0],"gold":156,"neow_bonus":"ONE_RARE_RELIC","is_daily":false,"chose_seed":false,"campfire_upgraded":0,"win_rate":0.0,"timestamp":1612896502,"path_taken":["R","M","?","?","M","E","T","R","M","R","?","R","M","?","M","BOSS"],"items_purchased_type":[],"build_version":"2020-12-22","purchased_purges":0,"victory":false,"max_hp_per_floor":[80,80,77,77,77,77,77,87,87,87,87,87,87,87,87,87,87,87],"card_choices":[{"not_picked":["Guardian:Gem_Cyan","Guardian:ArmoredProtocol"],"picked":"Guardian:BronzeOrb","floor":2},{"not_picked":["Guardian:Gem_Lightblue","Guardian:Incinerate"],"picked":"Guardian:TemporalStrike","floor":4},{"not_picked":["Guardian:Incinerate","Guardian:PrismaticBeam"],"picked":"Guardian:BronzeOrb","floor":5},{"not_picked":["Guardian:EvasiveProtocol","Guardian:TimeBomb"],"picked":"Guardian:Gem_Lightblue","floor":6},{"not_picked":["Guardian:Gem_Crimson","Guardian:Recover"],"picked":"Guardian:FuturePlans","floor":9},{"not_picked":["Guardian:BronzeArmor","Guardian:PrimingBeam"],"picked":"Guardian:Gem_Lightblue","floor":11},{"not_picked":["Guardian:Harden","Guardian:PiercingHide"],"picked":"Guardian:MultiBeam","floor":13},{"not_picked":["Guardian:PiercingHide","Guardian:EvasiveProtocol"],"picked":"Guardian:Suspension","floor":14},{"not_picked":["Guardian:WalkerClaw","Guardian:Preprogram"],"picked":"Guardian:Gem_Lightblue","floor":15}],"player_experience":253617,"relics_obtained":[{"floor":1,"key":"Guardian:PickAxe"},{"floor":6,"key":"Happy Flower"}],"event_choices":[],"is_beta":false,"boss_relics":[],"items_purged_floors":[],"is_endless":false,"potions_floor_spawned":[2,4,9,11,13],"killed_by":"IC_STATUS_ARCHETYPE","ascension_level":0}}