{"host":"vfg9szunmpjwj08o","time":1612861736,"event":{"mods":["Act Like it!","BaseMod","Challenge The Spire","Colored Map","Colored Powertips","Conspire","Dark Map","Minty Spire (QoL Compilation)","Relic Stats","StSLib","Waifu the Spire"],"gold_per_floor":[119,119,139,157,157,157,157],"floor_reached":6,"language":"ENG","playtime":247,"items_purged":[],"score":77,"play_id":"73ff6070-8eb3-4487-97b0-e91ad921d462","local_time":"20210209100856","is_ascension_mode":true,"campfire_choices":[],"circlet_count":0,"master_deck":["conspire:GhostlyStrike","conspire:GhostlyStrike","conspire:GhostlyDefend","conspire:GhostlyDefend","conspire:GhostlyDefend","conspire:GhostlyDefend","Eruption","Vigilance","EmptyBody","Nirvana"],"relics":["PureWater","Turnip"],"acts_visited":["Exordium"],"potions_floor_usage":[],"damage_taken":[{"damage":0,"enemies":"Cultist","floor":1,"turns":2},{"damage":2,"enemies":"Small Slimes","floor":3,"turns":3},{"damage":3,"enemies":"Jaw Worm","floor":4,"turns":7},{"damage":16,"enemies":"Lagavulin","floor":6,"turns":4}],"seed_played":"-7614514392120357577","potions_obtained":[{"floor":3,"key":"LiquidMemories"}],"is_trial":false,"path_per_floor":["M","?","M","M","?","E"],"character_chosen":"WATCHER","items_purchased":[],"campfire_rested":0,"item_purchase_floors":[],"current_hp_per_floor":[47,40,38,35,35,19,19],"gold":157,"neow_bonus":"TRANSFORM_TWO_CARDS","is_daily":false,"chose_seed":false,"campfire_upgraded":0,"win_rate":0.0,"timestamp":1612861736,"path_taken":["M","?","M","M","?","E"],"items_purchased_type":[],"build_version":"2020-12-22","purchased_purges":0,"victory":false,"max_hp_per_floor":[72,72,72,72,72,72,72],"relic_stats":{"counters":[4,16],"Turnip":[0],"obtain_stats":[{"Turnip":2,"PureWater":0},{"Turnip":1,"PureWater":0},{"Turnip":2,"PureWater":0}]},"card_choices":[{"not_picked":["CrushJoints","Halt","ClearTheMind"],"picked":"SKIP","floor":1},{"not_picked":["DeceiveReality","ReachHeaven"],"picked":"EmptyBody","floor":3},{"not_picked":["EmptyFist","ForeignInfluence"],"picked":"Nirvana","floor":4}],"player_experience":1098974,"relics_obtained":[],"event_choices":[{"damage_healed":0,"gold_gain":0,"player_choice":"Success","damage_taken":7,"relics_obtained":["Turnip"],"max_hp_gain":0,"max_hp_loss":0,"event_name":"Scrap Ooze","floor":2,"gold_loss":0},{"damage_healed":0,"gold_gain":0,"player_choice":"Agree","damage_taken":0,"max_hp_gain":0,"max_hp_loss":0,"event_name":"conspire:LoneGhost","floor":5,"gold_loss":0}],"is_beta":false,"boss_relics":[],"items_purged_floors":[],"is_endless":false,"potions_floor_spawned":[3],"killed_by":"Lagavulin","ascension_level":9}}