{"host":"za51qju8r56bcr85","time":1612872851,"event":{"mods":["Act Like it!","BaseMod","Block Reminder","Conspire","Googly Eyes","Minty Spire (QoL Compilation)","Quick Restart","Relic Sorter","Relic Stats","Shop Mod","StSLib","SuperFastMode"],"gold_per_floor":[114,189,189,20,31,61,88,123,123,123,156,156,190,140,140,225,225,261,261,261,38,38,67,99,156,156,212,212,212,230,245,245,320,320,332,380,433,433,130,161,187,221,221,246,114,141,141,461,461,485,485,485,485,224,265,281],"floor_reached":57,"language":"ZHS","playtime":1745,"items_purged":["Anger","Wild Strike","Demon Form+1","Shrug It Off"],"score":3843,"play_id":"a1818312-a383-4fc9-9b7d-42cfbb1149ed","local_time":"20210209201411","daily_mods":["SealedDeck","Heirloom","Flight"],"is_ascension_mode":true,"campfire_choices":[{"data":"Armaments","floor":10.0,"key":"SMITH"},{"data":"Shockwave","floor":12.0,"key":"SMITH"},{"data":"True Grit","floor":15.0,"key":"SMITH"},{"floor":32,"key":"RECALL"},{"data":"Sentinel","floor":47,"key":"PURGE"},{"data":"Offering","floor":49,"key":"SMITH"},{"data":"Feel No Pain+1","floor":53,"key":"SMITH"}],"circlet_count":0,"master_deck":["AscendersBane","True Grit+1","Pommel Strike+1","Evolve+1","Shockwave+1","Armaments+1","Shrug It Off","Impervious","conspire:SpireCoStock","Offering+1","CurseOfTheBell","Feel No Pain+2","Disarm","Barricade+1","Body Slam","Warcry+1","Offering+1","Dark Embrace+1","Burning Pact+1","Intimidate+1","Seeing Red+1","Purity+1","Warcry+1","Intimidate+1"],"relics":["Burning Blood","TungstenRod","Frozen Eye","conspire:TreasureMap","Membership Card","Lizard Tail","Vajra","The Courier","Frozen Egg 2","Red Skull","Art of War","Calling Bell","conspire:InfiniteJournal","Meat on the Bone","Strawberry","Gambling Chip","Mummified Hand","Sundial","Pantograph","Orichalcum","conspire:GiftBox","Black Star","Du-Vu Doll","conspire:TopHat","Toxic Egg 2","Red Skull","Bag of Marbles","Girya","DollysMirror","Potion Belt","Turnip","Blue Candle","Bottled Lightning","Peace Pipe","CaptainsWheel","Prayer Wheel","StrikeDummy","Self Forming Clay","Lantern","Singing Bowl","Centennial Puzzle","Paper Frog","conspire:BottledYoYo","Bottled Tornado","Orrery","Anchor","Magic Flower","Toy Ornithopter"],"acts_visited":["Exordium","TheCity","TheBeyond","TheEnding"],"potions_floor_usage":[56,56,56],"damage_taken":[{"damage":0.0,"enemies":"Small Slimes","floor":1.0,"turns":3.0},{"damage":0.0,"enemies":"Jaw Worm","floor":5.0,"turns":4.0},{"damage":14.0,"enemies":"3 Sentries","floor":6.0,"turns":5.0},{"damage":2.0,"enemies":"Gremlin Nob","floor":7.0,"turns":3.0},{"damage":3.0,"enemies":"Lagavulin","floor":8.0,"turns":6.0},{"damage":7.0,"enemies":"Gremlin Nob","floor":11.0,"turns":4.0},{"damage":1.0,"enemies":"3 Sentries","floor":13.0,"turns":3.0},{"damage":0.0,"enemies":"Slime Boss","floor":16.0,"turns":7.0},{"damage":5.0,"enemies":"Spheric Guardian","floor":18.0,"turns":5.0},{"damage":6.0,"enemies":"Book of Stabbing","floor":23.0,"turns":5.0},{"damage":29.0,"enemies":"Slavers","floor":24.0,"turns":4.0},{"damage":11.0,"enemies":"Gremlin Leader","floor":25.0,"turns":9.0},{"damage":5,"enemies":"Shell Parasite","floor":27,"turns":12},{"damage":0,"enemies":"Chosen and Byrds","floor":30,"turns":1},{"damage":0,"enemies":"Snecko","floor":31,"turns":1},{"damage":0,"enemies":"Champ","floor":33,"turns":1},{"damage":0,"enemies":"3 Shapes","floor":35,"turns":1},{"damage":0,"enemies":"2 Orb Walkers","floor":37,"turns":1},{"damage":0,"enemies":"Nemesis","floor":40,"turns":1},{"damage":0,"enemies":"Giant Head","floor":41,"turns":1},{"damage":0,"enemies":"Nemesis","floor":42,"turns":1},{"damage":0,"enemies":"Reptomancer","floor":44,"turns":1},{"damage":0,"enemies":"Giant Head","floor":46,"turns":1},{"damage":10,"enemies":"Time Eater","floor":50,"turns":4},{"damage":0,"enemies":"Awakened One","floor":51,"turns":2},{"damage":5,"enemies":"Shield and Spear","floor":55,"turns":2},{"damage":10,"enemies":"The Heart","floor":56,"turns":4}],"seed_played":"3254596052297594173","potions_obtained":[{"floor":1.0,"key":"FearPotion"},{"floor":8.0,"key":"BloodPotion"},{"floor":11.0,"key":"DuplicationPotion"},{"floor":18.0,"key":"DuplicationPotion"},{"floor":27,"key":"SneckoOil"},{"floor":40,"key":"Ancient Potion"},{"floor":41,"key":"Swift Potion"},{"floor":46,"key":"Block Potion"}],"is_trial":true,"path_per_floor":["M","?","?","$","M","E","E","E","T","R","E","R","E","?","R","B",null,"M","?","?","$","T","E","E","E","T","M","?","?","M","M","R","B",null,"M","$","?","?","$","E","E","E","T","E","$","E","R","$","R","B","B",null,"R","$","E","B",null],"character_chosen":"IRONCLAD","items_purchased":["Membership Card","Gambling Chip","Mummified Hand","Du-Vu Doll","conspire:TopHat","Toxic Egg 2","Red Skull","Bag of Marbles","DollysMirror","Potion Belt","Turnip","Centennial Puzzle","Bottled Tornado","Orrery","Anchor","Purity+1","Warcry+1","Intimidate+1","LiquidMemories"],"campfire_rested":0,"item_purchase_floors":[4,21,21,36,36,36,36,36,39,39,39,45,48,54,54,54,54,54,54],"current_hp_per_floor":[74,64,42,42,48,40,44,47,47,47,61,61,66,66,66,72,81,82,82,82,82,82,82,59,54,54,55,32,32,50,56,56,87,87,87,87,87,78,78,84,87,87,87,89,89,91,91,91,91,87,91,91,91,97,99,99],"gold":281,"neow_bonus":"","is_daily":false,"chose_seed":false,"campfire_upgraded":5,"win_rate":0.0,"timestamp":1612872851,"path_taken":["M","?","?","?","?","E","E","E","T","R","E","R","E","?","R","BOSS","M","?","?","$","?","E","E","E","T","M","?","?","?","M","R","BOSS","M","?","?","?","$","E","E","E","T","E","?","E","R","$","R","BOSS","BOSS","R","$","E","BOSS"],"items_purchased_type":["Relic","Relic","Relic","Relic","Relic","Relic","Relic","Relic","Relic","Relic","Relic","Relic","Relic","Relic","Relic","Card","Card","Card","Potion"],"build_version":"2020-12-22","purchased_purges":4,"victory":true,"max_hp_per_floor":[75,75,75,75,75,75,75,75,75,75,75,75,75,75,75,75,82,82,82,82,82,82,82,82,82,82,82,87,87,87,87,87,87,87,87,87,87,87,87,87,87,87,87,89,89,91,91,91,91,91,91,91,91,97,99,99],"relic_stats":{"Singing Bowl":12,"counters":[28,93],"Self Forming Clay":[15],"Blue Candle":[1],"Magic Flower":[0],"Orichalcum":[12],"Burning Blood":116,"Peace Pipe":2,"Lizard Tail":0,"Centennial Puzzle":[9],"Mummified Hand":[23],"Sundial":[42],"Gambling Chip":[13],"Pantograph":29,"Prayer Wheel":0,"Turnip":[3],"Art of War":[11],"Black Star":6,"obtain_stats":[{"Lantern":44,"Singing Bowl":44,"Vajra":7,"Magic Flower":55,"Bottled Tornado":48,"Burning Blood":0,"conspire:TopHat":36,"conspire:InfiniteJournal":17,"Frozen Eye":1,"Lizard Tail":6,"Centennial Puzzle":45,"Mummified Hand":21,"Sundial":22,"DollysMirror":39,"Strawberry":17,"Gambling Chip":21,"Pantograph":23,"Prayer Wheel":42,"Toxic Egg 2":36,"Red Skull":11,"Paper Frog":46,"Potion Belt":39,"Girya":37,"conspire:TreasureMap":1,"Self Forming Clay":43,"Blue Candle":40,"The Courier":8,"Frozen Egg 2":9,"Orichalcum":24,"Calling Bell":17,"Du-Vu Doll":36,"Peace Pipe":41,"conspire:GiftBox":25,"CaptainsWheel":41,"Anchor":54,"Orrery":54,"Turnip":39,"Art of War":13,"Black Star":34,"Bag of Marbles":36,"conspire:BottledYoYo":46,"Membership Card":4,"Bottled Lightning":40,"StrikeDummy":42,"TungstenRod":0,"Toy Ornithopter":55,"Meat on the Bone":17},{"Lantern":23,"Singing Bowl":23,"Vajra":4,"Magic Flower":27,"Bottled Tornado":24,"Burning Blood":0,"conspire:TopHat":18,"conspire:InfiniteJournal":8,"Frozen Eye":1,"Lizard Tail":3,"Centennial Puzzle":23,"Mummified Hand":9,"Sundial":9,"DollysMirror":19,"Strawberry":8,"Gambling Chip":9,"Pantograph":10,"Prayer Wheel":22,"Toxic Egg 2":18,"Red Skull":6,"Paper Frog":24,"Potion Belt":19,"Girya":19,"conspire:TreasureMap":1,"Self Forming Clay":22,"Blue Candle":20,"The Courier":5,"Frozen Egg 2":5,"Orichalcum":11,"Calling Bell":8,"Du-Vu Doll":18,"Peace Pipe":21,"conspire:GiftBox":13,"CaptainsWheel":21,"Anchor":26,"Orrery":26,"Turnip":19,"Art of War":7,"Black Star":17,"Bag of Marbles":18,"conspire:BottledYoYo":24,"Membership Card":1,"Bottled Lightning":20,"StrikeDummy":22,"TungstenRod":0,"Toy Ornithopter":27,"Meat on the Bone":8},{"Lantern":80,"Singing Bowl":80,"Vajra":15,"Magic Flower":89,"Bottled Tornado":81,"Burning Blood":0,"conspire:TopHat":75,"conspire:InfiniteJournal":35,"Frozen Eye":1,"Lizard Tail":12,"Centennial Puzzle":80,"Mummified Hand":40,"Sundial":40,"DollysMirror":76,"Strawberry":35,"Gambling Chip":40,"Pantograph":45,"Prayer Wheel":79,"Toxic Egg 2":75,"Red Skull":25,"Paper Frog":81,"Potion Belt":76,"Girya":76,"conspire:TreasureMap":1,"Self Forming Clay":79,"Blue Candle":77,"The Courier":21,"Frozen Egg 2":21,"Orichalcum":49,"Calling Bell":35,"Du-Vu Doll":75,"Peace Pipe":78,"conspire:GiftBox":59,"CaptainsWheel":78,"Anchor":87,"Orrery":87,"Turnip":76,"Art of War":28,"Black Star":74,"Bag of Marbles":75,"conspire:BottledYoYo":81,"Membership Card":3,"Bottled Lightning":77,"StrikeDummy":79,"TungstenRod":0,"Toy Ornithopter":89,"Meat on the Bone":35}],"TungstenRod":28,"Toy Ornithopter":10,"Meat on the Bone":12},"card_choices":[{"not_picked":["True Grit","Havoc","Dropkick"],"picked":"SKIP","floor":1.0},{"not_picked":["Wild Strike","Pommel Strike","Heavy Blade"],"picked":"SKIP","floor":5.0},{"not_picked":["Cleave","Entrench"],"picked":"Shrug It Off","floor":6.0},{"not_picked":["Clash","Shrug It Off","Perfected Strike"],"picked":"SKIP","floor":7.0},{"not_picked":["Entrench","Warcry"],"picked":"Impervious","floor":8.0},{"not_picked":["Clash","Clothesline","Seeing Red"],"picked":"SKIP","floor":11.0},{"not_picked":["Clash","Clothesline","Seeing Red"],"picked":"SKIP","floor":11.0},{"not_picked":["Perfected Strike","Sword Boomerang","Infernal Blade"],"picked":"SKIP","floor":13.0},{"not_picked":["Demon Form+1","Barricade+1"],"picked":"Offering","floor":16.0},{"not_picked":["Pommel Strike","Brutality+1","Heavy Blade+1"],"picked":"SKIP","floor":18.0},{"not_picked":["Hemokinesis","Cleave","Flex"],"picked":"SKIP","floor":23.0},{"not_picked":["Fire Breathing+1","Intimidate"],"picked":"Disarm","floor":24.0},{"not_picked":["Juggernaut+1","Bludgeon"],"picked":"Demon Form+1","floor":25.0},{"not_picked":["Warcry","Perfected Strike","Disarm"],"picked":"SKIP","floor":25.0},{"not_picked":["Havoc","Searing Blow","Pummel"],"picked":"SKIP","floor":27},{"not_picked":["Havoc","Pummel","Heavy Blade"],"picked":"SKIP","floor":30},{"not_picked":["Twin Strike","Dual Wield","Pommel Strike"],"picked":"SKIP","floor":31},{"not_picked":["Reaper","Immolate"],"picked":"Barricade+1","floor":33},{"not_picked":["Shrug It Off","Body Slam","Heavy Blade"],"picked":"SKIP","floor":35},{"not_picked":["Shrug It Off","Heavy Blade"],"picked":"Body Slam","floor":35},{"not_picked":["Sword Boomerang","Headbutt"],"picked":"Warcry+1","floor":37},{"not_picked":["Havoc+1","Twin Strike+1"],"picked":"Dark Embrace+1","floor":40},{"not_picked":["Battle Trance+1","Body Slam+1","Pummel"],"picked":"SKIP","floor":41},{"not_picked":["conspire:Charge","Bludgeon"],"picked":"Burning Pact+1","floor":42},{"not_picked":["Pommel Strike+1","Anger","Body Slam"],"picked":"Singing Bowl","floor":44},{"not_picked":["Clothesline","Sword Boomerang+1","Power Through+1"],"picked":"Singing Bowl","floor":46},{"not_picked":["Cleave","Fire Breathing+1","Blood for Blood"],"picked":"Singing Bowl","floor":54},{"not_picked":["Pommel Strike+1","Inflame+1"],"picked":"Intimidate+1","floor":54},{"not_picked":["Clothesline","Shrug It Off+1"],"picked":"Seeing Red+1","floor":54},{"not_picked":["Hemokinesis","Perfected Strike","Flex+1"],"picked":"Singing Bowl","floor":54},{"not_picked":["True Grit+1","Pummel","Warcry+1"],"picked":"Singing Bowl","floor":54},{"not_picked":["Demon Form+1","Pommel Strike","Hemokinesis+1"],"picked":"Singing Bowl","floor":55}],"player_experience":1361443,"relics_obtained":[{"floor":6.0,"key":"Lizard Tail"},{"floor":7.0,"key":"Vajra"},{"floor":8.0,"key":"The Courier"},{"floor":9.0,"key":"Frozen Egg 2"},{"floor":11.0,"key":"Red Skull"},{"floor":13.0,"key":"Art of War"},{"floor":17.0,"key":"conspire:InfiniteJournal"},{"floor":17.0,"key":"Meat on the Bone"},{"floor":17.0,"key":"Strawberry"},{"floor":22.0,"key":"Sundial"},{"floor":23.0,"key":"Pantograph"},{"floor":24.0,"key":"Orichalcum"},{"floor":25.0,"key":"conspire:GiftBox"},{"floor":37,"key":"Girya"},{"floor":40,"key":"Blue Candle"},{"floor":40,"key":"Bottled Lightning"},{"floor":41,"key":"Peace Pipe"},{"floor":41,"key":"CaptainsWheel"},{"floor":42,"key":"Prayer Wheel"},{"floor":42,"key":"StrikeDummy"},{"floor":43,"key":"Self Forming Clay"},{"floor":44,"key":"Lantern"},{"floor":44,"key":"Singing Bowl"},{"floor":46,"key":"Paper Frog"},{"floor":46,"key":"conspire:BottledYoYo"},{"floor":55,"key":"Magic Flower"},{"floor":55,"key":"Toy Ornithopter"}],"event_choices":[{"damage_healed":0.0,"max_hp_gain":0.0,"max_hp_loss":0.0,"gold_gain":75.0,"event_name":"World of Goop","player_choice":"Gather Gold","floor":2.0,"gold_loss":0.0,"damage_taken":11.0},{"damage_healed":0.0,"max_hp_gain":0.0,"max_hp_loss":0.0,"gold_gain":0.0,"event_name":"Shining Light","player_choice":"Entered Light","floor":3.0,"gold_loss":0.0,"damage_taken":23.0,"cards_upgraded":["Evolve","Pommel Strike"]},{"damage_healed":0.0,"max_hp_gain":0.0,"max_hp_loss":0.0,"gold_gain":0.0,"event_name":"conspire:Investor","player_choice":"Invest 1","floor":14.0,"gold_loss":0.0,"damage_taken":0.0},{"damage_healed":0.0,"max_hp_gain":0.0,"max_hp_loss":0.0,"gold_gain":0.0,"event_name":"The Library","player_choice":"Read","floor":19.0,"gold_loss":0.0,"damage_taken":0.0,"cards_obtained":["Feel No Pain"]},{"damage_healed":0.0,"max_hp_gain":0.0,"max_hp_loss":0.0,"gold_gain":0.0,"event_name":"Vampires","player_choice":"Ignored","floor":20.0,"gold_loss":0.0,"damage_taken":0.0},{"damage_healed":0,"gold_gain":0,"player_choice":"Shed Blood","damage_taken":29,"max_hp_gain":5,"max_hp_loss":0,"event_name":"Forgotten Altar","floor":28,"gold_loss":0},{"cards_removed":["Whirlwind"],"damage_healed":0,"gold_gain":0,"player_choice":"Elegance","damage_taken":0,"max_hp_gain":0,"max_hp_loss":0,"event_name":"Back to Basics","floor":29,"gold_loss":0},{"damage_healed":0,"gold_gain":0,"player_choice":"Fight","damage_taken":0,"max_hp_gain":0,"max_hp_loss":0,"event_name":"Mysterious Sphere","floor":37,"gold_loss":0},{"damage_healed":0,"gold_gain":0,"player_choice":"Memory 3","damage_taken":10,"max_hp_gain":0,"max_hp_loss":0,"event_name":"SensoryStone","floor":38,"gold_loss":0}],"is_beta":false,"boss_relics":[{"not_picked":["conspire:RoyalGoblet","SacredBark"],"picked":"Calling Bell"},{"not_picked":["Busted Crown","Runic Dome"],"picked":"Black Star"}],"items_purged_floors":[36,39,45,48],"is_endless":false,"potions_floor_spawned":[1,8,11,13,18,27,31,33,40,41,46],"ascension_level":20}}