{"host":"1zjc08c6hob33401","time":1612910503,"event":{"mods":["AchievementEnabler","Act Like it!","Aspiration","BaseMod","Downfall","Elementarium","Energized Spire","Evolution","Friendly Minions","Gensokyo","GifTheSpireLib","Hubris","Infinite Spire","Jedi Mod","Menagerie","Minty Spire (QoL Compilation)","Pale of the Ancients","Quick Restart","Reliquary","Replay The Spire","Retaliation","Shop Mod","Spicy Shops","Spire Arcade","StS++","StSLib","Stuff the Spire","The Blue Laboratory","Wandering Minibosses","??????REMEMod"],"gold_per_floor":[114,114,133,145,157,157,166,193,238,238,94,94,94,128,128,208,208,246,278,20,43,70,93,93,93],"floor_reached":24,"language":"RUS","playtime":1283,"items_purged":["Injury","Elementarium:StickyTar"],"score":381,"play_id":"3e5ef395-b36f-4a2a-afa5-e6f13eccd8a2","local_time":"20210210004143","is_ascension_mode":true,"campfire_choices":[{"data":"Judgement","floor":6.0,"key":"SMITH"},{"data":"Genetic Algorithm","floor":10.0,"key":"SMITH"},{"data":"FIFO Queue","floor":15.0,"key":"SMITH"}],"circlet_count":0,"master_deck":["AscendersBane","Compile Driver","Sweeping Beam","Ball Lightning","Leap","jedi:BurstFrost","Conserve Battery","Zap","Judgement+1","Ball Lightning","Defragment","Genetic Algorithm+1","Self Repair","REME_DataAnalysis","FIFO Queue+1","All For One","REME_ForAll","Gash","Conserve Battery+1","Turbo+1","Steam"],"relics":["Cracked Core","EVO:Axolotl","REME_ComplimentaryCards","CeramicFish","aspiration:ChemicalBlood","Pear","StSpp:PetrifiedCaterpillar","Replay:Drink Me","Art of War"],"acts_visited":["Gensokyo:Gensokyo","Elementarium:Elementarium"],"potions_floor_usage":[],"damage_taken":[{"damage":0.0,"enemies":"Gensokyo:3_Fairies","floor":1.0,"turns":3.0},{"damage":0.0,"enemies":"Gensokyo:Gryphon","floor":3.0,"turns":2.0},{"damage":5.0,"enemies":"Gensokyo:2_Kodama","floor":4.0,"turns":2.0},{"damage":8.0,"enemies":"Gensokyo:5_Fairies","floor":5.0,"turns":4.0},{"damage":10.0,"enemies":"Gensokyo:Python_and_Kodama","floor":8.0,"turns":3.0},{"damage":8.0,"enemies":"Gensokyo:Aya","floor":14.0,"turns":3.0},{"damage":45.0,"enemies":"Gensokyo:Reimu","floor":16.0,"turns":13.0},{"damage":3.0,"enemies":"Elementarium:MUD_AND_TAR_GOLEMS","floor":18.0,"turns":3.0},{"damage":0.0,"enemies":"Elementarium:2_ELEMENTALS","floor":19.0,"turns":3.0},{"damage":15.0,"enemies":"Elementarium:Hydrostalker","floor":21.0,"turns":8.0},{"damage":18.0,"enemies":"Elementarium:STONE_GOLEMS","floor":22.0,"turns":6.0},{"damage":15.0,"enemies":"Elementarium:RubyGolem","floor":23.0,"turns":6.0},{"damage":0,"enemies":"Elementarium:ElementalPortal","floor":24,"turns":1}],"seed_played":"-1215040349827224349","potions_obtained":[{"floor":4.0,"key":"champ:CounterPotion"},{"floor":21.0,"key":"jedi:coolantleak"},{"floor":22.0,"key":"Slimebound:ThreeZeroPotion"}],"is_trial":false,"path_per_floor":["M","?","M","M","M","R","?","M","T","R","$","?","?","E","R","B",null,"M","M","$","M","M","M","E"],"character_chosen":"DEFECT","items_purchased":["FIFO Queue","Art of War"],"campfire_rested":0,"item_purchase_floors":[11,20],"current_hp_per_floor":[75,79,79,74,66,66,66,63,63,63,63,53,58,50,50,12,55,52,52,52,44,33,25,25,25],"gold":93,"neow_bonus":"TEN_PERCENT_HP_BONUS","is_daily":false,"chose_seed":false,"campfire_upgraded":3,"win_rate":0.0,"timestamp":1612910503,"path_taken":["M","?","?","M","M","R","?","?","T","R","$","?","?","E","R","BOSS","M","?","$","?","M","M","E"],"items_purchased_type":["Card","Relic"],"build_version":"2020-12-22","purchased_purges":2,"victory":false,"max_hp_per_floor":[82,82,82,82,82,82,82,82,82,82,82,92,92,92,92,92,69,69,69,69,69,69,69,69,69],"card_choices":[{"not_picked":["StuffTheSpire:GlassShard","Stack"],"picked":"Ball Lightning","floor":1.0},{"not_picked":["Rebound","StuffTheSpire:NuclearReactor"],"picked":"Defragment","floor":3.0},{"not_picked":["jedi:BurstLightning","Undo"],"picked":"Genetic Algorithm","floor":4.0},{"not_picked":["Capacitor","Redo"],"picked":"Self Repair","floor":5.0},{"not_picked":["Conserve Battery","Sweeping Beam"],"picked":"REME_DataAnalysis","floor":8.0},{"not_picked":["ReplaySort","FTL"],"picked":"All For One","floor":14.0},{"not_picked":["Seek","jedi:gatheringstorm"],"picked":"REME_ForAll","floor":16.0},{"not_picked":["Steam","Coolheaded"],"picked":"Gash","floor":18.0},{"not_picked":["aspiration:Polymerization","Leap","StuffTheSpire:LoadUp"],"picked":"SKIP","floor":19.0},{"not_picked":["jedi:blockon","ReplayTheSpireMod:Repulse"],"picked":"Conserve Battery+1","floor":21.0},{"not_picked":["ReplayTheSpireMod:Reroute Power","Amplify"],"picked":"Turbo+1","floor":22.0},{"not_picked":["Compile Driver","StuffTheSpire:Plugnplay+1"],"picked":"Steam","floor":23.0}],"player_experience":744885,"relics_obtained":[{"floor":9.0,"key":"aspiration:ChemicalBlood"},{"floor":14.0,"key":"StSpp:PetrifiedCaterpillar"}],"event_choices":[],"is_beta":false,"boss_relics":[{"not_picked":["Coffee Dripper","Ring of Chaos"],"picked":"Replay:Drink Me"}],"items_purged_floors":[11,20],"is_endless":false,"potions_floor_spawned":[4,21,22],"killed_by":"Elementarium:ElementalPortal","ascension_level":19}}