{"host":"5rycm1ajjg5acc5q","time":1612888682,"event":{"mods":["BaseMod","Better Third Choice","Downfall","Highlight Path","Minty Spire (QoL Compilation)","Replay The Spire","StSLib"],"gold_per_floor":[99,99,99,99,99,99,124,149,164,182,82,95,95,108,124,226,226,26,44,57,157,157,157,180,180,200,8,208,227,44,54,69,167,167,167,186,186,96,96,108,108,108,124,171,185,185,185,205,222,222,222,250,30,30,30,30],"floor_reached":57,"language":"ENG","playtime":24947,"items_purged":["downfall:Haunted"],"score":1309,"play_id":"13d70c4a-7adb-446d-91cb-d08118e56af4","local_time":"20210209103802","is_ascension_mode":false,"campfire_choices":[{"data":"Guardian:TwinSlam","floor":1,"key":"SMITH"},{"data":"Replay:GuardianBash","floor":6,"key":"SMITH"},{"floor":11,"key":"RECALL"},{"data":"Guardian:Preprogram","floor":13,"key":"SMITH"},{"data":"Pain","floor":18,"key":"PURGE"},{"data":"Slimebound:CheckThePlaybook","floor":25,"key":"SMITH"},{"floor":35,"key":"DIG"},{"data":"expansioncontent:LastStand","floor":42,"key":"SMITH"},{"data":"Guardian:RefractedBeam+1","floor":47,"key":"SMITH"},{"data":"Guardian:AncientConstruct","floor":54,"key":"SMITH"}],"circlet_count":0,"master_deck":["Guardian:Strike_Guardian+1","Guardian:Defend_Guardian+1","Guardian:Defend_Guardian+1","Guardian:Defend_Guardian+1","Guardian:Defend_Guardian+1","Guardian:TwinSlam+1","Guardian:TimeBomb+1","Guardian:TimeCapacitor+1","Replay:GuardianBash+1","Guardian:SpikerProtocol+1","Guardian:Preprogram+1","Guardian:SentryBeam+1","Guardian:StasisField+1","Guardian:TemporalShield+1","Guardian:TemporalStrike+1","Slimebound:CheckThePlaybook+1","Guardian:PolyBeam+1","Pot Of Greed+1","Pot Of Greed+1","Guardian:ChargeCore+1","Pot Of Greed+1","Guardian:ChargeCore+1","Guardian:Incinerate+1","Guardian:TemporalStrike+1","expansioncontent:DashGenerateEvil+1","Guardian:FloatingOrbs+1","Guardian:SentryBeam+1","Guardian:Recover+1","AbeCurse","Guardian:Preprogram+1","Guardian:TemporalShield+1","Pot Of Greed+1","Guardian:Incinerate+1","expansioncontent:LastStand+1","Guardian:BronzeOrb+1","Guardian:Planning","Guardian:RefractedBeam+2","Guardian:HyperBeam_Guardian+1","Guardian:Clone+1","Guardian:AncientConstruct+1","Guardian:EvasiveProtocol"],"relics":["downfall:HeartsMalice","WarpedTongs","m_GuardianBlood","Centennial Puzzle","bronze:MakeshiftBattery","Lizard Tail","Garlic","Boot","Grinning Jar","Guardian:BottledStasis","Replay:Grab Bag","Coffee Dripper","Abe\u0027s Treasure","Astrolabe","Lantern","Calipers","Molten Egg 2","Akabeko","Oddly Smooth Stone","Toolbox"],"acts_visited":["Exordium","TheCity","TheBeyond","TheEnding"],"potions_floor_usage":[16,16,20,26,27,27,33,50,55,56],"damage_taken":[{"damage":0,"enemies":"Small Slimes","floor":2,"turns":1},{"damage":0,"enemies":"Cultist","floor":4,"turns":1},{"damage":0,"enemies":"3 Sentries","floor":8,"turns":1},{"damage":10,"enemies":"Jaw Worm","floor":9,"turns":5},{"damage":16,"enemies":"Blue Slaver","floor":10,"turns":5},{"damage":14,"enemies":"3 Louse","floor":12,"turns":3},{"damage":3,"enemies":"Large Slime","floor":14,"turns":4},{"damage":5,"enemies":"Blue Slaver","floor":15,"turns":3},{"damage":9,"enemies":"IC_STATUS_ARCHETYPE","floor":16,"turns":7},{"damage":6,"enemies":"Shell Parasite","floor":19,"turns":4},{"damage":8,"enemies":"Centurion and Healer","floor":20,"turns":5},{"damage":4,"enemies":"DF_ARCHETYPE_STREAMLINE","floor":21,"turns":8},{"damage":9,"enemies":"Cultist and Chosen","floor":26,"turns":4},{"damage":15,"enemies":"downfall:FleeingMerchant","floor":27,"turns":4},{"damage":9,"enemies":"Shelled Parasite and Fungi","floor":29,"turns":4},{"damage":8,"enemies":"downfall:FleeingMerchant","floor":30,"turns":4},{"damage":0,"enemies":"Centurion and Healer","floor":31,"turns":3},{"damage":13,"enemies":"Cultist and Chosen","floor":32,"turns":3},{"damage":9,"enemies":"WA_ARCHETYPE_CALM","floor":33,"turns":8},{"damage":8,"enemies":"3 Shapes","floor":36,"turns":3},{"damage":0,"enemies":"3 Darklings","floor":40,"turns":3},{"damage":2,"enemies":"Sphere and 2 Shapes","floor":43,"turns":3},{"damage":6,"enemies":"R_Hoarder","floor":44,"turns":7},{"damage":3,"enemies":"4 Shapes","floor":45,"turns":3},{"damage":0,"enemies":"Jaw Worm Horde","floor":48,"turns":2},{"damage":33,"enemies":"Writhing Mass","floor":49,"turns":3},{"damage":0,"enemies":"SI_POISON_ARCHETYPE","floor":50,"turns":7},{"damage":49,"enemies":"downfall:CharBossMerchant","floor":52,"turns":8},{"damage":4,"enemies":"downfall:NeowBoss","floor":55,"turns":16},{"damage":53,"enemies":"downfall:NeowBossFinal","floor":56,"turns":13}],"seed_played":"4474185579583970979","potions_obtained":[{"floor":8,"key":"Block Potion"},{"floor":9,"key":"SpeedPotion"},{"floor":10,"key":"SkillPotion"},{"floor":15,"key":"Weak Potion"},{"floor":16,"key":"Elixir"},{"floor":20,"key":"Dexterity Potion"},{"floor":22,"key":"CultistPotion"},{"floor":26,"key":"Cursed Concoction"},{"floor":29,"key":"Doom Potion"},{"floor":32,"key":"Guardian:BlockOnCardUsePotion"},{"floor":33,"key":"Fire Potion"},{"floor":43,"key":"Strength Potion"}],"is_trial":false,"path_per_floor":["R","M","?","M","?","R","T","E","M","M","R","M","R","M","M","B",null,"R","M","M","?","?","?","T","R","M","$","?","M","$","M","M","B",null,"R","M","?","$","?","M","T","R","M","E","M","?","R","M","M","B",null,"E","$","R","B","B",null],"character_chosen":"GUARDIAN","items_purchased":["Grinning Jar","Guardian:ChargeCore","Guardian:BottledStasis","Guardian:TemporalStrike+1","expansioncontent:DashGenerateEvil","Guardian:FloatingOrbs","expansioncontent:LastStand","Toolbox","Guardian:EvasiveProtocol"],"campfire_rested":0,"item_purchase_floors":[27,27,30,30,30,30,38,53,53],"current_hp_per_floor":[80,80,80,80,80,80,80,80,76,66,66,58,58,61,62,59,80,90,90,88,90,90,59,59,59,56,47,47,44,42,48,41,38,90,90,88,80,80,80,80,80,80,80,80,80,80,80,80,53,59,80,37,37,37,49,12],"gold":30,"neow_bonus":"THREE_ENEMY_KILL","is_daily":false,"chose_seed":false,"campfire_upgraded":7,"win_rate":0.0,"timestamp":1612888682,"path_taken":["R","M","?","?","?","R","T","E","M","M","R","M","R","M","M","BOSS","R","M","M","?","?","?","T","R","M","$","?","?","$","M","M","BOSS","R","M","?","$","?","M","T","R","M","E","M","?","R","M","M","BOSS","E","$","R","BOSS","BOSS"],"items_purchased_type":["Relic","Card","Relic","Card","Card","Card","Card","Relic","Card"],"build_version":"2020-12-22","purchased_purges":1,"victory":true,"max_hp_per_floor":[80,80,80,80,80,80,80,80,80,80,80,80,80,80,80,80,80,90,90,90,90,90,90,90,90,90,90,90,90,90,90,90,90,90,90,90,80,80,80,80,80,80,80,80,80,80,80,80,80,80,80,80,80,80,80,80],"card_choices":[{"not_picked":["Guardian:Suspension","Guardian:Gem_Red"],"picked":"Guardian:TimeBomb","floor":2},{"not_picked":["Guardian:Reroute","Guardian:Gem_Red"],"picked":"Guardian:TimeCapacitor","floor":4},{"not_picked":["Guardian:Gem_Cyan","Guardian:WalkerClaw"],"picked":"Guardian:SpikerProtocol","floor":8},{"not_picked":["Guardian:GuardianWhirl","Guardian:PolyBeam"],"picked":"Guardian:Gem_Blue","floor":9},{"not_picked":["Guardian:Recover","Flex"],"picked":"Guardian:Gem_Yellow","floor":10},{"not_picked":["Twin Strike","Guardian:Recover"],"picked":"Guardian:Preprogram","floor":12},{"not_picked":["Guardian:ShieldCharger","Guardian:ShieldSpikes"],"picked":"Guardian:Gem_Purple","floor":14},{"not_picked":["Guardian:BronzeArmor","Guardian:BodySlam"],"picked":"Guardian:SentryBeam","floor":15},{"not_picked":["Guardian:SphericShield","Demon Form"],"picked":"Guardian:StasisField","floor":16},{"not_picked":["Guardian:VentSteam","Guardian:Reroute+1"],"picked":"Guardian:Suspension+1","floor":19},{"not_picked":["Guardian:PrismaticBarrier","Guardian:SpikerProtocol"],"picked":"Guardian:TemporalShield","floor":20},{"not_picked":["Guardian:Gem_Green","Guardian:Harden"],"picked":"Guardian:TemporalStrike+1","floor":21},{"not_picked":["Guardian:RollAttack","Guardian:ChargeCore"],"picked":"Guardian:Gem_White","floor":26},{"not_picked":["Guardian:Reroute","Guardian:Gem_Cyan"],"picked":"Guardian:PolyBeam","floor":27},{"not_picked":["Guardian:VentSteam+1","Guardian:Harden"],"picked":"Guardian:ChargeCore","floor":29},{"not_picked":["Guardian:TemporalStrike","Guardian:PolyBeam"],"picked":"Guardian:Incinerate","floor":30},{"not_picked":["Guardian:PrimingBeam","Guardian:TemporalShield"],"picked":"Guardian:SentryBeam","floor":31},{"not_picked":["Guardian:TimeBomb","Guardian:RevengeProtocol"],"picked":"Guardian:Recover","floor":32},{"not_picked":["Guardian:StasisField","Guardian:HyperBeam_Guardian"],"picked":"Guardian:Gem_Orange","floor":33},{"not_picked":["Guardian:PrimingBeam+1","Guardian:TemporalShield"],"picked":"Guardian:Incinerate","floor":36},{"not_picked":["Guardian:Reroute","Guardian:Suspension+1"],"picked":"Guardian:BronzeOrb+1","floor":40},{"not_picked":["Guardian:Gem_Lightblue","Guardian:TemporalStrike+1"],"picked":"Guardian:Planning","floor":43},{"not_picked":["Guardian:CrystalBeam+1","Guardian:Reroute+1"],"picked":"Guardian:Gem_Blue","floor":44},{"not_picked":["Guardian:Gem_Red","Guardian:CrystalBeam+1"],"picked":"Guardian:RefractedBeam+1","floor":45},{"not_picked":["Guardian:Gem_Red","Guardian:PiercingHide"],"picked":"Guardian:HyperBeam_Guardian+1","floor":48},{"not_picked":["Guardian:Gem_Red","Guardian:CrystalBeam+1"],"picked":"Guardian:Clone+1","floor":49},{"not_picked":["Guardian:TimeBomb+1","Guardian:CrystalBeam+1"],"picked":"Guardian:AncientConstruct","floor":52}],"player_experience":327067,"relics_obtained":[{"floor":8,"key":"Centennial Puzzle"},{"floor":21,"key":"Lizard Tail"},{"floor":21,"key":"Garlic"},{"floor":24,"key":"Boot"},{"floor":35,"key":"Lantern"},{"floor":39,"key":"Calipers"},{"floor":41,"key":"Molten Egg 2"},{"floor":44,"key":"Akabeko"},{"floor":52,"key":"Oddly Smooth Stone"}],"event_choices":[{"cards_removed":["Guardian:Suspension"],"damage_healed":0,"gold_gain":0,"player_choice":"Removed Skill","damage_taken":0,"max_hp_gain":0,"max_hp_loss":0,"event_name":"Falling","floor":46,"gold_loss":0}],"is_beta":false,"boss_relics":[{"not_picked":["Snecko Eye","Painkiller Herb"],"picked":"bronze:MakeshiftBattery"},{"not_picked":["Empty Cage","Replay:Bronze Core"],"picked":"Replay:Grab Bag"},{"not_picked":["ReplayTheSpireMod:Onyx Gauntlets","Busted Crown"],"picked":"Coffee Dripper"},{"not_picked":["Runic Dome","Velvet Choker"],"picked":"Abe\u0027s Treasure"},{"not_picked":["SacredBark","Kintsugi"],"picked":"Astrolabe"}],"items_purged_floors":[30],"is_endless":false,"potions_floor_spawned":[8,9,10,15,16,20,26,29,32,33,43,45,48],"ascension_level":0}}