{"host":"bz6w3lfmpwgz81o3","time":1612881505,"event":{"mods":["BaseMod","Downfall","Hermit","Minty Spire (QoL Compilation)","StSLib"],"gold_per_floor":[99,113,127,141,203,217,217,243,243,272,287,38,54,54,69,174,174,174,188,188,204,222,322,349,368,402,352,237,237,264,283,303,408,408,308,326,338,352,352,252,252,267,295,307,321,34,54,83,99,99],"floor_reached":51,"language":"ENG","playtime":5518,"items_purged":["champ:BerserkersShout","champ:Strike","champ:Defend"],"score":1017,"play_id":"6a579034-3dfb-47e5-851b-664963c50c2b","local_time":"20210209153825","is_ascension_mode":false,"campfire_choices":[{"data":"champ:Execute","floor":1,"key":"SMITH"},{"data":"champ:GutPunch","floor":9,"key":"SMITH"},{"data":"champ:StrikeOfGenius","floor":18,"key":"SMITH"},{"data":"champ:Taunt","floor":29,"key":"SMITH"},{"floor":35,"key":"RECALL"},{"data":"champ:HeartStrike","floor":40,"key":"SMITH"}],"circlet_count":0,"master_deck":["champ:Strike","champ:Defend","champ:Defend","champ:Defend","champ:Execute+1","champ:Taunt+1","champ:BringItOn","champ:EnGarde","champ:HeartStrike","champ:StanceDance","champ:GutPunch+1","champ:ArenaPreparation+1","champ:BerserkersShout+1","champ:Circumvent+1","champ:LastStand","champ:SetATrap+1","champ:StrikeOfGenius+1","champ:FocusedDefense+1","champ:Backstep+1","champ:RageSigil+1","champ:ShieldWall+1","champ:TornadoPunch+1","champ:EnragedBash+1","champ:GladiatorStyle+1","champ:RageSigil+1","champ:HeartStrike+1","champ:EnchantCrown+1","champ:FlashCut+1","champ:Circumvent+1","champ:ShieldWall+1","champ:AdrenalArmor+1","champ:ShieldWall+1","champ:IronFortress","champ:Endure+1"],"relics":["champ:ChampionCrown","hexamod:CandleOfCauterizing","Toxic Egg 2","Bottled Flame","Meat on the Bone","Runic Pyramid","champ:BlackKnightHelmet","Question Card","Anchor","Gremlin Horn","Darkstone Periapt","Empty Cage","downfall:HeartBlessingGreen","downfall:HeartBlessingRed","Dream Catcher","Toolbox","HornCleat"],"acts_visited":["Exordium","TheCity","TheBeyond"],"potions_floor_usage":[5,11,12,22,26,30,30,43,43,43,43,50,50,50],"damage_taken":[{"damage":2,"enemies":"2 Louse","floor":2,"turns":4},{"damage":16,"enemies":"Jaw Worm","floor":3,"turns":3},{"damage":20,"enemies":"Small Slimes","floor":4,"turns":4},{"damage":45,"enemies":"Gremlin Nob","floor":5,"turns":5},{"damage":32,"enemies":"2 Fungi Beasts","floor":6,"turns":4},{"damage":54,"enemies":"3 Sentries","floor":8,"turns":9},{"damage":34,"enemies":"Gremlin Nob","floor":10,"turns":5},{"damage":20,"enemies":"Gremlin Gang","floor":11,"turns":4},{"damage":25,"enemies":"downfall:FleeingMerchant","floor":12,"turns":4},{"damage":37,"enemies":"Blue Slaver","floor":13,"turns":2},{"damage":32,"enemies":"Exordium Thugs","floor":15,"turns":3},{"damage":67,"enemies":"WA_ARCHETYPE_RETAIN","floor":16,"turns":6},{"damage":37,"enemies":"Shell Parasite","floor":19,"turns":4},{"damage":20,"enemies":"3 Byrds","floor":21,"turns":4},{"damage":51,"enemies":"3 Cultists","floor":22,"turns":7},{"damage":27,"enemies":"3 Cultists","floor":23,"turns":7},{"damage":40,"enemies":"Snake Plant","floor":25,"turns":3},{"damage":45,"enemies":"Slavers","floor":26,"turns":4},{"damage":20,"enemies":"downfall:FleeingMerchant","floor":28,"turns":4},{"damage":57,"enemies":"Gremlin Leader","floor":30,"turns":6},{"damage":8,"enemies":"Shelled Parasite and Fungi","floor":31,"turns":6},{"damage":19,"enemies":"Snecko","floor":32,"turns":5},{"damage":40,"enemies":"SI_MIRROR_ARCHETYPE","floor":33,"turns":10},{"damage":41,"enemies":"3 Darklings","floor":36,"turns":7},{"damage":28,"enemies":"Orb Walker","floor":37,"turns":4},{"damage":39,"enemies":"Spire Growth","floor":38,"turns":6},{"damage":29,"enemies":"Jaw Worm Horde","floor":42,"turns":5},{"damage":41,"enemies":"Giant Head","floor":43,"turns":9},{"damage":30,"enemies":"3 Darklings","floor":44,"turns":5},{"damage":72,"enemies":"Sphere and 2 Shapes","floor":45,"turns":9},{"damage":35,"enemies":"downfall:FleeingMerchant","floor":46,"turns":4},{"damage":47,"enemies":"Spire Growth","floor":47,"turns":4},{"damage":30,"enemies":"Nemesis","floor":48,"turns":7},{"damage":20,"enemies":"3 Darklings","floor":49,"turns":4},{"damage":135,"enemies":"DF_ARCHETYPE_ORBS","floor":50,"turns":13}],"seed_played":"2380897157428796755","potions_obtained":[{"floor":3,"key":"champ:CounterPotion"},{"floor":8,"key":"hexamod:SoulburnPotion"},{"floor":10,"key":"SneckoOil"},{"floor":15,"key":"CultistPotion"},{"floor":16,"key":"LiquidMemories"},{"floor":19,"key":"Fire Potion"},{"floor":23,"key":"champ:OpenerPotion"},{"floor":26,"key":"Dexterity Potion"},{"floor":31,"key":"Strength Potion"},{"floor":33,"key":"Strength Potion"},{"floor":38,"key":"EntropicBrew"},{"floor":48,"key":"FearPotion"}],"is_trial":false,"path_per_floor":["R","M","M","M","?","M","T","E","R","E","M","$","M","?","M","B",null,"R","M","?","M","M","?","T","M","E","?","$","R","E","M","M","B",null,"R","M","M","M","?","R","T","M","E","M","M","$","M","E","M","B",null],"character_chosen":"THE_CHAMP","items_purchased":["champ:LastStand","Toolbox"],"campfire_rested":0,"item_purchase_floors":[12,46],"current_hp_per_floor":[99,97,96,91,66,59,59,40,40,21,26,38,48,81,64,59,99,99,92,92,92,66,66,66,66,68,99,99,99,92,89,80,80,99,99,78,75,78,73,73,73,59,50,62,47,59,59,71,71,39],"gold":99,"neow_bonus":"TEN_PERCENT_HP_BONUS","is_daily":false,"chose_seed":false,"campfire_upgraded":5,"win_rate":0.0,"timestamp":1612881505,"path_taken":["R","M","M","M","?","M","T","E","R","E","M","$","M","?","M","BOSS","R","M","?","M","M","?","T","M","E","?","$","R","E","M","M","BOSS","R","M","M","M","?","R","T","?","E","M","M","$","M","E","M","BOSS"],"items_purchased_type":["Card","Relic"],"build_version":"2020-12-22","purchased_purges":3,"victory":true,"max_hp_per_floor":[99,99,99,99,99,99,99,99,99,99,99,99,99,99,99,99,99,99,99,99,99,99,99,99,99,99,99,99,99,99,99,99,99,99,99,99,99,99,99,99,99,99,99,99,99,99,99,99,99,99],"card_choices":[{"not_picked":["champ:DefensiveShout","champ:ShieldSigil"],"picked":"champ:BerserkersShout","floor":2},{"not_picked":["champ:DefensiveStyle","champ:Backstep"],"picked":"champ:BringItOn","floor":3},{"not_picked":["champ:EnragedBash","champ:FocusedDefense"],"picked":"champ:EnGarde","floor":4},{"not_picked":["champ:TornadoPunch","champ:DefensiveShout"],"picked":"champ:HeartStrike","floor":5},{"not_picked":["champ:PreciseThrust","champ:ShieldSigil"],"picked":"champ:StanceDance","floor":6},{"not_picked":["champ:FlashCut","champ:ViciousMockery+1"],"picked":"champ:GutPunch","floor":8},{"not_picked":["champ:GladiatorStyle","champ:FanOfKnives"],"picked":"champ:ArenaPreparation+1","floor":10},{"not_picked":["champ:ShieldSigil+1","champ:CrownThrow"],"picked":"champ:BerserkersShout+1","floor":11},{"not_picked":["champ:DefensiveShout+1","champ:FocusedDefense+1"],"picked":"champ:Circumvent+1","floor":12},{"not_picked":["champ:SteelEdge","champ:BladeFlurry","champ:RecklessLeap"],"picked":"SKIP","floor":13},{"not_picked":["champ:PreciseThrust","champ:AdrenalArmor+1"],"picked":"champ:SetATrap+1","floor":15},{"not_picked":["champ:TripleStrike","champ:IgnorePain+1"],"picked":"champ:StrikeOfGenius","floor":16},{"not_picked":["champ:DefensiveShout+1","champ:Haymaker","champ:FanOfKnives"],"picked":"SKIP","floor":19},{"not_picked":["champ:Haymaker+1","champ:Lariat+1"],"picked":"champ:FocusedDefense+1","floor":21},{"not_picked":["champ:Haymaker","champ:BerserkersShout+1"],"picked":"champ:Backstep+1","floor":22},{"not_picked":["champ:FanOfKnives","champ:BerserkerStyle"],"picked":"champ:RageSigil+1","floor":23},{"not_picked":["champ:EnGarde+1","champ:GutPunch+1","champ:CalledShot+1"],"picked":"champ:ShieldWall+1","floor":25},{"not_picked":["champ:IronFortress+1","champ:Circumvent+1","champ:StanceDance+1"],"picked":"champ:TornadoPunch+1","floor":26},{"not_picked":["champ:CalledShot+1","champ:StanceDance+1","champ:RageSigil+1"],"picked":"champ:EnragedBash+1","floor":28},{"not_picked":["champ:HeavySlash","champ:DefensiveStyle","champ:Lariat+1"],"picked":"champ:GladiatorStyle+1","floor":30},{"not_picked":["champ:Backstep+1","champ:RecklessLeap","champ:FocusedBerserking+1"],"picked":"champ:RageSigil+1","floor":31},{"not_picked":["champ:Haymaker","champ:SkillfulDodge+1","champ:DefensiveShout+1"],"picked":"champ:HeartStrike","floor":32},{"not_picked":["champ:ShieldThrow","champ:CheapShot","champ:HeavySlash"],"picked":"champ:EnchantCrown+1","floor":33},{"not_picked":["champ:IronFortress","champ:BladeFlurry+1","champ:Haymaker"],"picked":"champ:FlashCut+1","floor":36},{"not_picked":["champ:Encircle+1","champ:ViciousMockery+1","champ:GutPunch+1","champ:ShieldSlam+1"],"picked":"SKIP","floor":37},{"not_picked":["champ:Encircle","champ:DefensiveStyle","champ:PreciseThrust"],"picked":"champ:Circumvent+1","floor":38},{"not_picked":["champ:Encircle","champ:EnGarde+1","champ:FaceSlap"],"picked":"champ:ShieldWall+1","floor":42},{"not_picked":["champ:SkillfulDodge+1","champ:GutPunch+1","champ:TripleStrike","champ:ShieldSigil+1"],"picked":"SKIP","floor":43},{"not_picked":["champ:Circumvent+1","champ:FocusedDefense+1","champ:EndlessRage+1","champ:FlashCut"],"picked":"SKIP","floor":44},{"not_picked":["champ:Duel","champ:ViciousMockery+1","champ:BringItOn+1"],"picked":"champ:AdrenalArmor+1","floor":45},{"not_picked":["champ:BladeFlurry+1","champ:Circumvent+1","champ:SteelEdge"],"picked":"champ:ShieldWall+1","floor":46},{"not_picked":["champ:GutPunch+1","champ:PreciseThrust","champ:BerserkerStyle","champ:BerserkersShout+1"],"picked":"SKIP","floor":47},{"not_picked":["champ:PerfectedStrike","champ:TornadoPunch","champ:ShieldSigil+1"],"picked":"champ:IronFortress","floor":48},{"not_picked":["champ:FanOfKnives","champ:Haymaker+1","champ:GutPunch+1"],"picked":"champ:Endure+1","floor":49}],"player_experience":23106,"relics_obtained":[{"floor":5,"key":"hexamod:CandleOfCauterizing"},{"floor":7,"key":"Toxic Egg 2"},{"floor":8,"key":"Bottled Flame"},{"floor":10,"key":"Meat on the Bone"},{"floor":23,"key":"champ:BlackKnightHelmet"},{"floor":23,"key":"Question Card"},{"floor":24,"key":"Anchor"},{"floor":26,"key":"Gremlin Horn"},{"floor":30,"key":"Darkstone Periapt"},{"floor":43,"key":"Dream Catcher"},{"floor":48,"key":"HornCleat"}],"event_choices":[{"damage_healed":33,"gold_gain":0,"player_choice":"Banana","damage_taken":0,"max_hp_gain":0,"max_hp_loss":0,"event_name":"Big Fish","floor":14,"gold_loss":0},{"damage_healed":0,"gold_gain":0,"player_choice":"Ignored","damage_taken":0,"max_hp_gain":0,"max_hp_loss":0,"event_name":"Vampires","floor":20,"gold_loss":0}],"is_beta":false,"boss_relics":[{"not_picked":["Black Star","Velvet Choker"],"picked":"Runic Pyramid"},{"not_picked":["Tiny House","Snecko Eye"],"picked":"Empty Cage"}],"items_purged_floors":[12,28,46],"is_endless":false,"potions_floor_spawned":[3,8,10,15,16,19,23,25,26,31,33,37,38,42,48],"ascension_level":0}}