{"host":"6bsan6hkua32tfq7","time":1612852688,"event":{"mods":["BaseMod","Better Third Choice","Colored Map","Highlight Path","Minty Spire (QoL Compilation)","StSLib"],"gold_per_floor":[113,38,38,61,79,79,108,108,108,140,150,150,185,202,202,276,276,291,291,268,268,285,285,312,312,359,359,384,384,10,28,28,107,107,127,127,139,139,151,151,185,196,220,220,4,4,19,45,45,45,45],"floor_reached":50,"language":"ENG","playtime":1662,"items_purged":["Injury"],"score":1122,"play_id":"bd106e42-c7ec-43c7-8af6-42101490c586","local_time":"20210209073808","is_ascension_mode":true,"campfire_choices":[{"data":"Dagger Spray","floor":6,"key":"SMITH"},{"data":"Neutralize","floor":8,"key":"SMITH"},{"data":"Wraith Form v2","floor":12,"key":"SMITH"},{"data":"Deadly Poison","floor":15,"key":"SMITH"},{"data":"Burst","floor":23,"key":"SMITH"},{"data":"Deadly Poison","floor":27,"key":"SMITH"},{"floor":29,"key":"REST"},{"floor":32,"key":"REST"},{"floor":40,"key":"REST"},{"floor":44,"key":"REST"},{"floor":46,"key":"RECALL"},{"floor":49,"key":"REST"}],"circlet_count":0,"master_deck":["AscendersBane","Strike_G+1","Strike_G+1","Strike_G+1","Strike_G+1","Defend_G+1","Defend_G+1","Defend_G+1","Defend_G+1","Survivor","Neutralize+1","Dagger Spray+1","Dagger Throw","Deadly Poison+1","Wraith Form v2+1","Deadly Poison+1","Dash","Quick Slash","Adrenaline","Burst+1","Well Laid Plans","Parasite","Finisher","Footwork","Venomology","Burst","Catalyst","PiercingWail"],"relics":["Ring of the Snake","NeowsBlessing","Lantern","Toy Ornithopter","The Courier","Blue Candle","Bag of Preparation","Cursed Key","Bottled Tornado","Bronze Scales","Omamori","Red Mask","Oddly Smooth Stone","SlaversCollar","Bag of Marbles","Regal Pillow","Kunai","Calipers"],"acts_visited":["Exordium","TheCity","TheBeyond"],"potions_floor_usage":[13,16,24,28,33,33,35,39,39,41,42,42,47,48,48,50,50],"damage_taken":[{"damage":0,"enemies":"2 Louse","floor":1,"turns":1},{"damage":0,"enemies":"Jaw Worm","floor":5,"turns":1},{"damage":0,"enemies":"Gremlin Nob","floor":7,"turns":1},{"damage":26,"enemies":"Lagavulin","floor":10,"turns":6},{"damage":0,"enemies":"Cultist","floor":11,"turns":3},{"damage":15,"enemies":"3 Sentries","floor":13,"turns":8},{"damage":0,"enemies":"Blue Slaver","floor":14,"turns":3},{"damage":16,"enemies":"The Guardian","floor":16,"turns":11},{"damage":2,"enemies":"Spheric Guardian","floor":18,"turns":5},{"damage":2,"enemies":"2 Thieves","floor":20,"turns":4},{"damage":4,"enemies":"Snake Plant","floor":22,"turns":4},{"damage":19,"enemies":"Gremlin Leader","floor":24,"turns":4},{"damage":16,"enemies":"Masked Bandits","floor":28,"turns":4},{"damage":2,"enemies":"3 Cultists","floor":31,"turns":4},{"damage":20,"enemies":"Champ","floor":33,"turns":13},{"damage":39,"enemies":"3 Darklings","floor":35,"turns":9},{"damage":25,"enemies":"3 Shapes","floor":37,"turns":9},{"damage":26,"enemies":"Maw","floor":39,"turns":8},{"damage":16,"enemies":"Nemesis","floor":41,"turns":5},{"damage":15,"enemies":"Sphere and 2 Shapes","floor":42,"turns":5},{"damage":15,"enemies":"4 Shapes","floor":47,"turns":7},{"damage":30,"enemies":"Reptomancer","floor":48,"turns":4},{"damage":58,"enemies":"Donu and Deca","floor":50,"turns":8}],"seed_played":"428889011243998272","potions_obtained":[{"floor":5,"key":"ColorlessPotion"},{"floor":10,"key":"BlessingOfTheForge"},{"floor":22,"key":"AttackPotion"},{"floor":24,"key":"Ancient Potion"},{"floor":33,"key":"GamblersBrew"},{"floor":37,"key":"Weak Potion"},{"floor":39,"key":"SkillPotion"},{"floor":47,"key":"LiquidMemories"}],"is_trial":false,"path_per_floor":["M","?","?","T","M","R","E","R","T","E","M","R","E","M","R","B",null,"M","T","M","?","M","R","E","?","T","R","?","R","$","M","R","B",null,"M","?","M","?","M","R","E","M","T","R","$","R","M","E","R","B"],"character_chosen":"THE_SILENT","items_purchased":["Oddly Smooth Stone","Footwork","ColorlessPotion","LiquidMemories","Kunai"],"campfire_rested":5,"item_purchase_floors":[30,30,30,30,45],"current_hp_per_floor":[59,59,54,54,54,54,54,54,54,28,28,28,18,18,18,7,51,49,49,47,47,43,43,29,29,29,29,18,37,37,35,54,44,61,27,54,29,29,13,29,18,13,13,44,44,44,34,14,45,0,0],"gold":45,"neow_bonus":"THREE_ENEMY_KILL","is_daily":false,"chose_seed":false,"campfire_upgraded":6,"win_rate":0.0,"timestamp":1612852688,"path_taken":["M","?","?","?","M","R","E","R","T","E","M","R","E","M","R","BOSS","M","?","M","?","M","R","E","?","T","R","?","R","?","M","R","BOSS","M","?","M","?","M","R","E","M","T","R","$","R","M","E","R","BOSS"],"items_purchased_type":["Relic","Card","Potion","Potion","Relic"],"build_version":"2020-12-22","purchased_purges":1,"victory":false,"max_hp_per_floor":[66,66,66,66,66,66,66,66,66,66,66,66,66,66,66,66,66,66,66,66,66,66,66,66,66,66,66,66,66,66,66,66,66,66,66,54,54,54,54,54,54,54,54,54,54,54,54,54,54,54,54],"card_choices":[{"not_picked":["Deflect","Blade Dance"],"picked":"Dagger Spray","floor":1},{"not_picked":["Bane","Poisoned Stab"],"picked":"Dagger Throw","floor":5},{"not_picked":["Setup","Blade Dance"],"picked":"Deadly Poison","floor":7},{"not_picked":["Blade Dance","Choke"],"picked":"Wraith Form v2","floor":10},{"not_picked":["Cloak And Dagger","Setup"],"picked":"Deadly Poison","floor":11},{"not_picked":["Concentrate","Burst"],"picked":"Dash","floor":13},{"not_picked":["Blade Dance","Prepared"],"picked":"Quick Slash","floor":14},{"not_picked":["Unload","Glass Knife"],"picked":"Adrenaline","floor":16},{"not_picked":["Distraction+1","Endless Agony","Calculated Gamble"],"picked":"SKIP","floor":18},{"not_picked":["Caltrops","Quick Slash","Bane"],"picked":"SKIP","floor":20},{"not_picked":["Deflect","Well Laid Plans"],"picked":"Burst","floor":22},{"not_picked":["Quick Slash","Slice"],"picked":"Well Laid Plans","floor":24},{"not_picked":["Expertise","Blade Dance"],"picked":"Finisher","floor":28},{"not_picked":["Bane+1","Outmaneuver","Choke+1"],"picked":"SKIP","floor":31},{"not_picked":["Doppelganger","Tools of the Trade"],"picked":"Venomology","floor":33},{"not_picked":["Slice","Tactician","Deflect"],"picked":"SKIP","floor":35},{"not_picked":["Backstab","Underhanded Strike+1","Slice"],"picked":"SKIP","floor":37},{"not_picked":["Cloak And Dagger","Slice"],"picked":"Burst","floor":39},{"not_picked":["Cloak And Dagger+1","PiercingWail"],"picked":"Catalyst","floor":41},{"not_picked":["Setup","Quick Slash","Outmaneuver"],"picked":"SKIP","floor":42},{"not_picked":["Setup+1","Backstab+1","Bane+1"],"picked":"SKIP","floor":47},{"not_picked":["Outmaneuver","Slice"],"picked":"PiercingWail","floor":48}],"player_experience":5421506,"relics_obtained":[{"floor":4,"key":"Toy Ornithopter"},{"floor":7,"key":"The Courier"},{"floor":10,"key":"Blue Candle"},{"floor":13,"key":"Bag of Preparation"},{"floor":19,"key":"Bottled Tornado"},{"floor":24,"key":"Bronze Scales"},{"floor":26,"key":"Omamori"},{"floor":28,"key":"Red Mask"},{"floor":41,"key":"Bag of Marbles"},{"floor":43,"key":"Regal Pillow"},{"floor":48,"key":"Calipers"}],"event_choices":[{"cards_removed":["Defend_G"],"damage_healed":0,"gold_gain":0,"player_choice":"Card Removal","damage_taken":0,"max_hp_gain":0,"max_hp_loss":0,"event_name":"The Cleric","floor":2,"gold_loss":75},{"damage_healed":0,"gold_gain":0,"player_choice":"Relic ","damage_taken":5,"max_hp_gain":0,"max_hp_loss":0,"event_name":"betterThird:BetterScrap","floor":3,"gold_loss":0,"cards_obtained":["Scrawl"]},{"damage_healed":0,"gold_gain":0,"player_choice":"Ignored","damage_taken":0,"max_hp_gain":0,"max_hp_loss":0,"event_name":"Vampires","floor":21,"gold_loss":0},{"damage_healed":0,"gold_gain":0,"player_choice":"Simplicity","damage_taken":0,"max_hp_gain":0,"max_hp_loss":9,"event_name":"betterThird:BetterWriting","floor":25,"gold_loss":0},{"damage_healed":0,"gold_gain":0,"player_choice":"Fought Bandits","damage_taken":0,"max_hp_gain":0,"max_hp_loss":0,"event_name":"Masked Bandits","floor":28,"gold_loss":0},{"damage_healed":54,"gold_gain":0,"player_choice":"Heal","damage_taken":0,"max_hp_gain":0,"max_hp_loss":12,"event_name":"The Moai Head","floor":36,"gold_loss":0},{"cards_removed":["Strike_G"],"damage_healed":0,"gold_gain":0,"player_choice":"Removed Attack","damage_taken":0,"max_hp_gain":0,"max_hp_loss":0,"event_name":"Falling","floor":38,"gold_loss":0}],"is_beta":false,"boss_relics":[{"not_picked":["Runic Pyramid","Astrolabe"],"picked":"Cursed Key"},{"not_picked":["HoveringKite","Runic Dome"],"picked":"SlaversCollar"}],"items_purged_floors":[30],"is_endless":false,"potions_floor_spawned":[5,10,11,22,24,33,37,39,47],"killed_by":"Donu and Deca","ascension_level":20}}