{"host":"8nctav4lo34mnono","time":1612885780,"event":{"mods":["BaseMod","Bestiary","Highlight Path","Minty Spire (QoL Compilation)","Relic Stats","Slay the Relics Exporter"],"gold_per_floor":[109,120,120,140,154,154,186,205,228,254,265,297,297,312,312,408,408,423,439,439,450,464,464,464,464],"floor_reached":24,"language":"ENG","playtime":1422,"items_purged":[],"score":355,"play_id":"1cebb5f3-0783-40cc-b40c-e6510e9ab3d7","local_time":"20210209154940","is_ascension_mode":true,"campfire_choices":[{"data":"Armaments","floor":6.0,"key":"SMITH"},{"floor":13.0,"key":"REST"},{"data":"Bash","floor":15,"key":"SMITH"},{"data":"Corruption","floor":23,"key":"SMITH"}],"circlet_count":0,"master_deck":["AscendersBane","Strike_R","Strike_R","Defend_R","Defend_R","Defend_R","Bash+1","Bludgeon","Reaper","Pommel Strike","Shrug It Off","Armaments+1","Iron Wave","Dropkick","Brutality","Carnage","True Grit","Power Through","Inflame","Corruption+1","Havoc","Ghostly Armor"],"relics":["Burning Blood","Pantograph","Toy Ornithopter","Smiling Mask","Happy Flower","Mark of Pain"],"acts_visited":["Exordium","TheCity"],"potions_floor_usage":[14,19,24],"damage_taken":[{"damage":0.0,"enemies":"Cultist","floor":1.0,"turns":2.0},{"damage":10.0,"enemies":"Small Slimes","floor":2.0,"turns":3.0},{"damage":2.0,"enemies":"Jaw Worm","floor":4.0,"turns":4.0},{"damage":1.0,"enemies":"Looter","floor":5.0,"turns":4.0},{"damage":18.0,"enemies":"Lagavulin","floor":7.0,"turns":8.0},{"damage":13.0,"enemies":"3 Louse","floor":8.0,"turns":4.0},{"damage":19.0,"enemies":"Gremlin Nob","floor":10.0,"turns":4.0},{"damage":34.0,"enemies":"Gremlin Gang","floor":11.0,"turns":5.0},{"damage":18.0,"enemies":"3 Sentries","floor":12.0,"turns":5.0},{"damage":19,"enemies":"Lots of Slimes","floor":14,"turns":5},{"damage":50,"enemies":"Hexaghost","floor":16,"turns":14},{"damage":14,"enemies":"Spheric Guardian","floor":18,"turns":4},{"damage":21,"enemies":"2 Thieves","floor":19,"turns":5},{"damage":6,"enemies":"Snecko","floor":21,"turns":5},{"damage":20,"enemies":"Centurion and Healer","floor":22,"turns":6},{"damage":97,"enemies":"Book of Stabbing","floor":24,"turns":7}],"seed_played":"3140832257695729090","potions_obtained":[{"floor":2.0,"key":"LiquidMemories"},{"floor":4.0,"key":"ElixirPotion"},{"floor":10.0,"key":"ColorlessPotion"},{"floor":12.0,"key":"FairyPotion"},{"floor":16,"key":"SneckoOil"},{"floor":21,"key":"FearPotion"}],"is_trial":false,"path_per_floor":["M","M","?","M","M","R","E","M","T","E","M","E","R","M","R","B",null,"M","M","?","M","M","R","E"],"character_chosen":"IRONCLAD","items_purchased":[],"campfire_rested":1,"item_purchase_floors":[],"current_hp_per_floor":[57,61,61,69,74,74,62,70,70,57,37,30,54,66,66,39,70,62,52,52,56,50,50,0,0],"gold":464,"neow_bonus":"TRANSFORM_TWO_CARDS","is_daily":false,"chose_seed":false,"campfire_upgraded":3,"win_rate":0.0,"timestamp":1612885780,"path_taken":["M","M","?","M","M","R","E","M","T","E","?","E","R","M","R","BOSS","M","M","?","?","M","R","E"],"items_purchased_type":[],"build_version":"2020-12-22","purchased_purges":0,"victory":false,"max_hp_per_floor":[80,80,80,80,80,80,80,80,80,80,80,80,80,80,80,80,80,80,80,80,80,80,80,80,80],"relic_stats":{"Happy Flower":[15],"counters":[16,85],"Pantograph":14,"Smiling Mask":0,"obtain_stats":[{"Happy Flower":12,"Pantograph":7,"Mark of Pain":17,"Smiling Mask":10,"Burning Blood":0,"Toy Ornithopter":9},{"Happy Flower":9,"Pantograph":5,"Mark of Pain":11,"Smiling Mask":7,"Burning Blood":0,"Toy Ornithopter":6},{"Happy Flower":39,"Pantograph":21,"Mark of Pain":58,"Smiling Mask":29,"Burning Blood":0,"Toy Ornithopter":25}],"Burning Blood":90,"Toy Ornithopter":20},"card_choices":[{"not_picked":["Perfected Strike","Rage"],"picked":"Pommel Strike","floor":1.0},{"not_picked":["Seeing Red","Thunderclap"],"picked":"Shrug It Off","floor":2.0},{"not_picked":["Pummel","Havoc"],"picked":"Armaments","floor":4.0},{"not_picked":["Perfected Strike","Twin Strike"],"picked":"Iron Wave","floor":5.0},{"not_picked":["Pommel Strike","Body Slam"],"picked":"Dropkick","floor":7.0},{"not_picked":["Headbutt","Whirlwind"],"picked":"Brutality","floor":8.0},{"not_picked":["Blood for Blood","Body Slam"],"picked":"Carnage","floor":10.0},{"not_picked":["Headbutt","Reckless Charge"],"picked":"True Grit","floor":11.0},{"not_picked":["Armaments","Wild Strike"],"picked":"Power Through","floor":12.0},{"not_picked":["Flex","Searing Blow"],"picked":"Inflame","floor":14},{"not_picked":["Berserk","Brutality"],"picked":"Corruption","floor":16},{"not_picked":["Sword Boomerang","Clash","Shrug It Off"],"picked":"SKIP","floor":18},{"not_picked":["Warcry","Uppercut"],"picked":"Havoc","floor":19},{"not_picked":["Cleave","Intimidate","Clothesline"],"picked":"SKIP","floor":21},{"not_picked":["Warcry+1","Sword Boomerang+1"],"picked":"Ghostly Armor","floor":22}],"player_experience":367530,"relics_obtained":[{"floor":7.0,"key":"Pantograph"},{"floor":9.0,"key":"Toy Ornithopter"},{"floor":10.0,"key":"Smiling Mask"},{"floor":12.0,"key":"Happy Flower"}],"event_choices":[{"cards_removed":["Strike_R"],"damage_healed":0.0,"max_hp_gain":0.0,"max_hp_loss":0.0,"gold_gain":0.0,"event_name":"Purifier","player_choice":"Purged","floor":3.0,"gold_loss":0.0,"damage_taken":0.0},{"cards_removed":["Strike_R"],"damage_healed":0,"gold_gain":0,"player_choice":"Purged","damage_taken":0,"max_hp_gain":0,"max_hp_loss":0,"event_name":"Purifier","floor":20,"gold_loss":0}],"is_beta":false,"boss_relics":[{"not_picked":["Busted Crown","Coffee Dripper"],"picked":"Mark of Pain"}],"items_purged_floors":[],"is_endless":false,"potions_floor_spawned":[2,4,10,12,16,21],"killed_by":"Book of Stabbing","ascension_level":12}}