{"host":"gsef4mntx4mq50d0","time":1612863406,"event":{"mods":["Act Like it!","Arknights","Aspiration","BaseMod","Block Reminder","Colored Map","Downfall","Gensokyo","GifTheSpireLib","Hallownest","HololiveMod","Hubris","Infinite Spire","MarisaÅiñ∂âJÅ@ñÇóùçπÅj","Minty Spire (QoL Compilation)","SIMod","StSLib","The Alterego","The Bug Knight","The Exalted","The Forsaken","The Servant 0.9.4","TheSwordswoman"],"gold_per_floor":[100,120,130,130,147,165,216,216,216],"floor_reached":8,"language":"ENG","playtime":315,"items_purged":[],"score":48,"play_id":"47c20d32-be07-40ce-9d1a-a68c87929453","local_time":"20210209193646","is_ascension_mode":false,"campfire_choices":[{"floor":1.0,"key":"RECALL"}],"circlet_count":0,"master_deck":["alterego_mod:Strike","alterego_mod:Strike","alterego_mod:Strike","alterego_mod:Defend","alterego_mod:Defend","alterego_mod:Defend","alterego_mod:Defend","alterego_mod:Impale","alterego_mod:BigMeatyClaws","alterego_mod:BrynhildrsRune","Dramatic Entrance","alterego_mod:Cooking","alterego_mod:GoddessCore","alterego_mod:Tantrum","alterego_mod:Palingenesis","alterego_mod:Collar"],"relics":["alterego_mod:MasochisticConstitution","Toy Ornithopter"],"acts_visited":["Exordium"],"potions_floor_usage":[],"damage_taken":[{"damage":11.0,"enemies":"Jaw Worm","floor":2.0,"turns":2.0},{"damage":9.0,"enemies":"Cultist","floor":3.0,"turns":4.0},{"damage":10.0,"enemies":"Small Slimes","floor":5.0,"turns":2.0},{"damage":31.0,"enemies":"Gremlin Gang","floor":6.0,"turns":4.0},{"damage":0,"enemies":"3 Sentries","floor":8,"turns":1}],"seed_played":"5121215407249991222","potions_obtained":[{"floor":2.0,"key":"champ:CounterPotion"},{"floor":6.0,"key":"EssenceOfSteel"}],"is_trial":false,"path_per_floor":["R","M","M","?","M","M","T","E"],"character_chosen":"The_Alterego","items_purchased":[],"campfire_rested":0,"item_purchase_floors":[],"current_hp_per_floor":[70,60,55,55,49,22,22,22,22],"gold":216,"neow_bonus":"RANDOM_COLORLESS","is_daily":false,"chose_seed":false,"campfire_upgraded":0,"win_rate":0.0,"timestamp":1612863406,"path_taken":["R","M","M","?","?","M","T","E"],"items_purchased_type":[],"build_version":"2020-12-22","purchased_purges":0,"victory":false,"max_hp_per_floor":[70,71,72,72,73,74,74,74,74],"card_choices":[{"not_picked":["Flash of Steel","Swift Strike"],"picked":"Dramatic Entrance","floor":0.0},{"not_picked":["alterego_mod:DiscoLights","alterego_mod:Bunnysuit"],"picked":"alterego_mod:Cooking","floor":2.0},{"not_picked":["alterego_mod:DustData","alterego_mod:BeGentle"],"picked":"alterego_mod:GoddessCore","floor":3.0},{"not_picked":["alterego_mod:Clones","alterego_mod:GoddessCore"],"picked":"alterego_mod:Palingenesis","floor":5.0},{"not_picked":["alterego_mod:Stockings","alterego_mod:HighServant"],"picked":"alterego_mod:Collar","floor":6.0}],"player_experience":184346,"relics_obtained":[{"floor":7.0,"key":"Toy Ornithopter"}],"event_choices":[],"is_beta":false,"boss_relics":[],"items_purged_floors":[],"is_endless":false,"potions_floor_spawned":[2,6],"killed_by":"3 Sentries","ascension_level":0}}