{"host":"fxrgx7wt2cpkbhka","time":1612857442,"event":{"mods":["AchievementEnabler","BaseMod","Colored Powertips","Dark Map","Minty Spire (QoL Compilation)","Permanent Neow","Quick Restart","Slay-I","StSLib","Waifu the Spire"],"gold_per_floor":[118,118,118,128,141,167,167,202,225,225,205,205,240,93,93,172,172,183,183,183,197,197,197,197,197,197],"floor_reached":25,"language":"ENG","playtime":583,"items_purged":[],"score":464,"play_id":"00c5f3e1-bb92-42bd-825f-7d8f5fe1cb5b","local_time":"20210208235722","is_ascension_mode":true,"campfire_choices":[{"data":"Inflame","floor":7,"key":"SMITH"},{"floor":10,"key":"REST"},{"data":"Bash","floor":12,"key":"SMITH"},{"data":"Perfected Strike","floor":15,"key":"SMITH"},{"data":"Heavy Blade","floor":23,"key":"SMITH"}],"circlet_count":0,"master_deck":["AscendersBane","Strike_R+1","Strike_R","Strike_R+1","Defend_R","Defend_R","Defend_R","Defend_R","Bash+1","Inflame+1","Perfected Strike+1","Clash","J.A.X.","Heavy Blade+1"],"relics":["Black Blood","Whetstone","Anchor","Juzu Bracelet","Paper Frog","Strawberry","Singing Bowl"],"acts_visited":["Exordium","TheCity"],"potions_floor_usage":[8,16],"damage_taken":[{"damage":2,"enemies":"2 Louse","floor":1,"turns":4},{"damage":0,"enemies":"Cultist","floor":4,"turns":3},{"damage":15,"enemies":"Small Slimes","floor":5,"turns":3},{"damage":35,"enemies":"Lagavulin","floor":6,"turns":6},{"damage":16,"enemies":"Gremlin Nob","floor":8,"turns":4},{"damage":30,"enemies":"3 Sentries","floor":13,"turns":7},{"damage":0,"enemies":"Slime Boss","floor":16,"turns":7},{"damage":22,"enemies":"Shell Parasite","floor":18,"turns":4},{"damage":47,"enemies":"Spheric Guardian","floor":21,"turns":5},{"damage":27,"enemies":"Centurion and Healer","floor":25,"turns":3}],"seed_played":"-6719205882726555730","potions_obtained":[{"floor":5,"key":"Block Potion"},{"floor":11,"key":"ColorlessPotion"},{"floor":21,"key":"ElixirPotion"}],"is_trial":false,"path_per_floor":["M","?","$","M","M","E","R","E","T","R","?","R","E","$","R","B",null,"M","?","?","M","?","R","?","M"],"character_chosen":"IRONCLAD","items_purchased":["Strawberry"],"campfire_rested":1,"item_purchase_floors":[14],"current_hp_per_floor":[72,72,72,75,66,37,37,27,27,49,49,49,25,32,32,38,71,61,61,61,26,26,26,26,0,0],"gold":197,"neow_bonus":"RANDOM_COMMON_RELIC","is_daily":false,"chose_seed":false,"campfire_upgraded":4,"win_rate":0.0,"timestamp":1612857442,"path_taken":["M","?","$","?","M","E","R","E","T","R","?","R","E","?","R","BOSS","M","?","?","M","?","R","?","M"],"items_purchased_type":["Relic"],"build_version":"2020-12-22","purchased_purges":0,"victory":false,"max_hp_per_floor":[75,75,75,75,75,75,75,75,75,75,75,75,75,82,82,82,82,82,82,82,82,82,82,82,82,82],"card_choices":[{"not_picked":["Twin Strike","Warcry"],"picked":"Inflame","floor":1},{"not_picked":["Warcry","Power Through","Body Slam"],"picked":"SKIP","floor":4},{"not_picked":["Fire Breathing","Shrug It Off","Infernal Blade"],"picked":"SKIP","floor":5},{"not_picked":["Rampage","Rupture","Body Slam"],"picked":"SKIP","floor":6},{"not_picked":["Whirlwind","Battle Trance","Dual Wield"],"picked":"SKIP","floor":8},{"not_picked":["Bloodletting","Shrug It Off"],"picked":"Perfected Strike","floor":13},{"not_picked":["Havoc","Disarm"],"picked":"Clash","floor":18},{"not_picked":["Clothesline","Flame Barrier"],"picked":"Heavy Blade","floor":21}],"player_experience":758643,"relics_obtained":[{"floor":6,"key":"Anchor"},{"floor":8,"key":"Juzu Bracelet"},{"floor":13,"key":"Paper Frog"}],"event_choices":[{"cards_removed":["Strike_R"],"damage_healed":0,"gold_gain":0,"player_choice":"Purged","damage_taken":0,"max_hp_gain":0,"max_hp_loss":0,"event_name":"Purifier","floor":2,"gold_loss":0},{"damage_healed":0,"gold_gain":0,"player_choice":"Bought 1 Potion","damage_taken":0,"max_hp_gain":0,"max_hp_loss":0,"event_name":"The Woman in Blue","floor":11,"gold_loss":0},{"damage_healed":0,"gold_gain":0,"player_choice":"Obtain J.A.X.","damage_taken":0,"max_hp_gain":0,"max_hp_loss":0,"event_name":"Drug Dealer","floor":19,"gold_loss":0,"cards_obtained":["J.A.X."]},{"damage_healed":0,"gold_gain":0,"player_choice":"Ignored","damage_taken":0,"max_hp_gain":0,"max_hp_loss":0,"event_name":"Ghosts","floor":20,"gold_loss":0},{"damage_healed":0,"gold_gain":0,"player_choice":"Gave Potion","damage_taken":0,"relics_obtained":["Singing Bowl"],"max_hp_gain":0,"max_hp_loss":0,"event_name":"WeMeetAgain","floor":22,"gold_loss":0},{"cards_removed":["Strike_R"],"damage_healed":0,"gold_gain":0,"player_choice":"Purged","damage_taken":0,"max_hp_gain":0,"max_hp_loss":0,"event_name":"Purifier","floor":24,"gold_loss":0}],"is_beta":false,"boss_relics":[{"not_picked":["Astrolabe","Black Star"],"picked":"Black Blood"}],"items_purged_floors":[],"is_endless":false,"potions_floor_spawned":[5,21],"killed_by":"Centurion and Healer","ascension_level":15}}