{"host":"bakf0s4odzu8z5xt","time":1612843763,"event":{"mods":["2.2 Compatiblity","BaseMod","Downfall","Friendly Minions","Minty Spire (QoL Compilation)","StSLib"],"gold_per_floor":[99,117,132,145,158,158,158,173,189,189,189,28,38,38,48,148,148,148,165,178,192,192,192,272,172,191,207,1,1,14,14,14,14],"floor_reached":31,"language":"ENG","playtime":2478,"items_purged":["sneckomod:Strike"],"score":233,"play_id":"5cbd0417-828c-4d46-9585-8cf05a55f688","local_time":"20210208220923","is_ascension_mode":false,"campfire_choices":[{"floor":25,"key":"REST"}],"circlet_count":0,"master_deck":["sneckomod:Defend","sneckomod:Defend","sneckomod:TailWhip","sneckomod:SnekBite","Unload","sneckomod:UnknownCommonAttack","sneckomod:DefensiveFlair","Cold Snap","sneckomod:PureSnecko","sneckomod:WideSting+1","Malaise","sneckomod:DangerNoodle","sneckomod:UnknownUncommonPower","sneckomod:SerpentMind","sneckomod:UnknownUncommonSkill+1","sneckomod:UnknownVulnerable+1","sneckomod:SerpentMind+1","FTL","sneckomod:UnknownUncommonPower","sneckomod:MasterEye","sneckomod:UnknownUncommonAttack","sneckomod:UnknownDraw","sneckomod:Transmogrify","sneckomod:CheapStock","sneckomod:UnknownUncommonAttack","Wish","Adrenaline"],"relics":["sneckomod:SneckoSoul","Astrolabe","downfall:HeartBlessingBlue","Matryoshka"],"acts_visited":["Exordium","TheCity"],"potions_floor_usage":[9,16,21,28],"damage_taken":[{"damage":1,"enemies":"Cultist","floor":2,"turns":3},{"damage":5,"enemies":"Jaw Worm","floor":3,"turns":4},{"damage":5,"enemies":"Small Slimes","floor":4,"turns":3},{"damage":3,"enemies":"2 Fungi Beasts","floor":5,"turns":3},{"damage":5,"enemies":"3 Louse","floor":8,"turns":3},{"damage":9,"enemies":"Lots of Slimes","floor":9,"turns":4},{"damage":0,"enemies":"downfall:FleeingMerchant","floor":12,"turns":4},{"damage":10,"enemies":"Large Slime","floor":13,"turns":6},{"damage":5,"enemies":"Blue Slaver","floor":15,"turns":5},{"damage":14,"enemies":"DF_ARCHETYPE_STREAMLINE","floor":16,"turns":13},{"damage":7,"enemies":"Shell Parasite","floor":19,"turns":5},{"damage":13,"enemies":"3 Cultists","floor":20,"turns":5},{"damage":43,"enemies":"Cultist and Chosen","floor":21,"turns":10},{"damage":5,"enemies":"Snake Plant","floor":26,"turns":7},{"damage":26,"enemies":"Centurion and Healer","floor":27,"turns":7},{"damage":1,"enemies":"downfall:FleeingMerchant","floor":28,"turns":4},{"damage":6,"enemies":"Snecko","floor":30,"turns":6},{"damage":28,"enemies":"Gremlin Leader","floor":31,"turns":7}],"seed_played":"-2078145693534919864","potions_obtained":[{"floor":2,"key":"AttackPotion"},{"floor":8,"key":"SpeedPotion"},{"floor":9,"key":"SkillPotion"},{"floor":15,"key":"Ancient Potion"},{"floor":20,"key":"BlessingOfTheForge"},{"floor":21,"key":"AttackPotion"}],"is_trial":false,"path_per_floor":["R","M","M","M","M","R","T","M","M","R","?","$","M","?","M","B",null,"R","M","M","M","?","?","T","R","M","M","$","R","M","E"],"character_chosen":"THE_SNECKO","items_purchased":["sneckomod:UnknownUncommonPower","sneckomod:CheapStock","sneckomod:UnknownDraw","sneckomod:UnknownUncommonAttack"],"campfire_rested":1,"item_purchase_floors":[12,28,28,28],"current_hp_per_floor":[81,80,75,70,67,67,67,62,53,53,53,53,43,43,38,24,81,81,74,61,18,18,18,18,55,50,24,30,30,24,0,0,0],"gold":14,"neow_bonus":"ONE_RARE_RELIC","is_daily":false,"chose_seed":false,"campfire_upgraded":0,"win_rate":0.0,"timestamp":1612843763,"path_taken":["R","M","M","M","M","R","T","?","M","R","?","$","?","?","M","BOSS","R","M","M","M","?","?","T","R","M","M","$","R","?","E"],"items_purchased_type":["Card","Card","Card","Card"],"build_version":"2020-12-22","purchased_purges":1,"victory":false,"max_hp_per_floor":[81,81,81,81,81,81,81,81,81,81,81,81,81,81,81,81,81,81,81,81,81,81,81,81,91,91,91,91,91,91,91,91,91],"card_choices":[{"not_picked":["sneckomod:UnknownCommonAttack","sneckomod:UnknownDraw","sneckomod:DiceBlock"],"picked":"SKIP","floor":2},{"not_picked":["sneckomod:UnknownDraw","sneckomod:DiceBlock"],"picked":"sneckomod:UnknownCommonAttack","floor":2},{"not_picked":["sneckomod:SoulRoll","sneckomod:Unknown1Cost"],"picked":"sneckomod:DefensiveFlair","floor":3},{"not_picked":["sneckomod:WideSting","sneckomod:SoulRoll"],"picked":"sneckomod:UnknownStrength","floor":4},{"not_picked":["sneckomod:QuickMove","sneckomod:UnknownColorless"],"picked":"sneckomod:Unknown0Cost","floor":5},{"not_picked":["sneckomod:UnknownWeak","sneckomod:DiceBlock"],"picked":"sneckomod:PureSnecko","floor":8},{"not_picked":["sneckomod:Unknown2Cost","sneckomod:UnknownCommonAttack"],"picked":"sneckomod:WideSting","floor":9},{"not_picked":["sneckomod:SoulRoll","sneckomod:SoulDraw"],"picked":"sneckomod:DangerNoodle","floor":12},{"not_picked":["sneckomod:SoulDraw","sneckomod:Unknown1Cost"],"picked":"sneckomod:UnknownExhaust","floor":13},{"not_picked":["sneckomod:QuickBite","sneckomod:DiceCrush","sneckomod:TrashToTreasure"],"picked":"SKIP","floor":15},{"not_picked":["sneckomod:Cheat","sneckomod:DangerNoodle"],"picked":"sneckomod:SerpentMind","floor":16},{"not_picked":["sneckomod:UnknownCommonSkill","sneckomod:DiceCrush","sneckomod:SoulRoll"],"picked":"SKIP","floor":19},{"not_picked":["sneckomod:UnknownCommonAttack","sneckomod:UnknownWeak"],"picked":"sneckomod:UnknownUncommonPower","floor":20},{"not_picked":["sneckomod:RainOfDice","sneckomod:Unknown1Cost"],"picked":"sneckomod:MasterEye","floor":21},{"not_picked":["sneckomod:DiceCrush+1","sneckomod:QuickMove"],"picked":"sneckomod:UnknownUncommonAttack","floor":26},{"not_picked":["sneckomod:UnknownX","sneckomod:DiceBoulder"],"picked":"sneckomod:UnknownDraw","floor":27},{"not_picked":["sneckomod:Mudshield","sneckomod:DiceCrush+1"],"picked":"sneckomod:Transmogrify","floor":28},{"not_picked":["sneckomod:UnknownCommonAttack","sneckomod:Unknown1Cost"],"picked":"sneckomod:Memorize","floor":30}],"player_experience":2120663,"relics_obtained":[{"floor":24,"key":"Matryoshka"},{"floor":30,"key":"Matryoshka"}],"event_choices":[{"damage_healed":0,"gold_gain":0,"player_choice":"Forge","damage_taken":0,"max_hp_gain":0,"max_hp_loss":0,"event_name":"Accursed Blacksmith","floor":11,"gold_loss":0,"cards_upgraded":["sneckomod:WideSting"]}],"is_beta":false,"boss_relics":[{"not_picked":["Black Star","Calling Bell"],"picked":"Astrolabe"}],"items_purged_floors":[12],"is_endless":false,"potions_floor_spawned":[2,8,9,15,20,21,27],"killed_by":"Gremlin Leader","ascension_level":0}}