{"host":"v3qphhcqhwfpabne","time":1612856346,"event":{"mods":["100% Spire Juice","2.2 Compatiblity","AchievementEnabler","BaseMod","CapriCore","DeckTracker","KinomotoSakuraMod(ÙÊñýÜâ?)","Koishi","Marisa£¨Ùöéë¡¡Øª×âÞÞ£©","Minty Spire (QoL Compilation)","Permanent Neow","Prisma Mod","StSLib","Td1madao Mod","The Bug Knight","The Cursed","The Immortal","The Runesmith","WarShipGirlsR/??á´Ò³R mod"],"gold_per_floor":[118,136,155,65,80,91,105,124,171,184,202,202,214,181,181,277,327,308,319,329,329,329],"floor_reached":21,"language":"KOR","playtime":1106,"items_purged":[],"score":264,"play_id":"e5e28490-e1db-4f6d-a3c1-c8d70438cda9","local_time":"20210209163906","is_ascension_mode":true,"campfire_choices":[{"data":"Barricade","floor":12,"key":"SMITH"},{"floor":15,"key":"REST"}],"circlet_count":0,"master_deck":["Strike_R","Strike_R","Strike_R","Defend_R+1","Defend_R","Defend_R","Defend_R+1","Bash","Barricade+1","Sword Boomerang","Body Slam","Cleave","Bandage Up","True Grit+1","Berserk","Armaments","Shrug It Off","Ghostly Armor","Burning Pact","Body Slam"],"relics":["Burning Blood","War Paint","Tiny House"],"acts_visited":["Exordium","TheCity"],"potions_floor_usage":[6,16,16,16,17,18,18,20,21],"damage_taken":[{"damage":1,"enemies":"Cultist","floor":1,"turns":3},{"damage":9,"enemies":"Small Slimes","floor":2,"turns":4},{"damage":7,"enemies":"2 Louse","floor":3,"turns":3},{"damage":7,"enemies":"Looter","floor":5,"turns":4},{"damage":28,"enemies":"Exordium Thugs","floor":6,"turns":7},{"damage":16,"enemies":"Blue Slaver","floor":7,"turns":5},{"damage":17,"enemies":"Red Slaver","floor":8,"turns":5},{"damage":7,"enemies":"Looter","floor":10,"turns":5},{"damage":9,"enemies":"Large Slime","floor":11,"turns":8},{"damage":10,"enemies":"Lots of Slimes","floor":13,"turns":2},{"damage":29,"enemies":"Exordium Thugs","floor":14,"turns":6},{"damage":14,"enemies":"The Guardian","floor":16,"turns":11},{"damage":13,"enemies":"2 Thieves","floor":18,"turns":5},{"damage":22,"enemies":"Shell Parasite","floor":19,"turns":8},{"damage":65,"enemies":"Snake Plant","floor":20,"turns":7},{"damage":28,"enemies":"Centurion and Healer","floor":21,"turns":6}],"seed_played":"4005668346619066023","potions_obtained":[{"floor":5,"key":"PowerPotion"},{"floor":6,"key":"Fruit Juice"},{"floor":8,"key":"Ancient Potion"},{"floor":11,"key":"Block Potion"},{"floor":13,"key":"Block Potion"},{"floor":17,"key":"EntropicBrew"},{"floor":18,"key":"Fruit Juice"}],"is_trial":false,"path_per_floor":["M","M","M","$","M","M","M","M","T","M","M","R","M","M","R","B",null,"M","M","M","M"],"character_chosen":"IRONCLAD","items_purchased":["Bandage Up"],"campfire_rested":1,"item_purchase_floors":[4],"current_hp_per_floor":[61,58,57,57,60,47,41,34,34,37,38,38,38,21,46,42,90,92,79,24,0,0],"gold":329,"neow_bonus":"TRANSFORM_TWO_CARDS","is_daily":false,"chose_seed":false,"campfire_upgraded":1,"win_rate":0.0,"timestamp":1612856346,"path_taken":["M","M","M","$","M","?","M","M","T","M","M","R","M","M","R","BOSS","M","M","M","M"],"items_purchased_type":["Card"],"build_version":"2020-12-22","purchased_purges":0,"victory":false,"max_hp_per_floor":[80,80,80,80,80,85,85,85,85,85,85,85,85,85,85,85,90,95,95,95,95,95],"card_choices":[{"not_picked":["True Grit","Pommel Strike"],"picked":"Body Slam","floor":1},{"not_picked":["Intimidate","Wild Strike"],"picked":"Cleave","floor":2},{"not_picked":["Searing Blow","Twin Strike","Heavy Blade"],"picked":"SKIP","floor":3},{"not_picked":["Dropkick","Havoc","Clash"],"picked":"SKIP","floor":5},{"not_picked":["Disarm","Evolve","Heavy Blade"],"picked":"SKIP","floor":6},{"not_picked":["Heavy Blade","Wild Strike"],"picked":"True Grit","floor":7},{"not_picked":["Sword Boomerang","Thunderclap","Perfected Strike"],"picked":"SKIP","floor":8},{"not_picked":["Sentinel","Cleave"],"picked":"Berserk","floor":10},{"not_picked":["Thunderclap","Iron Wave"],"picked":"Armaments","floor":11},{"not_picked":["Clash","Reckless Charge","Power Through"],"picked":"SKIP","floor":13},{"not_picked":["True Grit","Cleave"],"picked":"Shrug It Off","floor":14},{"not_picked":["Body Slam","Headbutt"],"picked":"Ghostly Armor","floor":17},{"not_picked":["Thunderclap","Inflame"],"picked":"Burning Pact","floor":18},{"not_picked":["Wild Strike","Dropkick+1"],"picked":"Body Slam","floor":19},{"not_picked":["Perfected Strike","Body Slam","Exhume"],"picked":"SKIP","floor":20}],"player_experience":140424,"relics_obtained":[{"floor":9,"key":"War Paint"}],"event_choices":[],"is_beta":false,"boss_relics":[{"not_picked":["SlaversCollar","Coffee Dripper"],"picked":"Tiny House"}],"items_purged_floors":[],"is_endless":false,"potions_floor_spawned":[5,6,8,11,13,14,18],"killed_by":"Centurion and Healer","ascension_level":3}}