{"host":"40gggw0x72bpm5se","time":1612909717,"event":{"mods":["ATMod(°¢èªMod)","Act Like it!","Aspiration","BaseMod","Better Vampires","Colored Map","Conspire","Energized Spire","Friendly Minions","Gensokyo","GungeonMod","GungeonMod Extend","HololiveMod","Infinite Spire","Koishi","Library of Ruina","Library of Ruina Extra","Lobotomy","Luminous","Minty Spire (QoL Compilation)","MostiFishMod","Quarter Circle Forward PUNCH!","Quick Restart","Relic Filter Mod","Relic Stats","Replay The Spire","RumiaBox-Â¶Ã×æ«µÄÉñÃØºÐ×Ó","Shop Mod","Spicy Shops","StSLib","TestMod","The Alterego","UnlockEverythingMod","Waifu the Spire","Youmu£¨»êÆÇÑýÃÎ£©","[LAZYMAN]RSMod","¡¾¹¦ÄÜMod¡¿»ìãçÖ®»·ÐÞ¸´²¹¶¡","¡¾ÒÅÎï¿¨ÅÆ¡¿REMEMod","Ä§½ä"],"gold_per_floor":[111,122,122,47,287,287,60,60,60,16,16,50,50,63,63,158,158,105,119,48,63,82,114,114,139,139,165,165,3,14,14,14,112,112,127,153,140,159,169,169,186,199,199,-1201,-1190,-1175,-1175,-1175,-1175,-1175,-1175,-1175,-1175,-1175,-1144,-1144],"floor_reached":57,"language":"ZHS","playtime":1505,"items_purged":["Voices","Normality"],"score":1464,"play_id":"dac1074d-4f29-45d0-bdd1-ce6aa39093d2","local_time":"20210210062837","is_ascension_mode":false,"campfire_choices":[{"data":"MostiFishMod:WinterMarkForm","floor":6.0,"key":"SMITH"},{"data":"RingOfDestiny:Laugh","floor":11.0,"key":"SMITH"},{"data":"RingOfDestiny:Metaphysics","floor":13.0,"key":"SMITH"},{"floor":15.0,"key":"RECALL"},{"data":"RingOfDestiny:Show","floor":24.0,"key":"SMITH"},{"data":"infinitespire:Starlight","floor":28.0,"key":"SMITH"},{"data":"RingOfDestiny:RaiseMoney","floor":40,"key":"SMITH"},{"data":"Spear_LOR","floor":53,"key":"SMITH"}],"circlet_count":0,"master_deck":["RingOfDestiny:Defend_PU","RingOfDestiny:Defend_PU","RingOfDestiny:Defend_PU","RingOfDestiny:Defend_PU","RingOfDestiny:Strike_PU","RingOfDestiny:Strike_PU","RingOfDestiny:Strike_PU","RingOfDestiny:FirstInvest","RingOfDestiny:DiamondOfDeath+1","RingOfDestiny:Metaphysics+1","MostiFishMod:WinterMarkForm+1","AT_DivineConfetti","RingOfDestiny:Strike_MB","Spear_LOR+1","FocusedStrikes","DemoMod:CrossBow","HpAim","RingOfDestiny:StayUpLate","CommonCold","CommonCold","ReplayTheSpireMod:Splinters","Normality","RingOfDestiny:RaiseMoney+1","RingOfDestiny:Metaphysics+1","RingOfDestiny:Laugh+1","RingOfDestiny:ThreeRaffles","RingOfDestiny:Recommend","RingOfDestiny:Show+1","RingOfDestiny:DrawAgain","RingOfDestiny:Act","RingOfDestiny:DiamondOfDeath+1","RingOfDestiny:Rebate+1","RingOfDestiny:FiveDollar","infinitespire:Starlight+1","RingOfDestiny:Laugh","RingOfDestiny:Purification","RingOfDestiny:NoviceReward","RingOfDestiny:Act","RingOfDestiny:FreePlay","Gensokyo:UnlikelyAid+1"],"relics":["RingOfDestiny:DogEyes","REME_ComplimentaryCards","AT_ATBox","testmod-TestBox","DaveBox","testmod-IntensifyImprint","ChiXiaoBlade","ThornShield","SynthV:TestCard","testmod-Laevatain","testmod-Laevatain","DemoExt:NecessarySacrifice","testmod-InjuryResistance","Honey Jar","ClockworkSouvenir","Baka2","Centennial Puzzle","testmod-OneHitWonder","AT_GuinsooRageblade","CaptainsWheel","dwlrmod:NightmareFuel","SynthV","testmod-Fanaticism","AT_EbonyIvory","Pear","DemoMod:Relodestone","SynthV:MejaisSoulstealer","Mango","aspiration:HatOfInfinitePower","testmod-Fanaticism"],"acts_visited":["Gensokyo:Gensokyo","Gensokyo:Gensokyoer","Gensokyo:Gensokyoest","TheEnding"],"potions_floor_usage":[55,55],"damage_taken":[{"damage":0.0,"enemies":"Gensokyo:Python","floor":1.0,"turns":2.0},{"damage":3.0,"enemies":"Gensokyo:2_Kodama","floor":2.0,"turns":2.0},{"damage":0.0,"enemies":"Gensokyo:3_Fairies","floor":10.0,"turns":4.0},{"damage":0.0,"enemies":"Gensokyo:Aya","floor":12.0,"turns":2.0},{"damage":0.0,"enemies":"Gensokyo:VengefulSpirit","floor":14.0,"turns":2.0},{"damage":0.0,"enemies":"Gensokyo:Reimu","floor":16.0,"turns":3.0},{"damage":0.0,"enemies":"Gensokyo:3_Dogs","floor":18.0,"turns":2.0},{"damage":0.0,"enemies":"Gensokyo:2_Gloops","floor":19.0,"turns":1.0},{"damage":0.0,"enemies":"Gensokyo:Wraith","floor":21.0,"turns":2.0},{"damage":0.0,"enemies":"Gensokyo:Chomper_and_Gloop","floor":22.0,"turns":2.0},{"damage":25.0,"enemies":"Gensokyo:Tenshi","floor":23.0,"turns":2.0},{"damage":0.0,"enemies":"Nightmare","floor":25.0,"turns":3.0},{"damage":0.0,"enemies":"Nightmare","floor":27.0,"turns":3.0},{"damage":8.0,"enemies":"Gensokyo:Slime_Group","floor":30.0,"turns":1.0},{"damage":5,"enemies":"Gensokyo:Eternal_Rivals","floor":33,"turns":1},{"damage":6,"enemies":"Gensokyo:AncientGuardian","floor":35,"turns":1},{"damage":5,"enemies":"Gensokyo:3_Bats","floor":37,"turns":1},{"damage":9,"enemies":"Gensokyo:SeedOfUnknown","floor":38,"turns":1},{"damage":12,"enemies":"Gensokyo:Rafflesia","floor":39,"turns":2},{"damage":5,"enemies":"Gensokyo:Sharpion","floor":41,"turns":1},{"damage":9,"enemies":"Gensokyo:4_Bats","floor":42,"turns":1},{"damage":5,"enemies":"Gensokyo:3_Boulders","floor":45,"turns":1},{"damage":16,"enemies":"Gensokyo:AtlasGolem","floor":46,"turns":1},{"damage":7,"enemies":"Gensokyo:AtlasGolem","floor":48,"turns":1},{"damage":8,"enemies":"Gensokyo:Scarlet_Devils","floor":50,"turns":2},{"damage":23,"enemies":"Shield and Spear","floor":55,"turns":2},{"damage":8,"enemies":"The Heart","floor":56,"turns":2}],"seed_played":"4139557346191124719","potions_obtained":[{"floor":1.0,"key":"DemoMod:BlankPotion"},{"floor":12.0,"key":"SkillPotion"},{"floor":18.0,"key":"testmod-SpacePotion"},{"floor":23.0,"key":"Milkshake"},{"floor":25.0,"key":"EssenceOfSteel"},{"floor":30.0,"key":"SteroidPotion"}],"is_trial":false,"path_per_floor":["M","M","?","$","?","R","$","?","T","M","R","E","R","M","R","B",null,"M","M","$","M","M","E","R","NM","T","E","R","COS","M","?","R_BF","B",null,"M","T","M","M","M","R","M","M","T","$","M","M","?","?","R_BF","B",null,null,"R","$","E","B",null],"character_chosen":"Purchemist","items_purchased":["RingOfDestiny:Metaphysics","ClockworkSouvenir","SynthV:MejaisSoulstealer"],"campfire_rested":0,"item_purchase_floors":[7,20,44],"current_hp_per_floor":[90,69,77,77,37,37,37,37,37,41,41,41,41,41,41,45,78,78,78,78,78,78,53,53,57,57,78,78,78,78,78,78,73,78,72,72,81,80,68,68,82,73,73,73,68,86,49,49,79,78,78,102,102,102,102,102],"gold":-1144,"neow_bonus":"ONE_RARE_RELIC","is_daily":false,"chose_seed":false,"campfire_upgraded":7,"win_rate":0.0,"timestamp":1612909717,"path_taken":["M","?","?","$","?","R","$","?","T","?","R","E","R","M","R","BOSS","M","M","?","M","M","E","R","NM","T","E","R","COS","M","?","R_BF","BOSS","M","?","M","?","?","R","M","M","T","$","M","M","?","?","R_BF","BOSS","R","$","E","BOSS"],"items_purchased_type":["Card","Relic","Relic"],"build_version":"2020-12-22","purchased_purges":2,"victory":true,"max_hp_per_floor":[90,80,88,88,88,88,88,78,78,78,78,78,78,78,78,78,78,78,78,78,78,78,78,78,78,78,78,78,78,78,78,78,78,78,78,78,88,88,88,88,88,88,88,88,88,102,102,102,102,102,102,102,102,102,102,102],"relic_stats":{"Centennial Puzzle":[42],"counters":[27,48],"obtain_stats":[{"AT_ATBox":0,"DaveBox":0,"SynthV":29,"Mango":46,"DemoMod:GlassGuonStoneRelic":1,"ClockworkSouvenir":20,"testmod-Fanaticism":34,"Baka2":22,"Centennial Puzzle":23,"testmod-InjuryResistance":12,"testmod-Laevatain":2,"Honey Jar":17,"AT_GuinsooRageblade":26,"testmod-IntensifyImprint":0,"testmod-TestBox":0,"Pear":37,"SynthV:MejaisSoulstealer":44,"RingOfDestiny:DogEyes":0,"DemoExt:NecessarySacrifice":8,"AT_EbonyIvory":36,"Baka":1,"ThornShield":0,"dwlrmod:NightmareFuel":27,"CaptainsWheel":27,"SynthV:TestCard":1,"ChiXiaoBlade":0,"DemoMod:Relodestone":43,"aspiration:HatOfInfinitePower":47,"testmod-OneHitWonder":25,"REME_ComplimentaryCards":0},{"AT_ATBox":0,"DaveBox":0,"SynthV":13,"Mango":23,"DemoMod:GlassGuonStoneRelic":1,"ClockworkSouvenir":8,"testmod-Fanaticism":15,"Baka2":10,"Centennial Puzzle":11,"testmod-InjuryResistance":4,"testmod-Laevatain":2,"Honey Jar":6,"AT_GuinsooRageblade":12,"testmod-IntensifyImprint":0,"testmod-TestBox":0,"Pear":17,"SynthV:MejaisSoulstealer":21,"RingOfDestiny:DogEyes":0,"DemoExt:NecessarySacrifice":2,"AT_EbonyIvory":16,"Baka":1,"ThornShield":0,"dwlrmod:NightmareFuel":13,"CaptainsWheel":13,"SynthV:TestCard":1,"ChiXiaoBlade":0,"DemoMod:Relodestone":21,"aspiration:HatOfInfinitePower":23,"testmod-OneHitWonder":12,"REME_ComplimentaryCards":0},{"AT_ATBox":0,"DaveBox":0,"SynthV":30,"Mango":41,"DemoMod:GlassGuonStoneRelic":2,"ClockworkSouvenir":18,"testmod-Fanaticism":32,"Baka2":22,"Centennial Puzzle":24,"testmod-InjuryResistance":10,"testmod-Laevatain":4,"Honey Jar":15,"AT_GuinsooRageblade":27,"testmod-IntensifyImprint":0,"testmod-TestBox":0,"Pear":34,"SynthV:MejaisSoulstealer":39,"RingOfDestiny:DogEyes":0,"DemoExt:NecessarySacrifice":4,"AT_EbonyIvory":33,"Baka":2,"ThornShield":0,"dwlrmod:NightmareFuel":30,"CaptainsWheel":30,"SynthV:TestCard":2,"ChiXiaoBlade":0,"DemoMod:Relodestone":39,"aspiration:HatOfInfinitePower":41,"testmod-OneHitWonder":27,"REME_ComplimentaryCards":0}]},"card_choices":[{"not_picked":["RingOfDestiny:DiamondOfDeath","RingOfDestiny:Filter"],"picked":"RingOfDestiny:StayUpLate","floor":1.0},{"not_picked":["RingOfDestiny:CatGash","RingOfDestiny:Rebate","RingOfDestiny:Wild","RingOfDestiny:Wilful"],"picked":"RingOfDestiny:RaiseMoney","floor":2.0},{"not_picked":["RingOfDestiny:Purification","RingOfDestiny:StayUpLate","RingOfDestiny:Metaphysics","RingOfDestiny:DoubleInvest"],"picked":"RingOfDestiny:Laugh","floor":10.0},{"not_picked":["RingOfDestiny:Wilful","RingOfDestiny:GoldFinger","RingOfDestiny:CrushDiamond","RingOfDestiny:Windfall"],"picked":"RingOfDestiny:ThreeRaffles","floor":12.0},{"not_picked":["RingOfDestiny:BloodAvalanche","RingOfDestiny:Filter","RingOfDestiny:HoldOn","RingOfDestiny:Refine"],"picked":"RingOfDestiny:Recommend","floor":14.0},{"not_picked":["RingOfDestiny:Rich","RingOfDestiny:Repeat","RingOfDestiny:Cheat","RingOfDestiny:ScrewRules"],"picked":"RingOfDestiny:Show","floor":16.0},{"not_picked":["RingOfDestiny:Rebate","RingOfDestiny:RaiseMoney","RingOfDestiny:Refine","RingOfDestiny:Laugh+1","RingOfDestiny:Purification"],"picked":"RingOfDestiny:DrawAgain","floor":18.0},{"not_picked":["RingOfDestiny:Refine+1","RingOfDestiny:NoviceReward+1","RingOfDestiny:MonthCard","RingOfDestiny:HoldOn","RingOfDestiny:Metaphysics+1"],"picked":"RingOfDestiny:Act","floor":19.0},{"not_picked":["RingOfDestiny:RaiseMoney","RingOfDestiny:Reinforcement","RingOfDestiny:NoInvest","RingOfDestiny:Wilful+1","RingOfDestiny:BloodBorne"],"picked":"RingOfDestiny:DiamondOfDeath+1","floor":21.0},{"not_picked":["RingOfDestiny:Windfall","RingOfDestiny:Refine","RingOfDestiny:NoInvest","RingOfDestiny:MultipleInvest+1","RingOfDestiny:BloodAvalanche"],"picked":"RingOfDestiny:Rebate+1","floor":22.0},{"not_picked":["RingOfDestiny:BuyBuyBuy+1","RingOfDestiny:BloodBorne","RingOfDestiny:Extraction","RingOfDestiny:Laugh","RingOfDestiny:RaiseMoney"],"picked":"RingOfDestiny:FiveDollar","floor":23.0},{"not_picked":["infinitespire:DeathsTouch","infinitespire:FinalStrike"],"picked":"infinitespire:Starlight","floor":25.0},{"not_picked":["RingOfDestiny:Wilful+1","RingOfDestiny:DoubleInvest+1","RingOfDestiny:Shiny","RingOfDestiny:SwornRevenge","RingOfDestiny:Concentrate"],"picked":"RingOfDestiny:Laugh","floor":25.0},{"not_picked":["RingOfDestiny:BloodBorne","RingOfDestiny:NoLoss","RingOfDestiny:Windfall","RingOfDestiny:Conversion","RingOfDestiny:HoldOn"],"picked":"RingOfDestiny:Purification","floor":27.0},{"not_picked":["RingOfDestiny:HoldOn","RingOfDestiny:Reinforcement+1","RingOfDestiny:CatGash","RingOfDestiny:CatCannon","RingOfDestiny:BuyBuyBuy"],"picked":"RingOfDestiny:NoviceReward","floor":30.0},{"not_picked":["RingOfDestiny:GoldProtect","RingOfDestiny:DanceOfBlood","RingOfDestiny:ScrewRules","RingOfDestiny:Rich","RingOfDestiny:Cheat"],"picked":"RingOfDestiny:Act","floor":33},{"not_picked":["RingOfDestiny:Concentrate","RingOfDestiny:Recommend+1","RingOfDestiny:StayUpLate+1","RingOfDestiny:Filter","RingOfDestiny:MassInvest+1"],"picked":"RingOfDestiny:FreePlay","floor":35},{"not_picked":["RingOfDestiny:Laugh","RingOfDestiny:MultipleInvest","RingOfDestiny:NoviceReward","RingOfDestiny:Concentrate","RingOfDestiny:Rebate","RingOfDestiny:Purification"],"picked":"SKIP","floor":37},{"not_picked":["RingOfDestiny:Filter","RingOfDestiny:CrushDiamond+1","RingOfDestiny:Concentrate+1","RingOfDestiny:StayUpLate+1","RingOfDestiny:CatGash","RingOfDestiny:Rebate+1"],"picked":"SKIP","floor":38},{"not_picked":["RingOfDestiny:NoInvest","RingOfDestiny:MultipleInvest","RingOfDestiny:GoldProtect","RingOfDestiny:Refine","RingOfDestiny:RaiseMoney","RingOfDestiny:Wilful+1"],"picked":"SKIP","floor":39},{"not_picked":["RingOfDestiny:Refine","RingOfDestiny:ThreeRaffles","RingOfDestiny:BuyBuyBuy","RingOfDestiny:Filter+1","RingOfDestiny:MonthCard","RingOfDestiny:Bloodmourne"],"picked":"SKIP","floor":41},{"not_picked":["RingOfDestiny:Wilful","RingOfDestiny:DoubleInvest+1","RingOfDestiny:Recommend","RingOfDestiny:CatGash+1","RingOfDestiny:BloodAvalanche+1","RingOfDestiny:GoldFinger"],"picked":"SKIP","floor":42},{"not_picked":["RingOfDestiny:Shuffle+1","RingOfDestiny:Filter","RingOfDestiny:Refine+1","RingOfDestiny:Wild","RingOfDestiny:BloodBorne+1","RingOfDestiny:FiveDollar"],"picked":"SKIP","floor":45},{"not_picked":["RingOfDestiny:CatGash+1","RingOfDestiny:Reinforcement","RingOfDestiny:MultipleInvest+1","RingOfDestiny:Purification+1","RingOfDestiny:Shiny+1","RingOfDestiny:Filter"],"picked":"SKIP","floor":46},{"not_picked":["Gensokyo:MorningStar+1","Gensokyo:RisingWorld+1"],"picked":"Gensokyo:UnlikelyAid+1","floor":48},{"not_picked":["RingOfDestiny:BloodBorne+1","RingOfDestiny:DoubleInvest","RingOfDestiny:CatCannon","RingOfDestiny:AristocraticPedigree+1","RingOfDestiny:Bloodmourne","RingOfDestiny:GoldFinger+1"],"picked":"SKIP","floor":55}],"player_experience":109748,"relics_obtained":[{"floor":1.0,"key":"SynthV:TestCard"},{"floor":1.0,"key":"Baka"},{"floor":2.0,"key":"testmod-Laevatain"},{"floor":2.0,"key":"testmod-Laevatain"},{"floor":12.0,"key":"testmod-InjuryResistance"},{"floor":22.0,"key":"Baka2"},{"floor":23.0,"key":"Centennial Puzzle"},{"floor":25.0,"key":"testmod-OneHitWonder"},{"floor":26.0,"key":"AT_GuinsooRageblade"},{"floor":27.0,"key":"CaptainsWheel"},{"floor":27.0,"key":"dwlrmod:NightmareFuel"},{"floor":36,"key":"AT_EbonyIvory"},{"floor":37,"key":"Pear"},{"floor":43,"key":"DemoMod:Relodestone"},{"floor":46,"key":"Mango"},{"floor":55,"key":"testmod-Fanaticism"}],"event_choices":[],"is_beta":false,"boss_relics":[{"not_picked":["EasyGame_NEW","Coffee Dripper"],"picked":"Honey Jar"},{"not_picked":["ReplayTheSpireMod:Onyx Gauntlets","aspiration:WatcherSkillbook"],"picked":"testmod-Fanaticism"}],"items_purged_floors":[4,7],"is_endless":false,"potions_floor_spawned":[1,12,18,23,25,30,33,39,41,42],"ascension_level":0}}