{"host":"yrtk68ixj64vhhh3","time":1612854717,"event":{"mods":["2.2 Compatiblity","AchievementEnabler","Aspiration","BaseMod","Better Altar","Better Match","Better Note","Better Silent Start","Better Skull","Better Third Choice","Colored Map","Colored Powertips","Conspire","Dio Mod","Downfall","Energized Spire","Hubris","Infinite Spire","Minty Spire (QoL Compilation)","Prisma Mod","RNG Fix","Random Character Button","Random Character Mod","Reliquary","StSLib","Steal the Spire","Td1madao Mod","The Animator","The Bug Knight","The Mystic","The Poker Player","The Wild Card","TheBandit","TheHero"],"gold_per_floor":[118,132,132,148,179,179,192,192,237,256,275,293,308,324,324,324,324],"floor_reached":16,"language":"ENG","playtime":1363,"items_purged":[],"score":98,"play_id":"4dd68c90-a037-4930-b74d-777693216daf","local_time":"20210209201157","is_ascension_mode":false,"campfire_choices":[{"floor":6,"key":"REST"},{"floor":8,"key":"REST"},{"floor":15,"key":"REST"}],"circlet_count":0,"master_deck":["Strike_C","Strike_C","Strike_C","Strike_C","Defend_C","Defend_C","Defend_C","Defend_C","Knight Kick","Chip","Pod Fire+1","De Ware Chip","Judgment+1","Here Defend Chip","Black Execution","Im Angry","Three Hit","Floating Swing Kick","Fixing","Twin Teeth"],"relics":["Apod","reliquary:Boomerang","Omamori","reliquary:Buckler"],"acts_visited":["Exordium"],"potions_floor_usage":[16,16,16],"damage_taken":[{"damage":3,"enemies":"2 Louse","floor":1,"turns":4},{"damage":0,"enemies":"Cultist","floor":2,"turns":3},{"damage":3,"enemies":"Jaw Worm","floor":4,"turns":4},{"damage":17,"enemies":"conspire:MimicChest","floor":5,"turns":6},{"damage":7,"enemies":"Blue Slaver","floor":7,"turns":4},{"damage":30,"enemies":"Gremlin Gang","floor":10,"turns":3},{"damage":11,"enemies":"Red Slaver","floor":11,"turns":3},{"damage":5,"enemies":"Exordium Thugs","floor":12,"turns":4},{"damage":3,"enemies":"Looter","floor":13,"turns":3},{"damage":9,"enemies":"conspire:2 RoseBushes","floor":14,"turns":7},{"damage":25,"enemies":"Hexaghost","floor":16,"turns":11}],"seed_played":"-3654424550082224329","potions_obtained":[{"floor":5,"key":"Dexterity Potion"},{"floor":10,"key":"Weak Potion"},{"floor":11,"key":"Ancient Potion"},{"floor":14,"key":"SkillPotion"}],"is_trial":false,"path_per_floor":["M","M","?","M","?","R","M","R","T","M","M","M","M","M","R","B"],"character_chosen":"TD1MADAO_CLASS","items_purchased":[],"campfire_rested":3,"item_purchase_floors":[],"current_hp_per_floor":[74,74,41,38,21,44,37,60,60,30,19,14,11,2,25,0,0],"gold":324,"neow_bonus":"TEN_PERCENT_HP_BONUS","is_daily":false,"chose_seed":false,"campfire_upgraded":0,"win_rate":0.0,"timestamp":1612854717,"path_taken":["M","M","?","M","?","R","M","R","T","M","M","M","M","M","R","BOSS"],"items_purchased_type":[],"build_version":"2020-12-22","purchased_purges":0,"victory":false,"max_hp_per_floor":[77,77,77,77,77,77,77,77,77,77,77,77,77,77,77,77,77],"card_choices":[{"not_picked":["Cursed Blade","Bugfix"],"picked":"Pod Fire","floor":1},{"not_picked":["Fixing","Black Shadow"],"picked":"De Ware Chip","floor":2},{"not_picked":["Cursed Blade","Afterwards"],"picked":"Judgment","floor":4},{"not_picked":["Lore","Thunder Jump"],"picked":"Here Defend Chip","floor":5},{"not_picked":["Weapon Shift","Sudden Beat"],"picked":"Black Execution","floor":7},{"not_picked":["Here Defend Chip","Black Shadow"],"picked":"Im Angry","floor":10},{"not_picked":["Recovery Mechanism","Preloading"],"picked":"Three Hit","floor":11},{"not_picked":["Provocative","Resistance"],"picked":"Floating Swing Kick","floor":12},{"not_picked":["Oblique Hack","Reinforcement Parts"],"picked":"Fixing","floor":13},{"not_picked":["Trader","Lunge"],"picked":"Twin Teeth","floor":14}],"player_experience":800922,"relics_obtained":[{"floor":5,"key":"Omamori"},{"floor":9,"key":"reliquary:Buckler"}],"event_choices":[{"damage_healed":0,"gold_gain":0,"player_choice":"Relic ","damage_taken":33,"max_hp_gain":0,"max_hp_loss":0,"event_name":"betterThird:BetterScrap","floor":3,"gold_loss":0,"cards_obtained":["Offering"]}],"is_beta":false,"boss_relics":[],"items_purged_floors":[],"is_endless":false,"potions_floor_spawned":[5,10,11,14],"killed_by":"Hexaghost","ascension_level":0}}