{"host":"hf26dlu7397s98tc","time":1612870848,"event":{"mods":["Act Like it!","Arknights","Astrologer","BaseMod","CapriCore","GifTheSpireLib","Hermit","Luminous","Minty Spire (QoL Compilation)","Pale of the Ancients","Quick Restart","Robot Space Explorer","Shop Mod","Spicy Shops","StSLib","The Dragon Tamer","The Gatherer","The Immortal","TheWitcher","Thieving Mod","UnlockEverythingMod","≤–¡Ù÷ÆŒÔ"],"gold_per_floor":[109,284,284,284,36,36,71,71,71,89,100,129,142,172,184,300,312,338,376,313,56,56,91,91,109,132,0,25,37,62,75,75,179,179,193,240,33,83,101,101,120,149,149,149,149,149,164,199,199,199,215,233,233,4,4,19,19,99,99,99],"floor_reached":61,"language":"ZHS","playtime":3231,"items_purged":["Regret","PlaceholderMod:BaseStrike","PlaceholderMod:CrystallizationStrike","PlaceholderMod:Sweep"],"score":1680,"play_id":"f18fff6e-3f04-4045-8e5a-a47a82c1a1e8","local_time":"20210209194048","is_ascension_mode":false,"campfire_choices":[{"data":"PlaceholderMod:InnerSoften","floor":6,"key":"SMITH"},{"data":"PlaceholderMod:DirectingGroup","floor":8,"key":"SMITH"},{"data":"PlaceholderMod:Activation","floor":15,"key":"SMITH"},{"floor":24,"key":"RECALL"},{"floor":32,"key":"REST"},{"data":"PlaceholderMod:FinalSpray","floor":40,"key":"SMITH"},{"data":"PlaceholderMod:PoisonWhip","floor":44,"key":"PURGE"},{"data":"PlaceholderMod:Assimilation","floor":49,"key":"PURGE"},{"data":"PlaceholderMod:HardStinger+1","floor":55,"key":"PURGE"},{"data":"PlaceholderMod:PoisonAbsorb","floor":57,"key":"PURGE"}],"circlet_count":0,"master_deck":["PlaceholderMod:Crystal","PlaceholderMod:PoisonBlast","PlaceholderMod:DissolvingSpikes","PlaceholderMod:InnerSoften+1","PlaceholderMod:DirectingGroup+1","PlaceholderMod:EvolutionSpray","PlaceholderMod:Activation+1","PlaceholderMod:FastReaction","PlaceholderMod:FinalSpray+1","PlaceholderMod:Crystallization","PlaceholderMod:HornyBlast","PlaceholderMod:PoisonExcitation","PlaceholderMod:SevereHeat+1","PlaceholderMod:Activation+1","PlaceholderMod:DiffusionPoison","PlaceholderMod:FinalSpray+1","PlaceholderMod:HardStrike","PlaceholderMod:DoublePoint+1","PlaceholderMod:Hard+1","Purity+1"],"relics":["PlaceholderMod:Tancle","NeowsBlessing","StrikeDummy","PlaceholderMod:FlatBlood","Whetstone","Ice Cream","MawBank","PlaceholderMod:LiveLive","Red Mask","PlaceholderMod:Abhoth","MutagenicStrength","Vajra","Orichalcum","Toxic Egg 2","Akabeko","Pandora\u0027s Box","Mango","Membership Card","Lizard Tail","Regal Pillow","Peace Pipe","PlaceholderMod:DaolothFragment","CeramicFish","paleoftheancients:Timepiece","paleoftheancients:KeyRelic","Anchor","Coffee Dripper","Bronze Scales","paleoftheancients:SoulOfTheShowman","TungstenRod","ClockworkSouvenir","Bag of Marbles","Ornamental Fan"],"acts_visited":["Exordium","TheCity","TheBeyond","paleoftheancients:PaleOfTheAncients"],"potions_floor_usage":[16,16,17,60,60],"damage_taken":[{"damage":0.0,"enemies":"2 Louse","floor":1.0,"turns":1.0},{"damage":0,"enemies":"Gremlin Nob","floor":7,"turns":1},{"damage":0,"enemies":"ats:Genji","floor":10,"turns":1},{"damage":3,"enemies":"Jaw Worm","floor":11,"turns":4},{"damage":21,"enemies":"Lagavulin","floor":12,"turns":7},{"damage":7,"enemies":"Looter","floor":13,"turns":3},{"damage":3,"enemies":"Gremlin Nob","floor":14,"turns":5},{"damage":17,"enemies":"The Guardian","floor":16,"turns":9},{"damage":15,"enemies":"2 Thieves","floor":18,"turns":2},{"damage":0,"enemies":"Masked Bandits","floor":19,"turns":2},{"damage":29,"enemies":"Slavers","floor":23,"turns":3},{"damage":13,"enemies":"3 Byrds","floor":25,"turns":6},{"damage":12,"enemies":"Gremlin Leader","floor":28,"turns":5},{"damage":0,"enemies":"Centurion and Healer","floor":29,"turns":5},{"damage":0,"enemies":"Book of Stabbing","floor":30,"turns":6},{"damage":0,"enemies":"3 Cultists","floor":31,"turns":4},{"damage":0,"enemies":"Automaton","floor":33,"turns":9},{"damage":0,"enemies":"3 Darklings","floor":35,"turns":1},{"damage":0,"enemies":"2 Orb Walkers","floor":36,"turns":3},{"damage":0,"enemies":"Mind Bloom Boss Battle","floor":38,"turns":2},{"damage":0,"enemies":"Orb Walker","floor":39,"turns":2},{"damage":0,"enemies":"4 Shapes","floor":41,"turns":2},{"damage":0,"enemies":"Giant Head","floor":42,"turns":3},{"damage":0,"enemies":"Writhing Mass","floor":47,"turns":2},{"damage":0,"enemies":"Reptomancer","floor":48,"turns":2},{"damage":11,"enemies":"Donu and Deca","floor":50,"turns":2},{"damage":0,"enemies":"Donu and Deca","floor":51,"turns":2},{"damage":0,"enemies":"Donu and Deca","floor":52,"turns":1},{"damage":0,"enemies":"Donu and Deca","floor":56,"turns":1},{"damage":0,"enemies":"paleoftheancients:N","floor":60,"turns":2}],"seed_played":"3372193130125976209","potions_obtained":[{"floor":1.0,"key":"EssenceOfSteel"},{"floor":14,"key":"Swift Potion"},{"floor":16,"key":"Fruit Juice"},{"floor":19,"key":"Dexterity Potion"},{"floor":23,"key":"Dexterity Potion"},{"floor":30,"key":"AttackPotion"},{"floor":31,"key":"ThievingMod:ThievingPotion"},{"floor":35,"key":"CultistPotion"}],"is_trial":false,"path_per_floor":["M","?","?","?","$","R","E","R","T","M","M","E","M","E","R","B",null,"M","?","?","$","?","E","R","M","T","$","E","M","E","M","R","B",null,"M","?","$","?","M","R","M","E","T","R","?","T","M","E","R","B","M","M","?","$","R","M","R","T","?","B",null],"character_chosen":"THE_PLACEHOLDER","items_purchased":["PlaceholderMod:PoisonAbsorb","PlaceholderMod:FlatBlood","PlaceholderMod:Abhoth","PlaceholderMod:Crystallization","PlaceholderMod:PoisonExcitation","Membership Card","TungstenRod","ClockworkSouvenir","Bag of Marbles"],"campfire_rested":1,"item_purchase_floors":[5,5,21,21,27,37,54,54,54],"current_hp_per_floor":[78,78,78,78,78,78,78,78,78,78,75,54,47,44,44,27,83,68,68,68,68,68,39,39,26,26,26,14,14,14,14,38,38,83,83,97,97,97,97,97,97,97,97,97,87,87,87,87,87,97,97,97,97,97,97,97,97,97,97,97],"gold":99,"neow_bonus":"THREE_ENEMY_KILL","is_daily":false,"chose_seed":false,"campfire_upgraded":4,"win_rate":0.0,"timestamp":1612870848,"path_taken":["M","?","?","?","$","R","E","R","T","M","?","E","M","E","R","BOSS","M","?","?","$","?","E","R","M","T","?","E","M","E","M","R","BOSS","M","?","$","?","M","R","M","E","T","R","?","?","M","E","R","BOSS","M","M","?","$","R","M","R","T","?","BOSS"],"items_purchased_type":["Card","Relic","Relic","Card","Card","Relic","Relic","Relic","Relic"],"build_version":"2020-12-22","purchased_purges":4,"victory":true,"max_hp_per_floor":[78,78,78,78,78,78,78,78,78,78,78,78,78,78,78,78,83,83,83,83,83,83,83,83,83,83,83,83,83,83,83,83,83,83,83,97,97,97,97,97,97,97,97,97,97,97,97,97,97,97,97,97,97,97,97,97,97,97,97,97],"card_choices":[{"not_picked":["PlaceholderMod:ContinueSpray","PlaceholderMod:ParasiteChange"],"picked":"PlaceholderMod:PoisonBlast","floor":1.0},{"not_picked":["PlaceholderMod:AttackAsDefend","PlaceholderMod:GrowthForm"],"picked":"PlaceholderMod:DirectingGroup","floor":7},{"not_picked":["PlaceholderMod:TriggerStrike","PlaceholderMod:Hard","PlaceholderMod:HardStrike"],"picked":"SKIP","floor":10},{"not_picked":["PlaceholderMod:ConsolidateHit","PlaceholderMod:TriggerStrike"],"picked":"PlaceholderMod:EvolutionSpray","floor":11},{"not_picked":["PlaceholderMod:StressReaction","PlaceholderMod:Turn"],"picked":"PlaceholderMod:Activation","floor":12},{"not_picked":["PlaceholderMod:SeverePoisonStrike","PlaceholderMod:NearChange","PlaceholderMod:EvolutionSpray"],"picked":"SKIP","floor":13},{"not_picked":["PlaceholderMod:Break","PlaceholderMod:HardStrike"],"picked":"PlaceholderMod:FastReaction","floor":14},{"not_picked":["PlaceholderMod:HornyCollision","PlaceholderMod:QualitativeChange"],"picked":"PlaceholderMod:FinalSpray","floor":16},{"not_picked":["PlaceholderMod:ConsolidateHit+1","PlaceholderMod:TriggerStrike","PlaceholderMod:StrongAcid+1"],"picked":"SKIP","floor":18},{"not_picked":["PlaceholderMod:Hard","PlaceholderMod:EvolutionSpray","PlaceholderMod:PoisonBlast"],"picked":"SKIP","floor":23},{"not_picked":["PlaceholderMod:SevereHeat","PlaceholderMod:HardStinger+1"],"picked":"PlaceholderMod:HornyBlast","floor":25},{"not_picked":["PlaceholderMod:Stable","PlaceholderMod:ThreeBenzyolStart"],"picked":"PlaceholderMod:SevereHeat+1","floor":28},{"not_picked":["PlaceholderMod:TriggerStrike","PlaceholderMod:ComplexForm","PlaceholderMod:Internalization+1"],"picked":"SKIP","floor":29},{"not_picked":["PlaceholderMod:AttackAsDefend","PlaceholderMod:SeverePoisonStrike+1","PlaceholderMod:CycleAttack"],"picked":"SKIP","floor":30},{"not_picked":["PlaceholderMod:Stable","PlaceholderMod:Break","PlaceholderMod:GrowthForm"],"picked":"SKIP","floor":31},{"not_picked":["PlaceholderMod:FinalSpray+1","PlaceholderMod:GrowthForm"],"picked":"PlaceholderMod:Activation+1","floor":33},{"not_picked":["PlaceholderMod:StressReaction+1","PlaceholderMod:Polyp+1","PlaceholderMod:CycleAttack"],"picked":"SKIP","floor":35},{"not_picked":["PlaceholderMod:SpinBlade+1","PlaceholderMod:ProliferateStrike"],"picked":"PlaceholderMod:Hard+1","floor":39},{"not_picked":["PlaceholderMod:RadicalHit","PlaceholderMod:PoisonAbsorb+1","PlaceholderMod:NearChange+1"],"picked":"SKIP","floor":41},{"not_picked":["PlaceholderMod:TriggerStrike","PlaceholderMod:HardStrike+1","PlaceholderMod:HealingAttack+1"],"picked":"SKIP","floor":42},{"not_picked":["Violence+1","Enlightenment+1"],"picked":"Purity+1","floor":45},{"not_picked":["PlaceholderMod:Turn+1","PlaceholderMod:Polyp+1","PlaceholderMod:AttackAsDefend"],"picked":"SKIP","floor":47},{"not_picked":["PlaceholderMod:Polyp+1","PlaceholderMod:Hard+1","PlaceholderMod:SevereHeat+1"],"picked":"SKIP","floor":48},{"not_picked":["PlaceholderMod:Turn+1","PlaceholderMod:HardStinger+1","PlaceholderMod:InnerStable+1"],"picked":"SKIP","floor":51},{"not_picked":["PlaceholderMod:EnergyAbsorb+1","PlaceholderMod:Stratification+1","PlaceholderMod:Sweep"],"picked":"SKIP","floor":52},{"not_picked":["PlaceholderMod:StressReaction+1","PlaceholderMod:DiffusionChemical+1","PlaceholderMod:PoisonAbsorb+1"],"picked":"SKIP","floor":56}],"player_experience":214641,"relics_obtained":[{"floor":7,"key":"Whetstone"},{"floor":12,"key":"Ice Cream"},{"floor":14,"key":"MawBank"},{"floor":19,"key":"Red Mask"},{"floor":23,"key":"Vajra"},{"floor":26,"key":"Orichalcum"},{"floor":28,"key":"Toxic Egg 2"},{"floor":30,"key":"Akabeko"},{"floor":36,"key":"Mango"},{"floor":38,"key":"Lizard Tail"},{"floor":42,"key":"Regal Pillow"},{"floor":43,"key":"Peace Pipe"},{"floor":46,"key":"PlaceholderMod:DaolothFragment"},{"floor":48,"key":"CeramicFish"},{"floor":51,"key":"paleoftheancients:SoulOfTheShowman"},{"floor":58,"key":"Ornamental Fan"}],"event_choices":[{"damage_healed":0.0,"max_hp_gain":0.0,"max_hp_loss":0.0,"gold_gain":175.0,"event_name":"Liars Game","player_choice":"AGREE","floor":2.0,"gold_loss":0.0,"damage_taken":0.0,"cards_obtained":["Doubt"]},{"damage_healed":0.0,"max_hp_gain":0.0,"max_hp_loss":0.0,"gold_gain":0.0,"event_name":"Big Fish","player_choice":"Box","floor":3.0,"gold_loss":0.0,"damage_taken":0.0,"relics_obtained":["StrikeDummy"],"cards_obtained":["Regret"]},{"damage_healed":0,"gold_gain":0,"player_choice":"2 cards matched","damage_taken":0,"max_hp_gain":0,"max_hp_loss":0,"event_name":"Match and Keep!","floor":4,"gold_loss":0,"cards_obtained":["PlaceholderMod:DissolvingSpikes","PlaceholderMod:InnerSoften"]},{"damage_healed":0,"gold_gain":0,"player_choice":"Fought Bandits","damage_taken":0,"max_hp_gain":0,"max_hp_loss":0,"event_name":"Masked Bandits","floor":19,"gold_loss":0},{"cards_removed":["Doubt"],"damage_healed":0,"gold_gain":0,"player_choice":"Gave Gold","damage_taken":0,"max_hp_gain":0,"max_hp_loss":0,"event_name":"Beggar","floor":20,"gold_loss":75},{"damage_healed":0,"gold_gain":0,"player_choice":"Inject Mutagens","damage_taken":0,"relics_obtained":["MutagenicStrength"],"max_hp_gain":0,"max_hp_loss":0,"event_name":"Drug Dealer","floor":22,"gold_loss":0},{"damage_healed":0,"gold_gain":0,"player_choice":"Fight","damage_taken":0,"max_hp_gain":0,"max_hp_loss":0,"event_name":"Mysterious Sphere","floor":36,"gold_loss":0},{"damage_healed":0,"gold_gain":0,"player_choice":"Fight","damage_taken":0,"max_hp_gain":0,"max_hp_loss":0,"event_name":"MindBloom","floor":38,"gold_loss":0},{"damage_healed":0,"gold_gain":0,"player_choice":"Memory 3","damage_taken":10,"max_hp_gain":0,"max_hp_loss":0,"event_name":"SensoryStone","floor":45,"gold_loss":0},{"cards_removed":["PlaceholderMod:Package"],"damage_healed":0,"gold_gain":0,"player_choice":"Offered Uncommon","damage_taken":0,"max_hp_gain":0,"max_hp_loss":0,"event_name":"Bonfire Elementals","floor":53,"gold_loss":0}],"is_beta":false,"boss_relics":[{"not_picked":["Empty Cage","Snecko Eye"],"picked":"PlaceholderMod:LiveLive"},{"not_picked":["Sozu","Fusion Hammer"],"picked":"Pandora\u0027s Box"}],"items_purged_floors":[5,27,37,54],"is_endless":false,"potions_floor_spawned":[1,14,16,19,23,30,31,33,35,36,52],"ascension_level":0}}