{"host":"pk1y7bs2u9994osb","time":1612876654,"event":{"mods":["2.2 Compatiblity","AchievementEnabler","BaseMod","Colored Map","Highlight Path","Keyboard Shortcuts","Minty Spire (QoL Compilation)","Permanent Neow","Quick Restart","Rare Cards Sparkle","Spicy Shops","StSLib","SuperFastMode","everything is the same but u backflip on backflip"],"gold_per_floor":[10,46,101,101,101,101,142,142,142,160,233,258,20,61,61,155,155,201,201,240,240,256,256,269,269,269,283,283,329,82,82,82],"floor_reached":31,"language":"KOR","playtime":967,"items_purged":["Strike_R"],"score":482,"play_id":"4daf6d7d-d4e8-4777-a237-5ceea717dc41","local_time":"20210209221734","is_ascension_mode":true,"campfire_choices":[{"data":"HandOfGreed","floor":6,"key":"SMITH"},{"data":"Cleave","floor":8,"key":"SMITH"},{"data":"Evolve","floor":15,"key":"SMITH"},{"floor":23,"key":"REST"},{"data":"True Grit","floor":25,"key":"SMITH"}],"circlet_count":0,"master_deck":["AscendersBane","Defend_R","Defend_R","Defend_R","Defend_R","Bash","HandOfGreed+1","Fire Breathing","Cleave+1","Power Through","Fire Breathing","Evolve+1","Reaper","Headbutt","Flame Barrier","Dark Embrace+1","True Grit+1","Bludgeon","Warcry+1","Offering","Berserk","Body Slam","Impervious"],"relics":["Burning Blood","Golden Idol","Gremlin Horn","Strawberry","OrangePellets","Mark of Pain","Ginger","Orrery"],"acts_visited":["Exordium","TheCity"],"potions_floor_usage":[11,22,27],"damage_taken":[{"damage":7,"enemies":"Jaw Worm","floor":1,"turns":3},{"damage":0,"enemies":"Cultist","floor":2,"turns":2},{"damage":9,"enemies":"2 Louse","floor":3,"turns":3},{"damage":25,"enemies":"3 Sentries","floor":7,"turns":4},{"damage":14,"enemies":"Blue Slaver","floor":10,"turns":4},{"damage":10,"enemies":"Gremlin Gang","floor":11,"turns":7},{"damage":12,"enemies":"Large Slime","floor":12,"turns":5},{"damage":15,"enemies":"Exordium Thugs","floor":14,"turns":7},{"damage":35,"enemies":"Hexaghost","floor":16,"turns":9},{"damage":18,"enemies":"Shell Parasite","floor":18,"turns":4},{"damage":29,"enemies":"2 Thieves","floor":20,"turns":4},{"damage":35,"enemies":"Shelled Parasite and Fungi","floor":22,"turns":5},{"damage":7,"enemies":"Sentry and Sphere","floor":24,"turns":4},{"damage":27,"enemies":"Snake Plant","floor":27,"turns":5},{"damage":0,"enemies":"Cultist and Chosen","floor":29,"turns":5},{"damage":13,"enemies":"Snecko","floor":31,"turns":2}],"seed_played":"2064650118677815003","potions_obtained":[{"floor":3,"key":"SpeedPotion"},{"floor":11,"key":"FairyPotion"},{"floor":20,"key":"ColorlessPotion"},{"floor":22,"key":"LiquidMemories"},{"floor":24,"key":"FearPotion"}],"is_trial":false,"path_per_floor":["M","M","M","?","?","R","E","R","T","M","M","M","$","M","R","B",null,"M","?","M","?","M","R","M","R","T","M","?","M","$","M"],"character_chosen":"IRONCLAD","items_purchased":["OrangePellets","Orrery","Impervious"],"campfire_rested":1,"item_purchase_floors":[13,30,30],"current_hp_per_floor":[67,73,70,68,68,68,49,49,56,48,44,38,38,29,29,28,63,51,51,36,36,7,29,28,28,28,7,7,13,13,0,0],"gold":82,"neow_bonus":"RANDOM_COLORLESS_2","is_daily":false,"chose_seed":false,"campfire_upgraded":4,"win_rate":0.0,"timestamp":1612876654,"path_taken":["M","M","M","?","?","R","E","R","T","M","M","?","$","M","R","BOSS","M","?","M","?","M","R","M","R","T","?","?","M","$","?"],"items_purchased_type":["Relic","Relic","Card"],"build_version":"2020-12-22","purchased_purges":1,"victory":false,"max_hp_per_floor":[75,75,75,68,68,68,68,68,75,75,75,75,75,75,75,75,75,75,75,75,75,75,75,75,75,75,75,75,75,75,75,75],"card_choices":[{"not_picked":["Secret Weapon","The Bomb"],"picked":"HandOfGreed","floor":0},{"not_picked":["Headbutt","Perfected Strike"],"picked":"Fire Breathing","floor":1},{"not_picked":["Sever Soul","Heavy Blade","Iron Wave"],"picked":"SKIP","floor":2},{"not_picked":["Anger","Iron Wave"],"picked":"Cleave","floor":3},{"not_picked":["Sentinel","Perfected Strike","Wild Strike"],"picked":"SKIP","floor":7},{"not_picked":["Clothesline","Pommel Strike"],"picked":"Power Through","floor":10},{"not_picked":["Twin Strike","Sword Boomerang","Armaments"],"picked":"SKIP","floor":11},{"not_picked":["Pommel Strike","Heavy Blade"],"picked":"Fire Breathing","floor":12},{"not_picked":["Fiend Fire","Pommel Strike"],"picked":"Evolve","floor":14},{"not_picked":["Iron Wave","Battle Trance","Headbutt"],"picked":"SKIP","floor":18},{"not_picked":["Wild Strike","Iron Wave"],"picked":"Flame Barrier","floor":20},{"not_picked":["Iron Wave","Infernal Blade"],"picked":"Dark Embrace+1","floor":22},{"not_picked":["Carnage","Twin Strike"],"picked":"True Grit","floor":24},{"not_picked":["Perfected Strike","Pommel Strike","Sever Soul"],"picked":"SKIP","floor":27},{"not_picked":["Wild Strike+1","Bloodletting"],"picked":"Warcry+1","floor":29},{"not_picked":["Heavy Blade","Reckless Charge"],"picked":"Offering","floor":30},{"not_picked":["Bludgeon","Dark Embrace"],"picked":"Berserk","floor":30},{"not_picked":["Clothesline+1","Reckless Charge"],"picked":"Body Slam","floor":30}],"player_experience":1149062,"relics_obtained":[{"floor":7,"key":"Gremlin Horn"},{"floor":9,"key":"Strawberry"},{"floor":26,"key":"Ginger"}],"event_choices":[{"damage_healed":0,"gold_gain":0,"player_choice":"Lose Max HP","damage_taken":0,"relics_obtained":["Golden Idol"],"max_hp_gain":0,"max_hp_loss":7,"event_name":"Golden Idol","floor":4,"gold_loss":0},{"damage_healed":0,"gold_gain":0,"player_choice":"0 cards matched","damage_taken":0,"max_hp_gain":0,"max_hp_loss":0,"event_name":"Match and Keep!","floor":5,"gold_loss":0,"cards_obtained":[]},{"damage_healed":0,"gold_gain":0,"cards_transformed":["Strike_R","Strike_R"],"player_choice":"Became Test Subject","damage_taken":0,"max_hp_gain":0,"max_hp_loss":0,"event_name":"Drug Dealer","floor":19,"gold_loss":0,"cards_obtained":["Reaper","Headbutt"]},{"cards_removed":["Strike_R"],"damage_healed":0,"gold_gain":0,"player_choice":"Offered Basic","damage_taken":0,"max_hp_gain":0,"max_hp_loss":0,"event_name":"Bonfire Elementals","floor":21,"gold_loss":0},{"damage_healed":0,"gold_gain":0,"cards_transformed":["Strike_R"],"player_choice":"Transformed","damage_taken":0,"max_hp_gain":0,"max_hp_loss":0,"event_name":"Transmorgrifier","floor":28,"gold_loss":0,"cards_obtained":["Bludgeon"]}],"is_beta":false,"boss_relics":[{"not_picked":["Astrolabe","Sozu"],"picked":"Mark of Pain"}],"items_purged_floors":[13],"is_endless":false,"potions_floor_spawned":[3,11,20,22,24],"killed_by":"Snecko","ascension_level":20}}