{"host":"7gewg82ormp6yt4e","time":1612877516,"event":{"mods":["BaseMod","Block Reminder","Colored Map","DeckTracker","Highlight Path","Minty Spire (QoL Compilation)","Relic Stats","StSLib","ojb\u0027s Info Mod"],"gold_per_floor":[117,117,134,209,223,223,254,269,269,269,269,14,46,62,62,136,136,150,165,3,14,14,14,45,84,84,84,144,144,179,197,197,271,271,285,285,285,298,318,318,344,344,394,440,440,481,524,246,246,246,246,246,246,22,50,50,50],"floor_reached":56,"language":"JPN","playtime":4873,"items_purged":["Strike_P"],"score":2058,"play_id":"4bec36e9-e359-49d8-aa85-388fc5f43b4e","local_time":"20210209223156","is_ascension_mode":true,"campfire_choices":[{"data":"BowlingBash","floor":6.0,"key":"SMITH"},{"data":"WheelKick","floor":11.0,"key":"SMITH"},{"data":"Vigilance","floor":15.0,"key":"SMITH"},{"floor":23.0,"key":"REST"},{"floor":27.0,"key":"REST"},{"data":"SpiritShield","floor":29.0,"key":"SMITH"},{"data":"SpiritShield","floor":32.0,"key":"SMITH"},{"data":"Wish","floor":40.0,"key":"SMITH"},{"floor":42.0,"key":"RECALL"},{"floor":49.0,"key":"REST"},{"floor":53.0,"key":"REST"}],"circlet_count":0,"master_deck":["AscendersBane","Strike_P","Strike_P","Strike_P","Defend_P","Defend_P","Defend_P+1","Defend_P+1","Eruption","Vigilance+1","FearNoEvil","BowlingBash+1","WheelKick+1","DeceiveReality","Conclude+1","CarveReality+1","ClearTheMind","Consecrate+1","SpiritShield+1","CrushJoints+1","EmptyFist+1","Wish+1","SpiritShield+1","WheelKick+1","Indignation","FearNoEvil+1","Ragnarok+1","Blind","Trip","CrushJoints+1","EmptyBody","Adaptation","DevaForm","WheelKick+1","Indignation"],"relics":["HolyWater","Gremlin Horn","Molten Egg 2","HornCleat","Snecko Eye","Membership Card","Mango","Pear","Mercury Hourglass","Thread and Needle","Bag of Marbles","Lizard Tail","Damaru"],"acts_visited":["Exordium","TheCity","TheBeyond","TheEnding"],"potions_floor_usage":[],"damage_taken":[{"damage":0.0,"enemies":"2 Louse","floor":1.0,"turns":2.0},{"damage":0.0,"enemies":"Small Slimes","floor":3.0,"turns":3.0},{"damage":0.0,"enemies":"Cultist","floor":5.0,"turns":2.0},{"damage":17.0,"enemies":"3 Sentries","floor":7.0,"turns":8.0},{"damage":1.0,"enemies":"2 Fungi Beasts","floor":8.0,"turns":6.0},{"damage":12.0,"enemies":"Gremlin Nob","floor":13.0,"turns":3.0},{"damage":0.0,"enemies":"Lots of Slimes","floor":14.0,"turns":1.0},{"damage":39.0,"enemies":"The Guardian","floor":16.0,"turns":14.0},{"damage":0.0,"enemies":"Chosen","floor":18.0,"turns":4.0},{"damage":0.0,"enemies":"Shell Parasite","floor":19.0,"turns":3.0},{"damage":27.0,"enemies":"Shelled Parasite and Fungi","floor":21.0,"turns":6.0},{"damage":41.0,"enemies":"Book of Stabbing","floor":24.0,"turns":5.0},{"damage":0.0,"enemies":"Chosen and Byrds","floor":25.0,"turns":4.0},{"damage":0.0,"enemies":"Slavers","floor":28.0,"turns":6.0},{"damage":2.0,"enemies":"Snake Plant","floor":30.0,"turns":4.0},{"damage":0.0,"enemies":"Snecko","floor":31.0,"turns":2.0},{"damage":34.0,"enemies":"Collector","floor":33.0,"turns":8.0},{"damage":1.0,"enemies":"3 Darklings","floor":35.0,"turns":4.0},{"damage":1.0,"enemies":"Orb Walker","floor":38.0,"turns":3.0},{"damage":0.0,"enemies":"Jaw Worm Horde","floor":39.0,"turns":3.0},{"damage":0.0,"enemies":"Reptomancer","floor":41.0,"turns":3.0},{"damage":0.0,"enemies":"Sphere and 2 Shapes","floor":44.0,"turns":5.0},{"damage":28.0,"enemies":"Writhing Mass","floor":46.0,"turns":6.0},{"damage":12.0,"enemies":"Jaw Worm Horde","floor":47.0,"turns":2.0},{"damage":47.0,"enemies":"Time Eater","floor":50.0,"turns":10.0},{"damage":0.0,"enemies":"Awakened One","floor":51.0,"turns":9.0},{"damage":21.0,"enemies":"Shield and Spear","floor":55.0,"turns":8.0},{"damage":134,"enemies":"The Heart","floor":56,"turns":8}],"seed_played":"-7487294359893908937","potions_obtained":[{"floor":7.0,"key":"Regen Potion"},{"floor":14.0,"key":"SpeedPotion"},{"floor":18.0,"key":"PowerPotion"},{"floor":19.0,"key":"PowerPotion"},{"floor":24.0,"key":"SkillPotion"},{"floor":33.0,"key":"SteroidPotion"},{"floor":38.0,"key":"BlessingOfTheForge"},{"floor":41.0,"key":"EntropicBrew"},{"floor":44.0,"key":"SkillPotion"}],"is_trial":false,"path_per_floor":["M","?","M","?","M","R","E","M","T","?","R","$","E","M","R","B",null,"M","M","$","M","?","R","E","M","T","R","E","R","M","M","R","B",null,"M","?","?","M","M","R","E","R","T","M","?","M","M","$","R","B","B",null,"R","$","E","B"],"character_chosen":"WATCHER","items_purchased":["DeceiveReality","Conclude+1","CarveReality+1","Membership Card","DevaForm","BlessingOfTheForge","Bag of Marbles","WheelKick+1","Swift Potion","Lizard Tail","EntropicBrew"],"campfire_rested":4,"item_purchase_floors":[12,12,12,20,48,48,48,48,48,54,54],"current_hp_per_floor":[61,42,42,31,31,31,14,28,28,72,72,72,60,60,60,21,59,59,59,59,32,32,53,26,26,36,64,64,64,62,62,62,28,79,78,68,68,67,67,67,67,67,67,67,67,39,27,27,54,7,7,70,91,91,70,0,0],"gold":50,"neow_bonus":"RANDOM_COLORLESS_2","is_daily":false,"chose_seed":false,"campfire_upgraded":6,"win_rate":0.0,"timestamp":1612877516,"path_taken":["M","?","M","?","M","R","E","M","T","?","R","$","E","M","R","BOSS","M","M","$","?","?","R","E","M","T","R","E","R","M","?","R","BOSS","M","?","?","M","M","R","E","R","T","M","?","M","M","$","R","BOSS","BOSS","R","$","E","BOSS"],"items_purchased_type":["Card","Card","Card","Relic","Card","Potion","Relic","Card","Potion","Relic","Potion"],"build_version":"2020-12-22","purchased_purges":1,"victory":false,"max_hp_per_floor":[62,62,62,62,62,62,62,62,62,72,72,72,72,72,72,72,72,72,72,72,72,72,72,86,86,96,96,96,96,96,96,96,96,96,96,96,91,91,91,91,91,91,91,91,91,91,91,91,91,91,91,91,91,91,91,91,91],"relic_stats":{"Lizard Tail":45,"Gremlin Horn":[28,28],"counters":[28,142],"Snecko Eye":[188,213,186,183],"obtain_stats":[{"Pear":26,"Gremlin Horn":7,"Damaru":55,"Mango":24,"Thread and Needle":41,"Mercury Hourglass":28,"Lizard Tail":54,"HornCleat":13,"Snecko Eye":17,"HolyWater":34,"Molten Egg 2":9,"Bag of Marbles":48,"Membership Card":20,"PureWater":0},{"Pear":13,"Gremlin Horn":4,"Damaru":27,"Mango":12,"Thread and Needle":21,"Mercury Hourglass":14,"Lizard Tail":26,"HornCleat":6,"Snecko Eye":8,"HolyWater":17,"Molten Egg 2":5,"Bag of Marbles":24,"Membership Card":10,"PureWater":0},{"Pear":61,"Gremlin Horn":15,"Damaru":134,"Mango":57,"Thread and Needle":94,"Mercury Hourglass":67,"Lizard Tail":126,"HornCleat":24,"Snecko Eye":39,"HolyWater":81,"Molten Egg 2":21,"Bag of Marbles":107,"Membership Card":46,"PureWater":0}],"Mercury Hourglass":[243]},"card_choices":[{"not_picked":["Secret Technique","Magnetism"],"picked":"Violence","floor":0.0},{"not_picked":["Crescendo","Prostrate"],"picked":"FollowUp","floor":1.0},{"not_picked":["SashWhip","ClearTheMind"],"picked":"FearNoEvil","floor":3.0},{"not_picked":["ForeignInfluence","Pray"],"picked":"BowlingBash","floor":5.0},{"not_picked":["Weave","ClearTheMind","Pray"],"picked":"SKIP","floor":7.0},{"not_picked":["JustLucky","Perseverance"],"picked":"WheelKick","floor":8.0},{"not_picked":["Conclude+1","JustLucky+1"],"picked":"ClearTheMind","floor":13.0},{"not_picked":["Prostrate","Swivel"],"picked":"Consecrate+1","floor":14.0},{"not_picked":["Judgement","Devotion"],"picked":"SpiritShield","floor":16.0},{"not_picked":["EmptyBody","Halt"],"picked":"CrushJoints+1","floor":18.0},{"not_picked":["Prostrate","JustLucky+1"],"picked":"EmptyFist+1","floor":19.0},{"not_picked":["SashWhip+1","CrushJoints+1"],"picked":"Wish","floor":21.0},{"not_picked":["FollowUp+1","Conclude+1"],"picked":"WheelKick+1","floor":24.0},{"not_picked":["BowlingBash+1","InnerPeace","Worship"],"picked":"SKIP","floor":25.0},{"not_picked":["ReachHeaven+1","Weave+1"],"picked":"Indignation","floor":28.0},{"not_picked":["CarveReality+1","ClearTheMind"],"picked":"FearNoEvil+1","floor":30.0},{"not_picked":["Collect","Halt","Conclude+1"],"picked":"SKIP","floor":31.0},{"not_picked":["MasterReality","Brilliance+1"],"picked":"Ragnarok+1","floor":33.0},{"not_picked":["ClearTheMind","ThirdEye","Consecrate+1"],"picked":"SKIP","floor":35.0},{"not_picked":["Dark Shackles","Bandage Up"],"picked":"Blind","floor":36.0},{"not_picked":["Panacea","Madness"],"picked":"Trip","floor":36.0},{"not_picked":["FollowUp+1","Fasting2"],"picked":"CrushJoints+1","floor":38.0},{"not_picked":["Evaluate+1","FearNoEvil+1"],"picked":"EmptyBody","floor":39.0},{"not_picked":["FearNoEvil+1","Evaluate","Alpha"],"picked":"SKIP","floor":41.0},{"not_picked":["SignatureMove+1","CrushJoints+1","FlurryOfBlows+1"],"picked":"SKIP","floor":44.0},{"not_picked":["Meditate","ThirdEye","FollowUp+1"],"picked":"SKIP","floor":46.0},{"not_picked":["Crescendo","WreathOfFlame"],"picked":"Adaptation","floor":47.0},{"not_picked":["WreathOfFlame","Vengeance"],"picked":"Indignation","floor":55.0}],"player_experience":2806745,"relics_obtained":[{"floor":7.0,"key":"Gremlin Horn"},{"floor":9.0,"key":"Molten Egg 2"},{"floor":13.0,"key":"HornCleat"},{"floor":24.0,"key":"Mango"},{"floor":26.0,"key":"Pear"},{"floor":28.0,"key":"Mercury Hourglass"},{"floor":41.0,"key":"Thread and Needle"},{"floor":55.0,"key":"Damaru"}],"event_choices":[{"damage_healed":0.0,"max_hp_gain":0.0,"max_hp_loss":0.0,"gold_gain":0.0,"event_name":"Shining Light","player_choice":"Entered Light","floor":2.0,"gold_loss":0.0,"damage_taken":19.0,"cards_upgraded":["Defend_P","Defend_P"]},{"damage_healed":0.0,"max_hp_gain":0.0,"max_hp_loss":0.0,"gold_gain":75.0,"event_name":"World of Goop","player_choice":"Gather Gold","floor":4.0,"gold_loss":0.0,"damage_taken":11.0},{"cards_removed":["Violence"],"damage_healed":34.0,"max_hp_gain":10.0,"max_hp_loss":0.0,"gold_gain":0.0,"event_name":"Bonfire Elementals","player_choice":"Offered Rare","floor":10.0,"gold_loss":0.0,"damage_taken":0.0},{"damage_healed":0.0,"max_hp_gain":0.0,"max_hp_loss":0.0,"gold_gain":0.0,"event_name":"Duplicator","player_choice":"Copied","floor":22.0,"gold_loss":0.0,"damage_taken":0.0,"cards_obtained":["SpiritShield"]},{"damage_healed":0.0,"max_hp_gain":0.0,"max_hp_loss":0.0,"gold_gain":0.0,"event_name":"SensoryStone","player_choice":"Memory 3","floor":36.0,"gold_loss":0.0,"damage_taken":10.0},{"damage_healed":0.0,"max_hp_gain":0.0,"max_hp_loss":5.0,"gold_gain":0.0,"event_name":"Winding Halls","player_choice":"Max HP","floor":37.0,"gold_loss":0.0,"damage_taken":0.0},{"cards_removed":["FollowUp"],"damage_healed":0.0,"max_hp_gain":0.0,"max_hp_loss":0.0,"gold_gain":0.0,"event_name":"Falling","player_choice":"Removed Attack","floor":45.0,"gold_loss":0.0,"damage_taken":0.0}],"is_beta":false,"boss_relics":[{"not_picked":["Sozu","Pandora\u0027s Box"],"picked":"Snecko Eye"},{"not_picked":["Black Star","Calling Bell"],"picked":"HolyWater"}],"items_purged_floors":[48],"is_endless":false,"potions_floor_spawned":[7,14,18,19,24,33,38,41,44],"killed_by":"The Heart","ascension_level":20}}