{"host":"okvf2hy7r209l3k2","time":1612835488,"event":{"mods":["BaseMod","Block Reminder","Colored Map","Colored Powertips","Downfall","Hermit","Highlight Path","Minty Spire (QoL Compilation)","Permanent Neow","Quick Restart","StSLib","The Cursed","The Disciple","The Hierophant","The Necromancer","The Runesmith","The Servant 0.9.4"],"gold_per_floor":[119,137,29,48,61,61,86,106,133,153,167,184,184,194,194,289,289,270,282,282,282],"floor_reached":20,"language":"ENG","playtime":2240,"items_purged":["Runesmith:Strike_RS"],"score":182,"play_id":"d05dbcb6-c1be-463f-9d80-7699aa8e4d33","local_time":"20210208165128","is_ascension_mode":false,"campfire_choices":[{"data":"Runesmith:Grindstone","floor":6,"key":"SMITH"},{"data":"Runesmith:Firestorm","floor":13,"key":"SMITH"},{"data":"Runesmith:CraftProtectio","floor":15,"key":"SMITH"}],"circlet_count":0,"master_deck":["Runesmith:Strike_RS","Runesmith:Strike_RS","Runesmith:Defend_RS","Runesmith:Defend_RS","Runesmith:Defend_RS","Runesmith:CraftFirestone","Runesmith:Fortify","Runesmith:EarthShield","Runesmith:ChaoticBlast","Runesmith:Firewall","Runesmith:Grindstone+1","Runesmith:Firestorm+1","Runesmith:CraftProtectio+1","Runesmith:BackupBattery","Runesmith:Firestorm","Runesmith:CraftPrismatica","Runesmith:Firewall","Runesmith:Attraction"],"relics":["Runesmith:BrokenRuby","Bag of Preparation","Ancient Tea Set","Sozu"],"acts_visited":["Exordium","TheCity"],"potions_floor_usage":[7,16,16,16],"damage_taken":[{"damage":0,"enemies":"Cultist","floor":1,"turns":4},{"damage":0,"enemies":"2 Louse","floor":2,"turns":2},{"damage":0,"enemies":"Small Slimes","floor":4,"turns":3},{"damage":0,"enemies":"Gremlin Gang","floor":5,"turns":3},{"damage":33,"enemies":"Gremlin Nob","floor":7,"turns":5},{"damage":6,"enemies":"2 Fungi Beasts","floor":8,"turns":3},{"damage":0,"enemies":"Looter","floor":10,"turns":4},{"damage":3,"enemies":"Exordium Wildlife","floor":11,"turns":7},{"damage":0,"enemies":"2 Fungi Beasts","floor":12,"turns":4},{"damage":3,"enemies":"Exordium Thugs","floor":14,"turns":4},{"damage":3,"enemies":"The Guardian","floor":16,"turns":13},{"damage":24,"enemies":"2 Thieves","floor":18,"turns":4},{"damage":18,"enemies":"Chosen","floor":19,"turns":5},{"damage":22,"enemies":"Snake Plant","floor":20,"turns":5}],"seed_played":"8455890689305940465","potions_obtained":[{"floor":1,"key":"ColorlessPotion"},{"floor":4,"key":"Guardian:BlockOnCardUsePotion"},{"floor":5,"key":"Weak Potion"},{"floor":12,"key":"Fire Potion"},{"floor":14,"key":"DistilledChaos"}],"is_trial":false,"path_per_floor":["M","M","$","M","M","R","E","M","T","M","M","M","R","M","R","B",null,"M","M","M"],"character_chosen":"RUNESMITH_CLASS","items_purchased":["Runesmith:ChaoticBlast"],"campfire_rested":0,"item_purchase_floors":[3],"current_hp_per_floor":[63,63,63,63,63,63,30,24,24,24,21,21,21,18,18,15,63,39,21,0,0],"gold":282,"neow_bonus":"REMOVE_TWO","is_daily":false,"chose_seed":false,"campfire_upgraded":3,"win_rate":0.0,"timestamp":1612835488,"path_taken":["M","M","$","M","?","R","E","M","T","M","M","M","R","M","R","BOSS","M","M","M"],"items_purchased_type":["Card"],"build_version":"2020-12-22","purchased_purges":1,"victory":false,"max_hp_per_floor":[63,63,63,63,63,63,63,63,63,63,63,63,63,63,63,63,63,63,63,63,63],"card_choices":[{"not_picked":["Runesmith:Superposition","Runesmith:HammerThrow"],"picked":"Runesmith:EarthShield","floor":1},{"not_picked":["Runesmith:ChiselStab","Runesmith:EnergizedChisel","Runesmith:HeatedChisel"],"picked":"SKIP","floor":2},{"not_picked":["Runesmith:ChiselStab","Runesmith:UnstableHammer"],"picked":"Runesmith:Firewall","floor":4},{"not_picked":["Runesmith:Permafrost","Runesmith:StaticCage"],"picked":"Runesmith:Grindstone","floor":5},{"not_picked":["Runesmith:Superposition","Runesmith:Accelerate"],"picked":"Runesmith:Firestorm","floor":7},{"not_picked":["Runesmith:EarthShield","Runesmith:MakeshiftArmor","Runesmith:Prism"],"picked":"SKIP","floor":8},{"not_picked":["Runesmith:CraftReservo","Runesmith:Prism"],"picked":"Runesmith:CraftProtectio","floor":10},{"not_picked":["Runesmith:PerfectChisel","Runesmith:Grindstone"],"picked":"Runesmith:BackupBattery","floor":11},{"not_picked":["Runesmith:Discharge","Runesmith:Malloc","Runesmith:StaticCage"],"picked":"SKIP","floor":12},{"not_picked":["Runesmith:EarthShield","Runesmith:MetallurgicalResearch"],"picked":"Runesmith:Firestorm","floor":14},{"not_picked":["Runesmith:UnlimitedPower","Runesmith:Supernova"],"picked":"Runesmith:CraftPrismatica","floor":16},{"not_picked":["Runesmith:MakeshiftArmor+1","Runesmith:EarthShield+1"],"picked":"Runesmith:Firewall","floor":18},{"not_picked":["Runesmith:Electrocute","Runesmith:BackupBattery"],"picked":"Runesmith:Attraction","floor":19}],"player_experience":218944,"relics_obtained":[{"floor":7,"key":"Bag of Preparation"},{"floor":9,"key":"Ancient Tea Set"}],"event_choices":[],"is_beta":false,"boss_relics":[{"not_picked":["Calling Bell","Runesmith:PocketReactor"],"picked":"Sozu"}],"items_purged_floors":[3],"is_endless":false,"potions_floor_spawned":[1,4,5,12,14,18,19],"killed_by":"Snake Plant","ascension_level":0}}