{"host":"fhyqvp7txwl2j5aw","time":1612854319,"event":{"mods":["AchievementEnabler","BaseMod","Better Altar","Better Match","Better Note","Better Sensory Stone","Better Skull","Better Third Choice","Card Forge","Colored Map","Colored Powertips","Highlight Path","Minty Spire (QoL Compilation)","Rare Cards Sparkle","Relic Filter Mod","StSLib","Transform Curses"],"gold_per_floor":[115,115,115,134,150,184,209,209,234,253,264,299,311,486,486,583,583,599,609,609,609,452,477,477,505,505,523,523,451,469,480,480,581,581,595,645,645,663,677,677,702,702,729,753,753,753,773,822,822,822,822,822,673,700,700,700],"floor_reached":55,"language":"JPN","playtime":1849,"items_purged":[],"score":1434,"play_id":"49772289-76a2-4bf7-9ecc-0191bfeb2963","local_time":"20210209160519","is_ascension_mode":true,"campfire_choices":[{"floor":15,"key":"RECALL"},{"floor":28,"key":"REST"},{"floor":32,"key":"REST"},{"floor":40,"key":"REST"},{"floor":46,"key":"REST"},{"floor":49,"key":"REST"},{"floor":52,"key":"REST"}],"circlet_count":0,"master_deck":["Battle Trance+1","Bludgeon+1","Wraith Form v2+1","Bullet Time+1","Bludgeon+1","Shockwave+1","Secret Technique+1","Secret Technique+1","Crescendo+1","Bludgeon+1"],"relics":["Hammer of Thor","Seething Fire","Anvil of the Gods","Cursed Key","Juzu Bracelet","Lantern","Omamori","Calling Bell","Vajra","HornCleat","Peace Pipe","Blood Vial","Bloody Idol","Membership Card","Ancient Tea Set","Potion Belt","Bottled Tornado","PrismaticShard","SacredBark","Du-Vu Doll","Dream Catcher","PreservedInsect","Bronze Scales","Calipers","Strawberry","Lee\u0027s Waffle","Eternal Feather"],"acts_visited":["Exordium","TheCity","TheBeyond","TheEnding"],"potions_floor_usage":[1,55],"damage_taken":[{"damage":0,"enemies":"Cultist","floor":1,"turns":1},{"damage":0,"enemies":"Jaw Worm","floor":4,"turns":1},{"damage":2,"enemies":"2 Louse","floor":5,"turns":2},{"damage":10,"enemies":"3 Sentries","floor":6,"turns":3},{"damage":0,"enemies":"Blue Slaver","floor":10,"turns":1},{"damage":0,"enemies":"2 Fungi Beasts","floor":11,"turns":1},{"damage":0,"enemies":"Gremlin Nob","floor":12,"turns":1},{"damage":0,"enemies":"Gremlin Gang","floor":13,"turns":1},{"damage":3,"enemies":"The Guardian","floor":16,"turns":2},{"damage":0,"enemies":"Chosen","floor":18,"turns":1},{"damage":0,"enemies":"Spheric Guardian","floor":19,"turns":1},{"damage":0,"enemies":"Slavers","floor":23,"turns":1},{"damage":0,"enemies":"Gremlin Leader","floor":25,"turns":1},{"damage":0,"enemies":"Cultist and Chosen","floor":27,"turns":1},{"damage":0,"enemies":"Centurion and Healer","floor":30,"turns":1},{"damage":0,"enemies":"3 Cultists","floor":31,"turns":1},{"damage":0,"enemies":"Automaton","floor":33,"turns":2},{"damage":4,"enemies":"3 Shapes","floor":35,"turns":2},{"damage":0,"enemies":"Mind Bloom Boss Battle","floor":36,"turns":1},{"damage":0,"enemies":"Orb Walker","floor":38,"turns":1},{"damage":0,"enemies":"Transient","floor":39,"turns":3},{"damage":0,"enemies":"Nemesis","floor":41,"turns":1},{"damage":0,"enemies":"Maw","floor":47,"turns":1},{"damage":0,"enemies":"2 Orb Walkers","floor":48,"turns":1},{"damage":0,"enemies":"Donu and Deca","floor":50,"turns":2},{"damage":0,"enemies":"Shield and Spear","floor":54,"turns":1},{"damage":131,"enemies":"The Heart","floor":55,"turns":2}],"seed_played":"5245869883327457823","potions_obtained":[{"floor":1,"key":"Fruit Juice"},{"floor":11,"key":"ColorlessPotion"},{"floor":12,"key":"Fire Potion"},{"floor":13,"key":"Regen Potion"},{"floor":27,"key":"Fire Potion"},{"floor":31,"key":"SteroidPotion"}],"is_trial":false,"path_per_floor":["M","$","?","M","M","E","T","?","T","M","M","E","M","?","R","B",null,"M","M","?","?","$","E","?","E","T","M","R","$","M","M","R","B",null,"M","?","?","M","M","R","E","?","T","T","?","R","M","?","R","B",null,"R","$","E","B"],"character_chosen":"IRONCLAD","items_purchased":["Membership Card","PrismaticShard","Strawberry","Lee\u0027s Waffle"],"campfire_rested":6,"item_purchase_floors":[22,29,53,53],"current_hp_per_floor":[77,77,77,77,75,65,65,65,65,65,65,65,65,65,65,62,77,77,77,77,15,15,22,22,29,29,36,60,60,67,74,82,82,82,82,82,72,79,82,82,82,82,79,79,79,79,79,79,79,79,79,79,93,93,0,0],"gold":700,"neow_bonus":"BOSS_RELIC","is_daily":false,"chose_seed":false,"campfire_upgraded":0,"win_rate":0.0,"timestamp":1612854319,"path_taken":["M","?","?","M","M","E","?","?","T","M","M","E","M","?","R","BOSS","M","M","?","?","$","E","?","E","T","M","R","?","M","M","R","BOSS","M","?","?","M","M","R","E","?","T","?","?","R","M","?","R","BOSS","R","$","E","BOSS"],"items_purchased_type":["Relic","Relic","Relic","Relic"],"build_version":"2020-12-22","purchased_purges":0,"victory":false,"max_hp_per_floor":[85,85,85,85,85,85,85,85,82,82,82,82,82,82,82,82,82,82,82,82,82,82,82,82,82,82,82,82,82,82,82,82,82,82,82,82,82,82,82,82,82,82,79,79,79,79,79,79,79,79,79,79,93,93,93,93],"card_choices":[{"not_picked":["Uppercut","Dropkick","Blood for Blood"],"picked":"SKIP","floor":1},{"not_picked":["Sword Boomerang","Entrench","Shrug It Off"],"picked":"SKIP","floor":4},{"not_picked":["Power Through","Wild Strike","Perfected Strike"],"picked":"SKIP","floor":5},{"not_picked":["Thunderclap","Flame Barrier","Uppercut"],"picked":"SKIP","floor":6},{"not_picked":["Thunderclap","Shockwave","True Grit"],"picked":"SKIP","floor":10},{"not_picked":["Shrug It Off","Body Slam","Iron Wave"],"picked":"SKIP","floor":11},{"not_picked":["Perfected Strike","Rupture","Headbutt"],"picked":"SKIP","floor":12},{"not_picked":["Sword Boomerang","Power Through","Fire Breathing"],"picked":"SKIP","floor":13},{"not_picked":["Shrug It Off+1","Clothesline","Headbutt"],"picked":"SKIP","floor":18},{"not_picked":["Heavy Blade","Anger","Havoc"],"picked":"SKIP","floor":19},{"not_picked":["Heavy Blade","Pommel Strike","Dual Wield+1"],"picked":"SKIP","floor":23},{"not_picked":["Impervious","Armaments","Sword Boomerang"],"picked":"SKIP","floor":25},{"not_picked":["Wild Strike","Intimidate+1","Iron Wave"],"picked":"SKIP","floor":27},{"not_picked":["Battle Trance","Blind","Loop+1"],"picked":"SKIP","floor":30},{"not_picked":["Pummel","FTL"],"picked":"FlyingSleeves","floor":31},{"not_picked":["Tactician+1","Slice","Power Through"],"picked":"SKIP","floor":35},{"not_picked":["Deflect","Whirlwind+1"],"picked":"Crescendo+1","floor":36},{"not_picked":["Reprogram","Perfected Strike+1","Cleave+1"],"picked":"SKIP","floor":38},{"not_picked":["PiercingWail","Eviscerate+1","Heavy Blade"],"picked":"SKIP","floor":39},{"not_picked":["Fire Breathing","Violence","Transmutation"],"picked":"SKIP","floor":41},{"not_picked":["Armaments","Catalyst","Body Slam"],"picked":"SKIP","floor":47},{"not_picked":["Bane","Steam Power+1","Thunderclap"],"picked":"SKIP","floor":54}],"player_experience":34645,"relics_obtained":[{"floor":6,"key":"Juzu Bracelet"},{"floor":9,"key":"Lantern"},{"floor":12,"key":"Omamori"},{"floor":17,"key":"Vajra"},{"floor":17,"key":"HornCleat"},{"floor":17,"key":"Peace Pipe"},{"floor":23,"key":"Ancient Tea Set"},{"floor":26,"key":"Bottled Tornado"},{"floor":36,"key":"Du-Vu Doll"},{"floor":41,"key":"Dream Catcher"},{"floor":43,"key":"PreservedInsect"},{"floor":44,"key":"Bronze Scales"},{"floor":48,"key":"Calipers"},{"floor":54,"key":"Eternal Feather"}],"event_choices":[{"damage_healed":0,"gold_gain":1,"player_choice":"1","damage_taken":0,"max_hp_gain":0,"max_hp_loss":0,"event_name":"betterStone:BetterStone","floor":3,"gold_loss":0},{"damage_healed":0,"gold_gain":0,"player_choice":"Ignored","damage_taken":0,"max_hp_gain":0,"max_hp_loss":0,"event_name":"betterNote:BetterNote","floor":8,"gold_loss":0,"cards_obtained":["Wraith Form v2"]},{"damage_healed":0,"gold_gain":175,"player_choice":"AGREE","damage_taken":311,"max_hp_gain":0,"max_hp_loss":0,"event_name":"betterThird:BetterSerpent","floor":14,"gold_loss":0},{"damage_healed":0,"gold_gain":0,"player_choice":"Ignored","damage_taken":0,"max_hp_gain":0,"max_hp_loss":0,"event_name":"Vampires","floor":20,"gold_loss":0},{"damage_healed":0,"gold_gain":0,"player_choice":" Vial Idol ","damage_taken":62,"relics_obtained":["Blood Vial","Bloody Idol"],"max_hp_gain":77,"max_hp_loss":15,"event_name":"betterAltar:BetterAltar","floor":21,"potions_obtained":[],"relics_lost":[],"gold_loss":0},{"damage_healed":0,"gold_gain":0,"player_choice":"Stole Relic","damage_taken":0,"relics_obtained":["Potion Belt"],"max_hp_gain":0,"max_hp_loss":0,"event_name":"Addict","floor":24,"gold_loss":0,"cards_obtained":["Shame"]},{"damage_healed":0,"gold_gain":0,"player_choice":"Fight","damage_taken":0,"max_hp_gain":0,"max_hp_loss":0,"event_name":"MindBloom","floor":36,"gold_loss":0},{"damage_healed":0,"gold_gain":0,"player_choice":"Embrace Madness","damage_taken":10,"max_hp_gain":0,"max_hp_loss":0,"event_name":"Winding Halls","floor":37,"gold_loss":0,"cards_obtained":["Madness","Madness"]},{"damage_healed":0,"gold_gain":0,"player_choice":"Ignored","damage_taken":0,"max_hp_gain":0,"max_hp_loss":0,"event_name":"Tomb of Lord Red Mask","floor":42,"gold_loss":0},{"cards_removed":["Bludgeon"],"damage_healed":0,"gold_gain":0,"player_choice":"Removed Attack","damage_taken":0,"max_hp_gain":0,"max_hp_loss":0,"event_name":"Falling","floor":45,"gold_loss":0},{"damage_healed":0,"gold_gain":0,"player_choice":"Fight","damage_taken":0,"max_hp_gain":0,"max_hp_loss":0,"event_name":"Mysterious Sphere","floor":48,"gold_loss":0}],"is_beta":false,"boss_relics":[{"not_picked":["Runic Cube","Snecko Eye"],"picked":"Calling Bell"},{"not_picked":["Coffee Dripper","Mark of Pain"],"picked":"SacredBark"}],"items_purged_floors":[],"is_endless":false,"potions_floor_spawned":[1,11,12,13,16,18,27,31,33,35,39,41],"killed_by":"The Heart","ascension_level":6}}