{"host":"hf83sijwe64ts2lm","time":1612839484,"event":{"mods":["2.2 Compatiblity","BaseMod","Better Altar","Better Match","Better Note","Better Sensory Stone","Better Skull","Better Third Choice","Colored Map","Colored Powertips","Highlight Path","Hubris","Infinite Spire","Minty Spire (QoL Compilation)","Quick Restart","Rare Cards Sparkle","Relic Stats","Reliquary","Replay The Spire","Shop Mod","Spicy Shops","Spire Arcade","StSLib","Thieving Mod"],"gold_per_floor":[118,118,138,157,157,157,190,190,190,190,204,220,230,242,242,341,341,351,364,364,364],"floor_reached":20,"language":"ENG","playtime":654,"items_purged":[],"score":205,"play_id":"877ee50a-078c-462b-99ea-5721a3540a37","local_time":"20210208215804","is_ascension_mode":true,"campfire_choices":[{"floor":6.0,"key":"REST"},{"floor":8.0,"key":"REST"},{"floor":15,"key":"REST"}],"circlet_count":0,"master_deck":["Strike_G","Strike_G","Strike_G","Strike_G","Strike_G","Defend_G","Defend_G","Defend_G","Defend_G","Defend_G","Survivor","Neutralize","Deadly Poison","Bane","Poisoned Stab","ReplayTheSpireMod:Shiv Toss","Slice","Deflect","Malaise","Dagger Spray","Envenom","Masterful Stab","hubris:Sniper"],"relics":["Ring of the Snake","hubris:Icosahedron","Replay:Multitool"],"acts_visited":["Exordium","TheCity"],"potions_floor_usage":[11,12,13,14,16,16,19],"damage_taken":[{"damage":11.0,"enemies":"Jaw Worm","floor":1.0,"turns":5.0},{"damage":17.0,"enemies":"Small Slimes","floor":3.0,"turns":6.0},{"damage":14.0,"enemies":"infinitespire:Voidling","floor":4.0,"turns":4.0},{"damage":18.0,"enemies":"Replay:BlueRogue","floor":7.0,"turns":4.0},{"damage":14,"enemies":"Large Slime","floor":11,"turns":5},{"damage":15,"enemies":"Gremlin Gang","floor":12,"turns":4},{"damage":0,"enemies":"Red Slaver","floor":13,"turns":3},{"damage":5,"enemies":"Exordium Wildlife","floor":14,"turns":5},{"damage":51,"enemies":"The Guardian","floor":16,"turns":11},{"damage":7,"enemies":"Shell Parasite","floor":18,"turns":6},{"damage":50,"enemies":"Spheric Guardian","floor":19,"turns":8},{"damage":27,"enemies":"Chosen and Byrds","floor":20,"turns":4}],"seed_played":"-659323394544889841","potions_obtained":[{"floor":7.0,"key":"FearPotion"},{"floor":10.0,"key":"Ancient Potion"},{"floor":10.0,"key":"SpeedPotion"},{"floor":11,"key":"Fire Potion"},{"floor":13,"key":"Elixir"},{"floor":14,"key":"Venom Potion"},{"floor":18,"key":"Dexterity Potion"}],"is_trial":false,"path_per_floor":["M","?","M","M","?","R","E","R","T","?","M","M","M","M","R","B",null,"M","M","M"],"character_chosen":"THE_SILENT","items_purchased":[],"campfire_rested":3,"item_purchase_floors":[],"current_hp_per_floor":[66,71,54,40,40,64,46,70,70,70,68,53,53,48,72,21,82,75,25,0,0],"gold":364,"neow_bonus":"TEN_PERCENT_HP_BONUS","is_daily":false,"chose_seed":false,"campfire_upgraded":0,"win_rate":0.0,"timestamp":1612839484,"path_taken":["M","?","M","M","?","R","E","R","T","?","M","M","?","M","R","BOSS","M","M","M"],"items_purchased_type":[],"build_version":"2020-12-22","purchased_purges":0,"victory":false,"max_hp_per_floor":[77,82,82,82,82,82,82,82,82,82,82,82,82,82,82,82,82,82,82,82,82],"relic_stats":{"counters":[12,65],"obtain_stats":[{"hubris:Icosahedron":5,"Replay:Multitool":7,"Ring of the Snake":0},{"hubris:Icosahedron":3,"Replay:Multitool":4,"Ring of the Snake":0},{"hubris:Icosahedron":15,"Replay:Multitool":19,"Ring of the Snake":0}],"Ring of the Snake":[24]},"card_choices":[{"not_picked":["Calculated Gamble","Sucker Punch"],"picked":"Deadly Poison","floor":1.0},{"not_picked":["Outmaneuver","hubris:Sniper"],"picked":"Bane","floor":3.0},{"not_picked":["PiercingWail","Sucker Punch"],"picked":"Poisoned Stab","floor":4.0},{"not_picked":["Sucker Punch","Hidden Blade"],"picked":"ReplayTheSpireMod:Shiv Toss","floor":7.0},{"not_picked":["hubris:Sniper","Quick Slash"],"picked":"Slice","floor":11},{"not_picked":["Predator","Bouncing Flask"],"picked":"Deflect","floor":12},{"not_picked":["PiercingWail","Quick Slash"],"picked":"Malaise","floor":13},{"not_picked":["Blur","Eviscerate"],"picked":"Dagger Spray","floor":14},{"not_picked":["Phantasmal Killer","infinitespire:Neurotoxin"],"picked":"Envenom","floor":16},{"not_picked":["Dagger Spray","Hidden Blade+1"],"picked":"Masterful Stab","floor":18},{"not_picked":["Escape Plan","Backflip+1"],"picked":"hubris:Sniper","floor":19}],"player_experience":169516,"relics_obtained":[{"floor":7.0,"key":"Replay:Multitool"}],"event_choices":[{"damage_healed":0.0,"max_hp_gain":5.0,"max_hp_loss":0.0,"gold_gain":0.0,"event_name":"Big Fish","player_choice":"Donut","floor":2.0,"gold_loss":0.0,"damage_taken":0.0},{"damage_healed":0.0,"max_hp_gain":0.0,"max_hp_loss":0.0,"gold_gain":0.0,"event_name":"Lab","player_choice":"Got Potions","floor":10.0,"gold_loss":0.0,"damage_taken":0.0}],"is_beta":false,"boss_relics":[{"not_picked":["Pandora\u0027s Box","Busted Crown","reliquary:Craggleroot"]}],"items_purged_floors":[],"is_endless":false,"potions_floor_spawned":[7,11,12,13,14,18],"killed_by":"Chosen and Byrds","ascension_level":3}}