{"host":"6pfj0wha12yu6wq3","time":1612886094,"event":{"mods":["AchievementEnabler","BaseMod","Colored Map","Colored Powertips","Curses Come First","DeckTracker","Minty Spire (QoL Compilation)","RNG Fix","Relic Sorter","Relic Stats","StSLib","UnlockEverythingMod","ojb\u0027s Better Paths Mod","ojb\u0027s Info Mod"],"gold_per_floor":[10,0,11,23,40,71,71,71,71],"floor_reached":8,"language":"ENG","playtime":493,"items_purged":[],"score":116,"play_id":"fad06243-ba28-4aac-8b0d-9e5577b7b195","local_time":"20210209105454","is_ascension_mode":true,"campfire_choices":[{"data":"Phantasmal Killer","floor":7,"key":"SMITH"}],"circlet_count":0,"master_deck":["AscendersBane","Strike_G","Strike_G","Strike_G","Strike_G","Strike_G","Defend_G","Defend_G","Defend_G","Defend_G","Defend_G","Survivor","Neutralize","Sadistic Nature","Poisoned Stab","Sucker Punch","Predator","Phantasmal Killer+1","Bouncing Flask"],"relics":["Ring of the Snake","Singing Bowl"],"acts_visited":["Exordium"],"potions_floor_usage":[6],"damage_taken":[{"damage":4,"enemies":"Small Slimes","floor":1,"turns":4},{"damage":1,"enemies":"Cultist","floor":3,"turns":3},{"damage":0,"enemies":"2 Louse","floor":4,"turns":2},{"damage":4,"enemies":"Looter","floor":5,"turns":3},{"damage":15,"enemies":"Lagavulin","floor":6,"turns":6},{"damage":37,"enemies":"3 Sentries","floor":8,"turns":6}],"seed_played":"-4172957319235465740","potions_obtained":[{"floor":4,"key":"DistilledChaos"}],"is_trial":false,"path_per_floor":["M","?","M","M","M","E","R","E"],"character_chosen":"THE_SILENT","items_purchased":[],"campfire_rested":0,"item_purchase_floors":[],"current_hp_per_floor":[55,55,54,54,50,35,35,0,0],"gold":71,"neow_bonus":"RANDOM_COLORLESS_2","is_daily":false,"chose_seed":false,"campfire_upgraded":1,"win_rate":0.0,"timestamp":1612886094,"path_taken":["M","?","M","M","M","E","R","E"],"items_purchased_type":[],"build_version":"2020-12-22","purchased_purges":0,"victory":false,"max_hp_per_floor":[66,66,66,66,66,66,66,66,66],"relic_stats":{"Singing Bowl":0,"counters":[6,24],"obtain_stats":[{"Singing Bowl":6,"Ring of the Snake":0},{"Singing Bowl":5,"Ring of the Snake":0},{"Singing Bowl":18,"Ring of the Snake":0}],"Ring of the Snake":[12]},"card_choices":[{"not_picked":["Mayhem","Secret Technique"],"picked":"Sadistic Nature","floor":0.0},{"not_picked":["Bane","Heel Hook"],"picked":"Poisoned Stab","floor":1},{"not_picked":["Dodge and Roll","Acrobatics"],"picked":"Sucker Punch","floor":3},{"not_picked":["All Out Attack","Distraction"],"picked":"Predator","floor":4},{"not_picked":["Slice","Dagger Throw"],"picked":"Phantasmal Killer","floor":5},{"not_picked":["Heel Hook","Backflip"],"picked":"Bouncing Flask","floor":6}],"player_experience":701568,"relics_obtained":[{"floor":6,"key":"Singing Bowl"}],"event_choices":[{"damage_healed":0,"gold_gain":0,"player_choice":"Left Gold","damage_taken":0,"max_hp_gain":0,"max_hp_loss":0,"event_name":"World of Goop","floor":2,"gold_loss":10}],"is_beta":false,"boss_relics":[],"items_purged_floors":[],"is_endless":false,"potions_floor_spawned":[4],"killed_by":"3 Sentries","ascension_level":20}}