{"host":"wuernuywc9gl215o","time":1612885408,"event":{"mods":["AchievementEnabler","BaseMod","Block Reminder","Highlight Path","Key Reminder","Minty Spire (QoL Compilation)","Permanent Neow","Potion Indicator Mod","Quick Restart","Relic Stats"],"gold_per_floor":[166,176,189,204,220,247,198,198,270,283,295,311,311,311,311,383,383,402,429,16,35,35,35,55,55,55],"floor_reached":25,"language":"ENG","playtime":1323,"items_purged":[],"score":414,"play_id":"cfc24b53-2729-41cd-9c92-e447fa9adfe6","local_time":"20210209154328","is_ascension_mode":true,"campfire_choices":[{"floor":8.0,"key":"REST"},{"floor":13.0,"key":"REST"},{"data":"Whirlwind","floor":15.0,"key":"SMITH"},{"floor":23,"key":"REST"}],"circlet_count":0,"master_deck":["AscendersBane","Strike_R","Strike_R","Strike_R","Strike_R","Strike_R","Defend_R","Defend_R","Defend_R+1","Defend_R","Bash","Combust","Rupture+1","Blood for Blood","Battle Trance","Whirlwind+1","Sword Boomerang","True Grit","Rage","Reaper","Headbutt+1","Impervious","Iron Wave","Bloodletting","Thunderclap+1"],"relics":["Tiny House","Bronze Scales","Gremlin Horn","SlaversCollar","Anchor","White Beast Statue"],"acts_visited":["Exordium","TheCity"],"potions_floor_usage":[24],"damage_taken":[{"damage":3.0,"enemies":"Cultist","floor":1.0,"turns":3.0},{"damage":2.0,"enemies":"2 Louse","floor":2.0,"turns":2.0},{"damage":10.0,"enemies":"Jaw Worm","floor":3.0,"turns":4.0},{"damage":11.0,"enemies":"Red Slaver","floor":4.0,"turns":5.0},{"damage":19.0,"enemies":"Blue Slaver","floor":5.0,"turns":5.0},{"damage":54.0,"enemies":"Gremlin Nob","floor":6.0,"turns":5.0},{"damage":6.0,"enemies":"Large Slime","floor":10.0,"turns":5.0},{"damage":0.0,"enemies":"3 Louse","floor":11.0,"turns":1.0},{"damage":2.0,"enemies":"2 Fungi Beasts","floor":12.0,"turns":2.0},{"damage":39.0,"enemies":"The Guardian","floor":16.0,"turns":9.0},{"damage":42,"enemies":"Shell Parasite","floor":18,"turns":6},{"damage":22,"enemies":"Chosen","floor":21,"turns":5},{"damage":10,"enemies":"Snake Plant","floor":24,"turns":5},{"damage":33,"enemies":"Book of Stabbing","floor":25,"turns":4}],"seed_played":"-8165257269893550591","potions_obtained":[{"floor":0.0,"key":"Block Potion"},{"floor":1.0,"key":"Regen Potion"},{"floor":4.0,"key":"BloodPotion"},{"floor":10.0,"key":"SkillPotion"},{"floor":11.0,"key":"SpeedPotion"},{"floor":21,"key":"Energy Potion"},{"floor":24,"key":"FearPotion"}],"is_trial":false,"path_per_floor":["M","M","M","M","M","E","?","R","T","M","M","M","R","?","R","B",null,"M","T","$","M","$","R","M","E"],"character_chosen":"IRONCLAD","items_purchased":["Impervious","White Beast Statue","Iron Wave"],"campfire_rested":3,"item_purchase_floors":[20,20,20],"current_hp_per_floor":[70,68,58,61,42,4,4,28,28,22,22,20,44,44,44,5,61,31,31,31,9,9,33,27,0,0],"gold":55,"neow_bonus":"BOSS_RELIC","is_daily":false,"chose_seed":false,"campfire_upgraded":1,"win_rate":0.0,"timestamp":1612885408,"path_taken":["M","?","M","M","M","E","?","R","T","M","M","M","R","?","R","BOSS","M","?","$","M","$","R","M","E"],"items_purchased_type":["Card","Relic","Card"],"build_version":"2020-12-22","purchased_purges":0,"victory":false,"max_hp_per_floor":[80,80,80,80,80,80,80,80,80,80,80,80,80,80,80,80,80,80,80,80,80,80,80,80,80,80],"relic_stats":{"Gremlin Horn":[3,3],"counters":[14,61],"Bronze Scales":[114],"obtain_stats":[{"SlaversCollar":17,"Anchor":19,"Tiny House":0,"Gremlin Horn":9,"Bronze Scales":6,"Burning Blood":0,"White Beast Statue":20},{"SlaversCollar":10,"Anchor":11,"Tiny House":0,"Gremlin Horn":6,"Bronze Scales":6,"Burning Blood":0,"White Beast Statue":11},{"SlaversCollar":41,"Anchor":47,"Tiny House":0,"Gremlin Horn":24,"Bronze Scales":24,"Burning Blood":0,"White Beast Statue":47}]},"card_choices":[{"not_picked":["Flex","Intimidate"],"picked":"Combust","floor":0.0},{"not_picked":["Sword Boomerang","Seeing Red"],"picked":"Rupture","floor":1.0},{"not_picked":["Pommel Strike","Flex"],"picked":"Blood for Blood","floor":2.0},{"not_picked":["Combust","Wild Strike"],"picked":"Battle Trance","floor":3.0},{"not_picked":["Shrug It Off","Thunderclap"],"picked":"Whirlwind","floor":4.0},{"not_picked":["Pommel Strike","Flex"],"picked":"Sword Boomerang","floor":5.0},{"not_picked":["Thunderclap","Iron Wave"],"picked":"True Grit","floor":6.0},{"not_picked":["Flex","Wild Strike","True Grit"],"picked":"SKIP","floor":10.0},{"not_picked":["Cleave","Clothesline"],"picked":"Rage","floor":11.0},{"not_picked":["Havoc","Warcry","Entrench"],"picked":"SKIP","floor":12.0},{"not_picked":["Barricade","Exhume"],"picked":"Reaper","floor":16.0},{"not_picked":["Infernal Blade","Body Slam"],"picked":"Headbutt+1","floor":18},{"not_picked":["Headbutt","Combust"],"picked":"Bloodletting","floor":21},{"not_picked":["Clothesline","Clash"],"picked":"Thunderclap+1","floor":24}],"player_experience":872631,"relics_obtained":[{"floor":6.0,"key":"Bronze Scales"},{"floor":9.0,"key":"Gremlin Horn"},{"floor":19,"key":"Anchor"}],"event_choices":[{"damage_healed":0.0,"max_hp_gain":0.0,"max_hp_loss":0.0,"gold_gain":0.0,"event_name":"World of Goop","player_choice":"Left Gold","floor":7.0,"gold_loss":49.0,"damage_taken":0.0},{"damage_healed":0.0,"max_hp_gain":0.0,"max_hp_loss":0.0,"gold_gain":0.0,"event_name":"Upgrade Shrine","player_choice":"Upgraded","floor":14.0,"gold_loss":0.0,"damage_taken":0.0,"cards_upgraded":["Rupture"]}],"is_beta":false,"boss_relics":[{"not_picked":["Sozu","Astrolabe"],"picked":"SlaversCollar"}],"items_purged_floors":[],"is_endless":false,"potions_floor_spawned":[1,2,4,10,11,21,24],"killed_by":"Book of Stabbing","ascension_level":20}}