{"host":"sc0o2qwpf9j16a4i","time":1612882590,"event":{"mods":["AchievementEnabler","BaseMod","BetterRewards","Block Reminder","Colored Map","Colored Powertips","Custom Start","Highlight Path","Minty Spire (QoL Compilation)","Relic Stats"],"gold_per_floor":[109,126,126,141,161,195,212,240,240,240,263,278,307,307,307,416,416,435,435,15,35,63,63,100,100,100,124,124,58,84,95,95,201,201,221,284,284,293,68,106,126,65,65,65,99,0,0,24,24,24],"floor_reached":51,"language":"ENG","playtime":1457,"items_purged":[],"score":1107,"play_id":"d20ef97b-1c03-49f7-bff9-bfa8bf9b62ee","local_time":"20210209165630","daily_mods":["Draft","Hoarder","Terminal"],"is_ascension_mode":false,"campfire_choices":[{"data":"Whirlwind","floor":10,"key":"SMITH"},{"data":"Whirlwind","floor":15,"key":"SMITH"},{"data":"Demon Form","floor":23,"key":"SMITH"},{"data":"Demon Form","floor":25,"key":"SMITH"},{"data":"Demon Form","floor":28,"key":"SMITH"},{"data":"Feel No Pain","floor":32,"key":"SMITH"},{"floor":44,"key":"REST"},{"floor":49,"key":"REST"}],"circlet_count":0,"master_deck":["Shockwave","Shockwave","Shockwave","Dropkick","Dropkick","Dropkick","Anger","Anger","Anger","Iron Wave","Iron Wave","Iron Wave","Thunderclap","Thunderclap","Thunderclap","Havoc","Havoc","Havoc","Pommel Strike","Pommel Strike","Pommel Strike","Feel No Pain+1","Feel No Pain","Feel No Pain","Pummel","Pummel","Pummel","Thunderclap","Thunderclap","Thunderclap","Whirlwind+1","Whirlwind","Pummel","Pummel","Pummel","Pommel Strike","Pommel Strike","Pommel Strike","Shockwave","Shockwave","Shockwave","Perfected Strike","Perfected Strike","Perfected Strike","True Grit","True Grit","True Grit","Battle Trance","Battle Trance","Pummel","Pummel","Pummel","Reaper","Reaper","Reaper","Flex","Flex","Flex","Inflame","Inflame","Inflame","Juggernaut","Juggernaut","Demon Form+1","Demon Form+1","Demon Form+1","Sever Soul","Sever Soul","Sever Soul","Pommel Strike+1","Pommel Strike+1","Pommel Strike+1","Feel No Pain","Feel No Pain","Feel No Pain","Perfected Strike","Perfected Strike","Perfected Strike","Reaper","Reaper","Reaper","Disarm","Disarm","Disarm","Barricade","Barricade","Barricade","Metallicize+1","Metallicize+1","Metallicize+1","Shrug It Off","Shrug It Off","Shrug It Off","Mind Blast","Mind Blast","Mind Blast","Shockwave","Shockwave","Shockwave","Heavy Blade+1","Heavy Blade+1","Heavy Blade+1","Shockwave+1","Shockwave+1","Shockwave+1","Second Wind","Second Wind","Second Wind","Impervious","Impervious","Impervious","Heavy Blade+1","Heavy Blade+1","Heavy Blade+1"],"relics":["Burning Blood","CeramicFish","Bird Faced Urn","Strawberry","Snecko Eye","FossilizedHelix","Bottled Flame","Matryoshka","TungstenRod","Fusion Hammer","Champion Belt","Lee\u0027s Waffle","Molten Egg 2","Boot","Dead Branch","White Beast Statue","Red Mask","Juzu Bracelet","HornCleat"],"acts_visited":["Exordium","TheCity","TheBeyond"],"potions_floor_usage":[6,13,18,24,30,30,31,48,50,50],"damage_taken":[{"damage":0,"enemies":"Cultist","floor":1,"turns":2},{"damage":0,"enemies":"Small Slimes","floor":2,"turns":2},{"damage":0,"enemies":"Jaw Worm","floor":4,"turns":3},{"damage":6,"enemies":"Gremlin Gang","floor":5,"turns":3},{"damage":1,"enemies":"3 Sentries","floor":6,"turns":5},{"damage":9,"enemies":"Large Slime","floor":7,"turns":7},{"damage":2,"enemies":"Blue Slaver","floor":8,"turns":2},{"damage":0,"enemies":"Red Slaver","floor":11,"turns":3},{"damage":9,"enemies":"Gremlin Gang","floor":12,"turns":4},{"damage":11,"enemies":"Lagavulin","floor":13,"turns":6},{"damage":18,"enemies":"Slime Boss","floor":16,"turns":5},{"damage":0,"enemies":"3 Byrds","floor":18,"turns":3},{"damage":0,"enemies":"2 Thieves","floor":21,"turns":2},{"damage":0,"enemies":"Centurion and Healer","floor":22,"turns":5},{"damage":7,"enemies":"Slavers","floor":24,"turns":3},{"damage":0,"enemies":"Snecko","floor":27,"turns":3},{"damage":0,"enemies":"Gremlin Leader","floor":30,"turns":5},{"damage":10,"enemies":"Snake Plant","floor":31,"turns":3},{"damage":40,"enemies":"Collector","floor":33,"turns":7},{"damage":0,"enemies":"3 Shapes","floor":35,"turns":2},{"damage":52,"enemies":"2 Orb Walkers","floor":36,"turns":6},{"damage":0,"enemies":"Reptomancer","floor":40,"turns":1},{"damage":0,"enemies":"Orb Walker","floor":41,"turns":1},{"damage":0,"enemies":"Nemesis","floor":45,"turns":1},{"damage":0,"enemies":"Spire Growth","floor":48,"turns":1},{"damage":1,"enemies":"Awakened One","floor":50,"turns":8}],"seed_played":"151199659420171546","potions_obtained":[{"floor":1,"key":"Fire Potion"},{"floor":2,"key":"Dexterity Potion"},{"floor":6,"key":"Fruit Juice"},{"floor":8,"key":"Fire Potion"},{"floor":13,"key":"Explosive Potion"},{"floor":21,"key":"Swift Potion"},{"floor":24,"key":"BlessingOfTheForge"},{"floor":27,"key":"ColorlessPotion"},{"floor":36,"key":"SpeedPotion"},{"floor":40,"key":"Fruit Juice"},{"floor":45,"key":"Strength Potion"},{"floor":48,"key":"LiquidBronze"}],"is_trial":true,"path_per_floor":["M","M","?","M","M","E","M","M","T","R","M","M","E","?","R","B",null,"M","?","$","M","M","R","E","R","T","M","R","$","E","M","R","B",null,"M","?","?","?","$","E","M","$","T","R","E","?","T","M","R","B",null],"character_chosen":"IRONCLAD","items_purchased":["FossilizedHelix","Demon Form","Sever Soul","Disarm","Lee\u0027s Waffle","Shockwave","Second Wind"],"campfire_rested":2,"item_purchase_floors":[20,20,20,29,39,39,42],"current_hp_per_floor":[78,77,76,75,74,73,72,71,70,69,68,67,78,77,76,72,74,73,72,71,70,69,68,67,66,65,64,63,62,61,60,59,35,57,56,55,54,45,59,58,57,56,55,54,53,52,51,55,54,53],"gold":24,"neow_bonus":"","is_daily":false,"chose_seed":false,"campfire_upgraded":6,"win_rate":0.0,"timestamp":1612882590,"path_taken":["M","M","?","?","M","E","M","M","T","R","M","M","E","?","R","BOSS","M","?","$","M","M","R","E","R","T","M","R","$","E","M","R","BOSS","M","?","?","?","$","E","M","?","T","R","E","?","?","M","R","BOSS"],"items_purchased_type":["Relic","Card","Card","Card","Relic","Card","Card"],"build_version":"2020-12-22","purchased_purges":0,"victory":true,"max_hp_per_floor":[78,77,76,75,74,73,72,71,70,69,68,67,78,77,76,75,74,73,72,71,70,69,68,67,66,65,64,63,62,61,60,59,58,57,56,55,54,53,59,58,57,56,55,54,53,52,51,55,54,53],"relic_stats":{"Lee\u0027s Waffle":15,"counters":[26,93],"CeramicFish":180,"Bird Faced Urn":[20],"Dead Branch":[12],"Snecko Eye":[79,111,107,100],"Juzu Bracelet":0,"Champion Belt":[10],"Boot":[0],"obtain_stats":[{"Lee\u0027s Waffle":39,"CeramicFish":6,"Dead Branch":43,"Juzu Bracelet":47,"Boot":43,"Burning Blood":0,"White Beast Statue":45,"Bottled Flame":24,"Matryoshka":26,"HornCleat":47,"Bird Faced Urn":9,"Strawberry":13,"Snecko Eye":17,"Molten Egg 2":40,"Fusion Hammer":34,"Red Mask":46,"Champion Belt":36,"FossilizedHelix":20,"TungstenRod":30},{"Lee\u0027s Waffle":21,"CeramicFish":5,"Dead Branch":23,"Juzu Bracelet":24,"Boot":23,"Burning Blood":0,"White Beast Statue":24,"Bottled Flame":15,"Matryoshka":15,"HornCleat":24,"Bird Faced Urn":7,"Strawberry":10,"Snecko Eye":11,"Molten Egg 2":22,"Fusion Hammer":19,"Red Mask":24,"Champion Belt":21,"FossilizedHelix":12,"TungstenRod":17},{"Lee\u0027s Waffle":81,"CeramicFish":15,"Dead Branch":83,"Juzu Bracelet":84,"Boot":83,"Burning Blood":0,"White Beast Statue":84,"Bottled Flame":55,"Matryoshka":55,"HornCleat":84,"Bird Faced Urn":24,"Strawberry":37,"Snecko Eye":42,"Molten Egg 2":82,"Fusion Hammer":73,"Red Mask":84,"Champion Belt":81,"FossilizedHelix":45,"TungstenRod":63}],"Burning Blood":36,"TungstenRod":14},"card_choices":[{"not_picked":["Iron Wave","Clothesline"],"picked":"Shockwave","floor":0},{"not_picked":["Perfected Strike","Second Wind"],"picked":"Dropkick","floor":0},{"not_picked":["Entrench","Headbutt"],"picked":"Anger","floor":0},{"not_picked":["Clothesline","Warcry"],"picked":"Iron Wave","floor":0},{"not_picked":["Infernal Blade","Cleave"],"picked":"Thunderclap","floor":0},{"not_picked":["Dark Embrace","Anger"],"picked":"Havoc","floor":0},{"not_picked":["Anger","Armaments"],"picked":"Pommel Strike","floor":0},{"not_picked":["Evolve","Clash"],"picked":"Feel No Pain","floor":0},{"not_picked":["Headbutt","Iron Wave"],"picked":"Pummel","floor":0},{"not_picked":["Perfected Strike","Rupture"],"picked":"Thunderclap","floor":0},{"not_picked":["Entrench","Feel No Pain"],"picked":"Whirlwind","floor":0},{"not_picked":["Heavy Blade","Wild Strike"],"picked":"Pummel","floor":0},{"not_picked":["Warcry","Reckless Charge"],"picked":"Pommel Strike","floor":0},{"not_picked":["Twin Strike","Cleave"],"picked":"Shockwave","floor":0},{"not_picked":["Searing Blow","Rupture"],"picked":"Perfected Strike","floor":0},{"not_picked":["Heavy Blade","Clash"],"picked":"True Grit","floor":1},{"not_picked":["Iron Wave","Shrug It Off"],"picked":"Battle Trance","floor":2},{"not_picked":["Second Wind","Sword Boomerang"],"picked":"Pummel","floor":4},{"not_picked":["Heavy Blade","Clash"],"picked":"Reaper","floor":5},{"not_picked":["Headbutt","Carnage","Cleave"],"picked":"SKIP","floor":6},{"not_picked":["Heavy Blade","Hemokinesis","Iron Wave"],"picked":"SKIP","floor":7},{"not_picked":["Rage","Iron Wave"],"picked":"Flex","floor":8},{"not_picked":["Carnage","Disarm"],"picked":"Inflame","floor":11},{"not_picked":["Flex","Wild Strike","Anger"],"picked":"SKIP","floor":12},{"not_picked":["Iron Wave","Heavy Blade","Bludgeon"],"picked":"SKIP","floor":13},{"not_picked":["Immolate","Berserk"],"picked":"Juggernaut","floor":16},{"not_picked":["Flex","Headbutt","True Grit"],"picked":"SKIP","floor":18},{"not_picked":["Flex","Cleave+1"],"picked":"Pommel Strike+1","floor":21},{"not_picked":["Fire Breathing","Clothesline"],"picked":"Feel No Pain","floor":22},{"not_picked":["Thunderclap","Twin Strike"],"picked":"Perfected Strike","floor":24},{"not_picked":["Cleave","Headbutt+1"],"picked":"Reaper","floor":27},{"not_picked":["Bloodletting+1","Hemokinesis","Ghostly Armor"],"picked":"SKIP","floor":30},{"not_picked":["Twin Strike","Rupture+1","Armaments"],"picked":"SKIP","floor":31},{"not_picked":["Impervious","Juggernaut"],"picked":"Barricade","floor":33},{"not_picked":["Sword Boomerang+1","Headbutt+1"],"picked":"Metallicize+1","floor":35},{"not_picked":["Spot Weakness","Flex"],"picked":"Shrug It Off","floor":36},{"not_picked":["Blind","Violence"],"picked":"Mind Blast","floor":38},{"not_picked":["Spot Weakness+1","Clash+1"],"picked":"Heavy Blade+1","floor":40},{"not_picked":["Thunderclap+1","Havoc+1"],"picked":"Shockwave+1","floor":41},{"not_picked":["Warcry+1","Headbutt+1"],"picked":"Impervious","floor":45},{"not_picked":["Cleave+1","Pommel Strike+1"],"picked":"Heavy Blade+1","floor":48}],"player_experience":1301115,"relics_obtained":[{"floor":6,"key":"CeramicFish"},{"floor":9,"key":"Bird Faced Urn"},{"floor":13,"key":"Strawberry"},{"floor":24,"key":"Bottled Flame"},{"floor":26,"key":"Matryoshka"},{"floor":30,"key":"TungstenRod"},{"floor":36,"key":"Champion Belt"},{"floor":40,"key":"Molten Egg 2"},{"floor":43,"key":"Boot"},{"floor":43,"key":"Dead Branch"},{"floor":45,"key":"White Beast Statue"},{"floor":47,"key":"Juzu Bracelet"},{"floor":47,"key":"HornCleat"}],"event_choices":[{"cards_removed":["Battle Trance"],"damage_healed":0,"gold_gain":0,"player_choice":"Offered Uncommon","damage_taken":0,"max_hp_gain":0,"max_hp_loss":0,"event_name":"Bonfire Elementals","floor":3,"gold_loss":0},{"damage_healed":0,"gold_gain":0,"player_choice":"Ignored","damage_taken":0,"max_hp_gain":0,"max_hp_loss":0,"event_name":"Liars Game","floor":14,"gold_loss":0},{"cards_removed":["Juggernaut"],"damage_healed":0,"gold_gain":0,"player_choice":"Purged","damage_taken":0,"max_hp_gain":0,"max_hp_loss":0,"event_name":"Purifier","floor":19,"gold_loss":0},{"damage_healed":0,"gold_gain":0,"player_choice":"Fight","damage_taken":0,"max_hp_gain":0,"max_hp_loss":0,"event_name":"Mysterious Sphere","floor":36,"gold_loss":0},{"cards_removed":["Whirlwind"],"damage_healed":0,"gold_gain":0,"player_choice":"Removed Attack","damage_taken":0,"max_hp_gain":0,"max_hp_loss":0,"event_name":"Falling","floor":37,"gold_loss":0},{"damage_healed":0,"gold_gain":0,"player_choice":"Memory 3","damage_taken":10,"max_hp_gain":0,"max_hp_loss":0,"event_name":"SensoryStone","floor":38,"gold_loss":0},{"damage_healed":0,"gold_gain":0,"player_choice":"Paid","damage_taken":0,"relics_obtained":["Red Mask"],"max_hp_gain":0,"max_hp_loss":0,"event_name":"Tomb of Lord Red Mask","floor":46,"gold_loss":99}],"is_beta":false,"boss_relics":[{"not_picked":["Philosopher\u0027s Stone","Sozu"],"picked":"Snecko Eye"},{"not_picked":["Runic Pyramid","Velvet Choker"],"picked":"Fusion Hammer"}],"items_purged_floors":[],"is_endless":false,"potions_floor_spawned":[1,2,6,8,13,21,24,27,36,40,45,48],"ascension_level":0}}