{"host":"1mv6gj0zv8k9e9tz","time":1612842451,"event":{"mods":["AchievementEnabler","BaseMod","Better Third Choice","Colored Map","DeckTracker","Highlight Path","KOR Keyword Fix","Keyboard Shortcuts","Minty Spire (QoL Compilation)","Permanent Neow","Quick Restart","Rare Cards Sparkle","StSLib","SuperFastMode","everything is the same but u backflip on backflip"],"gold_per_floor":[110,110,110,160,172,172,8,42,65,80,93,113,113,124,124,202,202,221,193,204,214,214,214,225,225,225,225,225],"floor_reached":27,"language":"KOR","playtime":473,"items_purged":[],"score":460,"play_id":"709661eb-0d74-4dad-b0d4-2d8f04185938","local_time":"20210209124731","is_ascension_mode":true,"campfire_choices":[{"data":"Zap","floor":6.0,"key":"SMITH"},{"data":"Genetic Algorithm","floor":13,"key":"SMITH"},{"data":"Dualcast","floor":15,"key":"SMITH"},{"floor":23,"key":"REST"},{"data":"Self Repair","floor":25,"key":"SMITH"}],"circlet_count":0,"master_deck":["AscendersBane","Strike_B","Strike_B","Strike_B","Strike_B","Defend_B","Defend_B","Defend_B","Defend_B","Zap+1","Dualcast+1","Conserve Battery","Genetic Algorithm+1","Melter","Ball Lightning","Consume+1","Self Repair+1","Ball Lightning","Reboot"],"relics":["FrozenCore","NeowsBlessing","Runic Capacitor","Art of War","Nunchaku"],"acts_visited":["Exordium","TheCity"],"potions_floor_usage":[16,20],"damage_taken":[{"damage":0.0,"enemies":"Cultist","floor":1.0,"turns":1.0},{"damage":0.0,"enemies":"Small Slimes","floor":5.0,"turns":1.0},{"damage":0.0,"enemies":"3 Sentries","floor":8.0,"turns":1.0},{"damage":3.0,"enemies":"2 Louse","floor":10.0,"turns":2.0},{"damage":6.0,"enemies":"Blue Slaver","floor":11.0,"turns":3.0},{"damage":1.0,"enemies":"2 Fungi Beasts","floor":12.0,"turns":3.0},{"damage":0,"enemies":"Exordium Wildlife","floor":14,"turns":2},{"damage":40,"enemies":"The Guardian","floor":16,"turns":11},{"damage":20,"enemies":"Chosen","floor":18,"turns":6},{"damage":16,"enemies":"2 Thieves","floor":19,"turns":4},{"damage":49,"enemies":"3 Cultists","floor":20,"turns":7},{"damage":19,"enemies":"Shelled Parasite and Fungi","floor":21,"turns":7},{"damage":21,"enemies":"Chosen and Byrds","floor":24,"turns":7},{"damage":7,"enemies":"Masked Bandits","floor":27,"turns":2}],"seed_played":"-3359997599233117576","potions_obtained":[{"floor":10.0,"key":"DistilledChaos"},{"floor":14,"key":"FairyPotion"},{"floor":18,"key":"SkillPotion"},{"floor":19,"key":"Fire Potion"},{"floor":24,"key":"Swift Potion"}],"is_trial":false,"path_per_floor":["M","?","$","?","M","R","$","E","T","M","M","M","R","M","R","B",null,"M","M","M","M","?","R","M","R","T","?"],"character_chosen":"DEFECT","items_purchased":["Runic Capacitor"],"campfire_rested":1,"item_purchase_floors":[7],"current_hp_per_floor":[64,69,69,69,69,69,69,69,69,66,60,59,59,59,59,19,62,42,26,20,8,8,30,16,16,16,9,9],"gold":225,"neow_bonus":"THREE_ENEMY_KILL","is_daily":false,"chose_seed":false,"campfire_upgraded":4,"win_rate":0.0,"timestamp":1612842451,"path_taken":["M","?","$","?","?","R","?","E","T","M","M","M","R","M","R","BOSS","M","M","M","M","?","R","?","R","T","?"],"items_purchased_type":["Relic"],"build_version":"2020-12-22","purchased_purges":0,"victory":false,"max_hp_per_floor":[71,76,76,76,76,76,76,76,76,76,76,76,76,76,76,76,76,76,76,76,76,76,76,76,76,76,76,76],"card_choices":[{"not_picked":["Loop","Static Discharge"],"picked":"Conserve Battery","floor":1.0},{"not_picked":["Beam Cell","Storm","Steam"],"picked":"SKIP","floor":5.0},{"not_picked":["Reprogram","Go for the Eyes"],"picked":"Genetic Algorithm","floor":8.0},{"not_picked":["Beam Cell","Gash","Go for the Eyes"],"picked":"SKIP","floor":10.0},{"not_picked":["Beam Cell","Gash","Go for the Eyes"],"picked":"SKIP","floor":10.0},{"not_picked":["Streamline","Leap","Scrape"],"picked":"SKIP","floor":11.0},{"not_picked":["Barrage","Streamline"],"picked":"Melter","floor":12.0},{"not_picked":["Static Discharge","Compile Driver"],"picked":"Ball Lightning","floor":14},{"not_picked":["Static Discharge","Conserve Battery"],"picked":"Consume","floor":18},{"not_picked":["Barrage","Chaos"],"picked":"Self Repair","floor":19},{"not_picked":["Steam Power","Turbo"],"picked":"Ball Lightning","floor":20},{"not_picked":["Turbo","Beam Cell+1","Go for the Eyes"],"picked":"SKIP","floor":21},{"not_picked":["Undo","Beam Cell+1"],"picked":"Reboot","floor":24}],"player_experience":636821,"relics_obtained":[{"floor":8.0,"key":"Art of War"},{"floor":26,"key":"Nunchaku"}],"event_choices":[{"damage_healed":0.0,"max_hp_gain":5.0,"max_hp_loss":0.0,"gold_gain":0.0,"event_name":"Big Fish","player_choice":"Donut","floor":2.0,"gold_loss":0.0,"damage_taken":0.0},{"damage_healed":0.0,"max_hp_gain":0.0,"max_hp_loss":0.0,"gold_gain":50.0,"event_name":"Golden Shrine","player_choice":"Pray","floor":4.0,"gold_loss":0.0,"damage_taken":0.0},{"damage_healed":0,"gold_gain":0,"player_choice":"Forge","damage_taken":0,"max_hp_gain":0,"max_hp_loss":0,"event_name":"Accursed Blacksmith","floor":22,"gold_loss":0,"cards_upgraded":["Consume"]},{"damage_healed":0,"gold_gain":0,"player_choice":"Fought Bandits","damage_taken":0,"max_hp_gain":0,"max_hp_loss":0,"event_name":"Masked Bandits","floor":27,"gold_loss":0}],"is_beta":false,"boss_relics":[{"not_picked":["Runic Pyramid","Empty Cage"],"picked":"FrozenCore"}],"items_purged_floors":[],"is_endless":false,"potions_floor_spawned":[10,14,18,19,24],"killed_by":"Masked Bandits","ascension_level":18}}