{"host":"kda2p2afd6bvz6qo","time":1612905584,"event":{"mods":["BaseMod","Colored Map","Minty Spire (QoL Compilation)","Relic Stats"],"gold_per_floor":[116,133,133,133,208,235,235,268,315,340,44,60,60,95,95,199,199,211,239,222,237,253,253,253],"floor_reached":23,"language":"ENG","playtime":1325,"items_purged":["Regret"],"score":305,"play_id":"b287d4c6-108f-4e13-b15d-e25f1a045a70","local_time":"20210209211944","is_ascension_mode":true,"campfire_choices":[{"floor":7.0,"key":"REST"},{"floor":13.0,"key":"RECALL"},{"floor":15.0,"key":"REST"}],"circlet_count":0,"master_deck":["Strike_B","Strike_B","Strike_B+1","Strike_B","Defend_B","Defend_B","Defend_B","Defend_B","Zap","Dualcast","Streamline","Streamline+1","Undo","Go for the Eyes","Genetic Algorithm","Conserve Battery","Gash","All For One","Go for the Eyes+1"],"relics":["Fusion Hammer","Strawberry","Pocketwatch","Whetstone","PreservedInsect","Gambling Chip","Lee\u0027s Waffle","Mummified Hand","Sozu","Red Mask"],"acts_visited":["Exordium","TheCity"],"potions_floor_usage":[19,23,23],"damage_taken":[{"damage":0.0,"enemies":"2 Louse","floor":1.0,"turns":1.0},{"damage":7.0,"enemies":"Jaw Worm","floor":2.0,"turns":2.0},{"damage":22.0,"enemies":"3 Sentries","floor":6.0,"turns":6.0},{"damage":46.0,"enemies":"Lagavulin","floor":8.0,"turns":7.0},{"damage":10.0,"enemies":"Gremlin Nob","floor":10.0,"turns":3.0},{"damage":0.0,"enemies":"Cultist","floor":12.0,"turns":2.0},{"damage":0.0,"enemies":"3 Sentries","floor":14.0,"turns":6.0},{"damage":70.0,"enemies":"Hexaghost","floor":16.0,"turns":11.0},{"damage":5,"enemies":"Chosen","floor":18,"turns":4},{"damage":10,"enemies":"Masked Bandits","floor":19,"turns":4},{"damage":0,"enemies":"2 Thieves","floor":20,"turns":4},{"damage":15,"enemies":"Shelled Parasite and Fungi","floor":21,"turns":6},{"damage":1,"enemies":"Chosen and Byrds","floor":22,"turns":4},{"damage":45,"enemies":"Gremlin Leader","floor":23,"turns":5}],"seed_played":"1697633696889693062","potions_obtained":[{"floor":1.0,"key":"ColorlessPotion"},{"floor":6.0,"key":"GamblersBrew"},{"floor":8.0,"key":"SpeedPotion"},{"floor":10.0,"key":"Block Potion"},{"floor":14.0,"key":"AttackPotion"}],"is_trial":false,"path_per_floor":["M","M","?","?","?","E","R","E","T","E","$","M","R","E","R","B",null,"M","?","M","M","M","E"],"character_chosen":"DEFECT","items_purchased":["Lee\u0027s Waffle","Genetic Algorithm"],"campfire_rested":2,"item_purchase_floors":[11,11],"current_hp_per_floor":[75,68,75,75,64,42,66,20,20,10,89,89,89,89,89,19,72,67,57,57,42,41,0,0],"gold":253,"neow_bonus":"BOSS_RELIC","is_daily":false,"chose_seed":false,"campfire_upgraded":0,"win_rate":0.0,"timestamp":1612905584,"path_taken":["M","M","?","?","?","E","R","E","T","E","?","M","R","E","R","BOSS","M","?","M","M","M","E"],"items_purchased_type":["Relic","Card"],"build_version":"2020-12-22","purchased_purges":1,"victory":false,"max_hp_per_floor":[75,75,82,82,82,82,82,82,82,82,89,89,89,89,89,89,89,89,89,89,89,89,89,89],"relic_stats":{"Sozu":3,"Lee\u0027s Waffle":79,"counters":[14,65],"Mummified Hand":[0],"Gambling Chip":[26],"PreservedInsect":101,"Whetstone":["Streamline","Strike_B"],"obtain_stats":[{"Sozu":17,"Lee\u0027s Waffle":11,"Mummified Hand":14,"Strawberry":3,"Gambling Chip":10,"Fusion Hammer":0,"PreservedInsect":9,"Red Mask":19,"Whetstone":8,"Cracked Core":0,"Pocketwatch":6},{"Sozu":8,"Lee\u0027s Waffle":5,"Mummified Hand":7,"Strawberry":2,"Gambling Chip":5,"Fusion Hammer":0,"PreservedInsect":4,"Red Mask":10,"Whetstone":4,"Cracked Core":0,"Pocketwatch":3},{"Sozu":38,"Lee\u0027s Waffle":19,"Mummified Hand":27,"Strawberry":3,"Gambling Chip":19,"Fusion Hammer":0,"PreservedInsect":16,"Red Mask":46,"Whetstone":16,"Cracked Core":0,"Pocketwatch":9}],"Pocketwatch":[45]},"card_choices":[{"not_picked":["Turbo","Coolheaded"],"picked":"Streamline","floor":1.0},{"not_picked":["Steam","Coolheaded","Recycle"],"picked":"SKIP","floor":2.0},{"not_picked":["Compile Driver","All For One"],"picked":"Streamline","floor":6.0},{"not_picked":["Recycle","Coolheaded"],"picked":"Undo","floor":8.0},{"not_picked":["Darkness","Loop"],"picked":"Go for the Eyes","floor":10.0},{"not_picked":["Rebound","Coolheaded"],"picked":"Conserve Battery","floor":12.0},{"not_picked":["Cold Snap","Steam Power"],"picked":"Gash","floor":14.0},{"not_picked":["Amplify","Reboot"],"picked":"All For One","floor":16.0},{"not_picked":["Leap","Static Discharge","Stack"],"picked":"SKIP","floor":18},{"not_picked":["Rebound","Self Repair","Barrage"],"picked":"SKIP","floor":20},{"not_picked":["Compile Driver","Tempest"],"picked":"Go for the Eyes+1","floor":21},{"not_picked":["Steam","Rebound","Biased Cognition"],"picked":"SKIP","floor":22}],"player_experience":234206,"relics_obtained":[{"floor":6.0,"key":"Pocketwatch"},{"floor":8.0,"key":"Whetstone"},{"floor":9.0,"key":"PreservedInsect"},{"floor":10.0,"key":"Gambling Chip"},{"floor":14.0,"key":"Mummified Hand"},{"floor":19,"key":"Red Mask"}],"event_choices":[{"damage_healed":0.0,"max_hp_gain":0.0,"max_hp_loss":0.0,"gold_gain":0.0,"event_name":"Big Fish","player_choice":"Box","floor":3.0,"gold_loss":0.0,"damage_taken":0.0,"relics_obtained":["Strawberry"],"cards_obtained":["Regret"]},{"damage_healed":0.0,"max_hp_gain":0.0,"max_hp_loss":0.0,"gold_gain":0.0,"event_name":"Liars Game","player_choice":"Ignored","floor":4.0,"gold_loss":0.0,"damage_taken":0.0},{"damage_healed":0.0,"max_hp_gain":0.0,"max_hp_loss":0.0,"gold_gain":75.0,"event_name":"World of Goop","player_choice":"Gather Gold","floor":5.0,"gold_loss":0.0,"damage_taken":11.0},{"damage_healed":0,"gold_gain":0,"player_choice":"Fought Bandits","damage_taken":0,"max_hp_gain":0,"max_hp_loss":0,"event_name":"Masked Bandits","floor":19,"gold_loss":0}],"is_beta":false,"boss_relics":[{"not_picked":["Runic Dome","Astrolabe"],"picked":"Sozu"}],"items_purged_floors":[11],"is_endless":false,"potions_floor_spawned":[1,6,8,10,14,20,21,22],"killed_by":"Gremlin Leader","ascension_level":5}}