{"host":"627up2rvtmm0cf0r","time":1612861720,"event":{"mods":["ATMod(°¢èªMod)","Act Like it!","BaseMod","Better Vampires","CapriCore","Card Filter","Card Forge","Colored Powertips","DeckTracker","Dota2Spire","Downfall","Energized Spire","Friendly Minions","Highlight Path","Infinite Spire","Jedi Mod","Minty Spire (QoL Compilation)","MostiFishMod","Permanent Neow","Practice Mode","Quick Restart","Relic Stats","Reliquary","Shop Mod","Spicy Shops","StSLib","SuperFastMode","TestMod","Warlord Emblem","¡¾ÒÅÎï¿¨ÅÆ¡¿REMEMod","óô»ðÖ¸ÄÏ"],"gold_per_floor":[0,19,34,54,39,56,134,196,213,245,245,276,276,295,309,412,412,412,423,423,423,423],"floor_reached":21,"language":"ZHS","playtime":608,"items_purged":["Defend_B"],"score":191,"play_id":"c843b436-971a-4e75-a990-aacb4811df58","local_time":"20210209170840","is_ascension_mode":false,"campfire_choices":[{"data":"Chaos","floor":1,"key":"SMITH"},{"data":"AT_RightCognition","floor":13,"key":"SMITH"},{"data":"Darkness","floor":18,"key":"SMITH"}],"circlet_count":0,"master_deck":["Strike_B","Strike_B","Defend_B","Zap","Cold Snap","Darkness+1","Chaos+1","White Noise+1","White Noise+1","AT_RightCognition+1"],"relics":["WarlordEmblem:SoulOfKael","Hammer of Thor","Seething Fire","Anvil of the Gods","DaveBox","testmod-TestBox","REME_ComplimentaryCards","AT_ATBox","testmod-ConstraintPeriapt","testmod-AssaultLearning","RhineCircuit","Mercury Hourglass","Dota2Spire:PowerTreads","AT_TimeSand","Darkstone Periapt","Empty Cage","testmod-IWantAll"],"acts_visited":["Exordium","TheCity"],"potions_floor_usage":[6],"damage_taken":[{"damage":3,"enemies":"Small Slimes","floor":2,"turns":2},{"damage":9,"enemies":"2 Louse","floor":3,"turns":2},{"damage":0,"enemies":"Cultist","floor":4,"turns":3},{"damage":5,"enemies":"downfall:FleeingMerchant","floor":5,"turns":4},{"damage":6,"enemies":"Exordium Wildlife","floor":6,"turns":3},{"damage":10,"enemies":"3 Sentries","floor":8,"turns":3},{"damage":7,"enemies":"Exordium Thugs","floor":9,"turns":2},{"damage":11,"enemies":"Lagavulin","floor":10,"turns":4},{"damage":1,"enemies":"Gremlin Nob","floor":12,"turns":4},{"damage":0,"enemies":"Large Slime","floor":14,"turns":3},{"damage":0,"enemies":"3 Louse","floor":15,"turns":1},{"damage":7,"enemies":"IC_STATUS_ARCHETYPE","floor":16,"turns":5},{"damage":2,"enemies":"Shell Parasite","floor":19,"turns":4}],"seed_played":"1040698544337691465","potions_obtained":[{"floor":2,"key":"SteroidPotion"},{"floor":6,"key":"Fruit Juice"},{"floor":8,"key":"AttackPotion"},{"floor":9,"key":"Fire Potion"}],"is_trial":false,"path_per_floor":["R","M","M","M","$","M","T","?","M","E","?","E","R","M","M","B",null,"R","M","AVR","?"],"character_chosen":"Kael","items_purchased":[],"campfire_rested":0,"item_purchase_floors":[],"current_hp_per_floor":[75,72,63,64,63,64,64,56,52,44,44,44,44,46,47,48,80,80,80,80,0,0],"gold":423,"neow_bonus":"ONE_RARE_RELIC","is_daily":false,"chose_seed":false,"campfire_upgraded":3,"win_rate":0.0,"timestamp":1612861720,"path_taken":["R","M","M","M","$","M","T","?","M","E","?","E","R","?","M","BOSS","R","M","AVR","?"],"items_purchased_type":[],"build_version":"2020-12-22","purchased_purges":1,"victory":false,"max_hp_per_floor":[75,75,75,75,75,80,80,80,80,80,80,80,80,80,80,80,80,80,80,80,80,80],"relic_stats":{"Darkstone Periapt":0,"counters":[13,39],"obtain_stats":[{"Darkstone Periapt":12,"Dota2Spire:PowerTreads":8,"testmod-TestBox":0,"AT_ATBox":0,"DaveBox":0,"Hammer of Thor":0,"testmod-IWantAll":20,"AT_TimeSand":10,"Seething Fire":0,"testmod-ConstraintPeriapt":0,"Empty Cage":17,"RhineCircuit":0,"Mercury Hourglass":7,"WarlordEmblem:SoulOfKael":0,"Anvil of the Gods":0,"testmod-AssaultLearning":0,"REME_ComplimentaryCards":0},{"Darkstone Periapt":9,"Dota2Spire:PowerTreads":6,"testmod-TestBox":0,"AT_ATBox":0,"DaveBox":0,"Hammer of Thor":0,"testmod-IWantAll":13,"AT_TimeSand":8,"Seething Fire":0,"testmod-ConstraintPeriapt":0,"Empty Cage":12,"RhineCircuit":0,"Mercury Hourglass":5,"WarlordEmblem:SoulOfKael":0,"Anvil of the Gods":0,"testmod-AssaultLearning":0,"REME_ComplimentaryCards":0},{"Darkstone Periapt":27,"Dota2Spire:PowerTreads":17,"testmod-TestBox":0,"AT_ATBox":0,"DaveBox":0,"Hammer of Thor":0,"testmod-IWantAll":39,"AT_TimeSand":23,"Seething Fire":0,"testmod-ConstraintPeriapt":0,"Empty Cage":35,"RhineCircuit":0,"Mercury Hourglass":14,"WarlordEmblem:SoulOfKael":0,"Anvil of the Gods":0,"testmod-AssaultLearning":0,"REME_ComplimentaryCards":0}],"Mercury Hourglass":[87]},"card_choices":[{"not_picked":["jedi:BurstLightning","Cold Snap","Gash"],"picked":"SKIP","floor":2},{"not_picked":["Streamline","Static Discharge","Beam Cell"],"picked":"SKIP","floor":3},{"not_picked":["AT_HeatAcrobatics","jedi:BurstFrost","MostiFishMod:ReprogramOld"],"picked":"SKIP","floor":4},{"not_picked":["MostiFishMod:IceShield","Sweeping Beam","Auto Shields"],"picked":"SKIP","floor":5},{"not_picked":["Redo","jedi:BurstFrost"],"picked":"White Noise","floor":6},{"not_picked":["Conserve Battery","Rebound","Fusion"],"picked":"SKIP","floor":9},{"not_picked":["jedi:reiji","Sweeping Beam","Beam Cell"],"picked":"SKIP","floor":10},{"not_picked":["Loop","Self Repair"],"picked":"AT_RightCognition","floor":12},{"not_picked":["AT_HeatAcrobatics","MostiFishMod:PushDownKick","Hologram"],"picked":"SKIP","floor":14},{"not_picked":["Coolheaded","Chill","Double Energy"],"picked":"SKIP","floor":15},{"not_picked":["jedi:hex","Stack","jedi:BurstLightning","Cold Snap+1"],"picked":"SKIP","floor":19}],"player_experience":152767,"relics_obtained":[{"floor":7,"key":"Mercury Hourglass"},{"floor":8,"key":"Dota2Spire:PowerTreads"},{"floor":10,"key":"AT_TimeSand"},{"floor":12,"key":"Darkstone Periapt"}],"event_choices":[],"is_beta":false,"boss_relics":[{"not_picked":["testmod-TimeTraveler","Fusion Hammer"],"picked":"Empty Cage"}],"items_purged_floors":[20],"is_endless":false,"potions_floor_spawned":[2,6,8,9,12,14],"ascension_level":0}}