{"host":"FirstDane","time":1612839753,"event":{"mods":["BaseMod","Bestiary","Highlight Path","Minty Spire (QoL Compilation)","Relic Stats","Slay the Relics Exporter","StSLib"],"gold_per_floor":[109,109,140,169,198,236,248,274,313,325,325],"floor_reached":10,"language":"ENG","playtime":529,"items_purged":[],"score":140,"play_id":"4d8170d8-44a3-493f-8def-856086861b90","local_time":"20210208210233","is_ascension_mode":true,"campfire_choices":[],"circlet_count":0,"master_deck":["AscendersBane","Strike_B","Strike_B","Strike_B","Strike_B","Defend_B","Defend_B","Defend_B","Defend_B","Zap","Dualcast","Ball Lightning","Cold Snap","Compile Driver","Tempest","Beam Cell"],"relics":["Runic Dome","MawBank","Bag of Preparation","MealTicket"],"acts_visited":["Exordium"],"potions_floor_usage":[6,10],"damage_taken":[{"damage":12,"enemies":"Jaw Worm","floor":1,"turns":3},{"damage":0,"enemies":"Small Slimes","floor":3,"turns":2},{"damage":0,"enemies":"Cultist","floor":4,"turns":4},{"damage":10,"enemies":"2 Fungi Beasts","floor":5,"turns":3},{"damage":9,"enemies":"Gremlin Nob","floor":6,"turns":3},{"damage":12,"enemies":"3 Louse","floor":8,"turns":3},{"damage":17,"enemies":"3 Sentries","floor":10,"turns":2}],"seed_played":"-5567288505445282377","potions_obtained":[{"floor":1,"key":"Fire Potion"},{"floor":4,"key":"Weak Potion"}],"is_trial":false,"path_per_floor":["M","?","M","M","M","E","?","M","T","E"],"character_chosen":"DEFECT","items_purchased":[],"campfire_rested":0,"item_purchase_floors":[],"current_hp_per_floor":[52,47,47,47,37,28,28,16,16,0,0],"gold":325,"neow_bonus":"BOSS_RELIC","is_daily":false,"chose_seed":false,"campfire_upgraded":0,"win_rate":0.0,"timestamp":1612839753,"path_taken":["M","?","M","M","M","E","?","M","T","E"],"items_purchased_type":[],"build_version":"2020-12-18","purchased_purges":0,"victory":false,"max_hp_per_floor":[71,71,71,71,71,71,71,71,71,71,71],"relic_stats":{"counters":[7,20],"MealTicket":0,"Bag of Preparation":[4],"MawBank":96,"obtain_stats":[{"Runic Dome":0,"MealTicket":9,"Bag of Preparation":6,"Cracked Core":0,"MawBank":2},{"Runic Dome":0,"MealTicket":6,"Bag of Preparation":5,"Cracked Core":0,"MawBank":1},{"Runic Dome":0,"MealTicket":18,"Bag of Preparation":15,"Cracked Core":0,"MawBank":3}]},"card_choices":[{"not_picked":["Loop","Compile Driver"],"picked":"Ball Lightning","floor":1},{"not_picked":["Sweeping Beam","Beam Cell"],"picked":"Cold Snap","floor":3},{"not_picked":["Steam","Stack"],"picked":"Compile Driver","floor":4},{"not_picked":["Barrage","Rebound"],"picked":"Tempest","floor":5},{"not_picked":["Amplify","Compile Driver","Chaos"],"picked":"SKIP","floor":6},{"not_picked":["Turbo","Darkness"],"picked":"Beam Cell","floor":8}],"player_experience":4076842,"relics_obtained":[{"floor":6,"key":"Bag of Preparation"},{"floor":9,"key":"MealTicket"}],"event_choices":[{"damage_healed":0,"gold_gain":0,"player_choice":"Success","damage_taken":5,"relics_obtained":["MawBank"],"max_hp_gain":0,"max_hp_loss":0,"event_name":"Scrap Ooze","floor":2,"gold_loss":0},{"damage_healed":0,"gold_gain":0,"player_choice":"Ignored","damage_taken":0,"max_hp_gain":0,"max_hp_loss":0,"event_name":"Golden Wing","floor":7,"gold_loss":0}],"is_beta":true,"boss_relics":[],"items_purged_floors":[],"is_endless":false,"potions_floor_spawned":[1,4],"killed_by":"3 Sentries","ascension_level":20}}