{"host":"vit9b6u76k1y61sh","time":1612853876,"event":{"mods":["BaseMod","Block Reminder","Colored Powertips","Highlight Path","Minty Spire (QoL Compilation)","Rare Cards Sparkle","Relic Sorter","Relic Stats","StSLib"],"gold_per_floor":[114,131,131,80,80,80,105,105,105,120,155,155,171,171,171,271,271,286,301,57,77,177,177,26,76,76,76,76,76,76,76,76,177,177,197,215,228,283,283,310,310,310,310,335,364,378,378,101,101,101,101,101,25,55,55,55],"floor_reached":55,"language":"ENG","playtime":2542,"items_purged":["Strike_G","Defend_G","Defend_G+1","Backflip"],"score":867,"play_id":"56bf8e5b-f368-4fbe-bc12-d312dbc722de","local_time":"20210209015756","is_ascension_mode":true,"campfire_choices":[{"data":"Blade Dance","floor":6,"key":"SMITH"},{"data":"Blade Dance","floor":8,"key":"SMITH"},{"data":"Cloak And Dagger","floor":12,"key":"SMITH"},{"floor":15,"key":"REST"},{"data":"A Thousand Cuts","floor":23,"key":"SMITH"},{"data":"Cloak And Dagger","floor":27,"key":"SMITH"},{"data":"Outmaneuver","floor":30,"key":"SMITH"},{"data":"Distraction","floor":32,"key":"SMITH"},{"floor":41,"key":"RECALL"},{"data":"Quick Slash","floor":49,"key":"SMITH"},{"data":"Acrobatics","floor":52,"key":"SMITH"}],"circlet_count":0,"master_deck":["Strike_G+1","Strike_G+1","Strike_G+1","Defend_G+1","Defend_G+1","Defend_G+1","Survivor+1","Neutralize+1","Blade Dance+1","Dagger Throw+1","Cloak And Dagger+1","Blade Dance+1","Distraction+1","Dagger Throw+1","Cloak And Dagger+1","A Thousand Cuts+1","Outmaneuver+1","Flash of Steel+1","Distraction+1","After Image+1","Quick Slash+1","Slice+1","Deflect+1","Swift Strike+1","Good Instincts+1","Metamorphosis+1","Quick Slash+1","Finisher+1","Quick Slash+1","Acrobatics+1","Slice","Slice"],"relics":["Ring of the Snake","Omamori","InkBottle","Pear","Calling Bell","Lantern","Unceasing Top","Mummified Hand","Happy Flower","SlaversCollar","Torii","Toy Ornithopter","Mark of the Bloom","Shuriken","Snake Skull","Smiling Mask","Vajra"],"acts_visited":["Exordium","TheCity","TheBeyond","TheEnding"],"potions_floor_usage":[11,16,16,33,33,33,36,38,40,50,50,54],"damage_taken":[{"damage":0,"enemies":"Small Slimes","floor":1,"turns":5},{"damage":1,"enemies":"2 Louse","floor":2,"turns":3},{"damage":40,"enemies":"Lagavulin","floor":7,"turns":11},{"damage":0,"enemies":"Cultist","floor":10,"turns":2},{"damage":22,"enemies":"Gremlin Nob","floor":11,"turns":4},{"damage":2,"enemies":"Looter","floor":13,"turns":3},{"damage":28,"enemies":"Slime Boss","floor":16,"turns":10},{"damage":4,"enemies":"2 Thieves","floor":18,"turns":4},{"damage":0,"enemies":"Chosen","floor":19,"turns":4},{"damage":26,"enemies":"Shelled Parasite and Fungi","floor":21,"turns":5},{"damage":22,"enemies":"Champ","floor":33,"turns":8},{"damage":0,"enemies":"Orb Walker","floor":35,"turns":4},{"damage":0,"enemies":"3 Darklings","floor":36,"turns":2},{"damage":9,"enemies":"Sphere and 2 Shapes","floor":37,"turns":3},{"damage":16,"enemies":"2 Orb Walkers","floor":38,"turns":3},{"damage":0,"enemies":"Reptomancer","floor":40,"turns":2},{"damage":18,"enemies":"Nemesis","floor":45,"turns":3},{"damage":0,"enemies":"Jaw Worm Horde","floor":46,"turns":2},{"damage":0,"enemies":"Donu and Deca","floor":50,"turns":4},{"damage":0,"enemies":"Shield and Spear","floor":54,"turns":3},{"damage":58,"enemies":"The Heart","floor":55,"turns":2}],"seed_played":"1778736750365267821","potions_obtained":[{"floor":2,"key":"Energy Potion"},{"floor":10,"key":"Fire Potion"},{"floor":13,"key":"ColorlessPotion"},{"floor":19,"key":"PowerPotion"},{"floor":21,"key":"AttackPotion"},{"floor":35,"key":"CunningPotion"},{"floor":36,"key":"LiquidMemories"},{"floor":38,"key":"ColorlessPotion"},{"floor":46,"key":"ColorlessPotion"}],"is_trial":false,"path_per_floor":["M","M","?","$","?","R","E","R","T","M","E","R","M","?","R","B",null,"M","M","$","M","?","R","$","T","T","R","?","$","R","?","R","B",null,"M","M","M","?","?","E","R","?","T","T","E","M","?","$","R","B",null,"R","$","E","B"],"character_chosen":"THE_SILENT","items_purchased":["Cloak And Dagger","Doppelganger","Flash of Steel","BlessingOfTheForge","Fire Potion","Energy Potion","Quick Slash","Backflip","Acrobatics","Slice"],"campfire_rested":1,"item_purchase_floors":[4,20,20,24,48,48,48,48,48,53],"current_hp_per_floor":[70,70,63,63,70,70,30,30,30,30,18,18,16,16,40,12,80,76,76,76,50,50,50,50,50,50,50,50,50,50,50,50,28,80,80,80,71,55,45,45,45,45,45,45,27,27,27,27,27,27,27,27,27,27,0,0],"gold":55,"neow_bonus":"RANDOM_COLORLESS","is_daily":false,"chose_seed":false,"campfire_upgraded":9,"win_rate":0.0,"timestamp":1612853876,"path_taken":["M","M","?","$","?","R","E","R","T","M","E","R","?","?","R","BOSS","M","M","$","?","?","R","?","?","T","R","?","?","R","?","R","BOSS","M","?","M","?","?","E","R","?","T","?","E","?","?","$","R","BOSS","R","$","E","BOSS"],"items_purchased_type":["Card","Card","Card","Potion","Potion","Potion","Card","Card","Card","Card"],"build_version":"2020-12-22","purchased_purges":4,"victory":false,"max_hp_per_floor":[70,70,70,70,70,70,70,70,70,70,80,80,80,80,80,80,80,80,80,80,80,80,80,80,80,80,80,80,80,80,80,80,80,80,80,80,80,80,80,80,80,80,80,80,80,80,70,70,70,70,70,70,70,70,70,70],"relic_stats":{"Mark of the Bloom":155,"Happy Flower":[12],"Torii":0,"counters":[21,87],"Snake Skull":[5],"Smiling Mask":175,"Mummified Hand":[26],"Shuriken":[28],"obtain_stats":[{"Lantern":17,"Mark of the Bloom":42,"Pear":11,"Happy Flower":25,"Torii":38,"Vajra":54,"Snake Skull":44,"Omamori":7,"Smiling Mask":45,"Calling Bell":17,"SlaversCollar":34,"Mummified Hand":17,"Shuriken":43,"InkBottle":9,"Unceasing Top":17,"Toy Ornithopter":40,"Ring of the Snake":0},{"Lantern":7,"Mark of the Bloom":16,"Pear":5,"Happy Flower":10,"Torii":15,"Vajra":20,"Snake Skull":16,"Omamori":3,"Smiling Mask":17,"Calling Bell":7,"SlaversCollar":11,"Mummified Hand":7,"Shuriken":16,"InkBottle":3,"Unceasing Top":7,"Toy Ornithopter":16,"Ring of the Snake":0},{"Lantern":38,"Mark of the Bloom":73,"Pear":25,"Happy Flower":51,"Torii":71,"Vajra":85,"Snake Skull":73,"Omamori":19,"Smiling Mask":76,"Calling Bell":38,"SlaversCollar":59,"Mummified Hand":38,"Shuriken":73,"InkBottle":19,"Unceasing Top":38,"Toy Ornithopter":73,"Ring of the Snake":0}],"InkBottle":[57],"Unceasing Top":[28],"Toy Ornithopter":0,"Ring of the Snake":[42]},"card_choices":[{"not_picked":["Madness","Jack Of All Trades"],"picked":"Bandage Up","floor":0},{"not_picked":["All Out Attack","Deadly Poison"],"picked":"Blade Dance","floor":1},{"not_picked":["Escape Plan","Reflex"],"picked":"Dagger Throw","floor":2},{"not_picked":["Deadly Poison","Reflex"],"picked":"Blade Dance","floor":7},{"not_picked":["Slice","Deadly Poison"],"picked":"Distraction","floor":10},{"not_picked":["Prepared","Bouncing Flask"],"picked":"Dagger Throw","floor":11},{"not_picked":["Prepared","Flechettes"],"picked":"Cloak And Dagger","floor":13},{"not_picked":["Wraith Form v2","Storm of Steel"],"picked":"A Thousand Cuts","floor":16},{"not_picked":["Bouncing Flask","Terror","Flying Knee+1"],"picked":"SKIP","floor":18},{"not_picked":["Poisoned Stab","Deflect"],"picked":"Outmaneuver","floor":19},{"not_picked":["Dagger Throw","PiercingWail","Predator"],"picked":"SKIP","floor":21},{"not_picked":["Storm of Steel","Night Terror"],"picked":"After Image","floor":33},{"not_picked":["Outmaneuver+1","Eviscerate+1"],"picked":"Quick Slash+1","floor":35},{"not_picked":["Endless Agony","Calculated Gamble"],"picked":"Slice","floor":36},{"not_picked":["Well Laid Plans+1","Catalyst+1","Escape Plan"],"picked":"SKIP","floor":37},{"not_picked":["Bane+1","Dash"],"picked":"Deflect","floor":38},{"not_picked":["Mayhem","Purity"],"picked":"Swift Strike","floor":39},{"not_picked":["Impatience","Trip"],"picked":"Good Instincts","floor":39},{"not_picked":["Purity","Enlightenment"],"picked":"Metamorphosis","floor":39},{"not_picked":["Heel Hook","Backstab+1"],"picked":"Quick Slash+1","floor":40},{"not_picked":["Reflex+1","Dodge and Roll+1"],"picked":"Finisher+1","floor":45},{"not_picked":["Escape Plan+1","Flying Knee+1","Underhanded Strike"],"picked":"SKIP","floor":46},{"not_picked":["Deflect+1","Backflip"],"picked":"Slice","floor":54}],"player_experience":153057,"relics_obtained":[{"floor":7,"key":"Omamori"},{"floor":9,"key":"InkBottle"},{"floor":11,"key":"Pear"},{"floor":17,"key":"Lantern"},{"floor":17,"key":"Unceasing Top"},{"floor":17,"key":"Mummified Hand"},{"floor":25,"key":"Happy Flower"},{"floor":38,"key":"Torii"},{"floor":40,"key":"Toy Ornithopter"},{"floor":43,"key":"Shuriken"},{"floor":44,"key":"Snake Skull"},{"floor":45,"key":"Smiling Mask"},{"floor":54,"key":"Vajra"}],"event_choices":[{"cards_removed":["Strike_G"],"damage_healed":0,"gold_gain":0,"player_choice":"Card Removal","damage_taken":7,"max_hp_gain":0,"max_hp_loss":0,"event_name":"Golden Wing","floor":3,"gold_loss":0},{"cards_removed":["Bandage Up"],"damage_healed":7,"gold_gain":0,"player_choice":"Offered Uncommon","damage_taken":0,"max_hp_gain":0,"max_hp_loss":0,"event_name":"Bonfire Elementals","floor":5,"gold_loss":0},{"damage_healed":0,"gold_gain":0,"player_choice":"Cursed","damage_taken":0,"max_hp_gain":0,"max_hp_loss":0,"event_name":"Wheel of Change","floor":14,"gold_loss":0,"cards_obtained":["Decay"]},{"damage_healed":0,"gold_gain":100,"player_choice":"Pray","damage_taken":0,"max_hp_gain":0,"max_hp_loss":0,"event_name":"Golden Shrine","floor":22,"gold_loss":0},{"damage_healed":0,"gold_gain":0,"player_choice":"Ignored","damage_taken":0,"max_hp_gain":0,"max_hp_loss":0,"event_name":"Vampires","floor":28,"gold_loss":0},{"damage_healed":0,"gold_gain":0,"cards_transformed":["Doppelganger"],"player_choice":"Transformed","damage_taken":0,"max_hp_gain":0,"max_hp_loss":0,"event_name":"Transmorgrifier","floor":31,"gold_loss":0,"cards_obtained":["Distraction"]},{"damage_healed":0,"gold_gain":0,"player_choice":"Fight","damage_taken":0,"max_hp_gain":0,"max_hp_loss":0,"event_name":"Mysterious Sphere","floor":38,"gold_loss":0},{"damage_healed":0,"gold_gain":0,"player_choice":"Memory 3","damage_taken":10,"max_hp_gain":0,"max_hp_loss":0,"event_name":"SensoryStone","floor":39,"gold_loss":0},{"damage_healed":0,"gold_gain":0,"player_choice":"Upgrade","damage_taken":0,"relics_obtained":["Mark of the Bloom"],"max_hp_gain":0,"max_hp_loss":0,"event_name":"MindBloom","floor":42,"gold_loss":0,"cards_upgraded":["Strike_G","Strike_G","Strike_G","Defend_G","Defend_G","Defend_G","Defend_G","Survivor","Neutralize","Dagger Throw","Dagger Throw","Flash of Steel","Distraction","After Image","Slice","Deflect","Swift Strike","Good Instincts","Metamorphosis"]},{"damage_healed":70,"gold_gain":0,"player_choice":"Heal","damage_taken":0,"max_hp_gain":0,"max_hp_loss":10,"event_name":"The Moai Head","floor":47,"gold_loss":0}],"is_beta":false,"boss_relics":[{"not_picked":["Runic Pyramid","Runic Dome"],"picked":"Calling Bell"},{"not_picked":["HoveringKite","Cursed Key"],"picked":"SlaversCollar"}],"items_purged_floors":[20,24,48,53],"is_endless":false,"potions_floor_spawned":[2,10,13,19,21,35,36,38,46],"killed_by":"The Heart","ascension_level":1}}