{"host":"jkgg7n5hn1slsm35","time":1612876742,"event":{"mods":["Aspiration","BaseMod","BetterRewards","Conspire","Googly Eyes","Gremlin Skip","Halation","Highlight Path","Hubris","Infinite Spire","Minty Spire (QoL Compilation)","Permanent Neow","StSLib","SuperFastMode"],"gold_per_floor":[114,114,40,55,70,100,100,115,115,145,175,175,205,222,222,322,372,387,402,417,417,417,417,447,447,472,487,487,502,517,367,367,467,467,482,497,497,497,527,527,377,377,377],"floor_reached":42,"language":"ENG","playtime":938,"items_purged":["Deadly Poison"],"score":674,"play_id":"1c7162bf-4db3-4465-823b-b0d753944e9a","local_time":"20210209141902","daily_mods":["Draft","Hoarder","DeadlyEvents"],"is_ascension_mode":false,"campfire_choices":[{"data":"Footwork","floor":7,"key":"SMITH"},{"data":"Footwork","floor":12,"key":"SMITH"},{"data":"Footwork","floor":15,"key":"SMITH"},{"data":"Backstab","floor":23,"key":"SMITH"},{"data":"Backstab","floor":25,"key":"SMITH"},{"data":"Accuracy","floor":28,"key":"SMITH"},{"data":"Adrenaline","floor":32,"key":"SMITH"},{"floor":40,"key":"REST"}],"circlet_count":0,"master_deck":["Blade Dance","Blade Dance","Blade Dance","Poisoned Stab","Poisoned Stab","Poisoned Stab","Dodge and Roll","Dodge and Roll","Dodge and Roll","Deadly Poison","Backstab+1","Backstab+1","Backstab+1","Sucker Punch","Sucker Punch","Sucker Punch","Noxious Fumes","Noxious Fumes","Noxious Fumes","Blade Dance","Blade Dance","Blade Dance","Deflect","Deflect","Deflect","Accuracy+1","Accuracy","Accuracy","Flying Knee+1","Flying Knee+1","Flying Knee","Poisoned Stab+1","Poisoned Stab","Poisoned Stab","Quick Slash","Quick Slash","Quick Slash","Slice","Slice","Slice","Quick Slash","Quick Slash","Quick Slash","Footwork+1","Footwork+1","Footwork+1","Cloak And Dagger","Cloak And Dagger","Cloak And Dagger","Escape Plan","Escape Plan","Escape Plan","Adrenaline+1","Adrenaline","Adrenaline","Caltrops","Caltrops","Caltrops","Cloak And Dagger+1","Cloak And Dagger+1","Cloak And Dagger+1"],"relics":["Ring of the Snake","Bag of Marbles","Whetstone","Regal Pillow","halation:Trompette","halation:BlackBeret","Odd Mushroom","Tiny House","CaptainsWheel","Bottled Flame","Vajra","halation:Sosunser","WristBlade","infinitespire:Satchel","halation:LettersToHer"],"acts_visited":["Exordium","TheCity","TheBeyond"],"potions_floor_usage":[10,33,39],"damage_taken":[{"damage":0,"enemies":"conspire:RoseBush","floor":1,"turns":1},{"damage":0,"enemies":"Cultist","floor":4,"turns":1},{"damage":0,"enemies":"Small Slimes","floor":5,"turns":1},{"damage":0,"enemies":"Gremlin Nob","floor":6,"turns":2},{"damage":0,"enemies":"Exordium Thugs","floor":8,"turns":3},{"damage":9,"enemies":"Lagavulin","floor":10,"turns":3},{"damage":0,"enemies":"Gremlin Nob","floor":11,"turns":2},{"damage":14,"enemies":"3 Sentries","floor":13,"turns":6},{"damage":0,"enemies":"The Mushroom Lair","floor":14,"turns":1},{"damage":35,"enemies":"The Guardian","floor":16,"turns":7},{"damage":0,"enemies":"Spheric Guardian","floor":18,"turns":1},{"damage":0,"enemies":"Shell Parasite","floor":19,"turns":1},{"damage":3,"enemies":"Centurion and Healer","floor":20,"turns":3},{"damage":16,"enemies":"Slavers","floor":24,"turns":3},{"damage":5,"enemies":"conspire:HollyBat","floor":27,"turns":11},{"damage":0,"enemies":"Shelled Parasite and Fungi","floor":29,"turns":1},{"damage":0,"enemies":"Cultist and Chosen","floor":30,"turns":3},{"damage":50,"enemies":"Automaton","floor":33,"turns":9},{"damage":5,"enemies":"3 Shapes","floor":35,"turns":1},{"damage":2,"enemies":"3 Darklings","floor":36,"turns":4},{"damage":39,"enemies":"Nemesis","floor":39,"turns":3},{"damage":73,"enemies":"Reptomancer","floor":42,"turns":4}],"seed_played":"-878916022338446095","potions_obtained":[{"floor":1,"key":"SteroidPotion"},{"floor":8,"key":"GamblersBrew"},{"floor":10,"key":"Fruit Juice"},{"floor":14,"key":"Weak Potion"},{"floor":30,"key":"CunningPotion"}],"is_trial":false,"path_per_floor":["M","?","$","M","M","E","R","M","T","E","E","R","E","?","R","B",null,"M","M","M","?","AVR","R","E","R","T","M","R","M","M","$","R","B",null,"M","M","?","?","E","R","$","E"],"character_chosen":"THE_SILENT","items_purchased":["Footwork","halation:Sosunser","halation:LettersToHer"],"campfire_rested":1,"item_purchase_floors":[3,31,41],"current_hp_per_floor":[70,70,70,70,70,70,70,70,70,66,66,66,52,52,52,17,80,80,80,77,77,77,77,61,61,61,56,56,56,56,56,56,6,80,75,73,73,73,34,73,73,0,0],"gold":377,"neow_bonus":"","is_daily":true,"chose_seed":false,"campfire_upgraded":7,"win_rate":0.0,"timestamp":1612876742,"path_taken":["M","?","$","?","M","E","R","M","T","E","?","R","?","?","R","BOSS","M","M","M","?","AVR","R","E","R","T","?","R","M","M","$","R","BOSS","M","M","?","?","?","R","$","E"],"items_purchased_type":["Card","Relic","Relic"],"build_version":"2020-12-22","purchased_purges":1,"victory":false,"max_hp_per_floor":[70,70,70,70,70,70,70,70,70,75,75,75,75,75,75,75,80,80,80,80,80,80,80,80,80,80,80,80,80,80,80,80,80,80,80,80,80,80,80,80,80,80,80],"card_choices":[{"not_picked":["Bane","Dagger Spray"],"picked":"Blade Dance","floor":0},{"not_picked":["hubris:Counter","Outmaneuver"],"picked":"Poisoned Stab","floor":0},{"not_picked":["Acrobatics","Underhanded Strike"],"picked":"Dodge and Roll","floor":0},{"not_picked":["Concentrate","hubris:Sniper"],"picked":"Deadly Poison","floor":0},{"not_picked":["Poisoned Stab","Accuracy"],"picked":"Backstab","floor":0},{"not_picked":["Prepared","Deadly Poison"],"picked":"Sucker Punch","floor":0},{"not_picked":["Dagger Throw","Sucker Punch"],"picked":"Noxious Fumes","floor":0},{"not_picked":["Acrobatics","Flying Knee"],"picked":"Blade Dance","floor":0},{"not_picked":["Blade Dance","Deadly Poison"],"picked":"Deflect","floor":0},{"not_picked":["All Out Attack","Acrobatics"],"picked":"Accuracy","floor":0},{"not_picked":["Crippling Poison","Dagger Throw"],"picked":"Flying Knee","floor":0},{"not_picked":["Dodge and Roll","Finisher"],"picked":"Poisoned Stab","floor":0},{"not_picked":["Dagger Throw","Acrobatics"],"picked":"Quick Slash","floor":0},{"not_picked":["Tactician","Poisoned Stab"],"picked":"Slice","floor":0},{"not_picked":["hubris:Counter","Sucker Punch"],"picked":"Quick Slash","floor":0},{"not_picked":["Quick Slash","Outmaneuver","Dagger Spray"],"picked":"SKIP","floor":1},{"not_picked":["Skewer","Blade Dance"],"picked":"Cloak And Dagger","floor":4},{"not_picked":["Dash","Bane","Slice"],"picked":"SKIP","floor":5},{"not_picked":["Dodge and Roll","Tactician","Catalyst"],"picked":"SKIP","floor":6},{"not_picked":["Terror","Infinite Blades","Quick Slash"],"picked":"SKIP","floor":8},{"not_picked":["Outmaneuver","Infinite Blades","hubris:Sniper"],"picked":"SKIP","floor":10},{"not_picked":["Dagger Spray","Endless Agony","PiercingWail"],"picked":"SKIP","floor":11},{"not_picked":["A Thousand Cuts","Backflip"],"picked":"Escape Plan","floor":13},{"not_picked":["A Thousand Cuts","Unload"],"picked":"Adrenaline","floor":16},{"not_picked":["Finisher","Bane+1","Backflip"],"picked":"SKIP","floor":18},{"not_picked":["Dodge and Roll","Finisher","conspire:DoublingDagger+1"],"picked":"SKIP","floor":19},{"not_picked":["Prepared","Sucker Punch+1","Bane"],"picked":"SKIP","floor":20},{"not_picked":["Deadly Poison","Dodge and Roll","Prepared+1"],"picked":"SKIP","floor":24},{"not_picked":["Skewer+1","Blade Dance+1","Quick Slash"],"picked":"SKIP","floor":27},{"not_picked":["Dodge and Roll","Acrobatics"],"picked":"Caltrops","floor":29},{"not_picked":["Acrobatics","Deadly Poison","Malaise"],"picked":"SKIP","floor":30},{"not_picked":["PiercingWail+1","Noxious Fumes","Bane"],"picked":"SKIP","floor":35},{"not_picked":["Sucker Punch","Prepared","hubris:Sniper+1"],"picked":"SKIP","floor":36},{"not_picked":["Dagger Throw+1","Dagger Spray+1"],"picked":"Cloak And Dagger+1","floor":39}],"player_experience":1853474,"relics_obtained":[{"floor":6,"key":"Bag of Marbles"},{"floor":9,"key":"Whetstone"},{"floor":10,"key":"Regal Pillow"},{"floor":11,"key":"halation:Trompette"},{"floor":13,"key":"halation:BlackBeret"},{"floor":14,"key":"Odd Mushroom"},{"floor":24,"key":"Bottled Flame"},{"floor":26,"key":"Vajra"},{"floor":39,"key":"infinitespire:Satchel"}],"event_choices":[{"damage_healed":0,"gold_gain":0,"player_choice":"Forge","damage_taken":0,"max_hp_gain":0,"max_hp_loss":0,"event_name":"Accursed Blacksmith","floor":2,"gold_loss":0,"cards_upgraded":["Backstab"]},{"damage_healed":0,"gold_gain":0,"player_choice":"Fought Mushrooms","damage_taken":0,"max_hp_gain":0,"max_hp_loss":0,"event_name":"Mushrooms","floor":14,"gold_loss":0},{"damage_healed":0,"gold_gain":0,"player_choice":"Ignored","damage_taken":0,"max_hp_gain":0,"max_hp_loss":0,"event_name":"N\u0027loth","floor":21,"gold_loss":0},{"cards_removed":["Deadly Poison"],"damage_healed":0,"gold_gain":0,"player_choice":"Purged","damage_taken":0,"max_hp_gain":0,"max_hp_loss":0,"event_name":"Purifier","floor":38,"gold_loss":0}],"is_beta":false,"boss_relics":[{"not_picked":["halation:PlatinumPhoenix","Runic Dome"],"picked":"Tiny House"},{"not_picked":["aspiration:DefectSkillbook","halation:Yufonium"],"picked":"WristBlade"}],"items_purged_floors":[22],"is_endless":false,"potions_floor_spawned":[1,8,10,14,19,27,30],"killed_by":"Reptomancer","ascension_level":0}}