{"host":"q0qnzbgdx8oqogg9","time":1612829801,"event":{"mods":["BaseMod","Minty Spire (QoL Compilation)","StSLib"],"gold_per_floor":[111,12,12,12,12,12,35,48,48,63,98,98,121,144,144,272,272,285,70,90,55,55,96,96,120,120,120,120,120,144,162,162,281,281],"floor_reached":33,"language":"ENG","playtime":1227,"items_purged":["Injury"],"score":587,"play_id":"85d80dd1-977d-4475-a461-827aa9931ddc","local_time":"20210208191641","is_ascension_mode":true,"campfire_choices":[{"data":"Zap","floor":6,"key":"SMITH"},{"floor":15,"key":"REST"},{"floor":27,"key":"REST"},{"data":"White Noise","floor":29,"key":"SMITH"},{"floor":32,"key":"REST"}],"circlet_count":0,"master_deck":["AscendersBane","Defend_B","Defend_B","Defend_B","Defend_B","Zap+1","Dualcast","Barrage","Go for the Eyes","Beam Cell","Steam Power","Biased Cognition+1","FTL","Machine Learning+1","Heatsinks+1","Gash+1","Amplify+1","Melter","Loop+1","Glacier+1","White Noise+1","Machine Learning+1","All For One","Static Discharge+1","Leap+1","Loop+1","Glacier+1","Creative AI+1"],"relics":["Cracked Core","FossilizedHelix","Ornamental Fan","Golden Idol","Frozen Egg 2","Cables","Toy Ornithopter","Astrolabe","Lee\u0027s Waffle","Nilry\u0027s Codex","Bottled Tornado","Gremlin Horn"],"acts_visited":["Exordium","TheCity"],"potions_floor_usage":[16,16,33],"damage_taken":[{"damage":7,"enemies":"2 Louse","floor":1,"turns":3},{"damage":0,"enemies":"Jaw Worm","floor":7,"turns":2},{"damage":0,"enemies":"Cultist","floor":8,"turns":3},{"damage":3,"enemies":"Large Slime","floor":10,"turns":5},{"damage":17,"enemies":"3 Sentries","floor":11,"turns":8},{"damage":4,"enemies":"Looter","floor":13,"turns":3},{"damage":0,"enemies":"2 Fungi Beasts","floor":14,"turns":3},{"damage":38,"enemies":"The Guardian","floor":16,"turns":9},{"damage":11,"enemies":"Spheric Guardian","floor":18,"turns":4},{"damage":6,"enemies":"Chosen","floor":20,"turns":3},{"damage":1,"enemies":"Book of Stabbing","floor":23,"turns":3},{"damage":24,"enemies":"Snake Plant","floor":25,"turns":3},{"damage":11,"enemies":"Sentry and Sphere","floor":30,"turns":3},{"damage":24,"enemies":"Shelled Parasite and Fungi","floor":31,"turns":5},{"damage":29,"enemies":"Automaton","floor":33,"turns":11}],"seed_played":"6966753873991910713","potions_obtained":[{"floor":7,"key":"Ancient Potion"},{"floor":8,"key":"Ancient Potion"},{"floor":11,"key":"SneckoOil"},{"floor":20,"key":"DistilledChaos"},{"floor":30,"key":"Strength Potion"},{"floor":33,"key":"DuplicationPotion"}],"is_trial":false,"path_per_floor":["M","$","?","?","T","R","M","M","T","M","E","$","M","M","R","B",null,"M","$","M","$","?","E","?","M","T","R","?","R","M","M","R","B"],"character_chosen":"DEFECT","items_purchased":["Go for the Eyes","Loop+1","Lee\u0027s Waffle","White Noise"],"campfire_rested":3,"item_purchase_floors":[2,19,19,21],"current_hp_per_floor":[61,61,43,43,43,43,43,43,43,40,23,23,19,19,39,11,55,44,76,70,70,54,53,53,29,29,51,51,51,40,16,38,14,14],"gold":281,"neow_bonus":"ONE_RARE_RELIC","is_daily":false,"chose_seed":false,"campfire_upgraded":2,"win_rate":0.0,"timestamp":1612829801,"path_taken":["M","$","?","?","?","R","M","M","T","M","E","$","?","M","R","BOSS","M","$","M","?","?","E","?","M","T","R","?","R","M","M","R","BOSS"],"items_purchased_type":["Card","Card","Relic","Card"],"build_version":"2020-12-22","purchased_purges":1,"victory":false,"max_hp_per_floor":[75,75,75,69,69,69,69,69,69,69,69,69,69,69,69,69,69,69,76,76,76,76,76,76,76,76,76,76,76,76,76,76,76,76],"card_choices":[{"not_picked":["Tempest","Compile Driver"],"picked":"Barrage","floor":1},{"not_picked":["Rebound","Sweeping Beam"],"picked":"Beam Cell","floor":7},{"not_picked":["Redo","Gash"],"picked":"Reprogram","floor":8},{"not_picked":["Leap","Cold Snap"],"picked":"Steam Power","floor":10},{"not_picked":["Steam","Double Energy"],"picked":"Biased Cognition+1","floor":11},{"not_picked":["Beam Cell","Streamline"],"picked":"FTL","floor":13},{"not_picked":["Sweeping Beam","Turbo","Steam"],"picked":"SKIP","floor":14},{"not_picked":["All For One","Hyperbeam"],"picked":"Machine Learning+1","floor":16},{"not_picked":["Beam Cell","Aggregate"],"picked":"Melter","floor":18},{"not_picked":["White Noise+1","Sweeping Beam"],"picked":"Glacier+1","floor":20},{"not_picked":["Go for the Eyes","Redo"],"picked":"Machine Learning+1","floor":23},{"not_picked":["Aggregate","Consume"],"picked":"Leap+1","floor":25},{"not_picked":["Rebound","Blizzard","Leap"],"picked":"SKIP","floor":30},{"not_picked":["Steam+1","Melter"],"picked":"Glacier+1","floor":31},{"not_picked":["Meteor Strike","Amplify"],"picked":"Creative AI+1","floor":33}],"player_experience":348021,"relics_obtained":[{"floor":5,"key":"Frozen Egg 2"},{"floor":9,"key":"Cables"},{"floor":11,"key":"Toy Ornithopter"},{"floor":22,"key":"Nilry\u0027s Codex"},{"floor":23,"key":"Bottled Tornado"},{"floor":26,"key":"Gremlin Horn"}],"event_choices":[{"damage_healed":0,"gold_gain":0,"player_choice":"Success","damage_taken":18,"relics_obtained":["Ornamental Fan"],"max_hp_gain":0,"max_hp_loss":0,"event_name":"Scrap Ooze","floor":3,"gold_loss":0},{"damage_healed":0,"gold_gain":0,"player_choice":"Lose Max HP","damage_taken":0,"relics_obtained":["Golden Idol"],"max_hp_gain":0,"max_hp_loss":6,"event_name":"Golden Idol","floor":4,"gold_loss":0},{"damage_healed":0,"gold_gain":0,"player_choice":"Obtained Book","damage_taken":16,"max_hp_gain":0,"max_hp_loss":0,"event_name":"Cursed Tome","floor":22,"gold_loss":0},{"damage_healed":0,"gold_gain":0,"cards_transformed":["Strike_B","Strike_B"],"player_choice":"Became Test Subject","damage_taken":0,"max_hp_gain":0,"max_hp_loss":0,"event_name":"Drug Dealer","floor":24,"gold_loss":0,"cards_obtained":["All For One","Static Discharge"]},{"damage_healed":0,"gold_gain":0,"player_choice":"Read","damage_taken":0,"max_hp_gain":0,"max_hp_loss":0,"event_name":"The Library","floor":28,"gold_loss":0,"cards_obtained":["Loop"]}],"is_beta":false,"boss_relics":[{"not_picked":["Velvet Choker","Inserter"],"picked":"Astrolabe"}],"items_purged_floors":[2],"is_endless":false,"potions_floor_spawned":[7,8,11,13,14,20,30,31,33],"killed_by":"Automaton","ascension_level":12}}