{"host":"824exx23qlyrdtjz","time":1612895054,"event":{"mods":["BaseMod","Colored Map","Downfall","Minty Spire (QoL Compilation)","StSLib"],"gold_per_floor":[99,116,133,153,153,168,168,168,168,168],"floor_reached":8,"language":"ENG","playtime":254,"items_purged":[],"score":48,"play_id":"f96d3500-a9f0-422a-bde5-788fe70e03cf","local_time":"20210209132414","is_ascension_mode":false,"campfire_choices":[{"data":"Slimebound:WasteNot","floor":1.0,"key":"SMITH"}],"circlet_count":0,"master_deck":["Slimebound:Strike_Slimebound","Slimebound:Strike_Slimebound","Slimebound:Tackle","Slimebound:Defend_Slimebound","Slimebound:Defend_Slimebound","Slimebound:Defend_Slimebound","Slimebound:Defend_Slimebound","Slimebound:Split","Slimebound:CorrosiveSpit","Slimebound:WasteNot+1","Slimebound:Schlurp","Slimebound:TongueLash","Slimebound:Gluttony"],"relics":["Slimebound:AbsorbEndCombat","Eternal Feather"],"acts_visited":["Exordium"],"potions_floor_usage":[8],"damage_taken":[{"damage":10,"enemies":"Small Slimes","floor":2,"turns":4},{"damage":6,"enemies":"Cultist","floor":3,"turns":3},{"damage":8,"enemies":"Jaw Worm","floor":4,"turns":4},{"damage":36,"enemies":"Gremlin Gang","floor":6,"turns":4},{"damage":41,"enemies":"Gremlin Nob","floor":8,"turns":3}],"seed_played":"6078964180988197176","potions_obtained":[{"floor":3,"key":"Slimebound:SlimyTonguePotion"}],"is_trial":false,"path_per_floor":["R","M","M","M","?","M","T","E"],"character_chosen":"SLIMEBOUND","items_purchased":[],"campfire_rested":0,"item_purchase_floors":[],"current_hp_per_floor":[65,59,57,53,53,23,23,0,0,0],"gold":168,"neow_bonus":"ONE_RANDOM_RARE_CARD","is_daily":false,"chose_seed":false,"campfire_upgraded":1,"win_rate":0.0,"timestamp":1612895054,"path_taken":["R","M","M","M","?","M","T","E"],"items_purchased_type":[],"build_version":"2020-12-22","purchased_purges":0,"victory":false,"max_hp_per_floor":[65,65,65,65,65,65,65,65,65,65],"card_choices":[{"not_picked":["Slimebound:ComboTackle","Slimebound:GoopTackle"],"picked":"Slimebound:Schlurp","floor":2},{"not_picked":["Slimebound:GoopTackle","Slimebound:Schlurp"],"picked":"Slimebound:TongueLash","floor":3},{"not_picked":["Slimebound:ViciousTackle","Slimebound:DivideAndConquer","Slimebound:LeadByExample"],"picked":"SKIP","floor":4},{"not_picked":["Slimebound:RollThrough","Slimebound:SplitBruiser"],"picked":"Slimebound:Gluttony","floor":6}],"player_experience":200342,"relics_obtained":[{"floor":7,"key":"Eternal Feather"}],"event_choices":[{"cards_removed":["Slimebound:Strike_Slimebound"],"damage_healed":0,"gold_gain":0,"player_choice":"Card Removal","damage_taken":0,"max_hp_gain":0,"max_hp_loss":0,"event_name":"Wheel of Change","floor":5,"gold_loss":0}],"is_beta":false,"boss_relics":[],"items_purged_floors":[],"is_endless":false,"potions_floor_spawned":[3],"killed_by":"Gremlin Nob","ascension_level":0}}