{"host":"uv231blk40vjdojr","time":1612878218,"event":{"mods":["BaseMod","Minty Spire (QoL Compilation)","Relic Stats","ojb\u0027s Info Mod"],"gold_per_floor":[109,125,90,90,102,131,131,151,177,177,197,197,217,235,235,335,335,348,368,380,400,32,32,58,73,100,62,89,105,14,34,34,139,139,156,169,169,169,169,169,204,54,54,54,74,107,126,161,161,161,161,161,43,76,76],"floor_reached":56,"language":"ENG","playtime":4105,"items_purged":["Strike_P","Defend_P"],"score":1464,"play_id":"478c306d-6bbe-4929-8032-34a451501354","local_time":"20210209144338","is_ascension_mode":true,"campfire_choices":[{"data":"TalkToTheHand","floor":7.0,"key":"SMITH"},{"data":"SashWhip","floor":10.0,"key":"SMITH"},{"data":"Vengeance","floor":15.0,"key":"SMITH"},{"data":"LessonLearned","floor":23.0,"key":"SMITH"},{"data":"TalkToTheHand","floor":32.0,"key":"SMITH"},{"data":"CrushJoints","floor":40,"key":"SMITH"},{"floor":44,"key":"RECALL"},{"data":"Vault","floor":49,"key":"SMITH"},{"data":"Strike_P","floor":52,"key":"SMITH"}],"circlet_count":0,"master_deck":["Strike_P+1","Strike_P+1","Strike_P+1","Defend_P+1","Defend_P+1","Defend_P+1","Eruption+1","Vigilance+1","TalkToTheHand+1","Consecrate+1","Vengeance+1","Halt+1","SashWhip+1","Protect+1","ThirdEye+1","InnerPeace+1","LessonLearned+1","Halt+1","TalkToTheHand+1","SashWhip+1","Bandage Up+1","Tantrum+1","CrushJoints+1","ThirdEye+1","JustLucky+1","Devotion+1","Adaptation+1","Vault+1","MentalFortress+1"],"relics":["Coffee Dripper","Strawberry","Whetstone","Torii","SlaversCollar","Membership Card","Pocketwatch","Orichalcum","Anchor","Pear","Runic Pyramid","FossilizedHelix","TungstenRod","Calipers","Prayer Wheel","Bronze Scales","Akabeko"],"acts_visited":["Exordium","TheCity","TheBeyond","TheEnding"],"potions_floor_usage":[46,54,55,55,55],"damage_taken":[{"damage":12.0,"enemies":"Small Slimes","floor":1.0,"turns":3.0},{"damage":0.0,"enemies":"Jaw Worm","floor":2.0,"turns":4.0},{"damage":0.0,"enemies":"Cultist","floor":5.0,"turns":3.0},{"damage":50.0,"enemies":"Lagavulin","floor":6.0,"turns":7.0},{"damage":17.0,"enemies":"Lots of Slimes","floor":8.0,"turns":3.0},{"damage":7.0,"enemies":"Red Slaver","floor":11.0,"turns":2.0},{"damage":0.0,"enemies":"Blue Slaver","floor":13.0,"turns":3.0},{"damage":0.0,"enemies":"Large Slime","floor":14.0,"turns":3.0},{"damage":0.0,"enemies":"Slime Boss","floor":16.0,"turns":7.0},{"damage":13.0,"enemies":"3 Byrds","floor":18.0,"turns":5.0},{"damage":0.0,"enemies":"Chosen","floor":19.0,"turns":4.0},{"damage":45.0,"enemies":"Snecko","floor":20.0,"turns":8.0},{"damage":2.0,"enemies":"Centurion and Healer","floor":21.0,"turns":11.0},{"damage":16.0,"enemies":"Slavers","floor":24.0,"turns":4.0},{"damage":6.0,"enemies":"Snake Plant","floor":25.0,"turns":5.0},{"damage":7.0,"enemies":"Gremlin Leader","floor":28.0,"turns":5.0},{"damage":0.0,"enemies":"Cultist and Chosen","floor":29.0,"turns":5.0},{"damage":0.0,"enemies":"Centurion and Healer","floor":31.0,"turns":6.0},{"damage":1.0,"enemies":"Champ","floor":33.0,"turns":10.0},{"damage":0.0,"enemies":"Orb Walker","floor":35.0,"turns":4.0},{"damage":0.0,"enemies":"3 Shapes","floor":36.0,"turns":5.0},{"damage":1,"enemies":"Giant Head","floor":41,"turns":8},{"damage":0,"enemies":"Writhing Mass","floor":45,"turns":8},{"damage":0,"enemies":"Reptomancer","floor":46,"turns":5},{"damage":0,"enemies":"Jaw Worm Horde","floor":47,"turns":5},{"damage":0,"enemies":"Giant Head","floor":48,"turns":6},{"damage":26,"enemies":"Awakened One","floor":50,"turns":9},{"damage":10,"enemies":"Shield and Spear","floor":54,"turns":10},{"damage":108,"enemies":"The Heart","floor":55,"turns":11}],"seed_played":"-7622425710193997927","potions_obtained":[{"floor":8.0,"key":"Weak Potion"},{"floor":11.0,"key":"LiquidBronze"},{"floor":13.0,"key":"EntropicBrew"},{"floor":16.0,"key":"FairyPotion"},{"floor":20.0,"key":"GamblersBrew"},{"floor":24.0,"key":"EntropicBrew"},{"floor":28.0,"key":"FearPotion"},{"floor":29.0,"key":"Swift Potion"},{"floor":36.0,"key":"LiquidBronze"},{"floor":47,"key":"Block Potion"},{"floor":48,"key":"Dexterity Potion"}],"is_trial":false,"path_per_floor":["M","M","?","?","M","E","R","M","T","R","M","T","M","M","R","B",null,"M","M","M","M","$","R","E","M","T","$","E","M","$","M","R","B",null,"M","M","?","?","?","R","E","$","T","R","M","E","M","E","R","B",null,"R","$","E","B",null],"character_chosen":"WATCHER","items_purchased":["Membership Card","Pocketwatch","Bandage Up","PowerPotion","Study","TungstenRod","Bronze Scales","MentalFortress"],"campfire_rested":0,"item_purchase_floors":[22,22,22,22,30,42,53,53],"current_hp_per_floor":[60,60,72,72,72,29,29,12,12,12,5,5,5,5,5,5,79,66,66,21,19,19,19,7,5,5,5,12,16,16,20,20,23,89,89,89,85,85,85,85,85,85,85,85,85,85,85,85,85,65,85,85,85,81,14],"gold":76,"neow_bonus":"BOSS_RELIC","is_daily":false,"chose_seed":false,"campfire_upgraded":8,"win_rate":0.0,"timestamp":1612878218,"path_taken":["M","M","?","?","M","E","R","M","T","R","M","?","M","M","R","BOSS","M","M","M","?","$","R","E","?","T","?","E","M","$","M","R","BOSS","M","M","?","?","?","R","E","?","T","R","?","E","M","E","R","BOSS","R","$","E","BOSS"],"items_purchased_type":["Relic","Relic","Card","Potion","Card","Relic","Relic","Card"],"build_version":"2020-12-22","purchased_purges":2,"victory":true,"max_hp_per_floor":[72,72,72,72,72,79,79,79,79,79,79,79,79,79,79,79,79,79,79,79,79,79,79,79,79,79,79,89,89,89,89,89,89,89,89,89,85,85,85,85,85,85,85,85,85,85,85,85,85,85,85,85,85,85,85],"relic_stats":{"Torii":13,"counters":[29,169],"Bronze Scales":[150],"Prayer Wheel":0,"Whetstone":["Strike_P","Strike_P"],"Orichalcum":[12],"obtain_stats":[{"Pear":28,"Calipers":46,"Torii":12,"Whetstone":9,"Orichalcum":24,"Akabeko":54,"SlaversCollar":17,"Anchor":26,"Strawberry":6,"Bronze Scales":53,"Prayer Wheel":48,"Coffee Dripper":0,"Membership Card":22,"PureWater":0,"FossilizedHelix":41,"TungstenRod":42,"Pocketwatch":22,"Runic Pyramid":34},{"Pear":16,"Calipers":24,"Torii":6,"Whetstone":5,"Orichalcum":14,"Akabeko":28,"SlaversCollar":9,"Anchor":15,"Strawberry":4,"Bronze Scales":27,"Prayer Wheel":26,"Coffee Dripper":0,"Membership Card":13,"PureWater":0,"FossilizedHelix":22,"TungstenRod":22,"Pocketwatch":13,"Runic Pyramid":19},{"Pear":77,"Calipers":128,"Torii":22,"Whetstone":20,"Orichalcum":67,"Akabeko":158,"SlaversCollar":35,"Anchor":72,"Strawberry":17,"Bronze Scales":148,"Prayer Wheel":139,"Coffee Dripper":0,"Membership Card":63,"PureWater":0,"FossilizedHelix":115,"TungstenRod":115,"Pocketwatch":63,"Runic Pyramid":98}],"TungstenRod":17,"Pocketwatch":[45]},"card_choices":[{"not_picked":["Protect","PathToVictory"],"picked":"TalkToTheHand","floor":1.0},{"not_picked":["WaveOfTheHand","Prostrate"],"picked":"Consecrate","floor":2.0},{"not_picked":["Swivel","SandsOfTime"],"picked":"Vengeance","floor":5.0},{"not_picked":["PathToVictory","WreathOfFlame"],"picked":"Halt","floor":6.0},{"not_picked":["FollowUp","ReachHeaven"],"picked":"SashWhip","floor":8.0},{"not_picked":["ClearTheMind","PathToVictory"],"picked":"Protect","floor":11.0},{"not_picked":["Consecrate","Protect"],"picked":"ThirdEye","floor":13.0},{"not_picked":["CutThroughFate","Consecrate"],"picked":"InnerPeace","floor":14.0},{"not_picked":["Wish","Devotion"],"picked":"LessonLearned","floor":16.0},{"not_picked":["Halt","Consecrate","WreathOfFlame+1"],"picked":"SKIP","floor":18.0},{"not_picked":["Prostrate+1","Weave"],"picked":"Halt+1","floor":19.0},{"not_picked":["WaveOfTheHand","CutThroughFate"],"picked":"TalkToTheHand","floor":20.0},{"not_picked":["Consecrate","SashWhip","Halt"],"picked":"SKIP","floor":21.0},{"not_picked":["Consecrate","Halt"],"picked":"SashWhip","floor":21.0},{"not_picked":["Protect","BowlingBash+1"],"picked":"Tantrum+1","floor":24.0},{"not_picked":["Evaluate+1","PathToVictory","CutThroughFate"],"picked":"SKIP","floor":25.0},{"not_picked":["ClearTheMind","FlurryOfBlows"],"picked":"CrushJoints","floor":28.0},{"not_picked":["Halt","PathToVictory"],"picked":"ThirdEye+1","floor":29.0},{"not_picked":["Omniscience","WheelKick"],"picked":"JustLucky","floor":31.0},{"not_picked":["Brilliance","Alpha"],"picked":"Devotion","floor":33.0},{"not_picked":["EmptyBody+1","Worship","FollowUp"],"picked":"SKIP","floor":35.0},{"not_picked":["ThirdEye+1","ReachHeaven+1"],"picked":"Adaptation","floor":36.0},{"not_picked":["Prostrate","Protect+1"],"picked":"Vault","floor":41},{"not_picked":["EmptyFist","Crescendo+1","ClearTheMind"],"picked":"SKIP","floor":45},{"not_picked":["Consecrate","FlurryOfBlows","Wireheading"],"picked":"SKIP","floor":46},{"not_picked":["FlyingSleeves","ForeignInfluence","CrushJoints+1"],"picked":"SKIP","floor":47},{"not_picked":["ClearTheMind","Consecrate","JustLucky"],"picked":"SKIP","floor":48},{"not_picked":["SashWhip","FlyingSleeves","FollowUp"],"picked":"SKIP","floor":54}],"player_experience":757090,"relics_obtained":[{"floor":6.0,"key":"Strawberry"},{"floor":9.0,"key":"Whetstone"},{"floor":12.0,"key":"Torii"},{"floor":24.0,"key":"Orichalcum"},{"floor":26.0,"key":"Anchor"},{"floor":28.0,"key":"Pear"},{"floor":41,"key":"FossilizedHelix"},{"floor":46,"key":"Calipers"},{"floor":48,"key":"Prayer Wheel"},{"floor":54,"key":"Akabeko"}],"event_choices":[{"damage_healed":18.0,"max_hp_gain":0.0,"max_hp_loss":0.0,"gold_gain":0.0,"event_name":"The Cleric","player_choice":"Healed","floor":3.0,"gold_loss":35.0,"damage_taken":0.0},{"damage_healed":0.0,"max_hp_gain":0.0,"max_hp_loss":0.0,"gold_gain":0.0,"event_name":"Living Wall","player_choice":"Grow","floor":4.0,"gold_loss":0.0,"damage_taken":0.0,"cards_upgraded":["Eruption"]},{"damage_healed":0.0,"max_hp_gain":0.0,"max_hp_loss":4.0,"gold_gain":0.0,"event_name":"Winding Halls","player_choice":"Max HP","floor":37.0,"gold_loss":0.0,"damage_taken":0.0},{"cards_removed":["Study"],"damage_healed":0.0,"max_hp_gain":0.0,"max_hp_loss":0.0,"gold_gain":0.0,"event_name":"Falling","player_choice":"Removed Power","floor":38.0,"gold_loss":0.0,"damage_taken":0.0},{"damage_healed":0,"gold_gain":0,"player_choice":"Ignored","damage_taken":0,"max_hp_gain":0,"max_hp_loss":0,"event_name":"Mysterious Sphere","floor":39,"gold_loss":0}],"is_beta":false,"boss_relics":[{"not_picked":["Sozu","Black Star"],"picked":"SlaversCollar"},{"not_picked":["Snecko Eye","Velvet Choker"],"picked":"Runic Pyramid"}],"items_purged_floors":[27,30],"is_endless":false,"potions_floor_spawned":[8,11,13,16,20,24,28,29,31,36,47,48],"ascension_level":3}}