{"host":"5dhwd44u3dydylwe","time":1612856602,"event":{"mods":["AchievementEnabler","BaseMod","BetterRewards","Dota2Spire","Downfall","Hubris","Minty Spire (QoL Compilation)","Shop Mod","StSLib","Wandering Minibosses"],"gold_per_floor":[99,111,121,121,31,31,31,31,45,70,70,70,70,97,7,57,190,190,90,101,86,86,126,126,126,150,197,211,211,253,266,266,316,441,441,441,459,540,540,738,752,752,752,752,652,710,722,767,816,316,363,374,404],"floor_reached":54,"language":"ENG","playtime":3422,"items_purged":["hexamod:Strike","hexamod:Strike","hexamod:Strike"],"score":1141,"play_id":"1a45a451-008c-4b49-bc95-7e73e5ebbda2","local_time":"20210209154322","is_ascension_mode":true,"campfire_choices":[{"data":"hexamod:Float","floor":1,"key":"SMITH"},{"data":"hexamod:VolcanoVisage","floor":6,"key":"SMITH"},{"data":"hexamod:HauntingEcho","floor":7,"key":"SMITH"},{"data":"hexamod:WildfireWeapon","floor":19,"key":"SMITH"},{"data":"hexamod:ChargedBarrage","floor":24,"key":"SMITH"},{"data":"hexamod:SearingWound","floor":36,"key":"SMITH"},{"floor":45,"key":"RECALL"}],"circlet_count":0,"master_deck":["hexamod:Strike+1","hexamod:Defend","hexamod:Defend","hexamod:Defend","hexamod:Sear+1","hexamod:Float+1","hexamod:HauntingEcho+1","hexamod:GhostflameBarrier","hexamod:VolcanoVisage+1","hexamod:StepThrough","hexamod:ChargedBarrage+1","hexamod:WildfireWeapon+1","hexamod:AdvancingGuard","hexamod:FastForward+1","hexamod:SearingWound+1","hexamod:EmpoweredFlame","hexamod:Rewind","hexamod:RainOfEmbers+1","hexamod:Incineration+1","hexamod:FlamesFromBeyond+1"],"relics":["hexamod:SpiritBrand","Dota2Spire:ShivaGuard","hubris:MysteriousPyramids","hubris:PeanutButter","hubris:TenFootPole","downfall:ShatteredFragment","hubris:Metronome","Dota2Spire:HandOfMidas","Busted Crown","downfall:HeartBlessingGreen","Dota2Spire:OctarineCore","wanderingMiniBosses:AbyssPearl","Pear","Anchor","Spirit Poop","hubris:Towel","Coffee Dripper","hubris:Potato","Dota2Spire:AghanimScepter","Sundial","downfall:HeartBlessingBlue","Dota2Spire:Vanguard","Oddly Smooth Stone","Whetstone"],"acts_visited":["Exordium","TheCity","TheBeyond"],"potions_floor_usage":[23,23,53,53,53],"damage_taken":[{"damage":0,"enemies":"2 Louse","floor":2,"turns":5},{"damage":0,"enemies":"Jaw Worm","floor":3,"turns":4},{"damage":0,"enemies":"downfall:FleeingMerchant","floor":5,"turns":4},{"damage":0,"enemies":"Cultist","floor":9,"turns":5},{"damage":0,"enemies":"Gremlin Nob","floor":10,"turns":3},{"damage":0,"enemies":"Lagavulin","floor":14,"turns":6},{"damage":0,"enemies":"downfall:FleeingMerchant","floor":15,"turns":4},{"damage":0,"enemies":"2 Fungi Beasts","floor":16,"turns":6},{"damage":0,"enemies":"WA_ARCHETYPE_RETAIN","floor":17,"turns":5},{"damage":0,"enemies":"Spheric Guardian","floor":20,"turns":4},{"damage":0,"enemies":"downfall:FleeingMerchant","floor":21,"turns":4},{"damage":0,"enemies":"3 Byrds","floor":23,"turns":5},{"damage":0,"enemies":"Snake Plant","floor":27,"turns":3},{"damage":0,"enemies":"Sentry and Sphere","floor":28,"turns":4},{"damage":0,"enemies":"Cultist and Chosen","floor":30,"turns":4},{"damage":0,"enemies":"Snake Plant","floor":31,"turns":3},{"damage":0,"enemies":"Sentry and Sphere","floor":33,"turns":6},{"damage":0,"enemies":"IC_MUSHROOM_ARCHETYPE","floor":34,"turns":6},{"damage":0,"enemies":"3 Shapes","floor":37,"turns":3},{"damage":19,"enemies":"2 Orb Walkers","floor":38,"turns":5},{"damage":0,"enemies":"downfall:FleeingMerchant","floor":40,"turns":3},{"damage":0,"enemies":"Orb Walker","floor":41,"turns":3},{"damage":0,"enemies":"Giant Head","floor":46,"turns":6},{"damage":0,"enemies":"Jaw Worm Horde","floor":47,"turns":3},{"damage":5,"enemies":"4 Shapes","floor":48,"turns":7},{"damage":4,"enemies":"3 Darklings","floor":49,"turns":3},{"damage":17,"enemies":"Transient","floor":51,"turns":5},{"damage":0,"enemies":"Jaw Worm Horde","floor":52,"turns":2},{"damage":1,"enemies":"DF_ARCHETYPE_ORBS","floor":53,"turns":6}],"seed_played":"9160113439451445209","potions_obtained":[{"floor":9,"key":"Explosive Potion"},{"floor":14,"key":"LiquidBronze"},{"floor":16,"key":"champ:CounterPotion"},{"floor":23,"key":"Dexterity Potion"},{"floor":28,"key":"Dexterity Potion"},{"floor":51,"key":"hexamod:SoulburnPotion"}],"is_trial":false,"path_per_floor":["R","M","M","?","$","R","R","T","M","E","?","?","T","E","$","M","B",null,"R","M","$","?","M","R","T","T","M","M","?","M","M","?","M","B",null,"R","M","?","?","$","M","T","T","?","R","E","M","M","M","$","M","M","B",null],"character_chosen":"THE_SPIRIT","items_purchased":["hexamod:VolcanoVisage","hexamod:Rewind","Oddly Smooth Stone","hexamod:Incineration","Whetstone"],"campfire_rested":0,"item_purchase_floors":[5,40,50,50,50],"current_hp_per_floor":[63,63,63,56,56,56,56,56,56,56,46,51,51,51,51,51,51,68,68,68,68,68,68,68,78,78,78,78,78,78,78,78,78,78,78,78,78,59,59,59,59,59,59,55,65,65,65,60,56,56,39,39,38],"gold":404,"neow_bonus":"ONE_RARE_RELIC","is_daily":false,"chose_seed":false,"campfire_upgraded":6,"win_rate":0.0,"timestamp":1612856602,"path_taken":["R","M","M","?","$","R","R","T","M","E","?","?","?","E","?","M","BOSS","R","M","$","?","M","R","T","?","M","M","?","?","M","?","M","BOSS","R","M","?","?","$","M","T","T","?","R","E","M","M","?","?","?","M","BOSS"],"items_purchased_type":["Card","Card","Relic","Card","Relic"],"build_version":"2020-12-22","purchased_purges":3,"victory":true,"max_hp_per_floor":[63,63,63,63,63,63,63,63,63,63,63,68,68,68,68,68,68,68,68,68,68,68,68,68,78,78,78,78,78,78,78,78,78,78,78,78,78,78,78,78,78,78,78,78,88,88,88,88,88,88,88,88,88],"card_choices":[{"not_picked":["hexamod:FlamesFromBeyond","hexamod:NightmareStrike"],"picked":"hexamod:HauntingEcho","floor":2},{"not_picked":["hexamod:SpectralAdrenaline","hexamod:FlamesFromBeyond"],"picked":"hexamod:GhostflameBarrier","floor":3},{"not_picked":["hexamod:CatchUp","hexamod:NightmareStrike","hexamod:RetreatToShadows"],"picked":"SKIP","floor":5},{"not_picked":["hexamod:InspiringFlames","hexamod:CatchUp"],"picked":"hexamod:StepThrough","floor":9},{"not_picked":["hexamod:BurningTouch","hexamod:NecessarySacrifice","hexamod:SpectralAdrenaline"],"picked":"SKIP","floor":10},{"not_picked":["hexamod:ApocalypseNow","hexamod:InspiringFlames"],"picked":"hexamod:ChargedBarrage","floor":14},{"not_picked":["hexamod:StepThrough","hexamod:SuperheatedStrike","hexamod:SpectersWail"],"picked":"SKIP","floor":15},{"not_picked":["hexamod:HeatShield","hexamod:InspiringFlames","hexamod:SwordOfDarkness"],"picked":"SKIP","floor":16},{"not_picked":["hexamod:TimeOfNeed","hexamod:GiftsFromTheDead"],"picked":"hexamod:WildfireWeapon","floor":17},{"not_picked":["hexamod:DynamicBlow"],"picked":"SKIP","floor":20},{"not_picked":[],"picked":"hexamod:AdvancingGuard","floor":21},{"not_picked":["hexamod:EtherealExpedition"],"picked":"SKIP","floor":23},{"not_picked":["hexamod:RetreatToShadows+1"],"picked":"SKIP","floor":27},{"not_picked":["hexamod:NightmareGuise"],"picked":"SKIP","floor":28},{"not_picked":["hexamod:DynamicBlow+1"],"picked":"SKIP","floor":30},{"not_picked":[],"picked":"hexamod:FastForward+1","floor":31},{"not_picked":["hexamod:ShieldOfDarkness"],"picked":"SKIP","floor":33},{"not_picked":[],"picked":"hexamod:SearingWound","floor":34},{"not_picked":[],"picked":"hexamod:EmpoweredFlame","floor":37},{"not_picked":["hexamod:HeatMetal"],"picked":"SKIP","floor":40},{"not_picked":["hexamod:PhantomFireball+1"],"picked":"SKIP","floor":41},{"not_picked":["hexamod:GiftsFromTheDead"],"picked":"SKIP","floor":46},{"not_picked":["hexamod:SpectersWail+1"],"picked":"SKIP","floor":47},{"not_picked":[],"picked":"hexamod:RainOfEmbers+1","floor":48},{"not_picked":["hexamod:Hexaguard+1"],"picked":"SKIP","floor":49},{"not_picked":["hexamod:Hexaguard+1"],"picked":"SKIP","floor":51},{"not_picked":[],"picked":"hexamod:FlamesFromBeyond+1","floor":52}],"player_experience":229452,"relics_obtained":[{"floor":8,"key":"hubris:PeanutButter"},{"floor":10,"key":"hubris:TenFootPole"},{"floor":13,"key":"hubris:Metronome"},{"floor":14,"key":"Dota2Spire:HandOfMidas"},{"floor":23,"key":"wanderingMiniBosses:AbyssPearl"},{"floor":25,"key":"Pear"},{"floor":26,"key":"Anchor"},{"floor":38,"key":"hubris:Potato"},{"floor":39,"key":"Dota2Spire:AghanimScepter"},{"floor":43,"key":"Sundial"},{"floor":46,"key":"Dota2Spire:Vanguard"}],"event_choices":[{"damage_healed":0,"gold_gain":0,"player_choice":"Success","damage_taken":7,"relics_obtained":["hubris:MysteriousPyramids"],"max_hp_gain":0,"max_hp_loss":0,"event_name":"Scrap Ooze","floor":4,"gold_loss":0},{"damage_healed":0,"gold_gain":0,"player_choice":"Donut","damage_taken":0,"max_hp_gain":5,"max_hp_loss":0,"event_name":"Big Fish","floor":12,"gold_loss":0},{"cards_removed":["Writhe"],"damage_healed":0,"gold_gain":0,"player_choice":"Offered Curse","damage_taken":0,"relics_obtained":["Spirit Poop"],"max_hp_gain":0,"max_hp_loss":0,"event_name":"Bonfire Elementals","floor":29,"gold_loss":0},{"damage_healed":0,"gold_gain":0,"player_choice":"Fight","damage_taken":0,"max_hp_gain":0,"max_hp_loss":0,"event_name":"Mysterious Sphere","floor":38,"gold_loss":0}],"is_beta":false,"boss_relics":[{"not_picked":["expansioncontent:StudyCardRelic","hubris:HollowSoul"],"picked":"Busted Crown"},{"not_picked":["Velvet Choker","hubris:RunicObelisk"],"picked":"Coffee Dripper"}],"items_purged_floors":[15,40,50],"is_endless":false,"potions_floor_spawned":[9,14,16,17,23,28,31,33,34,38,48,49,51],"ascension_level":2}}