{"host":"Aytumious","time":1612887409,"event":{"mods":["AchievementEnabler","BaseMod","Bestiary","Colored Map","Curses Come First","Highlight Path","Jorbs\u0027s Wanderer Trilogy","Minty Spire (QoL Compilation)","Relic Stats","StSLib"],"gold_per_floor":[109,129,139,40,115,144,144,158,158,3,3,13,48,62,62,157,157,174,99,99,149,162,162,189,203,203,228,228,244,159,170,170,274,274,287,341,341,24,24,52,52,52,52,84,84,111,11,30,30,30,30,30,30,62,62],"floor_reached":56,"language":"ENG","playtime":4617,"items_purged":["Strike_R","Warcry","stsjorbsmod:Amnesia"],"score":1385,"play_id":"f4e8fe7e-a07b-4560-b8a4-1b2045dfb7a5","local_time":"20210209101649","is_ascension_mode":true,"campfire_choices":[{"data":"Combust","floor":7.0,"key":"SMITH"},{"data":"Fiend Fire","floor":11.0,"key":"SMITH"},{"data":"Armaments","floor":15.0,"key":"SMITH"},{"data":"Uppercut","floor":23.0,"key":"SMITH"},{"floor":28.0,"key":"REST"},{"data":"Bash","floor":32.0,"key":"SMITH"},{"data":"Disarm","floor":41,"key":"SMITH"},{"floor":45,"key":"RECALL"},{"floor":49,"key":"REST"},{"data":"Chrysalis","floor":52,"key":"SMITH"}],"circlet_count":0,"master_deck":["Defend_R","Defend_R","Defend_R","Defend_R","Bash+1","Barricade+1","Headbutt+1","Burning Pact+1","Combust+1","Body Slam","Spot Weakness","Shrug It Off","Headbutt","Twin Strike","Fiend Fire+1","Shrug It Off","Whirlwind","Armaments+1","Immolate","Uppercut+1","Metallicize","Thunderclap","Rage","Corruption","Heavy Blade+1","Disarm+1","Chrysalis+1","Battle Trance+1","Inflame","Heavy Blade+1"],"relics":["Astrolabe","Bag of Preparation","Vajra","The Courier","Cursed Key","Question Card","Paper Frog","Pocketwatch","Snecko Eye","Dead Branch","Oddly Smooth Stone","Centennial Puzzle","Incense Burner","Akabeko","Bag of Marbles","Gremlin Horn"],"acts_visited":["Exordium","TheCity","TheBeyond","TheEnding"],"potions_floor_usage":[36],"damage_taken":[{"damage":6.0,"enemies":"Cultist","floor":1.0,"turns":3.0},{"damage":4.0,"enemies":"Jaw Worm","floor":2.0,"turns":5.0},{"damage":0.0,"enemies":"Small Slimes","floor":3.0,"turns":3.0},{"damage":16.0,"enemies":"Gremlin Nob","floor":6.0,"turns":4.0},{"damage":15.0,"enemies":"Exordium Thugs","floor":8.0,"turns":4.0},{"damage":7.0,"enemies":"Blue Slaver","floor":12.0,"turns":2.0},{"damage":2.0,"enemies":"Lagavulin","floor":13.0,"turns":7.0},{"damage":0.0,"enemies":"Looter","floor":14.0,"turns":1.0},{"damage":18.0,"enemies":"The Guardian","floor":16.0,"turns":13.0},{"damage":0.0,"enemies":"Chosen","floor":18.0,"turns":3.0},{"damage":0.0,"enemies":"Shell Parasite","floor":22.0,"turns":4.0},{"damage":8.0,"enemies":"Book of Stabbing","floor":24.0,"turns":6.0},{"damage":24.0,"enemies":"Sentry and Sphere","floor":25.0,"turns":6.0},{"damage":10.0,"enemies":"Slavers","floor":27.0,"turns":4.0},{"damage":2.0,"enemies":"Chosen and Byrds","floor":29.0,"turns":4.0},{"damage":0.0,"enemies":"Snake Plant","floor":31.0,"turns":2.0},{"damage":10.0,"enemies":"Champ","floor":33.0,"turns":19.0},{"damage":14.0,"enemies":"3 Darklings","floor":35.0,"turns":4.0},{"damage":2,"enemies":"2 Orb Walkers","floor":36,"turns":2},{"damage":0,"enemies":"Giant Head","floor":40,"turns":4},{"damage":9,"enemies":"Nemesis","floor":44,"turns":3},{"damage":12,"enemies":"Reptomancer","floor":46,"turns":2},{"damage":0,"enemies":"3 Shapes","floor":48,"turns":4},{"damage":34,"enemies":"Time Eater","floor":50,"turns":12},{"damage":0,"enemies":"Shield and Spear","floor":54,"turns":6},{"damage":5,"enemies":"The Heart","floor":55,"turns":7}],"seed_played":"-6612046646141097561","potions_obtained":[{"floor":1.0,"key":"FearPotion"},{"floor":2.0,"key":"Dexterity Potion"},{"floor":12.0,"key":"Strength Potion"},{"floor":14.0,"key":"FairyPotion"},{"floor":18.0,"key":"Swift Potion"},{"floor":24.0,"key":"Ancient Potion"},{"floor":46,"key":"Swift Potion"},{"floor":48,"key":"PowerPotion"}],"is_trial":false,"path_per_floor":["M","M","M","$","?","E","R","M","T","$","R","M","E","M","R","B",null,"M","?","?","?","M","R","E","M","T","E","R","M","?","M","R","B",null,"M","?","?","$","?","E","R","?","T","E","R","E","$","M","R","B",null,"R","$","E","B",null],"character_chosen":"IRONCLAD","items_purchased":["Spot Weakness","Shrug It Off","Fiend Fire","Oddly Smooth Stone","Centennial Puzzle"],"campfire_rested":2,"item_purchase_floors":[4,4,10,38,38],"current_hp_per_floor":[74,70,70,70,62,46,46,31,31,31,31,24,22,22,22,4,80,80,80,65,65,65,65,57,33,33,23,48,46,46,46,46,36,85,71,69,69,69,69,69,69,64,64,55,55,43,43,43,67,33,81,81,81,81,76],"gold":62,"neow_bonus":"BOSS_RELIC","is_daily":false,"chose_seed":false,"campfire_upgraded":7,"win_rate":0.0,"timestamp":1612887409,"path_taken":["M","M","M","$","?","E","R","M","T","$","R","M","E","M","R","BOSS","M","?","?","?","M","R","E","?","T","E","R","M","?","M","R","BOSS","M","?","?","$","?","E","R","?","T","E","R","E","$","M","R","BOSS","R","$","E","BOSS"],"items_purchased_type":["Card","Card","Card","Relic","Relic"],"build_version":"2020-12-18","purchased_purges":3,"victory":true,"max_hp_per_floor":[80,80,80,80,80,80,80,80,80,80,80,80,80,80,80,80,80,80,80,85,85,85,85,85,85,85,85,85,85,85,85,85,85,85,85,85,85,85,81,81,81,81,81,81,81,81,81,81,81,81,81,81,81,81,81],"relic_stats":{"Centennial Puzzle":[10],"Gremlin Horn":[0,0],"counters":[26,134],"Astrolabe":["Barricade","Headbutt","Burning Pact"],"Dead Branch":[141],"Snecko Eye":[104,106,100,115],"Bag of Preparation":[44],"Cursed Key":1,"Question Card":14,"obtain_stats":[{"Gremlin Horn":54,"Astrolabe":0,"Dead Branch":36,"Vajra":9,"Oddly Smooth Stone":38,"The Courier":13,"Bag of Preparation":6,"Incense Burner":40,"Cursed Key":17,"Question Card":24,"Burning Blood":0,"Akabeko":44,"Centennial Puzzle":38,"Snecko Eye":34,"Bag of Marbles":46,"Paper Frog":27,"Pocketwatch":30},{"Gremlin Horn":25,"Astrolabe":0,"Dead Branch":19,"Vajra":5,"Oddly Smooth Stone":19,"The Courier":7,"Bag of Preparation":4,"Incense Burner":20,"Cursed Key":9,"Question Card":12,"Burning Blood":0,"Akabeko":21,"Centennial Puzzle":19,"Snecko Eye":17,"Bag of Marbles":22,"Paper Frog":14,"Pocketwatch":15},{"Gremlin Horn":127,"Astrolabe":0,"Dead Branch":96,"Vajra":19,"Oddly Smooth Stone":96,"The Courier":28,"Bag of Preparation":15,"Incense Burner":100,"Cursed Key":42,"Question Card":55,"Burning Blood":0,"Akabeko":103,"Centennial Puzzle":96,"Snecko Eye":90,"Bag of Marbles":105,"Paper Frog":65,"Pocketwatch":69}],"Pocketwatch":[61]},"card_choices":[{"not_picked":["Dropkick","Clothesline"],"picked":"Combust","floor":1.0},{"not_picked":["Havoc","Evolve"],"picked":"Body Slam","floor":2.0},{"not_picked":["Clothesline","Clash","Cleave"],"picked":"SKIP","floor":3.0},{"not_picked":["Cleave","Wild Strike"],"picked":"Headbutt","floor":6.0},{"not_picked":["Infernal Blade","Anger"],"picked":"Twin Strike","floor":8.0},{"not_picked":["Pommel Strike","Anger"],"picked":"Shrug It Off","floor":12.0},{"not_picked":["Bloodletting","Berserk"],"picked":"Whirlwind","floor":13.0},{"not_picked":["Body Slam","Clash"],"picked":"Armaments","floor":14.0},{"not_picked":["Demon Form","Berserk"],"picked":"Immolate","floor":16.0},{"not_picked":["Power Through","Anger"],"picked":"Warcry","floor":18.0},{"not_picked":["Reckless Charge","Perfected Strike"],"picked":"Uppercut","floor":22.0},{"not_picked":["True Grit","Bloodletting","Anger"],"picked":"SKIP","floor":24.0},{"not_picked":["Clothesline","Searing Blow","Armaments+1"],"picked":"Metallicize","floor":25.0},{"not_picked":["Body Slam","Brutality","Blood for Blood","Iron Wave"],"picked":"SKIP","floor":27.0},{"not_picked":["Flame Barrier","Anger","Uppercut"],"picked":"Thunderclap","floor":29.0},{"not_picked":["Cleave","Blood for Blood","True Grit+1"],"picked":"Rage","floor":31.0},{"not_picked":["Brutality","Juggernaut","Immolate"],"picked":"Corruption","floor":33.0},{"not_picked":["Body Slam","Headbutt+1","Sword Boomerang+1"],"picked":"Heavy Blade+1","floor":35.0},{"not_picked":["Intimidate+1","Evolve","Headbutt+1"],"picked":"Disarm","floor":40},{"not_picked":["The Bomb","PanicButton","Good Instincts"],"picked":"Chrysalis","floor":42},{"not_picked":["Clothesline","Thunderclap","Spot Weakness+1"],"picked":"Battle Trance+1","floor":44},{"not_picked":["Blood for Blood+1","Fiend Fire","Bloodletting+1"],"picked":"Inflame","floor":46},{"not_picked":["Anger+1","Cleave","Whirlwind","Havoc"],"picked":"SKIP","floor":48},{"not_picked":["Whirlwind+1","True Grit","Iron Wave"],"picked":"Heavy Blade+1","floor":54}],"player_experience":584161,"relics_obtained":[{"floor":6.0,"key":"Bag of Preparation"},{"floor":9.0,"key":"Vajra"},{"floor":13.0,"key":"The Courier"},{"floor":24.0,"key":"Question Card"},{"floor":27.0,"key":"Paper Frog"},{"floor":36,"key":"Dead Branch"},{"floor":40,"key":"Incense Burner"},{"floor":44,"key":"Akabeko"},{"floor":46,"key":"Bag of Marbles"},{"floor":54,"key":"Gremlin Horn"}],"event_choices":[{"damage_healed":0.0,"max_hp_gain":0.0,"max_hp_loss":0.0,"gold_gain":75.0,"event_name":"FaceTrader","player_choice":"Touch","floor":5.0,"gold_loss":0.0,"damage_taken":8.0},{"cards_removed":["Strike_R"],"damage_healed":0.0,"max_hp_gain":0.0,"max_hp_loss":0.0,"gold_gain":0.0,"event_name":"Beggar","player_choice":"Gave Gold","floor":19.0,"gold_loss":75.0,"damage_taken":0.0},{"damage_healed":0.0,"max_hp_gain":5.0,"max_hp_loss":0.0,"gold_gain":0.0,"event_name":"Forgotten Altar","player_choice":"Shed Blood","floor":20.0,"gold_loss":0.0,"damage_taken":20.0},{"damage_healed":0.0,"max_hp_gain":0.0,"max_hp_loss":0.0,"gold_gain":100.0,"event_name":"The Joust","player_choice":"Bet on Murderer","floor":21.0,"gold_loss":50.0,"damage_taken":0.0},{"damage_healed":0.0,"max_hp_gain":0.0,"max_hp_loss":0.0,"gold_gain":0.0,"event_name":"Addict","player_choice":"Obtained Relic","floor":30.0,"gold_loss":85.0,"damage_taken":0.0,"relics_obtained":["Pocketwatch"]},{"damage_healed":0,"gold_gain":0,"player_choice":"Fight","damage_taken":0,"max_hp_gain":0,"max_hp_loss":0,"event_name":"Mysterious Sphere","floor":36,"gold_loss":0},{"damage_healed":0,"gold_gain":0,"player_choice":"Ignored","damage_taken":0,"max_hp_gain":0,"max_hp_loss":0,"event_name":"Tomb of Lord Red Mask","floor":37,"gold_loss":0},{"damage_healed":0,"gold_gain":0,"player_choice":"Max HP","damage_taken":0,"max_hp_gain":0,"max_hp_loss":4,"event_name":"Winding Halls","floor":39,"gold_loss":0},{"damage_healed":0,"gold_gain":0,"player_choice":"Memory 2","damage_taken":5,"max_hp_gain":0,"max_hp_loss":0,"event_name":"SensoryStone","floor":42,"gold_loss":0}],"is_beta":true,"boss_relics":[{"not_picked":["Mark of Pain","SlaversCollar"],"picked":"Cursed Key"},{"not_picked":["Tiny House","Velvet Choker"],"picked":"Snecko Eye"}],"items_purged_floors":[10,38,47],"is_endless":false,"potions_floor_spawned":[1,2,12,14,18,24,25,35,46,48,54],"ascension_level":1}}