{"host":"prxrhpgaxnj4om9r","time":1612881970,"event":{"mods":["AchievementEnabler","BaseMod","DeckTracker","Keyboard Shortcuts","Minty Spire (QoL Compilation)"],"gold_per_floor":[113,113,130,130,130,130,103,174,200,241,253,288,344,381,393,535,547,584,619,652,46,46,46,60,60,110,131,82,82,30,44,44,44,44],"floor_reached":33,"language":"KOR","playtime":1876,"items_purged":[],"score":280,"play_id":"926461d7-9d02-48d7-b2d7-a79d7b9d47b2","local_time":"20210209234610","is_ascension_mode":false,"campfire_choices":[{"floor":6,"key":"RECALL"},{"floor":15,"key":"REST"},{"floor":23,"key":"REST"},{"data":"Body Slam","floor":29,"key":"SMITH"},{"floor":32,"key":"REST"}],"circlet_count":0,"master_deck":["Defend_R","Defend_R","Defend_R+1","Defend_R","Bash+1","Power Through","Whirlwind","Armaments","Burning Pact","Body Slam+1","Blood for Blood","Battle Trance","Barricade","Entrench+1","Carnage","Blood for Blood","Spot Weakness","Bite","Bite","Bite","Bite","Bite","Dark Embrace","Carnage","Infernal Blade","Heavy Blade","Flame Barrier"],"relics":["Burning Blood","Golden Idol","MawBank","Self Forming Clay","Snecko Eye","Shuriken","FossilizedHelix","War Paint"],"acts_visited":["Exordium","TheCity"],"potions_floor_usage":[10,14,16,27,27,27,31,33,33],"damage_taken":[{"damage":6,"enemies":"Cultist","floor":1,"turns":3},{"damage":2,"enemies":"Small Slimes","floor":3,"turns":3},{"damage":22,"enemies":"3 Sentries","floor":10,"turns":4},{"damage":5,"enemies":"2 Louse","floor":12,"turns":3},{"damage":42,"enemies":"Lagavulin","floor":13,"turns":9},{"damage":8,"enemies":"Large Slime","floor":14,"turns":5},{"damage":59,"enemies":"Hexaghost","floor":16,"turns":10},{"damage":39,"enemies":"Spheric Guardian","floor":18,"turns":6},{"damage":12,"enemies":"Chosen","floor":19,"turns":7},{"damage":28,"enemies":"Centurion and Healer","floor":20,"turns":8},{"damage":7,"enemies":"Snake Plant","floor":24,"turns":3},{"damage":5,"enemies":"3 Cultists","floor":27,"turns":4},{"damage":47,"enemies":"Centurion and Healer","floor":31,"turns":7},{"damage":46,"enemies":"Champ","floor":33,"turns":5}],"seed_played":"6889904124574700691","potions_obtained":[{"floor":1,"key":"BloodPotion"},{"floor":2,"key":"Ancient Potion"},{"floor":2,"key":"Strength Potion"},{"floor":13,"key":"AttackPotion"},{"floor":20,"key":"EntropicBrew"},{"floor":31,"key":"AttackPotion"}],"is_trial":false,"path_per_floor":["M","?","M","?","?","R","$","?","T","E","?","M","E","M","R","B",null,"M","M","M","$","?","R","M","?","T","M","$","R","$","M","R","B"],"character_chosen":"IRONCLAD","items_purchased":["Armaments","Shuriken","FossilizedHelix","Spot Weakness","Explosive Potion","Heavy Blade"],"campfire_rested":3,"item_purchase_floors":[7,21,21,21,28,30],"current_hp_per_floor":[80,80,80,80,80,80,80,80,80,64,64,65,29,27,51,14,80,47,41,19,19,19,35,38,38,38,47,47,47,47,10,26,0,0],"gold":44,"neow_bonus":"UPGRADE_CARD","is_daily":false,"chose_seed":false,"campfire_upgraded":1,"win_rate":0.0,"timestamp":1612881970,"path_taken":["M","?","?","?","?","R","$","?","T","E","?","M","E","?","R","BOSS","M","M","M","$","?","R","M","?","T","?","?","R","$","M","R","BOSS"],"items_purchased_type":["Card","Relic","Relic","Card","Potion","Card"],"build_version":"2020-12-22","purchased_purges":0,"victory":false,"max_hp_per_floor":[80,80,80,80,80,80,80,80,80,80,80,80,80,80,80,80,80,80,80,80,80,56,56,56,56,56,56,56,56,56,56,56,56,56],"card_choices":[{"not_picked":["Dropkick","Anger"],"picked":"Power Through","floor":1},{"not_picked":["Blood for Blood","Clash"],"picked":"Whirlwind","floor":3},{"not_picked":["Heavy Blade","Combust"],"picked":"Burning Pact","floor":10},{"not_picked":["Shrug It Off","Metallicize"],"picked":"Body Slam","floor":12},{"not_picked":["Body Slam","Pommel Strike"],"picked":"Blood for Blood","floor":13},{"not_picked":["Twin Strike","Blood for Blood"],"picked":"Battle Trance","floor":14},{"not_picked":["Corruption","Impervious"],"picked":"Barricade","floor":16},{"not_picked":["Flame Barrier","Iron Wave"],"picked":"Entrench","floor":18},{"not_picked":["Twin Strike+1","Thunderclap"],"picked":"Carnage","floor":19},{"not_picked":["Whirlwind+1","Headbutt"],"picked":"Blood for Blood","floor":20},{"not_picked":["Cleave+1","Evolve"],"picked":"Dark Embrace","floor":24},{"not_picked":["Pummel","Sword Boomerang"],"picked":"Infernal Blade","floor":27},{"not_picked":["Twin Strike","Dual Wield"],"picked":"Flame Barrier","floor":31}],"player_experience":346485,"relics_obtained":[{"floor":10,"key":"MawBank"},{"floor":13,"key":"Self Forming Clay"},{"floor":26,"key":"War Paint"}],"event_choices":[{"damage_healed":0,"gold_gain":0,"player_choice":"Got Potions","damage_taken":0,"max_hp_gain":0,"max_hp_loss":0,"event_name":"Lab","floor":2,"gold_loss":0},{"damage_healed":0,"gold_gain":0,"player_choice":"Take Wound","damage_taken":0,"relics_obtained":["Golden Idol"],"max_hp_gain":0,"max_hp_loss":0,"event_name":"Golden Idol","floor":4,"gold_loss":0,"cards_obtained":["Injury"]},{"damage_healed":0,"gold_gain":0,"player_choice":"Ignored","damage_taken":0,"max_hp_gain":0,"max_hp_loss":0,"event_name":"Liars Game","floor":5,"gold_loss":0},{"damage_healed":0,"gold_gain":71,"player_choice":"Gained Gold","damage_taken":0,"max_hp_gain":0,"max_hp_loss":0,"event_name":"Golden Wing","floor":8,"gold_loss":0},{"cards_removed":["Injury"],"damage_healed":0,"gold_gain":0,"player_choice":"Removed Curses","damage_taken":0,"max_hp_gain":0,"max_hp_loss":0,"event_name":"Fountain of Cleansing","floor":11,"gold_loss":0},{"damage_healed":0,"gold_gain":0,"player_choice":"Became a vampire","damage_taken":0,"max_hp_gain":0,"max_hp_loss":24,"event_name":"Vampires","floor":22,"gold_loss":0,"cards_obtained":["Bite","Bite","Bite","Bite","Bite"]},{"damage_healed":0,"gold_gain":0,"player_choice":"Copied","damage_taken":0,"max_hp_gain":0,"max_hp_loss":0,"event_name":"Duplicator","floor":25,"gold_loss":0,"cards_obtained":["Carnage"]}],"is_beta":false,"boss_relics":[{"not_picked":["Tiny House","Mark of Pain"],"picked":"Snecko Eye"}],"items_purged_floors":[],"is_endless":false,"potions_floor_spawned":[1,13,20,27,31],"killed_by":"Champ","ascension_level":0}}