{"host":"dcj2yvrgcvh5dl2s","time":1612840410,"event":{"mods":["BaseMod","Bestiary","Better Note","Block Reminder","Colored Powertips","Curses Come First","DeckTracker","Minty Spire (QoL Compilation)","Quick Restart","Rare Cards Sparkle","Relic Stats","StSLib"],"gold_per_floor":[110,127,14,89,89,54,54,54,79,79,96,21,55,66,66,66,66],"floor_reached":16,"language":"ENG","playtime":1070,"items_purged":["Strike_R"],"score":196,"play_id":"4f808c27-9be6-4057-acd5-4ef2af0a060a","local_time":"20210209131330","is_ascension_mode":true,"campfire_choices":[{"data":"Flex","floor":7,"key":"SMITH"},{"floor":10,"key":"REST"},{"floor":15,"key":"REST"}],"circlet_count":0,"master_deck":["AscendersBane","Strike_R","Strike_R","Strike_R+1","Strike_R","Defend_R","Defend_R","Defend_R","Defend_R","Bash","Flex","Whirlwind","Flex+1","Sword Boomerang+1","Infernal Blade"],"relics":["Burning Blood","Omamori","Ancient Tea Set","Singing Bowl"],"acts_visited":["Exordium"],"potions_floor_usage":[16],"damage_taken":[{"damage":11,"enemies":"2 Louse","floor":1,"turns":3},{"damage":4,"enemies":"Small Slimes","floor":2,"turns":4},{"damage":0,"enemies":"Jaw Worm","floor":11,"turns":1},{"damage":11,"enemies":"Gremlin Nob","floor":13,"turns":3},{"damage":1,"enemies":"Exordium Wildlife","floor":14,"turns":2},{"damage":91,"enemies":"The Guardian","floor":16,"turns":8}],"seed_played":"-1972960879056310588","potions_obtained":[{"floor":11,"key":"ElixirPotion"},{"floor":13,"key":"SkillPotion"}],"is_trial":false,"path_per_floor":["M","M","$","?","?","?","R","?","T","R","M","$","E","M","R","B"],"character_chosen":"IRONCLAD","items_purchased":["Flex","Sword Boomerang"],"campfire_rested":2,"item_purchase_floors":[3,3],"current_hp_per_floor":[59,61,61,50,32,54,54,27,27,53,59,59,54,61,88,0,0],"gold":66,"neow_bonus":"TWENTY_PERCENT_HP_BONUS","is_daily":false,"chose_seed":false,"campfire_upgraded":1,"win_rate":0.0,"timestamp":1612840410,"path_taken":["M","M","$","?","?","?","R","?","T","R","M","?","E","?","R","BOSS"],"items_purchased_type":["Card","Card"],"build_version":"2020-12-22","purchased_purges":1,"victory":false,"max_hp_per_floor":[89,89,89,89,89,89,89,89,89,89,89,89,89,91,91,91,91],"relic_stats":{"Singing Bowl":2,"counters":[6,21],"obtain_stats":[{"Singing Bowl":13,"Omamori":5,"Ancient Tea Set":9,"Burning Blood":0},{"Singing Bowl":4,"Omamori":2,"Ancient Tea Set":2,"Burning Blood":0},{"Singing Bowl":11,"Omamori":7,"Ancient Tea Set":7,"Burning Blood":0}],"Burning Blood":30},"card_choices":[{"not_picked":["Pommel Strike","Uppercut"],"picked":"Flex","floor":1},{"not_picked":["Armaments","Iron Wave"],"picked":"Whirlwind","floor":2},{"not_picked":["Wild Strike","Sword Boomerang","Second Wind"],"picked":"SKIP","floor":11},{"not_picked":["Bloodletting","Cleave"],"picked":"Infernal Blade","floor":13},{"not_picked":["Dual Wield","Headbutt","Barricade"],"picked":"Singing Bowl","floor":14}],"player_experience":2335632,"relics_obtained":[{"floor":9,"key":"Ancient Tea Set"},{"floor":13,"key":"Singing Bowl"}],"event_choices":[{"damage_healed":0,"gold_gain":75,"player_choice":"Gather Gold","damage_taken":11,"max_hp_gain":0,"max_hp_loss":0,"event_name":"World of Goop","floor":4,"gold_loss":0},{"damage_healed":0,"gold_gain":0,"player_choice":"Success","damage_taken":18,"relics_obtained":["Omamori"],"max_hp_gain":0,"max_hp_loss":0,"event_name":"Scrap Ooze","floor":5,"gold_loss":0},{"damage_healed":22,"gold_gain":0,"player_choice":"Healed","damage_taken":0,"max_hp_gain":0,"max_hp_loss":0,"event_name":"The Cleric","floor":6,"gold_loss":35},{"damage_healed":0,"gold_gain":0,"player_choice":"Entered Light","damage_taken":27,"max_hp_gain":0,"max_hp_loss":0,"event_name":"Shining Light","floor":8,"gold_loss":0,"cards_upgraded":["Sword Boomerang","Strike_R"]}],"is_beta":false,"boss_relics":[],"items_purged_floors":[12],"is_endless":false,"potions_floor_spawned":[11,13,14],"killed_by":"The Guardian","ascension_level":20}}