{"host":"x5w9zppki4gdwvc7","time":1612909353,"event":{"mods":["AchievementEnabler","BaseMod","Colored Powertips","DeckTracker","Minty Spire (QoL Compilation)","SuperFastMode"],"gold_per_floor":[116,116,126,301,301,301,336,50,77,96,96,123,123,152,152,247,247,265,284,304,229,9,42,42,68,93,93,123,123,123,123],"floor_reached":30,"language":"ENG","playtime":1234,"items_purged":["Strike_P"],"score":387,"play_id":"0f9a8b95-1a50-4bbe-aeae-a27a14b3fa61","local_time":"20210209232233","is_ascension_mode":true,"campfire_choices":[{"data":"Eruption","floor":6,"key":"SMITH"},{"data":"Study","floor":11,"key":"SMITH"},{"floor":13,"key":"REST"},{"floor":15,"key":"REST"},{"floor":24,"key":"REST"},{"floor":27,"key":"REST"}],"circlet_count":0,"master_deck":["Strike_P+1","Strike_P+1","Defend_P","Defend_P","Defend_P+1","Defend_P+1","Eruption+1","Vigilance","LessonLearned+1","Study+1","PathToVictory+1","Alpha","Alpha","CutThroughFate","Judgement","Prostrate+1","Vault","Scrawl"],"relics":["HolyWater","Happy Flower","Frozen Eye","Ancient Tea Set","Bronze Scales","White Beast Statue","Pen Nib","Omamori","Dream Catcher","Centennial Puzzle","Torii"],"acts_visited":["Exordium","TheCity"],"potions_floor_usage":[14,16,19,20,23,25,30],"damage_taken":[{"damage":0,"enemies":"Small Slimes","floor":1,"turns":4},{"damage":0,"enemies":"Jaw Worm","floor":3,"turns":2},{"damage":27,"enemies":"Lagavulin","floor":7,"turns":8},{"damage":0,"enemies":"2 Louse","floor":10,"turns":3},{"damage":11,"enemies":"3 Sentries","floor":12,"turns":10},{"damage":0,"enemies":"Gremlin Nob","floor":14,"turns":2},{"damage":22,"enemies":"Slime Boss","floor":16,"turns":5},{"damage":28,"enemies":"2 Thieves","floor":18,"turns":3},{"damage":7,"enemies":"3 Byrds","floor":19,"turns":4},{"damage":7,"enemies":"Snecko","floor":20,"turns":4},{"damage":39,"enemies":"Book of Stabbing","floor":23,"turns":5},{"damage":15,"enemies":"Gremlin Leader","floor":25,"turns":5},{"damage":40,"enemies":"Slavers","floor":28,"turns":4},{"damage":16,"enemies":"Colosseum Slavers","floor":30,"turns":3}],"seed_played":"6123410008712669103","potions_obtained":[{"floor":3,"key":"Ambrosia"},{"floor":7,"key":"Swift Potion"},{"floor":14,"key":"AttackPotion"},{"floor":16,"key":"FairyPotion"},{"floor":18,"key":"PowerPotion"},{"floor":19,"key":"SmokeBomb"},{"floor":20,"key":"SpeedPotion"},{"floor":23,"key":"BlessingOfTheForge"},{"floor":25,"key":"DuplicationPotion"},{"floor":28,"key":"EssenceOfSteel"}],"is_trial":false,"path_per_floor":["M","?","M","?","?","R","E","$","T","M","R","E","R","E","R","B",null,"M","M","M","?","$","E","R","E","T","R","E","?","?"],"character_chosen":"WATCHER","items_purchased":["Frozen Eye","Ancient Tea Set","Omamori"],"campfire_rested":4,"item_purchase_floors":[8,8,22],"current_hp_per_floor":[51,56,56,56,56,56,29,29,29,29,29,18,41,41,64,42,77,49,42,35,35,35,23,46,31,31,54,14,14,0,0],"gold":123,"neow_bonus":"THREE_RARE_CARDS","is_daily":false,"chose_seed":false,"campfire_upgraded":2,"win_rate":0.0,"timestamp":1612909353,"path_taken":["M","?","M","?","?","R","E","$","T","M","R","E","R","E","R","BOSS","M","M","M","?","$","E","R","E","T","R","E","?","?"],"items_purchased_type":["Relic","Relic","Relic"],"build_version":"2020-12-22","purchased_purges":1,"victory":false,"max_hp_per_floor":[72,77,77,77,77,77,77,77,77,77,77,77,77,77,77,77,77,77,77,77,77,77,77,77,77,77,77,77,77,77,77],"card_choices":[{"not_picked":["Alpha","ConjureBlade"],"picked":"LessonLearned","floor":0},{"not_picked":["Crescendo","FlyingSleeves","Indignation"],"picked":"SKIP","floor":1},{"not_picked":["MentalFortress","Perseverance"],"picked":"Study","floor":3},{"not_picked":["Consecrate","WheelKick"],"picked":"PathToVictory","floor":7},{"not_picked":["ThirdEye","CrushJoints","EmptyBody"],"picked":"SKIP","floor":10},{"not_picked":["Wireheading","Prostrate","SpiritShield"],"picked":"SKIP","floor":12},{"not_picked":["Conclude","Tantrum"],"picked":"Alpha","floor":14},{"not_picked":["SpiritShield","ConjureBlade"],"picked":"Alpha","floor":16},{"not_picked":["Consecrate","WheelKick","CrushJoints"],"picked":"SKIP","floor":18},{"not_picked":["Protect","BowlingBash"],"picked":"CutThroughFate","floor":19},{"not_picked":["TalkToTheHand","SashWhip+1"],"picked":"Judgement","floor":20},{"not_picked":["FollowUp","EmptyFist+1"],"picked":"Prostrate+1","floor":23},{"not_picked":["TalkToTheHand","Halt+1","EmptyFist"],"picked":"SKIP","floor":25},{"not_picked":["Protect","Prostrate+1"],"picked":"Vault","floor":27},{"not_picked":["Crescendo+1","BattleHymn+1"],"picked":"Scrawl","floor":28}],"player_experience":578807,"relics_obtained":[{"floor":7,"key":"Happy Flower"},{"floor":9,"key":"Bronze Scales"},{"floor":12,"key":"White Beast Statue"},{"floor":14,"key":"Pen Nib"},{"floor":23,"key":"Dream Catcher"},{"floor":25,"key":"Centennial Puzzle"},{"floor":28,"key":"Torii"}],"event_choices":[{"damage_healed":0,"gold_gain":0,"player_choice":"Donut","damage_taken":0,"max_hp_gain":5,"max_hp_loss":0,"event_name":"Big Fish","floor":2,"gold_loss":0},{"damage_healed":0,"gold_gain":175,"player_choice":"AGREE","damage_taken":0,"max_hp_gain":0,"max_hp_loss":0,"event_name":"Liars Game","floor":4,"gold_loss":0,"cards_obtained":["Doubt"]},{"cards_removed":["Doubt"],"damage_healed":0,"gold_gain":0,"player_choice":"Forget","damage_taken":0,"max_hp_gain":0,"max_hp_loss":0,"event_name":"Living Wall","floor":5,"gold_loss":0},{"cards_removed":["Strike_P"],"damage_healed":0,"gold_gain":0,"player_choice":"Gave Gold","damage_taken":0,"max_hp_gain":0,"max_hp_loss":0,"event_name":"Beggar","floor":21,"gold_loss":75},{"damage_healed":0,"gold_gain":0,"player_choice":"Smashed Altar","damage_taken":0,"max_hp_gain":0,"max_hp_loss":0,"event_name":"Forgotten Altar","floor":29,"gold_loss":0,"cards_obtained":["Decay"]},{"damage_healed":0,"gold_gain":0,"player_choice":"Fight","damage_taken":0,"max_hp_gain":0,"max_hp_loss":0,"event_name":"Colosseum","floor":30,"gold_loss":0}],"is_beta":false,"boss_relics":[{"not_picked":["Cursed Key","Ectoplasm"],"picked":"HolyWater"}],"items_purged_floors":[22],"is_endless":false,"potions_floor_spawned":[3,7,14,16,18,19,20,23,25,28],"killed_by":"Colosseum Slavers","ascension_level":2}}