{"host":"d52brwsy6af8zvaq","time":1612857909,"event":{"mods":["AchievementEnabler","BaseMod","Bestiary","Highlight Path","Minty Spire (QoL Compilation)","Quick Restart","Relic Stats","ojb\u0027s Better Paths Mod"],"gold_per_floor":[219,64,79,98,98,128,128,128,128,163,180,230,258,272,272,272,272],"floor_reached":16,"language":"ENG","playtime":610,"items_purged":["Strike_B"],"score":240,"play_id":"684ebc5b-f0c4-475e-b057-1dbfcd6054ab","local_time":"20210209010509","is_ascension_mode":true,"campfire_choices":[{"floor":7.0,"key":"REST"},{"data":"Coolheaded","floor":15.0,"key":"SMITH"}],"circlet_count":0,"master_deck":["AscendersBane","Strike_B","Strike_B","Strike_B","Defend_B","Defend_B","Defend_B","Defend_B","Zap+1","Dualcast","Conserve Battery","Streamline","Coolheaded+1","Ball Lightning","Turbo","Sunder+1","Stack","Sweeping Beam"],"relics":["Cracked Core","Art of War","Gremlin Horn","Sundial","Pear"],"acts_visited":["Exordium"],"potions_floor_usage":[],"damage_taken":[{"damage":8.0,"enemies":"2 Louse","floor":1.0,"turns":3.0},{"damage":0.0,"enemies":"Jaw Worm","floor":3.0,"turns":5.0},{"damage":0.0,"enemies":"Cultist","floor":4.0,"turns":3.0},{"damage":29.0,"enemies":"3 Sentries","floor":6.0,"turns":7.0},{"damage":14.0,"enemies":"Gremlin Nob","floor":10.0,"turns":3.0},{"damage":0.0,"enemies":"Blue Slaver","floor":11.0,"turns":1.0},{"damage":5.0,"enemies":"Lagavulin","floor":13.0,"turns":4.0},{"damage":5.0,"enemies":"Gremlin Gang","floor":14.0,"turns":4.0},{"damage":41,"enemies":"The Guardian","floor":16,"turns":9}],"seed_played":"-5291986736934244439","potions_obtained":[{"floor":6.0,"key":"ColorlessPotion"},{"floor":10.0,"key":"SneckoOil"},{"floor":11.0,"key":"EntropicBrew"}],"is_trial":false,"path_per_floor":["M","$","M","M","?","E","R","?","T","E","M","?","E","M","R","B"],"character_chosen":"DEFECT","items_purchased":["Streamline","Coolheaded"],"campfire_rested":1,"item_purchase_floors":[2,2],"current_hp_per_floor":[56,56,56,56,56,27,48,48,48,34,34,34,39,34,34,0,0],"gold":272,"neow_bonus":"HUNDRED_GOLD","is_daily":false,"chose_seed":false,"campfire_upgraded":1,"win_rate":0.0,"timestamp":1612857909,"path_taken":["M","$","M","M","?","E","R","?","T","E","?","?","E","M","R","BOSS"],"items_purchased_type":["Card","Card"],"build_version":"2020-12-22","purchased_purges":1,"victory":false,"max_hp_per_floor":[71,71,71,71,71,71,71,71,71,71,71,71,81,81,81,81,81],"relic_stats":{"Gremlin Horn":[3,3],"counters":[9,39],"Sundial":[2],"Art of War":[4],"obtain_stats":[{"Pear":13,"Gremlin Horn":9,"Sundial":10,"Art of War":6,"Cracked Core":0},{"Pear":7,"Gremlin Horn":4,"Sundial":5,"Art of War":4,"Cracked Core":0},{"Pear":26,"Gremlin Horn":18,"Sundial":21,"Art of War":18,"Cracked Core":0}]},"card_choices":[{"not_picked":["Redo","Stack"],"picked":"Conserve Battery","floor":1.0},{"not_picked":["Compile Driver","Gash"],"picked":"Ball Lightning","floor":3.0},{"not_picked":["Chill","Cold Snap"],"picked":"Turbo","floor":4.0},{"not_picked":["Coolheaded","Storm"],"picked":"Sunder","floor":6.0},{"not_picked":["Storm","Consume"],"picked":"Stack","floor":10.0},{"not_picked":["Reprogram","Beam Cell","Heatsinks"],"picked":"SKIP","floor":11.0},{"not_picked":["Streamline","Go for the Eyes","Ball Lightning"],"picked":"SKIP","floor":13.0},{"not_picked":["Darkness","Leap"],"picked":"Sweeping Beam","floor":14.0}],"player_experience":2201595,"relics_obtained":[{"floor":6.0,"key":"Art of War"},{"floor":9.0,"key":"Gremlin Horn"},{"floor":10.0,"key":"Sundial"},{"floor":13.0,"key":"Pear"}],"event_choices":[{"damage_healed":0.0,"max_hp_gain":0.0,"max_hp_loss":0.0,"gold_gain":0.0,"event_name":"Living Wall","player_choice":"Grow","floor":5.0,"gold_loss":0.0,"damage_taken":0.0,"cards_upgraded":["Zap"]},{"damage_healed":0.0,"max_hp_gain":0.0,"max_hp_loss":0.0,"gold_gain":0.0,"event_name":"Accursed Blacksmith","player_choice":"Forge","floor":8.0,"gold_loss":0.0,"damage_taken":0.0,"cards_upgraded":["Sunder"]},{"damage_healed":0.0,"max_hp_gain":0.0,"max_hp_loss":0.0,"gold_gain":50.0,"event_name":"Golden Shrine","player_choice":"Pray","floor":12.0,"gold_loss":0.0,"damage_taken":0.0}],"is_beta":false,"boss_relics":[],"items_purged_floors":[2],"is_endless":false,"potions_floor_spawned":[6,10,11,13],"killed_by":"The Guardian","ascension_level":20}}