{"host":"delta","time":1612881507,"event":{"mods":["100% Spire Juice","Act Like it!","Arknights","BaseMod","Gensokyo","KinomotoSakuraMod(木之本樱)","Lobotomy","Marisa（F雨　魔理沙）","Minty Spire (QoL Compilation)","Remilia（蕾米莉亚）","StSLib"],"gold_per_floor":[118,132,132,132,150,184,19,37,37,37,0,0,0,0,0,0,0],"floor_reached":16,"language":"ZHS","playtime":544,"items_purged":[],"score":98,"play_id":"7302d97f-6ea3-4593-96dd-a0678486f9ba","local_time":"20210209223827","daily_mods":["Vintage","Diverse","Heirloom","Time Dilation","Flight","Binary"],"is_ascension_mode":false,"campfire_choices":[{"data":"Transmutation","floor":15,"key":"SMITH"}],"circlet_count":0,"master_deck":["Strike_RM","Strike_RM","Strike_RM","Strike_RM","Defend_RM","Defend_RM","Defend_RM","Defend_RM","ScarletShoot","Transmutation+1","Clumsy"],"relics":["ScarletHat","Busted Crown","Du-Vu Doll","Boot","InkBottle","Mango","Gensokyo:PortableGap","Nunchaku","Juzu Bracelet","Toxic Egg 2","Kunai","Gensokyo:Justice","Ginger","Gensokyo:NagashiBinaDoll"],"acts_visited":["Gensokyo:Gensokyo"],"potions_floor_usage":[],"damage_taken":[{"damage":0,"enemies":"Gensokyo:Gryphon","floor":1,"turns":4},{"damage":0,"enemies":"Gensokyo:2_Kodama","floor":2,"turns":4},{"damage":0,"enemies":"Gensokyo:Python","floor":5,"turns":3},{"damage":10,"enemies":"Gensokyo:Mamizou","floor":6,"turns":9},{"damage":0,"enemies":"Gensokyo:Kitsune","floor":8,"turns":3},{"damage":1,"enemies":"Gensokyo:Yukari","floor":16,"turns":4}],"seed_played":"-307448395016612573","potions_obtained":[{"floor":1,"key":"Block Potion"},{"floor":8,"key":"Fire Potion"}],"is_trial":true,"path_per_floor":["M","M","?","?","M","E","$","M","T","?","?","T","?","$","R","B"],"character_chosen":"REMILIA","items_purchased":["Transmutation"],"campfire_rested":0,"item_purchase_floors":[7],"current_hp_per_floor":[75,75,68,68,68,58,58,59,59,59,77,77,77,77,77,79,79],"gold":0,"neow_bonus":"","is_daily":false,"chose_seed":false,"campfire_upgraded":1,"win_rate":0.0,"timestamp":1612881507,"path_taken":["M","M","?","?","M","E","$","M","T","?","?","?","?","?","R","BOSS"],"items_purchased_type":["Card"],"build_version":"2020-12-18","purchased_purges":0,"victory":false,"max_hp_per_floor":[75,75,89,81,81,81,81,81,81,81,81,81,81,81,81,81,81],"card_choices":[],"player_experience":359110,"relics_obtained":[{"floor":1,"key":"Boot"},{"floor":2,"key":"InkBottle"},{"floor":5,"key":"Nunchaku"},{"floor":6,"key":"Juzu Bracelet"},{"floor":8,"key":"Toxic Egg 2"},{"floor":9,"key":"Kunai"},{"floor":12,"key":"Ginger"}],"event_choices":[],"is_beta":true,"boss_relics":[],"items_purged_floors":[],"is_endless":false,"potions_floor_spawned":[1,8],"killed_by":"Gensokyo:Yukari","ascension_level":0}}