{"host":"sav7uxregyirlf69","time":1612833254,"event":{"mods":["AchievementEnabler","BaseMod","Colored Map","DeckTracker","Keyboard Shortcuts","Minty Spire (QoL Compilation)","READ ME - Guardian Mod","StSLib","SuperFastMode"],"gold_per_floor":[113,113,38,113,113,113,138,138,138,155,155,169,184,195,195,267,267,285,210,224,12,12,12,12,12],"floor_reached":24,"language":"KOR","playtime":422,"items_purged":["Defend_G","Tools of the Trade"],"score":438,"play_id":"7e82c18a-332b-4742-8abb-8086b0030c25","local_time":"20210209101414","is_ascension_mode":true,"campfire_choices":[{"data":"Crippling Poison","floor":6,"key":"SMITH"},{"data":"Neutralize","floor":8,"key":"SMITH"},{"floor":11,"key":"REST"},{"data":"Unload","floor":15,"key":"SMITH"},{"data":"Ghostly","floor":23,"key":"SMITH"}],"circlet_count":0,"master_deck":["AscendersBane","Survivor","Neutralize+1","Crippling Poison+1","Unload+1","Tactician","Malaise","Backstab","Prepared","Infinite Blades","Die Die Die","Dagger Spray","Skewer","Reflex","Ghostly","Ghostly","Ghostly+1"],"relics":["Ring of the Snake","NeowsBlessing","Pocketwatch","Smiling Mask","Pandora\u0027s Box","Membership Card"],"acts_visited":["Exordium","TheCity"],"potions_floor_usage":[16,24],"damage_taken":[{"damage":0,"enemies":"2 Louse","floor":1,"turns":1},{"damage":0,"enemies":"3 Sentries","floor":7,"turns":2},{"damage":0,"enemies":"Jaw Worm","floor":10,"turns":1},{"damage":5,"enemies":"Small Slimes","floor":12,"turns":2},{"damage":3,"enemies":"Looter","floor":13,"turns":2},{"damage":2,"enemies":"Blue Slaver","floor":14,"turns":3},{"damage":17,"enemies":"The Guardian","floor":16,"turns":14},{"damage":18,"enemies":"Spheric Guardian","floor":18,"turns":4},{"damage":6,"enemies":"Chosen","floor":20,"turns":3},{"damage":31,"enemies":"Book of Stabbing","floor":24,"turns":5}],"seed_played":"7434701863752720536","potions_obtained":[{"floor":7,"key":"ColorlessPotion"},{"floor":13,"key":"SteroidPotion"},{"floor":16,"key":"Strength Potion"}],"is_trial":false,"path_per_floor":["M","?","$","?","?","R","E","R","T","M","R","M","M","M","R","B",null,"M","?","M","$","?","R","E"],"character_chosen":"THE_SILENT","items_purchased":["Membership Card"],"campfire_rested":1,"item_purchase_floors":[21],"current_hp_per_floor":[59,59,59,48,28,28,28,28,28,28,47,42,39,37,37,20,55,37,37,31,31,31,31,0,0],"gold":12,"neow_bonus":"THREE_ENEMY_KILL","is_daily":false,"chose_seed":false,"campfire_upgraded":4,"win_rate":0.0,"timestamp":1612833254,"path_taken":["M","?","$","?","?","R","E","R","T","M","R","M","M","M","R","BOSS","M","?","M","$","?","R","E"],"items_purchased_type":["Relic"],"build_version":"2020-12-22","purchased_purges":2,"victory":false,"max_hp_per_floor":[66,66,66,66,66,66,66,66,66,66,66,66,66,66,66,66,66,66,66,66,66,33,33,33,33],"card_choices":[{"not_picked":["Slice","Catalyst","Underhanded Strike"],"picked":"SKIP","floor":1},{"not_picked":["Flying Knee","Slice"],"picked":"Unload","floor":7},{"not_picked":["Predator","Sucker Punch","Prepared"],"picked":"SKIP","floor":10},{"not_picked":["Poisoned Stab","Sucker Punch","Cloak And Dagger"],"picked":"SKIP","floor":12},{"not_picked":["PiercingWail","Quick Slash","Poisoned Stab"],"picked":"SKIP","floor":13},{"not_picked":["Cloak And Dagger","Heel Hook"],"picked":"Tactician","floor":14},{"not_picked":["After Image","Corpse Explosion"],"picked":"Malaise","floor":16},{"not_picked":["Dagger Spray","Escape Plan"],"picked":"Reflex","floor":18},{"not_picked":["Distraction","Deadly Poison","Crippling Poison"],"picked":"SKIP","floor":20}],"player_experience":1529776,"relics_obtained":[{"floor":7,"key":"Pocketwatch"},{"floor":9,"key":"Smiling Mask"}],"event_choices":[{"damage_healed":0,"gold_gain":0,"cards_transformed":["Strike_G"],"player_choice":"Change","damage_taken":0,"max_hp_gain":0,"max_hp_loss":0,"event_name":"Living Wall","floor":2,"gold_loss":0,"cards_obtained":["Crippling Poison"]},{"damage_healed":0,"gold_gain":75,"player_choice":"Gather Gold","damage_taken":11,"max_hp_gain":0,"max_hp_loss":0,"event_name":"World of Goop","floor":4,"gold_loss":0},{"damage_healed":0,"gold_gain":0,"player_choice":"Entered Light","damage_taken":20,"max_hp_gain":0,"max_hp_loss":0,"event_name":"Shining Light","floor":5,"gold_loss":0,"cards_upgraded":["Defend_G","Strike_G"]},{"cards_removed":["Catalyst"],"damage_healed":0,"gold_gain":0,"player_choice":"Gave Gold","damage_taken":0,"max_hp_gain":0,"max_hp_loss":0,"event_name":"Beggar","floor":19,"gold_loss":75},{"damage_healed":0,"gold_gain":0,"player_choice":"Became a Ghost","damage_taken":0,"max_hp_gain":0,"max_hp_loss":33,"event_name":"Ghosts","floor":22,"gold_loss":0,"cards_obtained":["Ghostly","Ghostly","Ghostly"]}],"is_beta":false,"boss_relics":[{"not_picked":["Busted Crown","Coffee Dripper"],"picked":"Pandora\u0027s Box"}],"items_purged_floors":[3,21],"is_endless":false,"potions_floor_spawned":[7,13,14,16,20],"killed_by":"Book of Stabbing","ascension_level":20}}