{"host":"8lno9xwgef3sjccz","time":1612895769,"event":{"mods":["AchievementEnabler","BaseMod","Minty Spire (QoL Compilation)","Relic Stats"],"gold_per_floor":[116,131,131,141,159,191,207,235,235,235,235,252,286,301,301,406,456,466,480,491,511,528,528,528,528],"floor_reached":24,"language":"ENG","playtime":1399,"items_purged":[],"score":261,"play_id":"1546ae1b-1800-4fdf-9c3b-55604b500d5f","local_time":"20210209133609","is_ascension_mode":true,"campfire_choices":[{"floor":11,"key":"REST"},{"data":"Juggernaut","floor":15,"key":"SMITH"},{"data":"Uppercut","floor":23,"key":"SMITH"}],"circlet_count":0,"master_deck":["Strike_R","Strike_R","Strike_R","Strike_R","Defend_R","Defend_R","Defend_R","Defend_R","Bash+1","Clothesline","Cleave+1","Bloodletting","Iron Wave","Juggernaut+1","Seeing Red","Flex","Impervious","Uppercut+1","Iron Wave","Perfected Strike+1","Perfected Strike+1"],"relics":["Burning Blood","HornCleat","Self Forming Clay","Torii","Gambling Chip","Tiny House"],"acts_visited":["Exordium","TheCity"],"potions_floor_usage":[8,8,12,13,18,21,21],"damage_taken":[{"damage":0,"enemies":"2 Louse","floor":1,"turns":2},{"damage":2,"enemies":"Small Slimes","floor":2,"turns":3},{"damage":4,"enemies":"Cultist","floor":4,"turns":4},{"damage":28,"enemies":"Exordium Wildlife","floor":5,"turns":5},{"damage":35,"enemies":"3 Sentries","floor":6,"turns":9},{"damage":15,"enemies":"Exordium Thugs","floor":7,"turns":3},{"damage":6,"enemies":"Gremlin Nob","floor":8,"turns":3},{"damage":0,"enemies":"3 Louse","floor":12,"turns":2},{"damage":7,"enemies":"Lagavulin","floor":13,"turns":7},{"damage":4,"enemies":"Looter","floor":14,"turns":2},{"damage":13,"enemies":"Hexaghost","floor":16,"turns":11},{"damage":4,"enemies":"Chosen","floor":18,"turns":6},{"damage":14,"enemies":"Spheric Guardian","floor":19,"turns":5},{"damage":36,"enemies":"Centurion and Healer","floor":20,"turns":6},{"damage":11,"enemies":"Chosen and Byrds","floor":21,"turns":6},{"damage":11,"enemies":"Shelled Parasite and Fungi","floor":22,"turns":5},{"damage":46,"enemies":"Book of Stabbing","floor":24,"turns":5}],"seed_played":"-4304869088600269439","potions_obtained":[{"floor":2,"key":"PowerPotion"},{"floor":6,"key":"LiquidMemories"},{"floor":8,"key":"Energy Potion"},{"floor":12,"key":"ColorlessPotion"},{"floor":16,"key":"ColorlessPotion"},{"floor":17,"key":"ElixirPotion"},{"floor":18,"key":"ElixirPotion"},{"floor":20,"key":"Swift Potion"},{"floor":21,"key":"Fruit Juice"}],"is_trial":false,"path_per_floor":["M","M","?","M","M","E","M","E","T","?","R","M","E","M","R","B",null,"M","M","M","M","M","R","E"],"character_chosen":"IRONCLAD","items_purchased":[],"campfire_rested":1,"item_purchase_floors":[],"current_hp_per_floor":[80,80,73,75,53,24,15,15,15,15,39,45,44,46,46,39,85,85,77,47,47,42,42,0,0],"gold":528,"neow_bonus":"THREE_CARDS","is_daily":false,"chose_seed":false,"campfire_upgraded":2,"win_rate":0.0,"timestamp":1612895769,"path_taken":["M","M","?","M","M","E","M","E","T","?","R","M","E","?","R","BOSS","M","M","M","M","M","R","E"],"items_purchased_type":[],"build_version":"2020-12-22","purchased_purges":0,"victory":false,"max_hp_per_floor":[80,80,80,80,80,80,80,80,80,80,80,80,80,80,80,80,85,85,85,85,90,90,90,90,90],"relic_stats":{"Torii":48,"counters":[17,84],"Self Forming Clay":[114],"Gambling Chip":[20],"obtain_stats":[{"HornCleat":6,"Tiny House":17,"Torii":9,"Self Forming Clay":8,"Gambling Chip":13,"Burning Blood":0},{"HornCleat":5,"Tiny House":11,"Torii":7,"Self Forming Clay":7,"Gambling Chip":9,"Burning Blood":0},{"HornCleat":23,"Tiny House":51,"Torii":29,"Self Forming Clay":29,"Gambling Chip":38,"Burning Blood":0}],"Burning Blood":84},"card_choices":[{"not_picked":["Havoc","Clash"],"picked":"Clothesline","floor":0},{"not_picked":["Shrug It Off","Havoc"],"picked":"Cleave","floor":1},{"not_picked":["Clash","Clothesline","Cleave"],"picked":"SKIP","floor":2},{"not_picked":["Dropkick","Wild Strike"],"picked":"Bloodletting","floor":4},{"not_picked":["Clash","Havoc"],"picked":"Iron Wave","floor":5},{"not_picked":["Twin Strike","Bludgeon"],"picked":"Juggernaut","floor":6},{"not_picked":["Flex","Warcry","Clothesline"],"picked":"SKIP","floor":7},{"not_picked":["Reckless Charge","Clothesline","Flex"],"picked":"SKIP","floor":8},{"not_picked":["Heavy Blade","Clothesline","Havoc"],"picked":"SKIP","floor":12},{"not_picked":["Bloodletting","Flex"],"picked":"Seeing Red","floor":13},{"not_picked":["Heavy Blade","Perfected Strike"],"picked":"Flex","floor":14},{"not_picked":["Limit Break","Brutality"],"picked":"Impervious","floor":16},{"not_picked":["Entrench","Iron Wave"],"picked":"Uppercut","floor":17},{"not_picked":["Anger","Searing Blow"],"picked":"Iron Wave","floor":18},{"not_picked":["Body Slam","Twin Strike"],"picked":"Perfected Strike+1","floor":19},{"not_picked":["Iron Wave","Warcry"],"picked":"Perfected Strike+1","floor":20},{"not_picked":["Whirlwind+1","Heavy Blade","Pummel"],"picked":"SKIP","floor":21},{"not_picked":["Limit Break","Iron Wave","True Grit"],"picked":"SKIP","floor":22}],"player_experience":117800,"relics_obtained":[{"floor":6,"key":"HornCleat"},{"floor":8,"key":"Self Forming Clay"},{"floor":9,"key":"Torii"},{"floor":13,"key":"Gambling Chip"}],"event_choices":[{"cards_removed":["Strike_R"],"damage_healed":0,"gold_gain":0,"player_choice":"Card Removal","damage_taken":7,"max_hp_gain":0,"max_hp_loss":0,"event_name":"Golden Wing","floor":3,"gold_loss":0},{"damage_healed":0,"gold_gain":0,"player_choice":"Upgraded","damage_taken":0,"max_hp_gain":0,"max_hp_loss":0,"event_name":"Upgrade Shrine","floor":10,"gold_loss":0,"cards_upgraded":["Cleave"]}],"is_beta":false,"boss_relics":[{"not_picked":["Runic Dome","SlaversCollar"],"picked":"Tiny House"}],"items_purged_floors":[],"is_endless":false,"potions_floor_spawned":[2,6,8,12,16,18,20,21],"killed_by":"Book of Stabbing","ascension_level":1}}