{"host":"vrsxkkch9ccrec7k","time":1612913272,"event":{"mods":["Act Like it!","BaseMod","Bestiary","Better Altar","Better Match","Better Note","Better Sensory Stone","Better Skull","Better Third Choice","Better Vampires","Downfall","Minty Spire (QoL Compilation)","Permanent Neow","Relic Stats","Spicy Shops","StSLib"],"gold_per_floor":[199,217,234,248,261,261,285,285,317,337,352,368,45,45,56,56,56,56],"floor_reached":16,"language":"ENG","playtime":1038,"items_purged":[],"score":177,"play_id":"666a007a-2805-4d02-a117-fd4c24402f63","local_time":"20210209182752","is_ascension_mode":true,"campfire_choices":[{"data":"champ:Taunt","floor":1,"key":"SMITH"},{"data":"champ:ArenaPreparation","floor":6,"key":"SMITH"},{"data":"champ:RecklessLeap","floor":8,"key":"SMITH"}],"circlet_count":0,"master_deck":["AscendersBane","champ:Strike","champ:Strike","champ:Strike+1","champ:Strike","champ:Defend","champ:Defend","champ:Defend","champ:Defend","champ:Execute+1","champ:Taunt+1","champ:ShieldWall","champ:ArenaPreparation+1","champ:RapidStrikes","champ:RecklessLeap+1","champ:LastStand","champ:Haymaker","champ:BerserkersShout","champ:RageSigil","champ:BringItOn","champ:GladiatorForm","champ:Backstep","champ:Lariat"],"relics":["champ:ChampionCrown","Whetstone","Odd Mushroom","Guardian:BottledAnomaly"],"acts_visited":["Exordium"],"potions_floor_usage":[9,10,11],"damage_taken":[{"damage":10,"enemies":"Jaw Worm","floor":2,"turns":4},{"damage":10,"enemies":"2 Louse","floor":3,"turns":3},{"damage":0,"enemies":"Cultist","floor":4,"turns":3},{"damage":53,"enemies":"2 Fungi Beasts","floor":5,"turns":4},{"damage":14,"enemies":"3 Sentries","floor":9,"turns":5},{"damage":18,"enemies":"The Mushroom Lair","floor":10,"turns":4},{"damage":25,"enemies":"3 Louse","floor":11,"turns":4},{"damage":25,"enemies":"Exordium Wildlife","floor":12,"turns":2},{"damage":43,"enemies":"downfall:FleeingMerchant","floor":13,"turns":4},{"damage":27,"enemies":"Gremlin Gang","floor":15,"turns":5},{"damage":41,"enemies":"DF_ARCHETYPE_STREAMLINE","floor":16,"turns":3}],"seed_played":"8378657770132392204","potions_obtained":[{"floor":3,"key":"Explosive Potion"},{"floor":5,"key":"Swift Potion"},{"floor":9,"key":"Explosive Potion"},{"floor":15,"key":"SmokeBomb"}],"is_trial":false,"path_per_floor":["R","M","M","M","M","R","T","R","E","?","M","M","$","?","M","B"],"character_chosen":"THE_CHAMP","items_purchased":["champ:GladiatorForm","Guardian:BottledAnomaly","champ:Backstep"],"campfire_rested":0,"item_purchase_floors":[13,13,13],"current_hp_per_floor":[73,73,73,73,65,65,65,65,61,53,43,43,40,40,33,0,0,0],"gold":56,"neow_bonus":"HUNDRED_GOLD","is_daily":false,"chose_seed":false,"campfire_upgraded":3,"win_rate":0.0,"timestamp":1612913272,"path_taken":["R","M","M","M","M","R","T","R","E","?","M","M","$","?","M","BOSS"],"items_purchased_type":["Card","Relic","Card"],"build_version":"2020-12-22","purchased_purges":0,"victory":false,"max_hp_per_floor":[81,81,81,81,81,81,81,81,81,81,81,81,81,81,81,81,81,81],"relic_stats":{"counters":[11,41],"Whetstone":["champ:Execute","champ:Strike"],"obtain_stats":[{"champ:ChampionCrown":0,"Whetstone":9,"Odd Mushroom":10,"Guardian:BottledAnomaly":13},{"champ:ChampionCrown":0,"Whetstone":5,"Odd Mushroom":6,"Guardian:BottledAnomaly":9},{"champ:ChampionCrown":0,"Whetstone":19,"Odd Mushroom":23,"Guardian:BottledAnomaly":33}]},"card_choices":[{"not_picked":["champ:GladiatorStyle","champ:Haymaker"],"picked":"champ:ShieldWall","floor":2},{"not_picked":["champ:EnGarde","champ:Backstep"],"picked":"champ:ArenaPreparation","floor":3},{"not_picked":["champ:BladeFlurry","champ:ArenaPreparation"],"picked":"champ:RapidStrikes","floor":4},{"not_picked":["champ:FalseCounter","champ:ViciousMockery"],"picked":"champ:RecklessLeap","floor":5},{"not_picked":["champ:Backstep","champ:FocusedDefense"],"picked":"champ:LastStand","floor":9},{"not_picked":["champ:Circumvent","champ:DefensiveStyle"],"picked":"champ:Haymaker","floor":10},{"not_picked":["champ:BladeFlurry","champ:CrownThrow"],"picked":"champ:BerserkersShout","floor":11},{"not_picked":["champ:TornadoPunch","champ:Shatter"],"picked":"champ:RageSigil","floor":12},{"not_picked":["champ:BerserkersShout","champ:Parry"],"picked":"champ:BringItOn","floor":13},{"not_picked":["champ:StanceDance","champ:SwordSigil"],"picked":"champ:Lariat","floor":15}],"player_experience":1882323,"relics_obtained":[{"floor":9,"key":"Whetstone"},{"floor":10,"key":"Odd Mushroom"}],"event_choices":[{"damage_healed":0,"gold_gain":0,"player_choice":"Fought Mushrooms","damage_taken":0,"max_hp_gain":0,"max_hp_loss":0,"event_name":"Mushrooms","floor":10,"gold_loss":0},{"damage_healed":0,"gold_gain":1,"player_choice":"1","damage_taken":0,"max_hp_gain":0,"max_hp_loss":0,"event_name":"betterStone:BetterStone","floor":14,"gold_loss":0}],"is_beta":false,"boss_relics":[],"items_purged_floors":[],"is_endless":false,"potions_floor_spawned":[3,5,9,15],"killed_by":"DF_ARCHETYPE_STREAMLINE","ascension_level":14}}