{"host":"hmqgkh1yopklu0aj","time":1612903757,"event":{"mods":["BaseMod","Block Reminder","Colored Map","Minty Spire (QoL Compilation)"],"gold_per_floor":[14,14,14,34,51,51,69,69,120,155,174,185,203,216,216,316,316,329,329,58,58,69,101,101,118,118,118,130,150,150,161,161,266,266,285,296,296,2,19,39,39,39],"floor_reached":41,"language":"ENG","playtime":2894,"items_purged":[],"score":471,"play_id":"b46fda9b-2d88-4b65-8fb5-35ac1fbff95d","local_time":"20210209214917","is_ascension_mode":false,"campfire_choices":[{"data":"Dagger Spray","floor":6,"key":"SMITH"},{"data":"Accuracy","floor":8,"key":"SMITH"},{"data":"Blade Dance","floor":15,"key":"SMITH"},{"data":"Blade Dance","floor":24,"key":"SMITH"},{"data":"Cloak And Dagger","floor":27,"key":"SMITH"},{"data":"Chrysalis","floor":32,"key":"SMITH"}],"circlet_count":0,"master_deck":["Strike_G","Strike_G","Strike_G","Strike_G","Strike_G","Defend_G","Defend_G","Defend_G","Defend_G","Defend_G","Survivor","Neutralize","Chrysalis+1","Leg Sweep+1","Dagger Spray+1","Accuracy+1","Flying Knee","Slice","Flechettes","Blade Dance+1","Blade Dance+1","After Image","Blade Dance","Slice","Accuracy","Dagger Spray+1","A Thousand Cuts","Cloak And Dagger+1","Dagger Spray","Masterful Stab+1","Deflect+1","Phantasmal Killer","Backflip","Escape Plan+1","Mayhem","Pray+1","Streamline+1"],"relics":["Ring of the Snake","Lantern","PreservedInsect","WristBlade","Membership Card","Boot","FaceOfCleric","Orichalcum","Anchor","Happy Flower","Velvet Choker","PrismaticShard","Paper Crane"],"acts_visited":["Exordium","TheCity","TheBeyond"],"potions_floor_usage":[10,10,16,16,33,33,36],"damage_taken":[{"damage":5,"enemies":"Jaw Worm","floor":1,"turns":8},{"damage":4,"enemies":"2 Louse","floor":4,"turns":4},{"damage":0,"enemies":"Cultist","floor":5,"turns":5},{"damage":1,"enemies":"2 Fungi Beasts","floor":7,"turns":3},{"damage":3,"enemies":"Gremlin Nob","floor":10,"turns":4},{"damage":2,"enemies":"Large Slime","floor":11,"turns":7},{"damage":0,"enemies":"3 Louse","floor":12,"turns":2},{"damage":0,"enemies":"Looter","floor":13,"turns":3},{"damage":5,"enemies":"Blue Slaver","floor":14,"turns":4},{"damage":2,"enemies":"Hexaghost","floor":16,"turns":9},{"damage":0,"enemies":"Chosen","floor":18,"turns":5},{"damage":0,"enemies":"3 Byrds","floor":22,"turns":4},{"damage":0,"enemies":"Gremlin Leader","floor":23,"turns":3},{"damage":9,"enemies":"Cultist and Chosen","floor":25,"turns":5},{"damage":12,"enemies":"Centurion and Healer","floor":28,"turns":5},{"damage":0,"enemies":"Snecko","floor":29,"turns":2},{"damage":0,"enemies":"Sentry and Sphere","floor":31,"turns":3},{"damage":39,"enemies":"Collector","floor":33,"turns":7},{"damage":2,"enemies":"3 Shapes","floor":35,"turns":3},{"damage":38,"enemies":"3 Darklings","floor":36,"turns":3},{"damage":18,"enemies":"Jaw Worm Horde","floor":39,"turns":2},{"damage":13,"enemies":"4 Shapes","floor":40,"turns":5},{"damage":10,"enemies":"Spire Growth","floor":41,"turns":2}],"seed_played":"8343296749230955576","potions_obtained":[{"floor":4,"key":"Fire Potion"},{"floor":7,"key":"AttackPotion"},{"floor":11,"key":"Weak Potion"},{"floor":13,"key":"AttackPotion"},{"floor":18,"key":"FearPotion"},{"floor":23,"key":"SteroidPotion"},{"floor":33,"key":"Energy Potion"},{"floor":40,"key":"EssenceOfSteel"}],"is_trial":false,"path_per_floor":["M","?","$","M","M","R","M","R","T","E","M","M","M","M","R","B",null,"M","?","$","?","M","E","R","M","T","R","M","M","?","M","R","B",null,"M","M","?","$","M","M","M"],"character_chosen":"THE_SILENT","items_purchased":["Membership Card","Slice","Accuracy","Boot","PrismaticShard","Paper Crane","Mayhem"],"campfire_rested":0,"item_purchase_floors":[20,20,20,20,38,38,38],"current_hp_per_floor":[65,65,65,61,61,61,60,60,60,57,55,55,55,50,50,48,70,70,70,70,70,71,72,72,64,64,64,53,54,54,55,55,17,77,76,39,39,39,22,10,0,0],"gold":39,"neow_bonus":"RANDOM_COLORLESS_2","is_daily":false,"chose_seed":false,"campfire_upgraded":6,"win_rate":0.0,"timestamp":1612903757,"path_taken":["M","?","$","M","M","R","M","R","T","E","M","M","M","M","R","BOSS","M","?","$","?","M","E","R","?","T","R","M","M","?","M","R","BOSS","M","M","?","$","M","M","M"],"items_purchased_type":["Relic","Card","Card","Relic","Relic","Relic","Card"],"build_version":"2020-12-22","purchased_purges":0,"victory":false,"max_hp_per_floor":[70,70,70,70,70,70,70,70,70,70,70,70,70,70,70,70,70,70,70,70,70,71,72,72,73,73,73,74,75,75,76,76,77,77,78,79,79,79,80,81,81,81],"card_choices":[{"not_picked":["Master of Strategy","HandOfGreed"],"picked":"Chrysalis","floor":0},{"not_picked":["Cloak And Dagger","Dodge and Roll"],"picked":"Leg Sweep","floor":1},{"not_picked":["Catalyst","Poisoned Stab"],"picked":"Riddle With Holes","floor":4},{"not_picked":["Prepared","Poisoned Stab"],"picked":"Dagger Spray","floor":5},{"not_picked":["Bouncing Flask","All Out Attack"],"picked":"Accuracy","floor":7},{"not_picked":["Deadly Poison","Bouncing Flask"],"picked":"Flying Knee","floor":10},{"not_picked":["Distraction","Sucker Punch"],"picked":"Slice","floor":11},{"not_picked":["Caltrops","Deadly Poison"],"picked":"Flechettes","floor":12},{"not_picked":["Poisoned Stab","Dodge and Roll"],"picked":"Blade Dance","floor":13},{"not_picked":["Dagger Spray","Blur"],"picked":"Blade Dance","floor":14},{"not_picked":["Wraith Form v2","A Thousand Cuts"],"picked":"After Image","floor":16},{"not_picked":["Deadly Poison+1","Expertise"],"picked":"Blade Dance","floor":18},{"not_picked":["Well Laid Plans","Backflip"],"picked":"Dagger Spray+1","floor":22},{"not_picked":["Riddle With Holes","Dagger Throw"],"picked":"A Thousand Cuts","floor":23},{"not_picked":["Underhanded Strike","Bane"],"picked":"Cloak And Dagger","floor":25},{"not_picked":["Acrobatics+1","Bane+1"],"picked":"Dagger Spray","floor":28},{"not_picked":["Finisher","Dodge and Roll"],"picked":"Masterful Stab+1","floor":29},{"not_picked":["Caltrops","Dagger Spray"],"picked":"Deflect+1","floor":31},{"not_picked":["Night Terror","Adrenaline"],"picked":"Phantasmal Killer","floor":33},{"not_picked":["Deadly Poison","Dodge and Roll"],"picked":"Backflip","floor":35},{"not_picked":["PiercingWail","Outmaneuver"],"picked":"Escape Plan+1","floor":36},{"not_picked":["Battle Trance","EmptyMind+1"],"picked":"Pray+1","floor":39},{"not_picked":["Blood for Blood","Outmaneuver+1"],"picked":"Streamline+1","floor":40}],"player_experience":26239,"relics_obtained":[{"floor":9,"key":"Lantern"},{"floor":10,"key":"PreservedInsect"},{"floor":23,"key":"Orichalcum"},{"floor":26,"key":"Anchor"}],"event_choices":[{"damage_healed":0,"gold_gain":0,"player_choice":"Grow","damage_taken":0,"max_hp_gain":0,"max_hp_loss":0,"event_name":"Living Wall","floor":2,"gold_loss":0,"cards_upgraded":["Leg Sweep"]},{"damage_healed":0,"gold_gain":0,"player_choice":"Ignored","damage_taken":0,"max_hp_gain":0,"max_hp_loss":0,"event_name":"Ghosts","floor":19,"gold_loss":0},{"damage_healed":0,"gold_gain":0,"player_choice":"Trade","damage_taken":0,"relics_obtained":["FaceOfCleric"],"max_hp_gain":0,"max_hp_loss":0,"event_name":"FaceTrader","floor":21,"gold_loss":0},{"damage_healed":0,"gold_gain":0,"player_choice":"Opened","damage_taken":0,"relics_obtained":["Happy Flower"],"max_hp_gain":0,"max_hp_loss":0,"event_name":"The Mausoleum","floor":30,"gold_loss":0},{"cards_removed":["Riddle With Holes"],"damage_healed":0,"gold_gain":0,"player_choice":"Removed Attack","damage_taken":0,"max_hp_gain":0,"max_hp_loss":0,"event_name":"Falling","floor":37,"gold_loss":0}],"is_beta":false,"boss_relics":[{"not_picked":["SlaversCollar","Calling Bell"],"picked":"WristBlade"},{"not_picked":["Busted Crown","Black Star"],"picked":"Velvet Choker"}],"items_purged_floors":[],"is_endless":false,"potions_floor_spawned":[4,7,11,13,18,23,33,40],"killed_by":"Spire Growth","ascension_level":0}}