{"host":"bbld1ic1uj90ldt9","time":1612892110,"event":{"mods":["2.2 Compatiblity","AchievementEnabler","Act Like it!","BaseMod","Better Third Choice","Conspire","Downfall","Emptier Cage","Gensokyo","Hallownest","Hermit","Highlight Path","Hubris","Marisa????????","Minty Spire (QoL Compilation)","Random Character Button","Replay The Spire","StSLib","The Animator","The Bug Knight","The Cursed","The Disciple","The Hierophant","The Jungle","The Runesmith","The Servant 0.9.4"],"gold_per_floor":[199,211,211,231,245,245,245],"floor_reached":6,"language":"FRA","playtime":691,"items_purged":[],"score":52,"play_id":"2ab9ea92-d547-4bac-8b7b-3563d01309c0","local_time":"20210209183510","is_ascension_mode":true,"campfire_choices":[{"floor":1,"key":"RECALL"}],"circlet_count":0,"master_deck":["TheCursedMod:Strike_TheCursed","TheCursedMod:Strike_TheCursed","TheCursedMod:Strike_TheCursed","TheCursedMod:Strike_TheCursed","TheCursedMod:Defend_TheCursed","TheCursedMod:Defend_TheCursed","TheCursedMod:Defend_TheCursed","TheCursedMod:Defend_TheCursed","TheCursedMod:CursedWand","TheCursedMod:CleanUpWorkshop","TheCursedMod:Dregs","TheCursedMod:CursedAmulet","Injury","TheCursedMod:FleshFromBone","TheCursedMod:RavingStaff"],"relics":["Replay:Wanted Poster","Potion Belt"],"acts_visited":["Gensokyo:Gensokyo"],"potions_floor_usage":[],"damage_taken":[{"damage":16,"enemies":"Gensokyo:3_Fairies","floor":2,"turns":5},{"damage":14,"enemies":"Gensokyo:Gryphon","floor":4,"turns":6},{"damage":0,"enemies":"Gensokyo:Python","floor":5,"turns":4},{"damage":43,"enemies":"Gensokyo:Aya","floor":6,"turns":8}],"seed_played":"-4873744213620816030","potions_obtained":[{"floor":4,"key":"LiquidMemories"}],"is_trial":false,"path_per_floor":["R","M","?","M","M","E"],"character_chosen":"THE_CURSED","items_purchased":[],"campfire_rested":0,"item_purchase_floors":[],"current_hp_per_floor":[68,52,52,38,38,0,0],"gold":245,"neow_bonus":"BOSS_RELIC","is_daily":false,"chose_seed":false,"campfire_upgraded":0,"win_rate":0.0,"timestamp":1612892110,"path_taken":["R","M","?","M","?","E"],"items_purchased_type":[],"build_version":"2020-12-22","purchased_purges":0,"victory":false,"max_hp_per_floor":[75,75,75,75,75,75,75],"card_choices":[{"not_picked":["TheCursedMod:CircleOfCorruption","TheCursedMod:SurpriseAttack"],"picked":"TheCursedMod:CursedAmulet","floor":2},{"not_picked":["TheCursedMod:RapidMovement","TheCursedMod:StingEye"],"picked":"TheCursedMod:FleshFromBone","floor":4},{"not_picked":["TheCursedMod:CircleOfCorruption","TheCursedMod:Obscuration"],"picked":"TheCursedMod:RavingStaff","floor":5}],"player_experience":2261183,"relics_obtained":[],"event_choices":[],"is_beta":false,"boss_relics":[],"items_purged_floors":[],"is_endless":false,"potions_floor_spawned":[4],"killed_by":"Gensokyo:Aya","ascension_level":9}}