{"host":"jt4xaqerixsfdsye","time":1612908084,"event":{"mods":["Astrologer","Bard","BaseMod","Clockwork Mod","Downfall","Gremlin Mod","Hermit","Jorbs\u0027s Wanderer Trilogy","Minty Spire (QoL Compilation)","StSLib","The Bug Knight","The Cursed","The Judge","The Mystic"],"gold_per_floor":[116,135,15,90,108,108,24,24,24,24,24],"floor_reached":10,"language":"ENG","playtime":549,"items_purged":[],"score":56,"play_id":"45a18c80-7109-4ed4-8eea-186df07f019d","local_time":"20210209230124","is_ascension_mode":false,"campfire_choices":[{"data":"Clockwork:ChargingShield","floor":6,"key":"SMITH"},{"data":"Clockwork:ReserveSystems","floor":8,"key":"SMITH"}],"circlet_count":0,"master_deck":["Clockwork:Strike","Clockwork:Strike","Clockwork:Strike","Clockwork:Strike","Clockwork:Shield","Clockwork:Shield","Clockwork:Shield","Clockwork:Shield","Clockwork:Tinker","Clockwork:WarmUp","Clockwork:Handicap","Clockwork:Friction","Clockwork:ChargingShield+1","Clockwork:CogToss","Clockwork:MechanicalBulk","Clockwork:SearchingStrike","Clockwork:LogisticRegression","Clockwork:ReserveSystems+1"],"relics":["Clockwork:MomentumEngine","NeowsBlessing","Letter Opener"],"acts_visited":["Exordium"],"potions_floor_usage":[10],"damage_taken":[{"damage":0,"enemies":"Cultist","floor":1,"turns":2},{"damage":0,"enemies":"Jaw Worm","floor":2,"turns":1},{"damage":0,"enemies":"2 Louse","floor":5,"turns":3},{"damage":90,"enemies":"Gremlin Nob","floor":10,"turns":6}],"seed_played":"5129037272660748377","potions_obtained":[{"floor":2,"key":"ColorlessPotion"}],"is_trial":false,"path_per_floor":["M","M","$","?","M","R","$","R","T","E"],"character_chosen":"CLOCKWORK","items_purchased":["Clockwork:CogToss","Clockwork:MechanicalBulk","Clockwork:LogisticRegression","Clockwork:ReserveSystems"],"campfire_rested":0,"item_purchase_floors":[3,3,7,7],"current_hp_per_floor":[85,85,85,74,74,74,74,74,74,0,0],"gold":24,"neow_bonus":"THREE_ENEMY_KILL","is_daily":false,"chose_seed":false,"campfire_upgraded":2,"win_rate":0.0,"timestamp":1612908084,"path_taken":["M","M","$","?","M","R","$","R","T","E"],"items_purchased_type":["Card","Card","Card","Card"],"build_version":"2020-12-22","purchased_purges":0,"victory":false,"max_hp_per_floor":[85,85,85,85,85,85,85,85,85,85,85],"card_choices":[{"not_picked":["Clockwork:AdaptiveShield","Clockwork:RitualDaggerMk0"],"picked":"Clockwork:Friction","floor":1},{"not_picked":["Clockwork:SearingStrike","Clockwork:SystemHardening"],"picked":"Clockwork:ChargingShield","floor":2},{"not_picked":["Clockwork:ChargingShield","Clockwork:RampUp"],"picked":"Clockwork:SearchingStrike","floor":5}],"player_experience":207760,"relics_obtained":[{"floor":9,"key":"Letter Opener"}],"event_choices":[{"damage_healed":0,"gold_gain":75,"player_choice":"Gather Gold","damage_taken":11,"max_hp_gain":0,"max_hp_loss":0,"event_name":"World of Goop","floor":4,"gold_loss":0}],"is_beta":false,"boss_relics":[],"items_purged_floors":[],"is_endless":false,"potions_floor_spawned":[2],"killed_by":"Gremlin Nob","ascension_level":0}}