{"host":"23qk1co0p3p8qz56","time":1612905090,"event":{"mods":["100% Spire Juice","AchievementEnabler","Act Like it!","Arknights","BaseMod","Better Note","Better Third Choice","BetterRewards","CapriCore","Chen","Colored Map","Downfall","Duelist Mod","Friendly Minions","Gensokyo","Gold Saver","KinomotoSakuraMod(ñÿîVñ{?)","Koishi","LagranYue(ùfäiòNÅEåé)","Lobotomy","LobotomyExtend","MarisaÅiñ∂âJÅ@ñÇóùçπÅj","Minty Spire (QoL Compilation)","Prisma Mod","ReimuÅiîé??öÎÅj","RemiliaÅiÂQïƒ‰ª?Åj","StSLib","The Administrix","The Alterego","The Animator","The Gatherer","The Immortal","The Marked","The Senshi","TheSwordswoman","Waifu the Spire","WarShipGirlsR/??è≠èóR mod","Yakumo Yukari mod","Yohane!","Yuyuko"],"gold_per_floor":[657,672,295,313,313,313,330,350,398,417,417,445,284,284,284,387,387,400,418,418,418],"floor_reached":20,"language":"ENG","playtime":1339,"items_purged":[],"score":176,"play_id":"d9c5ade2-8d98-4c91-9899-740103fed031","local_time":"20210209141130","is_ascension_mode":false,"campfire_choices":[{"data":"theDuelist:CyberDragonVier","floor":6,"key":"SMITH"},{"data":"theDuelist:CastleDragonSouls","floor":11,"key":"SMITH"},{"data":"theDuelist:BerserkScales","floor":15,"key":"SMITH"}],"circlet_count":0,"master_deck":["theDuelist:BabyDragon+1","theDuelist:CastleWalls","theDuelist:CastleWalls","theDuelist:CaveDragon","theDuelist:CaveDragon","theDuelist:LesserDragon","theDuelist:LesserDragon","theDuelist:Sparks","theDuelist:Sparks","theDuelist:YamataDragon","theDuelist:RedRisingDragon","theDuelist:SilverWing","theDuelist:CyberDragonVier+1","theDuelist:QueenDragunDjinn","theDuelist:DarkHorus","theDuelist:CastleDragonSouls+1","theDuelist:CyberTwinDragon","theDuelist:ThunderDragon","theDuelist:BerserkScales+1","theDuelist:MirageDragon","theDuelist:SliferSky","theDuelist:SuperStridentBlaze+1"],"relics":["theDuelist:MillenniumPuzzle","theDuelist:CardPoolRelic","theDuelist:CardPoolBasicRelic","theDuelist:BoosterPackPoolRelic","theDuelist:CardPoolAddRelic","theDuelist:CardPoolMinusRelic","theDuelist:CardPoolSaveRelic","theDuelist:CardPoolOptionsRelic","LagranYue:RandomDrawCardRelic","LetterFromLob","theDuelist:BlessingAnubis","InkBottle","RedLine:ReiMu"],"acts_visited":["Exordium","TheCity"],"potions_floor_usage":[8,16,16,16],"damage_taken":[{"damage":0,"enemies":"Cultist","floor":1,"turns":4},{"damage":1,"enemies":"Jaw Worm","floor":2,"turns":3},{"damage":0,"enemies":"2 Louse","floor":4,"turns":3},{"damage":4,"enemies":"2 Fungi Beasts","floor":7,"turns":4},{"damage":8,"enemies":"Exordium Wildlife","floor":8,"turns":4},{"damage":7,"enemies":"Large Slime","floor":10,"turns":4},{"damage":4,"enemies":"Gremlin Nob","floor":12,"turns":4},{"damage":33,"enemies":"Slime Boss","floor":16,"turns":6},{"damage":43,"enemies":"2 Thieves","floor":18,"turns":5},{"damage":14,"enemies":"Shell Parasite","floor":19,"turns":5},{"damage":31,"enemies":"3 Cultists","floor":20,"turns":4}],"seed_played":"4257667271407677826","potions_obtained":[{"floor":1,"key":"theDuelist:LavaBottle"},{"floor":4,"key":"theDuelist:BurningPotion"},{"floor":8,"key":"Swift Potion"},{"floor":12,"key":"theDuelist:DragonOrbPlusBottle"},{"floor":16,"key":"theDuelist:FlamingBottle"}],"is_trial":false,"path_per_floor":["M","M","$","M","?","R","M","M","T","M","R","E","$","?","R","B",null,"M","M","M"],"character_chosen":"THE_DUELIST","items_purchased":["theDuelist:SilverWing","theDuelist:CyberDragonVier","theDuelist:BlessingAnubis","theDuelist:BerserkScales"],"campfire_rested":0,"item_purchase_floors":[3,3,3,13],"current_hp_per_floor":[80,79,79,79,79,79,75,67,67,60,60,56,56,51,51,18,80,37,23,0,0],"gold":418,"neow_bonus":"UPGRADE_CARD","is_daily":false,"chose_seed":false,"campfire_upgraded":3,"win_rate":0.0,"timestamp":1612905090,"path_taken":["M","M","$","?","?","R","M","?","T","M","R","E","$","?","R","BOSS","M","M","M"],"items_purchased_type":["Card","Card","Relic","Card"],"build_version":"2020-12-22","purchased_purges":0,"victory":false,"max_hp_per_floor":[80,80,80,80,80,80,80,80,80,80,80,80,80,80,80,80,80,80,80,80,80],"card_choices":[{"not_picked":["theDuelist:BattleguardKing","theDuelist:BigFire","theDuelist:PreventRat","theDuelist:DestructPotion","theDuelist:BlockGolem"],"picked":"SKIP","floor":1},{"not_picked":["theDuelist:DarkHorus","theDuelist:DefenseZone","theDuelist:CyberValley","theDuelist:Earthquake"],"picked":"theDuelist:RedRisingDragon","floor":2},{"not_picked":["theDuelist:GenesisDragon","theDuelist:GaiaDragonChamp","theDuelist:WaterDragon","theDuelist:HorusServant"],"picked":"theDuelist:QueenDragunDjinn","floor":4},{"not_picked":["theDuelist:Beatraptor","theDuelist:MegafleetDragon","theDuelist:TwinHeadedFire","theDuelist:MoltenDestruction"],"picked":"theDuelist:DarkHorus","floor":7},{"not_picked":["theDuelist:Mountain","theDuelist:GalaxySoldier","theDuelist:AutorokketDragon"],"picked":"theDuelist:CastleDragonSouls","floor":8},{"not_picked":["theDuelist:Kabazauls","theDuelist:Earthquake","theDuelist:CyberValley","theDuelist:Beatraptor"],"picked":"theDuelist:CyberTwinDragon","floor":10},{"not_picked":["theDuelist:MaskedDragon","theDuelist:SafeZone","theDuelist:RedRisingDragon","theDuelist:Hydrogeddon"],"picked":"theDuelist:ThunderDragon","floor":12},{"not_picked":["theDuelist:TwinBarrelDragon","theDuelist:SphereChaos","theDuelist:CyberDragonVier","theDuelist:RedRisingDragon"],"picked":"theDuelist:MirageDragon","floor":14},{"not_picked":["theDuelist:WaterDragon","theDuelist:VoidOgreDragon","theDuelist:DefensiveTactics","theDuelist:BerserkScales"],"picked":"theDuelist:SliferSky","floor":16},{"not_picked":["theDuelist:GiantRex","theDuelist:BlacklandFireDragon","theDuelist:SoulCharge","theDuelist:GoldSarcophagus+1","theDuelist:BarrelDragon"],"picked":"SKIP","floor":18},{"not_picked":["theDuelist:StampingDestruction","theDuelist:SpiralSpearStrike","theDuelist:FangCritias+1","theDuelist:LostWorld"],"picked":"theDuelist:SuperStridentBlaze+1","floor":19}],"player_experience":133796,"relics_obtained":[{"floor":1,"key":"LetterFromLob"},{"floor":12,"key":"InkBottle"}],"event_choices":[{"damage_healed":0,"gold_gain":0,"player_choice":"Ignored","damage_taken":0,"max_hp_gain":0,"max_hp_loss":0,"event_name":"betterNote:BetterNote","floor":5,"gold_loss":0,"cards_obtained":["animator:Wiz"]}],"is_beta":false,"boss_relics":[{"not_picked":["Snecko Eye","Mark of Pain"],"picked":"RedLine:ReiMu"}],"items_purged_floors":[],"is_endless":false,"potions_floor_spawned":[1,4,8,12,16],"killed_by":"3 Cultists","ascension_level":0}}