{"host":"ej105hmlhg4ikw5v","time":1612856530,"event":{"mods":["AchievementEnabler","BaseMod","Better Sensory Stone","Better Skull","Better Vampires","Block Reminder","CapriCore","Colored Map","Colored Powertips","DeckTracker","Dio Mod","GifTheSpireLib","Highlight Path","Lobotomy","LobotomyExtend","Marisa????????","Minty Spire (QoL Compilation)","Permanent Neow","Prisma Mod","Quick Restart","Relic Stats","Remilia??????","Replay The Spire","Shop Mod","Spicy Shops","StSLib","The Immortal","The Senshi","The Wild Card","Waifu the Spire"],"gold_per_floor":[109,123,51,51,226,226,291,291,291,291,308,333,8,27,27,27,27],"floor_reached":16,"language":"SPA","playtime":1084,"items_purged":[],"score":98,"play_id":"697e887e-116e-498c-9d22-232583c82cfa","local_time":"20210209044210","is_ascension_mode":false,"campfire_choices":[{"data":"PrismaMod:ChloeCommonAOEAttack","floor":6,"key":"SMITH"},{"data":"PrismaMod:ChloeExhaustOne","floor":8,"key":"SMITH"},{"data":"PrismaMod:ChloeCheapDefend","floor":10,"key":"SMITH"}],"circlet_count":0,"master_deck":[],"relics":["PrismaMod:PrismaTraceOn","CogitoBucket","LetterFromLob","Blood Vial","Centennial Puzzle","Lantern","theSenshi:SailorFukuRelic","PrismaticShard","Membership Card"],"acts_visited":["Exordium"],"potions_floor_usage":[2,7],"damage_taken":[{"damage":0,"enemies":"Jaw Worm","floor":1,"turns":5},{"damage":0,"enemies":"2 Louse","floor":2,"turns":2},{"damage":27,"enemies":"Lagavulin Event","floor":7,"turns":6},{"damage":0,"enemies":"Small Slimes","floor":11,"turns":3},{"damage":21,"enemies":"3 Sentries","floor":12,"turns":7},{"damage":19,"enemies":"Red Slaver","floor":14,"turns":8},{"damage":0,"enemies":"The Guardian","floor":16,"turns":1}],"seed_played":"8688172571838655083","potions_obtained":[{"floor":1,"key":"Explosive Potion"},{"floor":2,"key":"Dexterity Potion"},{"floor":14,"key":"SpeedPotion"}],"is_trial":false,"path_per_floor":["M","M","$","?","?","R","?","R","T","R","M","E","$","M","R_BF","B"],"character_chosen":"CHLOE","items_purchased":["Blood Vial","PrismaticShard","Membership Card","PrismaMod:ChloeCheapDefendTwo+1"],"campfire_rested":0,"item_purchase_floors":[3,13,13,13],"current_hp_per_floor":[75,75,75,75,75,75,48,48,48,48,50,31,31,16,75,75,75],"gold":27,"neow_bonus":"","is_daily":false,"chose_seed":false,"campfire_upgraded":3,"win_rate":0.0,"timestamp":1612856530,"path_taken":["M","M","$","?","?","R","?","R","T","R","M","E","$","M","R_BF","BOSS"],"items_purchased_type":["Relic","Relic","Relic","Card"],"build_version":"2020-12-22","purchased_purges":0,"victory":false,"max_hp_per_floor":[75,75,75,75,75,75,75,75,75,75,75,75,75,75,75,75,75],"relic_stats":{"Blood Vial":8,"Centennial Puzzle":[9],"counters":[8,33],"obtain_stats":[{"Blood Vial":3,"CogitoBucket":0,"Centennial Puzzle":7,"Lantern":9,"LetterFromLob":1,"Membership Card":13,"theSenshi:SailorFukuRelic":12,"PrismaticShard":13,"PrismaMod:PrismaTraceOn":0},{"Blood Vial":2,"CogitoBucket":0,"Centennial Puzzle":2,"Lantern":3,"LetterFromLob":1,"Membership Card":5,"theSenshi:SailorFukuRelic":5,"PrismaticShard":5,"PrismaMod:PrismaTraceOn":0},{"Blood Vial":7,"CogitoBucket":0,"Centennial Puzzle":7,"Lantern":13,"LetterFromLob":5,"Membership Card":23,"theSenshi:SailorFukuRelic":23,"PrismaticShard":23,"PrismaMod:PrismaTraceOn":0}]},"card_choices":[{"not_picked":["PrismaMod:ChloeCheapDefendTwo","PrismaMod:ChloeCheapAttack"],"picked":"PrismaMod:ChloeCommonAOEAttack","floor":1},{"not_picked":["PrismaMod:ChloeCheapAttack","PrismaMod:ChloeDiscardRecovery"],"picked":"PrismaMod:ChloeRuleBreaker","floor":2},{"not_picked":["Yin","BlackSwan"],"picked":"SpiderBud","floor":2},{"not_picked":["Alriune","Scorched"],"picked":"ShyLook","floor":7},{"not_picked":["PrismaMod:ChloeCommonAOEAttack","PrismaMod:ChloeUnlimitedBladeWorks"],"picked":"PrismaMod:ChloeExhaustOne","floor":7},{"not_picked":["PrismaMod:ChloeCheapDefendTwo","PrismaMod:ChloeEyeOfTheEuryale"],"picked":"PrismaMod:ChloeCheapAttackTwo","floor":11},{"not_picked":["PrismaMod:ChloeRuleBreaker","PrismaMod:ChloeUncommonAOEAttack"],"picked":"PrismaMod:ChloeUncommonDefend","floor":12},{"not_picked":["CrumblingArmor","MeatLantern"],"picked":"SnowQueen","floor":12},{"not_picked":["Prostrate","PrismaMod:MiyuEvokeBuffStr"],"picked":"dioMod:StreetSign","floor":14}],"player_experience":341097,"relics_obtained":[{"floor":1,"key":"LetterFromLob"},{"floor":9,"key":"Lantern"},{"floor":12,"key":"theSenshi:SailorFukuRelic"}],"event_choices":[{"damage_healed":0,"gold_gain":0,"player_choice":"Grow","damage_taken":0,"max_hp_gain":0,"max_hp_loss":0,"event_name":"Living Wall","floor":4,"gold_loss":0,"cards_upgraded":["PrismaMod:ChloeCheapAttack"]},{"damage_healed":0,"gold_gain":175,"player_choice":"AGREE","damage_taken":0,"max_hp_gain":0,"max_hp_loss":0,"event_name":"Liars Game","floor":5,"gold_loss":0,"cards_obtained":["Doubt"]},{"damage_healed":0,"gold_gain":30,"player_choice":"Searched \u00273\u0027 times","damage_taken":0,"relics_obtained":["Centennial Puzzle"],"max_hp_gain":0,"max_hp_loss":0,"event_name":"Dead Adventurer","floor":7,"gold_loss":0}],"is_beta":false,"boss_relics":[],"items_purged_floors":[],"is_endless":false,"potions_floor_spawned":[1,2,14],"killed_by":"The Guardian","ascension_level":0}}