{"host":"43pogpu2c981a0zh","time":1612854120,"event":{"mods":["100% Spire Juice","ATMod(∞¢Ë™Mod)","AchievementEnabler","Act Like it!","Aspiration","Astrologer","BaseMod","Better Altar","Better Match","Better Sensory Stone","CapriCore","Colored Powertips","Custom Start","Downfall","Friendly Minions","Gensokyo","Highlight Path","HololiveMod","Hubris","KinomotoSakuraMod(ƒæ÷Æ±æ”£)","Kiyohime£®«Âºß£©","Koishi","KomeijiMod","Marisa£®ÏF”Í°°ƒß¿Ì…≥£©","Minty Spire (QoL Compilation)","MostiFishMod","Pale of the Ancients","Permanent Neow","Prisma Mod","Quarter Circle Forward PUNCH!","Quick Restart","Reimu£®≤©¿ˆ¡È√Œ£©","Relic Filter Mod","Reliquary","Replay The Spire","Spicy Shops","StSLib","TestMod","The Administrix","The Animator","The Immortal","Waifu the Spire","WarShipGirlsR/’ΩΩ¢…Ÿ≈ÆR mod","Yakumo Yukari mod","°æ“≈ŒÔø®≈∆°øREMEMod"],"gold_per_floor":[114,140,140,165,26,61,46,46,118,118,118,118,118],"floor_reached":12,"language":"ZHS","playtime":739,"items_purged":[],"score":110,"play_id":"43e0269b-cf77-4973-99d7-eead2d71781b","local_time":"20210209150200","is_ascension_mode":true,"campfire_choices":[{"data":"animator:KrulTepes","floor":8,"key":"SMITH"}],"circlet_count":0,"master_deck":["animator:Strike_MadokaMagica","animator:Defend_MadokaMagica","animator:Strike","animator:Strike","animator:Strike","animator:Defend","animator:Defend","animator:Defend","animator:IrohaTamaki","animator:YuiTsuruno","AT_Desolate","animator:Emonzaemon","animator:Raven","Injury","animator:Strike","animator:MadokaKaname","animator:KrulTepes+1","animator:FeridBathory"],"relics":["animator:LivingPicture","animator:ColorlessFragment","AT_ATBox","DaveBox","testmod-TestBox","REME_ComplimentaryCards","animator:PurgingStone","Lizard Tail","testmod-D_4","reliquary:PorcupineQuills","SynthV:TestCard","reliquary:SilkGlove","Replay:Bottled Steam","Sundial"],"acts_visited":["Gensokyo:Gensokyo"],"potions_floor_usage":[],"damage_taken":[{"damage":0,"enemies":"Gensokyo:Python","floor":1,"turns":2},{"damage":0,"enemies":"Gensokyo:3_Fairies","floor":2,"turns":4},{"damage":0,"enemies":"Gensokyo:Gryphon","floor":4,"turns":1},{"damage":0,"enemies":"Gensokyo:Mamizou","floor":6,"turns":4},{"damage":13,"enemies":"Gensokyo:Cirno","floor":12,"turns":6}],"seed_played":"-4749665201802677837","potions_obtained":[{"floor":4,"key":"GrandPatriotsElixir:ReiMu"}],"is_trial":false,"path_per_floor":["M","M","?","M","COS","E","$","R","T","PTL","PTL","E"],"character_chosen":"THE_ANIMATOR","items_purchased":["animator:FeridBathory"],"campfire_rested":0,"item_purchase_floors":[7],"current_hp_per_floor":[66,66,66,66,66,66,66,66,66,66,66,53,53],"gold":118,"neow_bonus":"RANDOM_COMMON_RELIC","is_daily":false,"chose_seed":false,"campfire_upgraded":1,"win_rate":0.0,"timestamp":1612854120,"path_taken":["M","M","?","M","COS","E","$","R","T","PTL","PTL","E"],"items_purchased_type":["Card"],"build_version":"2020-12-22","purchased_purges":0,"victory":false,"max_hp_per_floor":[66,66,66,66,66,66,66,66,66,66,66,66,66],"card_choices":[{"not_picked":["animator:Mitsurugi","animator:Ain"],"picked":"animator:Emonzaemon","floor":1},{"not_picked":["animator:PandorasActor","animator:Mitsuba","animator:SuzuneAmano","animator:Kuribayashi"],"picked":"animator:Raven","floor":2},{"not_picked":["animator:Vesta","animator:Sebas","animator:IrohaTamaki","animator:Tyuule"],"picked":"animator:MadokaKaname","floor":4},{"not_picked":["animator:HiiragiShinya","animator:GazelDwargon","animator:Benimaru","animator:YuiTsuruno"],"picked":"animator:KrulTepes","floor":6}],"player_experience":308534,"relics_obtained":[{"floor":1,"key":"SynthV:TestCard"},{"floor":6,"key":"Replay:Bottled Steam"},{"floor":9,"key":"Sundial"}],"event_choices":[],"is_beta":false,"boss_relics":[],"items_purged_floors":[],"is_endless":false,"potions_floor_spawned":[4],"killed_by":"Gensokyo:Cirno","ascension_level":2}}