{"host":"vdcd40ahtleuz1u4","time":1612888804,"event":{"mods":["AchievementEnabler","BaseMod","BetterRewards","Colored Map","Colored Powertips","Curses Come First","Highlight Path","Minty Spire (QoL Compilation)","Quick Restart","Relic Stats","Shop Mod","StSLib","SuperFastMode","Weighted Paths"],"gold_per_floor":[72,147,158,3,19,49,108,122,122,147,147,159,124,135,135,235,235,246,246,258,357,373,389,417,342,366,376,57,87,138,149,149,244,244,260,46,62,80,96,126,126,139,166,166,182,182,212,223,223,223],"floor_reached":51,"language":"ENG","playtime":3675,"items_purged":[],"score":1038,"play_id":"0dd39c9c-53dc-4c7c-998b-bd98301cf167","local_time":"20210209164004","is_ascension_mode":false,"campfire_choices":[{"floor":11,"key":"REST"},{"data":"Fire Breathing","floor":15,"key":"SMITH"},{"floor":32,"key":"REST"},{"data":"Fiend Fire","floor":41,"key":"SMITH"},{"data":"Rage","floor":44,"key":"SMITH"},{"data":"Seeing Red","floor":49,"key":"SMITH"}],"circlet_count":0,"master_deck":["Bash+1","Metallicize+1","Perfected Strike+1","Power Through+1","Wild Strike+1","Power Through+1","Fire Breathing+1","Thunderclap+1","Reaper+1","Burning Pact+1","Intimidate+1","Corruption+1","Intimidate+1","Flex+1","Flame Barrier+1","Inflame+1","Wild Strike+1","Seeing Red+1","Reaper+1","Shrug It Off+1","Wild Strike+1","Rage+1","Seeing Red+1","Fiend Fire+1","Battle Trance+1","Power Through+1","Shockwave+1","Seeing Red+1","Shrug It Off+1","Dark Embrace+1","Ghostly Armor+1","Bloodletting+1","Seeing Red+1","Anger+1"],"relics":["Burning Blood","MerchantsRug","Ice Cream","Ornamental Fan","Turnip","PreservedInsect","Pandora\u0027s Box","Pen Nib","Bag of Marbles","Mummified Hand","Bag of Preparation","Blue Candle","Tiny Chest","Philosopher\u0027s Stone","Ancient Tea Set","Shovel","Lantern","Mark of the Bloom","Shuriken"],"acts_visited":["Exordium","TheCity","TheBeyond"],"potions_floor_usage":[16,16,16,16,20],"damage_taken":[{"damage":3,"enemies":"Small Slimes","floor":1,"turns":4},{"damage":5,"enemies":"2 Louse","floor":3,"turns":2},{"damage":0,"enemies":"Cultist","floor":5,"turns":3},{"damage":25,"enemies":"Gremlin Nob","floor":6,"turns":5},{"damage":36,"enemies":"Lagavulin Event","floor":7,"turns":8},{"damage":0,"enemies":"Large Slime","floor":8,"turns":5},{"damage":12,"enemies":"Lagavulin","floor":10,"turns":7},{"damage":1,"enemies":"2 Fungi Beasts","floor":12,"turns":4},{"damage":10,"enemies":"Looter","floor":14,"turns":2},{"damage":29,"enemies":"The Guardian","floor":16,"turns":12},{"damage":9,"enemies":"3 Byrds","floor":18,"turns":5},{"damage":22,"enemies":"Shell Parasite","floor":20,"turns":6},{"damage":14,"enemies":"Centurion and Healer","floor":22,"turns":7},{"damage":25,"enemies":"3 Cultists","floor":23,"turns":6},{"damage":31,"enemies":"Gremlin Leader","floor":24,"turns":7},{"damage":10,"enemies":"Shelled Parasite and Fungi","floor":27,"turns":7},{"damage":54,"enemies":"Slavers","floor":29,"turns":5},{"damage":24,"enemies":"Centurion and Healer","floor":31,"turns":5},{"damage":90,"enemies":"Collector","floor":33,"turns":11},{"damage":20,"enemies":"3 Darklings","floor":35,"turns":4},{"damage":0,"enemies":"3 Shapes","floor":37,"turns":3},{"damage":24,"enemies":"Jaw Worm Horde","floor":38,"turns":5},{"damage":23,"enemies":"Spire Growth","floor":39,"turns":5},{"damage":24,"enemies":"Reptomancer","floor":40,"turns":4},{"damage":30,"enemies":"Sphere and 2 Shapes","floor":42,"turns":4},{"damage":1,"enemies":"Maw","floor":45,"turns":9},{"damage":3,"enemies":"Giant Head","floor":47,"turns":6},{"damage":3,"enemies":"Jaw Worm Horde","floor":48,"turns":4},{"damage":3,"enemies":"Time Eater","floor":50,"turns":5}],"seed_played":"-9178921082369872989","potions_obtained":[{"floor":7,"key":"Explosive Potion"},{"floor":8,"key":"EntropicBrew"},{"floor":12,"key":"Ancient Potion"},{"floor":16,"key":"LiquidBronze"},{"floor":20,"key":"GamblersBrew"},{"floor":37,"key":"PowerPotion"},{"floor":42,"key":"Explosive Potion"},{"floor":47,"key":"Ancient Potion"}],"is_trial":false,"path_per_floor":["M","?","M","$","M","E","?","M","T","E","R","M","?","M","R","B",null,"M","?","M","?","M","M","E","?","T","M","$","E","T","M","R","B",null,"M","$","M","M","M","E","R","M","T","R","M","?","E","M","R","B",null],"character_chosen":"IRONCLAD","items_purchased":["Metallicize","Perfected Strike","MerchantsRug","Mummified Hand","Bag of Preparation","Power Through","Ancient Tea Set"],"campfire_rested":2,"item_purchase_floors":[0,0,4,28,28,36,36],"current_hp_per_floor":[80,69,70,70,76,57,27,33,33,27,51,56,76,72,72,49,80,80,80,64,64,68,61,52,52,52,54,54,17,17,25,49,36,80,74,74,80,80,72,79,79,64,64,64,80,80,77,74,74,71],"gold":223,"neow_bonus":"","is_daily":false,"chose_seed":false,"campfire_upgraded":4,"win_rate":0.0,"timestamp":1612888804,"path_taken":["M","?","M","$","M","E","?","M","T","E","R","M","?","M","R","BOSS","M","?","?","?","M","M","E","?","T","M","$","E","?","M","R","BOSS","M","$","M","M","M","E","R","M","T","R","?","?","E","M","R","BOSS"],"items_purchased_type":["Card","Card","Relic","Relic","Relic","Card","Relic"],"build_version":"2020-12-22","purchased_purges":0,"victory":true,"max_hp_per_floor":[80,80,80,80,80,80,80,80,80,80,80,80,80,80,80,80,80,80,80,80,80,80,80,80,80,80,80,80,80,80,80,80,80,80,80,80,80,80,80,80,80,80,80,80,80,80,80,80,80,80],"relic_stats":{"Mark of the Bloom":80,"counters":[29,160],"Blue Candle":[0],"PreservedInsect":269,"Pen Nib":[12],"Bag of Preparation":[26],"Burning Blood":147,"Shovel":0,"Ornamental Fan":[48],"Mummified Hand":[49],"Shuriken":[4],"Pandora\u0027s Box":["Burning Pact","Intimidate","Bludgeon","Corruption","Intimidate","Flex","Flame Barrier","Inflame","Wild Strike"],"Tiny Chest":0,"Turnip":[21],"obtain_stats":[{"Ice Cream":6,"MerchantsRug":4,"Lantern":43,"Mark of the Bloom":46,"Blue Candle":29,"PreservedInsect":10,"Pen Nib":24,"Bag of Preparation":28,"Ancient Tea Set":36,"Burning Blood":0,"Shovel":40,"Ornamental Fan":7,"Mummified Hand":28,"Shuriken":47,"Pandora\u0027s Box":17,"Tiny Chest":30,"Philosopher\u0027s Stone":34,"Turnip":9,"Bag of Marbles":26},{"Ice Cream":4,"MerchantsRug":2,"Lantern":25,"Mark of the Bloom":26,"Blue Candle":17,"PreservedInsect":7,"Pen Nib":15,"Bag of Preparation":16,"Ancient Tea Set":20,"Burning Blood":0,"Shovel":24,"Ornamental Fan":4,"Mummified Hand":16,"Shuriken":27,"Pandora\u0027s Box":10,"Tiny Chest":17,"Philosopher\u0027s Stone":19,"Turnip":6,"Bag of Marbles":15},{"Ice Cream":14,"MerchantsRug":6,"Lantern":136,"Mark of the Bloom":145,"Blue Candle":95,"PreservedInsect":34,"Pen Nib":83,"Bag of Preparation":90,"Ancient Tea Set":115,"Burning Blood":0,"Shovel":132,"Ornamental Fan":14,"Mummified Hand":90,"Shuriken":151,"Pandora\u0027s Box":52,"Tiny Chest":95,"Philosopher\u0027s Stone":111,"Turnip":27,"Bag of Marbles":83}]},"card_choices":[{"not_picked":["Clothesline","Wild Strike"],"picked":"Power Through","floor":1},{"not_picked":["Burning Pact","Iron Wave"],"picked":"Wild Strike","floor":3},{"not_picked":["Armaments","Flame Barrier"],"picked":"Power Through","floor":5},{"not_picked":["Armaments","Rampage"],"picked":"Fire Breathing","floor":6},{"not_picked":["Clothesline","Shrug It Off"],"picked":"Thunderclap","floor":8},{"not_picked":["Havoc","Dropkick","Berserk"],"picked":"SKIP","floor":10},{"not_picked":["Flex","True Grit","Body Slam"],"picked":"SKIP","floor":12},{"not_picked":["Cleave","Thunderclap","Whirlwind"],"picked":"SKIP","floor":14},{"not_picked":["Double Tap","Fiend Fire"],"picked":"Reaper","floor":16},{"not_picked":["Ghostly Armor","Heavy Blade"],"picked":"Seeing Red+1","floor":18},{"not_picked":["Rampage","Hemokinesis"],"picked":"Shrug It Off+1","floor":20},{"not_picked":["Infernal Blade","Cleave"],"picked":"Wild Strike","floor":22},{"not_picked":["Anger","Thunderclap+1","Bloodletting"],"picked":"SKIP","floor":23},{"not_picked":["Disarm","Shrug It Off","Twin Strike+1"],"picked":"SKIP","floor":24},{"not_picked":["Entrench+1","Reaper"],"picked":"Rage","floor":27},{"not_picked":["Body Slam","Wild Strike","Double Tap"],"picked":"SKIP","floor":29},{"not_picked":["Twin Strike","True Grit"],"picked":"Seeing Red","floor":31},{"not_picked":["Berserk","Reaper"],"picked":"Fiend Fire","floor":33},{"not_picked":["Havoc","Infernal Blade"],"picked":"Battle Trance+1","floor":35},{"not_picked":["Entrench+1","Sword Boomerang"],"picked":"Shockwave+1","floor":37},{"not_picked":["Flex","Heavy Blade+1"],"picked":"Seeing Red+1","floor":38},{"not_picked":["Headbutt+1","True Grit"],"picked":"Shrug It Off+1","floor":39},{"not_picked":["Clash+1","Offering"],"picked":"Dark Embrace+1","floor":40},{"not_picked":["Perfected Strike","Reckless Charge+1"],"picked":"Ghostly Armor+1","floor":42},{"not_picked":["Warcry+1","Twin Strike"],"picked":"Bloodletting+1","floor":45},{"not_picked":["Hemokinesis","Brutality"],"picked":"Seeing Red","floor":47},{"not_picked":["Havoc+1","Pummel"],"picked":"Anger+1","floor":48}],"player_experience":177838,"relics_obtained":[{"floor":6,"key":"Ice Cream"},{"floor":9,"key":"Turnip"},{"floor":10,"key":"PreservedInsect"},{"floor":24,"key":"Pen Nib"},{"floor":26,"key":"Bag of Marbles"},{"floor":29,"key":"Blue Candle"},{"floor":30,"key":"Tiny Chest"},{"floor":40,"key":"Shovel"},{"floor":43,"key":"Lantern"},{"floor":47,"key":"Shuriken"}],"event_choices":[{"damage_healed":0,"gold_gain":75,"player_choice":"Gather Gold","damage_taken":11,"max_hp_gain":0,"max_hp_loss":0,"event_name":"World of Goop","floor":2,"gold_loss":0},{"damage_healed":0,"gold_gain":0,"player_choice":"Searched \u00272\u0027 times","damage_taken":0,"relics_obtained":["Ornamental Fan"],"max_hp_gain":0,"max_hp_loss":0,"event_name":"Dead Adventurer","floor":7,"gold_loss":0},{"damage_healed":20,"gold_gain":0,"player_choice":"Healed","damage_taken":0,"max_hp_gain":0,"max_hp_loss":0,"event_name":"The Cleric","floor":13,"gold_loss":35},{"damage_healed":0,"gold_gain":0,"player_choice":"1 cards matched","damage_taken":0,"max_hp_gain":0,"max_hp_loss":0,"event_name":"Match and Keep!","floor":19,"gold_loss":0,"cards_obtained":["Reaper"]},{"damage_healed":0,"gold_gain":99,"player_choice":"Stole From Cult","damage_taken":0,"max_hp_gain":0,"max_hp_loss":0,"event_name":"Nest","floor":21,"gold_loss":0},{"cards_removed":["Bludgeon"],"damage_healed":0,"gold_gain":0,"player_choice":"Gave Gold","damage_taken":0,"max_hp_gain":0,"max_hp_loss":0,"event_name":"Beggar","floor":25,"gold_loss":75},{"damage_healed":0,"gold_gain":0,"player_choice":"Upgrade","damage_taken":0,"relics_obtained":["Mark of the Bloom"],"max_hp_gain":0,"max_hp_loss":0,"event_name":"MindBloom","floor":46,"gold_loss":0,"cards_upgraded":["Bash","Metallicize","Perfected Strike","Power Through","Wild Strike","Power Through","Thunderclap","Reaper","Burning Pact","Intimidate","Corruption","Intimidate","Flex","Flame Barrier","Inflame","Wild Strike","Reaper","Wild Strike","Seeing Red","Power Through"]}],"is_beta":false,"boss_relics":[{"not_picked":["Runic Pyramid","Busted Crown"],"picked":"Pandora\u0027s Box"},{"not_picked":["Astrolabe","Velvet Choker"],"picked":"Philosopher\u0027s Stone"}],"items_purged_floors":[],"is_endless":false,"potions_floor_spawned":[7,8,12,16,20,24,27,37,42,47],"ascension_level":0}}