{"host":"8jwrv7sn1174lfer","time":1612861259,"event":{"mods":["BaseMod","Colored Map","Colored Powertips","Downfall","Highlight Path","Minty Spire (QoL Compilation)","StSLib"],"gold_per_floor":[113,133,83,83,83,115,40,72,72,86,98,98,109,126,126,228,228,216,232,108,124,124,152,152,185,210,235,235,235,252,267,267,372,372,383,383,115,132,182,207,207,207,207,107,117,130,162,174,174,174],"floor_reached":51,"language":"ENG","playtime":4054,"items_purged":["Pain","Strike_R","Strike_R"],"score":1228,"play_id":"6966c282-65e9-4236-a3e2-41734105f4b0","local_time":"20210209040059","is_ascension_mode":true,"campfire_choices":[{"data":"Perfected Strike","floor":12,"key":"SMITH"},{"data":"Rampage","floor":15,"key":"SMITH"},{"data":"Berserk","floor":24,"key":"SMITH"},{"data":"Armaments","floor":29,"key":"SMITH"},{"data":"Flame Barrier","floor":32,"key":"SMITH"},{"data":"Barricade","floor":41,"key":"SMITH"},{"data":"Panache","floor":49,"key":"SMITH"}],"circlet_count":0,"master_deck":["AscendersBane","Strike_R","Strike_R","Defend_R","Defend_R","Defend_R","Defend_R","Bash","Rampage+1","Feed","Pommel Strike","Shrug It Off","Berserk+1","Thunderclap","Flame Barrier+1","Headbutt","Shockwave","Ghostly","Ghostly","Ghostly","Ghostly","Ghostly","Barricade+1","Armaments+1","Body Slam+1","Ghostly Armor","True Grit","Pommel Strike","Entrench+1","Purity","Panache+1","Body Slam","Bloodletting"],"relics":["Burning Blood","NeowsBlessing","WarpedTongs","Meat on the Bone","Strawberry","Mummified Hand","Runic Pyramid","StoneCalendar","Red Skull","Boot","Ornamental Fan","Cursed Key","HornCleat","Torii","Smiling Mask","Turnip"],"acts_visited":["Exordium","TheCity","TheBeyond"],"potions_floor_usage":[8,13,19,27,33,39,50,50,50],"damage_taken":[{"damage":0,"enemies":"Jaw Worm","floor":1,"turns":1},{"damage":0,"enemies":"Small Slimes","floor":2,"turns":1},{"damage":0,"enemies":"Lagavulin","floor":6,"turns":1},{"damage":29,"enemies":"Gremlin Nob","floor":8,"turns":4},{"damage":0,"enemies":"Cultist","floor":10,"turns":4},{"damage":1,"enemies":"2 Fungi Beasts","floor":11,"turns":3},{"damage":8,"enemies":"3 Louse","floor":13,"turns":4},{"damage":1,"enemies":"Looter","floor":14,"turns":3},{"damage":72,"enemies":"Hexaghost","floor":16,"turns":12},{"damage":18,"enemies":"2 Thieves","floor":18,"turns":4},{"damage":12,"enemies":"Chosen","floor":19,"turns":4},{"damage":18,"enemies":"Snake Plant","floor":21,"turns":4},{"damage":43,"enemies":"Gremlin Leader","floor":23,"turns":8},{"damage":5,"enemies":"Slavers","floor":25,"turns":7},{"damage":4,"enemies":"Gremlin Leader","floor":27,"turns":7},{"damage":30,"enemies":"Shelled Parasite and Fungi","floor":30,"turns":8},{"damage":1,"enemies":"3 Cultists","floor":31,"turns":7},{"damage":4,"enemies":"Champ","floor":33,"turns":12},{"damage":7,"enemies":"Orb Walker","floor":35,"turns":4},{"damage":0,"enemies":"3 Shapes","floor":38,"turns":5},{"damage":0,"enemies":"Mind Bloom Boss Battle","floor":39,"turns":7},{"damage":2,"enemies":"Reptomancer","floor":40,"turns":7},{"damage":0,"enemies":"Jaw Worm Horde","floor":45,"turns":5},{"damage":2,"enemies":"Spire Growth","floor":46,"turns":7},{"damage":0,"enemies":"Giant Head","floor":47,"turns":7},{"damage":1,"enemies":"Maw","floor":48,"turns":7},{"damage":11,"enemies":"Donu and Deca","floor":50,"turns":9}],"seed_played":"-2155913009599576645","potions_obtained":[{"floor":6,"key":"hexamod:SoulburnPotion"},{"floor":8,"key":"Energy Potion"},{"floor":10,"key":"bronze:BurnAndBuffPotion"},{"floor":16,"key":"sneckomod:MuddlingPotion"},{"floor":18,"key":"SkillPotion"},{"floor":30,"key":"SkillPotion"},{"floor":33,"key":"bronze:BurnAndBuffPotion"},{"floor":38,"key":"Fire Potion"},{"floor":40,"key":"LiquidBronze"},{"floor":46,"key":"LiquidMemories"},{"floor":48,"key":"Weak Potion"}],"is_trial":false,"path_per_floor":["M","M","?","?","?","E","$","E","T","M","M","R","M","M","R","B",null,"M","M","$","M","?","E","R","E","T","E","?","R","M","M","R","B",null,"M","?","$","M","?","E","R","?","T","$","M","M","E","M","R","B",null],"character_chosen":"IRONCLAD","items_purchased":["Headbutt","True Grit","HornCleat","Body Slam"],"campfire_rested":0,"item_purchase_floors":[20,37,37,44],"current_hp_per_floor":[78,80,80,80,80,80,80,67,67,76,84,84,86,95,95,45,92,80,74,74,65,55,30,30,47,47,49,49,49,41,49,49,51,62,64,64,64,73,73,77,77,67,67,67,77,81,81,81,81,80],"gold":174,"neow_bonus":"THREE_ENEMY_KILL","is_daily":false,"chose_seed":false,"campfire_upgraded":7,"win_rate":0.0,"timestamp":1612861259,"path_taken":["M","M","?","?","?","E","$","E","T","M","M","R","?","M","R","BOSS","M","M","$","M","?","E","R","E","T","E","?","R","M","M","R","BOSS","M","?","$","M","?","E","R","?","T","?","?","M","E","M","R","BOSS"],"items_purchased_type":["Card","Card","Relic","Card"],"build_version":"2020-12-22","purchased_purges":3,"victory":true,"max_hp_per_floor":[80,80,80,80,80,80,80,90,90,93,96,96,100,104,104,108,108,108,108,108,111,55,55,55,59,59,59,59,59,63,66,66,66,66,69,69,69,73,73,77,77,77,77,77,81,81,81,81,81,85],"card_choices":[{"not_picked":["Body Slam","Headbutt"],"picked":"Rampage","floor":1},{"not_picked":["Havoc","Body Slam"],"picked":"Feed","floor":2},{"not_picked":["Body Slam","Warcry"],"picked":"Perfected Strike","floor":6},{"not_picked":["Iron Wave","Anger"],"picked":"Pommel Strike","floor":8},{"not_picked":["Sword Boomerang","Combust"],"picked":"Shrug It Off","floor":10},{"not_picked":["Heavy Blade","Rupture","Shrug It Off"],"picked":"SKIP","floor":11},{"not_picked":["Clothesline","Heavy Blade","Body Slam"],"picked":"SKIP","floor":13},{"not_picked":["Clash","Warcry","Cleave"],"picked":"SKIP","floor":14},{"not_picked":["Exhume","Brutality"],"picked":"Berserk","floor":16},{"not_picked":["Pommel Strike","Flex"],"picked":"Thunderclap","floor":18},{"not_picked":["Iron Wave+1","Sword Boomerang"],"picked":"Flame Barrier","floor":19},{"not_picked":["Inflame","Havoc+1"],"picked":"Shockwave","floor":21},{"not_picked":["Dark Embrace","Clash"],"picked":"Barricade","floor":23},{"not_picked":["Hemokinesis","Warcry"],"picked":"Armaments","floor":25},{"not_picked":["Disarm","Uppercut+1","Thunderclap"],"picked":"SKIP","floor":27},{"not_picked":["Wild Strike","Offering","Blood for Blood"],"picked":"SKIP","floor":30},{"not_picked":["Iron Wave","Rupture"],"picked":"Body Slam+1","floor":31},{"not_picked":["Fire Breathing","Armaments"],"picked":"Ghostly Armor","floor":35},{"not_picked":["Twin Strike+1","Cleave"],"picked":"Pommel Strike","floor":38},{"not_picked":["Fire Breathing+1","Pommel Strike+1"],"picked":"Entrench+1","floor":39},{"not_picked":["Sword Boomerang","Seeing Red","Flex"],"picked":"SKIP","floor":40},{"not_picked":["Sadistic Nature","Bandage Up"],"picked":"Purity","floor":42},{"not_picked":["Mind Blast","Forethought"],"picked":"Panache","floor":42},{"not_picked":["Pommel Strike","Pummel","Cleave"],"picked":"SKIP","floor":45},{"not_picked":["Perfected Strike","Cleave","Dual Wield+1"],"picked":"SKIP","floor":46},{"not_picked":["Headbutt+1","Searing Blow+1"],"picked":"Bloodletting","floor":47},{"not_picked":["Searing Blow+1","Cleave","Armaments+1"],"picked":"SKIP","floor":48}],"player_experience":728673,"relics_obtained":[{"floor":6,"key":"Meat on the Bone"},{"floor":8,"key":"Strawberry"},{"floor":9,"key":"Mummified Hand"},{"floor":23,"key":"StoneCalendar"},{"floor":25,"key":"Red Skull"},{"floor":26,"key":"Boot"},{"floor":27,"key":"Ornamental Fan"},{"floor":39,"key":"Torii"},{"floor":40,"key":"Smiling Mask"},{"floor":47,"key":"Turnip"}],"event_choices":[{"cards_removed":["Strike_R"],"damage_healed":0,"gold_gain":0,"player_choice":"Card Removal","damage_taken":0,"max_hp_gain":0,"max_hp_loss":0,"event_name":"The Cleric","floor":3,"gold_loss":50},{"damage_healed":0,"gold_gain":0,"player_choice":"Ignored","damage_taken":0,"max_hp_gain":0,"max_hp_loss":0,"event_name":"Liars Game","floor":4,"gold_loss":0},{"damage_healed":0,"gold_gain":0,"player_choice":"Rummage","damage_taken":0,"relics_obtained":["WarpedTongs"],"max_hp_gain":0,"max_hp_loss":0,"event_name":"Accursed Blacksmith","floor":5,"gold_loss":0,"cards_obtained":["Pain"]},{"damage_healed":0,"gold_gain":0,"player_choice":"Became a Ghost","damage_taken":0,"max_hp_gain":0,"max_hp_loss":56,"event_name":"Ghosts","floor":22,"gold_loss":0,"cards_obtained":["Ghostly","Ghostly","Ghostly","Ghostly","Ghostly"]},{"damage_healed":0,"gold_gain":0,"player_choice":"Ignored","damage_taken":0,"max_hp_gain":0,"max_hp_loss":0,"event_name":"Vampires","floor":28,"gold_loss":0},{"cards_removed":["Perfected Strike"],"damage_healed":0,"gold_gain":0,"player_choice":"Removed Attack","damage_taken":0,"max_hp_gain":0,"max_hp_loss":0,"event_name":"Falling","floor":36,"gold_loss":0},{"damage_healed":0,"gold_gain":0,"player_choice":"Fight","damage_taken":0,"max_hp_gain":0,"max_hp_loss":0,"event_name":"MindBloom","floor":39,"gold_loss":0},{"damage_healed":0,"gold_gain":0,"player_choice":"Memory 3","damage_taken":10,"max_hp_gain":0,"max_hp_loss":0,"event_name":"SensoryStone","floor":42,"gold_loss":0}],"is_beta":false,"boss_relics":[{"not_picked":["Empty Cage","Runic Dome"],"picked":"Runic Pyramid"},{"not_picked":["Coffee Dripper","expansioncontent:StudyCardRelic"],"picked":"Cursed Key"}],"items_purged_floors":[7,20,44],"is_endless":false,"potions_floor_spawned":[6,8,10,16,18,30,33,38,40,46,48],"ascension_level":10}}