{"host":"8brdtfc44ht6wmts","time":1612832923,"event":{"mods":["100% Spire Juice","ATMod(°¢èªMod)","Ascension Reborn","Aspiration","BaseMod","Energized Spire","Minty Spire (QoL Compilation)","Reliquary","Replay The Spire","Spicy Shops","StSLib","TestMod","The Construct","The Hierophant","²ÐÁôÖ®Îï"],"gold_per_floor":[99,99,160,1,78,78,78],"floor_reached":6,"language":"ZHS","playtime":404,"items_purged":[],"score":109,"play_id":"248357da-57db-4391-8d45-3c83f2b84018","local_time":"20210209090843","daily_mods":["Shiny","Blue Cards","Lethality"],"is_ascension_mode":false,"campfire_choices":[],"circlet_count":0,"master_deck":["Demon Form","Wraith Form v2","Echo Form","DevaForm","construct:SiegeForm","Moonworks:Blazing","hierophant:AuricForm","hierophant:Levitation","hierophant:LocustPlague","hierophant:Generosity","hierophant:DeathKnell","hierophant:Batter","hierophant:WrathOfGod","hierophant:BulkyChest","hierophant:Determination","hierophant:MintersHammer","hierophant:DivineIntervention","hierophant:Cornucopia","hierophant:Anathema","hierophant:Invocation","hierophant:Kindle","construct:GatlingGun","construct:HammerDown","construct:BatteryCore","construct:ShiftingStance","construct:SpinDrive","construct:LongRangeLance","construct:GoldenBullet","construct:ShieldBurst","construct:HastyRepair","construct:MassProduction","construct:Reserves","construct:ShieldGenerator","construct:MemoryTap","construct:PanicFire","construct:Multistage","construct:HyperBeam","construct:Bunker","construct:ClockworkEgg","Moonworks:AccelHyper","Moonworks:FinalBattle","Moonworks:Blazing","Moonworks:MetallicMonocoque","Moonworks:Gamble","Moonworks:WeAreWaruda","Moonworks:ShieldCounter","Moonworks:HolyNight","Moonworks:Accelerator","Moonworks:Encore","Moonworks:EvilMastermind","Moonworks:RocketCannon","Moonworks:MeltingMemories","Moonworks:CrystalBarrier","Moonworks:PlushieMaster","Moonworks:SubspaceTunnel","Moonworks:LeapThroughSpace","Moonworks:AnotherUltimateWeapon","Moonworks:Wanted","Moonworks:ReflectiveShell","Moonworks:GoAway","Moonworks:StarBlastingFuse","Moonworks:SinkOrSwim","Moonworks:OutOfAmmo","PlaceholderMod:DiffusionPoison","PlaceholderMod:Activation","PlaceholderMod:ReactionCatalyze","PlaceholderMod:FinalSpray","PlaceholderMod:QualitativeChange","PlaceholderMod:SelfCoupling","PlaceholderMod:Eat","PlaceholderMod:GrowthForm","PlaceholderMod:AbsorbTouch","PlaceholderMod:InnerSoften","PlaceholderMod:MultiReaction","PlaceholderMod:HornyCollision","PlaceholderMod:DoublePoint","PlaceholderMod:PericyclicReaction","PlaceholderMod:Inner","PlaceholderMod:Assimilation","PlaceholderMod:CorePoison","PlaceholderMod:BlastSpray","hierophant:Doubloon","hierophant:RecallFunds+1","construct:Accumulate","PlaceholderMod:StressReaction+1","PlaceholderMod:ComplexForm"],"relics":["PlaceholderMod:Tancle","AT_ATBox","replay:Trail_Library","testmod-TestBox","reliquary:HotPoker"],"acts_visited":["Exordium"],"potions_floor_usage":[],"damage_taken":[{"damage":0,"enemies":"Small Slimes","floor":3,"turns":2},{"damage":45,"enemies":"Cultist","floor":5,"turns":3},{"damage":25,"enemies":"3 Sentries","floor":6,"turns":4}],"seed_played":"3947792890455778262","potions_obtained":[],"is_trial":true,"path_per_floor":["?","WH","M","$","M","E"],"character_chosen":"THE_PLACEHOLDER","items_purchased":["PlaceholderMod:StressReaction+1","reliquary:HotPoker"],"campfire_rested":0,"item_purchase_floors":[4,4],"current_hp_per_floor":[78,78,78,78,33,0,0],"gold":78,"neow_bonus":"","is_daily":false,"chose_seed":false,"campfire_upgraded":0,"win_rate":0.0,"timestamp":1612832923,"path_taken":["?","WH","M","$","M","E"],"items_purchased_type":["Card","Relic"],"build_version":"2020-12-22","purchased_purges":0,"victory":false,"max_hp_per_floor":[78,78,78,78,78,78,78],"card_choices":[{"not_picked":["hierophant:Racketeering","Moonworks:Assault"],"picked":"construct:Accumulate","floor":3},{"not_picked":["hierophant:Sermon","construct:SuppressiveFire"],"picked":"PlaceholderMod:ComplexForm","floor":5}],"player_experience":21355,"relics_obtained":[],"event_choices":[],"is_beta":false,"boss_relics":[],"items_purged_floors":[],"is_endless":true,"potions_floor_spawned":[],"killed_by":"3 Sentries","ascension_level":0}}