{"host":"phy652c7lim9lcu2","time":1612851054,"event":{"mods":["BaseMod","Colored Powertips","Downfall","Googly Eyes","Hubris","Minty Spire (QoL Compilation)","Relic Stats","Spicy Shops","StSLib","everything is the same but u backflip on backflip"],"gold_per_floor":[117,135,135,210,210,237,237,271,323,323,334,334,31,50,50,153,153,170,170,170,170,187,187,220,236,262,69,69,69,69,104,104,104,104],"floor_reached":33,"language":"ENG","playtime":961,"items_purged":[],"score":502,"play_id":"38c06075-68a1-4e43-8778-105ddf8b499e","local_time":"20210209161054","is_ascension_mode":true,"campfire_choices":[{"data":"Creative AI","floor":7.0,"key":"SMITH"},{"floor":10.0,"key":"REST"},{"data":"Defragment","floor":15.0,"key":"SMITH"},{"data":"Coolheaded","floor":23.0,"key":"SMITH"},{"data":"Loop","floor":28.0,"key":"SMITH"},{"data":"Loop","floor":30.0,"key":"SMITH"},{"data":"hubris:DoWhile","floor":32.0,"key":"SMITH"}],"circlet_count":0,"master_deck":["AscendersBane","Defend_B","Defend_B","Defend_B","Zap","Dualcast","Go for the Eyes","Defragment+1","Creative AI+1","Cold Snap","Cold Snap","Coolheaded+1","Loop+1","Melter","Necronomicurse","Slimebound:Tackle+1","Slimebound:Tackle+1","Slimebound:Tackle+1","Conserve Battery","Biased Cognition","Loop+1","hubris:DoWhile+1"],"relics":["Cracked Core","NeowsBlessing","Pen Nib","hubris:SphereOfDissonance","MealTicket","Tiny Chest","Blue Candle","Cables","hubris:RunicObelisk","Necronomicon","Potion Belt","Dream Catcher","Orichalcum"],"acts_visited":["Exordium","TheCity"],"potions_floor_usage":[33],"damage_taken":[{"damage":0.0,"enemies":"2 Louse","floor":1.0,"turns":1.0},{"damage":0.0,"enemies":"Small Slimes","floor":2.0,"turns":1.0},{"damage":0.0,"enemies":"Lagavulin","floor":6.0,"turns":2.0},{"damage":42.0,"enemies":"3 Sentries","floor":8.0,"turns":8.0},{"damage":7.0,"enemies":"Jaw Worm","floor":11.0,"turns":3.0},{"damage":3.0,"enemies":"2 Fungi Beasts","floor":14.0,"turns":3.0},{"damage":13.0,"enemies":"Hexaghost","floor":16.0,"turns":11.0},{"damage":8.0,"enemies":"Spheric Guardian","floor":18.0,"turns":4.0},{"damage":7.0,"enemies":"Chosen","floor":22.0,"turns":4.0},{"damage":22.0,"enemies":"Gremlin Leader","floor":24.0,"turns":5.0},{"damage":0.0,"enemies":"Sentry and Sphere","floor":25.0,"turns":3.0},{"damage":13.0,"enemies":"Slavers","floor":31.0,"turns":7.0},{"damage":27,"enemies":"hubris:MusketHawk","floor":33,"turns":7}],"seed_played":"-4443098582295953605","potions_obtained":[{"floor":1.0,"key":"Weak Potion"},{"floor":8.0,"key":"FearPotion"},{"floor":31.0,"key":"Strength Potion"}],"is_trial":false,"path_per_floor":["M","M","?","?","?","E","R","E","T","R","M","?","$","M","R","B",null,"M","?","?","T","M","R","E","M","T","$","R","?","R","E","R","B"],"character_chosen":"DEFECT","items_purchased":["Cables","Coolheaded","Regen Potion","Block Potion","Loop"],"campfire_rested":1,"item_purchase_floors":[13,13,27,27,27],"current_hp_per_floor":[68,68,61,50,50,50,50,8,8,30,23,18,33,30,30,17,61,53,37,37,37,30,30,8,8,8,23,23,23,23,25,25,0,0],"gold":104,"neow_bonus":"THREE_ENEMY_KILL","is_daily":false,"chose_seed":false,"campfire_upgraded":6,"win_rate":0.0,"timestamp":1612851054,"path_taken":["M","M","?","?","?","E","R","E","T","R","M","?","$","M","R","BOSS","M","?","?","?","M","R","E","M","T","$","R","?","R","E","R","BOSS"],"items_purchased_type":["Relic","Card","Potion","Potion","Card"],"build_version":"2020-12-22","purchased_purges":0,"victory":false,"max_hp_per_floor":[75,75,75,75,75,75,75,75,75,75,75,75,75,75,75,75,75,75,75,75,75,75,75,75,75,75,75,75,75,75,75,75,75,75],"relic_stats":{"Dream Catcher":0,"counters":[13,59],"Blue Candle":[0],"MealTicket":30,"Tiny Chest":1,"Pen Nib":[8],"Necronomicon":[1],"Orichalcum":[12],"obtain_stats":[{"Potion Belt":24,"NeowsBlessing":0,"Blue Candle":12,"hubris:SphereOfDissonance":6,"Pen Nib":3,"hubris:RunicObelisk":17,"Orichalcum":31,"Cables":13,"Dream Catcher":26,"MealTicket":8,"Tiny Chest":9,"Necronomicon":19,"Cracked Core":0},{"Potion Belt":10,"NeowsBlessing":0,"Blue Candle":5,"hubris:SphereOfDissonance":3,"Pen Nib":2,"hubris:RunicObelisk":7,"Orichalcum":12,"Cables":5,"Dream Catcher":11,"MealTicket":4,"Tiny Chest":4,"Necronomicon":8,"Cracked Core":0},{"Potion Belt":42,"NeowsBlessing":0,"Blue Candle":15,"hubris:SphereOfDissonance":4,"Pen Nib":2,"hubris:RunicObelisk":29,"Orichalcum":52,"Cables":15,"Dream Catcher":45,"MealTicket":12,"Tiny Chest":12,"Necronomicon":33,"Cracked Core":0}],"Cables":[39,15,24,0,0]},"card_choices":[{"not_picked":["Consume","Stack","Sweeping Beam"],"picked":"SKIP","floor":1.0},{"not_picked":["FTL","Hologram"],"picked":"Go for the Eyes","floor":2.0},{"not_picked":["Rainbow","Amplify"],"picked":"Creative AI","floor":6.0},{"not_picked":["Turbo","Chaos"],"picked":"Cold Snap","floor":8.0},{"not_picked":["Rebound","Stack"],"picked":"Cold Snap","floor":11.0},{"not_picked":["Go for the Eyes","Compile Driver"],"picked":"Loop","floor":14.0},{"not_picked":["Leap","Compile Driver"],"picked":"Melter","floor":18.0},{"not_picked":["Streamline","Darkness"],"picked":"Conserve Battery","floor":22.0},{"not_picked":["Double Energy","Stack"],"picked":"Biased Cognition","floor":24.0},{"not_picked":["Beam Cell","Static Discharge","Gash"],"picked":"SKIP","floor":25.0},{"not_picked":["Scrape","Aggregate","Hello World"],"picked":"SKIP","floor":31.0}],"player_experience":313273,"relics_obtained":[{"floor":6.0,"key":"hubris:SphereOfDissonance"},{"floor":8.0,"key":"MealTicket"},{"floor":9.0,"key":"Tiny Chest"},{"floor":19.0,"key":"Necronomicon"},{"floor":24.0,"key":"Potion Belt"},{"floor":26.0,"key":"Dream Catcher"},{"floor":31.0,"key":"Orichalcum"}],"event_choices":[{"damage_healed":0.0,"max_hp_gain":0.0,"max_hp_loss":0.0,"gold_gain":0.0,"event_name":"Scrap Ooze","player_choice":"Success","floor":3.0,"gold_loss":0.0,"damage_taken":7.0,"relics_obtained":["Pen Nib"]},{"damage_healed":0.0,"max_hp_gain":0.0,"max_hp_loss":0.0,"gold_gain":75.0,"event_name":"World of Goop","player_choice":"Gather Gold","floor":4.0,"gold_loss":0.0,"damage_taken":11.0},{"damage_healed":0.0,"max_hp_gain":0.0,"max_hp_loss":0.0,"gold_gain":0.0,"event_name":"Cursed Tome","player_choice":"Obtained Book","floor":19.0,"gold_loss":0.0,"damage_taken":16.0},{"damage_healed":0.0,"max_hp_gain":0.0,"max_hp_loss":0.0,"gold_gain":0.0,"cards_transformed":["Defend_B"],"event_name":"Transmorgrifier","player_choice":"Transformed","floor":29.0,"gold_loss":0.0,"damage_taken":0.0,"cards_obtained":["hubris:DoWhile"]}],"is_beta":false,"boss_relics":[{"not_picked":["Runic Pyramid","Inserter"],"picked":"hubris:RunicObelisk"}],"items_purged_floors":[],"is_endless":false,"potions_floor_spawned":[1,8,11,14,18,22,31],"killed_by":"hubris:MusketHawk","ascension_level":12}}