{"host":"4jkyggjfmxcpengt","time":1612856501,"event":{"mods":["AchievementEnabler","BaseMod","Better Note","Block Reminder","Colored Powertips","Fiend Mod","Hermit","Minty Spire (QoL Compilation)","Quick Restart","Replay The Spire","SacredBarkPlus","StSLib","The Animator","Transform Curses","Unceasing Turn Reminder"],"gold_per_floor":[117,117,192,29,46,71,90,109,134,134,134,145,145,165,165,270,270,285,285,347,366,376,376,402,402,402,402,402,402],"floor_reached":28,"language":"SPA","playtime":869,"items_purged":[],"score":408,"play_id":"8a9874a0-e787-4a67-ba02-df940a1f5b57","local_time":"20210209084141","is_ascension_mode":true,"campfire_choices":[{"floor":10.0,"key":"REST"},{"data":"Apotheosis","floor":13.0,"key":"SMITH"},{"data":"Defragment","floor":15.0,"key":"SMITH"},{"floor":23.0,"key":"REST"},{"floor":25,"key":"REST"}],"circlet_count":0,"master_deck":["AscendersBane","Strike_B+1","Strike_B+1","Strike_B+1","Strike_B+1","Defend_B+1","Defend_B+1","Defend_B+1","Defend_B+1","Zap","Dualcast","Gash","Apotheosis+1","Coolheaded","ReplayTheSpireMod:Calculation Training","Defragment+1","Static Discharge","Echo Form","Gash+1","Gash","FIFO Queue","Chill","Double Energy"],"relics":["Cracked Core","NeowsBlessing","ReplayTheSpireMod:Lightbulb","Simple Rune","Runic Pyramid","ReplayFunnel","Bag of Marbles","Mummified Hand","Enchiridion"],"acts_visited":["Exordium","TheCity"],"potions_floor_usage":[28],"damage_taken":[{"damage":0.0,"enemies":"Jaw Worm","floor":1.0,"turns":1.0},{"damage":0.0,"enemies":"Small Slimes","floor":5.0,"turns":1.0},{"damage":0.0,"enemies":"Replay:BlueRogue","floor":6.0,"turns":1.0},{"damage":8.0,"enemies":"2 Louse","floor":7.0,"turns":3.0},{"damage":21.0,"enemies":"Lots of Slimes","floor":8.0,"turns":4.0},{"damage":12.0,"enemies":"2 Fungi Beasts","floor":12.0,"turns":4.0},{"damage":3.0,"enemies":"Blue Slaver","floor":14.0,"turns":3.0},{"damage":15.0,"enemies":"Hexaghost","floor":16.0,"turns":9.0},{"damage":12.0,"enemies":"Chosen","floor":18.0,"turns":5.0},{"damage":10.0,"enemies":"2 Thieves","floor":21.0,"turns":3.0},{"damage":1.0,"enemies":"Centurion and Healer","floor":22.0,"turns":5.0},{"damage":33,"enemies":"Slavers","floor":24,"turns":7},{"damage":0,"enemies":"Snake Plant","floor":28,"turns":1}],"seed_played":"2455379971441330485","potions_obtained":[{"floor":12.0,"key":"AttackPotion"},{"floor":14.0,"key":"Block Potion"},{"floor":21.0,"key":"Fire Potion"},{"floor":24,"key":"Swift Potion"}],"is_trial":false,"path_per_floor":["M","$","?","$","M","E","M","M","T","R","?","M","R","M","R","B",null,"M","?","?","M","M","R","E","R","T","?","M"],"character_chosen":"DEFECT","items_purchased":["Apotheosis"],"campfire_rested":3,"item_purchase_floors":[4],"current_hp_per_floor":[68,68,57,57,57,57,49,28,28,50,55,43,43,40,40,25,66,54,54,22,12,11,35,2,26,26,10,10,10],"gold":402,"neow_bonus":"THREE_ENEMY_KILL","is_daily":false,"chose_seed":false,"campfire_upgraded":2,"win_rate":0.0,"timestamp":1612856501,"path_taken":["M","$","?","$","M","E","M","M","T","R","?","M","R","M","R","BOSS","M","?","?","M","?","R","E","R","T","?","M"],"items_purchased_type":["Card"],"build_version":"2020-12-22","purchased_purges":0,"victory":false,"max_hp_per_floor":[75,75,75,75,75,75,75,75,75,75,80,80,80,80,80,80,80,80,80,80,80,80,80,80,80,80,80,80,80],"card_choices":[{"not_picked":["Stack","Darkness"],"picked":"Gash","floor":1.0},{"not_picked":["FIFO Queue","Stack"],"picked":"Coolheaded","floor":5.0},{"not_picked":["Reboot","Fission"],"picked":"ReplayTheSpireMod:Calculation Training","floor":6.0},{"not_picked":["Beam Cell","Rebound","Panic Button"],"picked":"SKIP","floor":7.0},{"not_picked":["Skim","Gash"],"picked":"Defragment","floor":8.0},{"not_picked":["Leap","Undo","Sweeping Beam"],"picked":"SKIP","floor":12.0},{"not_picked":["Compile Driver","Redo"],"picked":"Static Discharge","floor":14.0},{"not_picked":["Creative AI","Multi-Cast"],"picked":"Echo Form","floor":16.0},{"not_picked":["White Noise","Steam+1"],"picked":"Gash+1","floor":18.0},{"not_picked":["Redo","Leap"],"picked":"Gash","floor":20.0},{"not_picked":["Consume","Beam Cell+1"],"picked":"FIFO Queue","floor":21.0},{"not_picked":["Streamline","Ball Lightning"],"picked":"Chill","floor":22.0},{"not_picked":["ReplayTheSpireMod:Omega Cannon","Steam"],"picked":"Double Energy","floor":24}],"player_experience":1028817,"relics_obtained":[{"floor":6.0,"key":"ReplayTheSpireMod:Lightbulb"},{"floor":9.0,"key":"Simple Rune"},{"floor":20.0,"key":"ReplayFunnel"},{"floor":24,"key":"Bag of Marbles"},{"floor":26,"key":"Mummified Hand"},{"floor":27,"key":"Enchiridion"}],"event_choices":[{"damage_healed":0.0,"max_hp_gain":0.0,"max_hp_loss":0.0,"gold_gain":75.0,"event_name":"World of Goop","player_choice":"Gather Gold","floor":3.0,"gold_loss":0.0,"damage_taken":11.0},{"damage_healed":0.0,"max_hp_gain":5.0,"max_hp_loss":0.0,"gold_gain":0.0,"event_name":"Big Fish","player_choice":"Donut","floor":11.0,"gold_loss":0.0,"damage_taken":0.0},{"damage_healed":0.0,"max_hp_gain":0.0,"max_hp_loss":0.0,"gold_gain":0.0,"event_name":"Back to Basics","player_choice":"Simplicity","floor":19.0,"gold_loss":0.0,"damage_taken":0.0,"cards_upgraded":["Strike_B","Strike_B","Strike_B","Strike_B","Defend_B","Defend_B","Defend_B","Defend_B"]},{"damage_healed":0,"gold_gain":0,"player_choice":"Obtained Book","damage_taken":16,"max_hp_gain":0,"max_hp_loss":0,"event_name":"Cursed Tome","floor":27,"gold_loss":0}],"is_beta":false,"boss_relics":[{"not_picked":["Tiny House","Philosopher\u0027s Stone"],"picked":"Runic Pyramid"}],"items_purged_floors":[],"is_endless":false,"potions_floor_spawned":[12,14,21,24],"killed_by":"Snake Plant","ascension_level":11}}