{"host":"p1xsuo25udtrkbq2","time":1612910505,"event":{"mods":["BaseMod","Colored Map","Googly Eyes","Highlight Path","Minty Spire (QoL Compilation)","Quick Restart","Rare Cards Sparkle","Relic Stats","Slay the Relics Exporter","StSLib","everything is the same but u backflip on backflip"],"gold_per_floor":[115,133,133,145,163,191,46,46,69,69,69,113,129,29,29,150,150,133,223,236,17,35,79,102,102,102,118,118,159,159,202,202,321,321,321,321,344,344,362,362,393,393,393,433,433,119,144,1,1,1,1,1,1,40,40,40],"floor_reached":55,"language":"ENG","playtime":10027,"items_purged":["Strike_B","Strike_B","Hello World+1"],"score":1190,"play_id":"7992838d-5c47-47ad-ba2c-ecf1dcf8b1cd","local_time":"20210209174145","is_ascension_mode":true,"campfire_choices":[{"floor":8.0,"key":"REST"},{"data":"Glacier","floor":11.0,"key":"SMITH"},{"data":"Consume","floor":15.0,"key":"SMITH"},{"floor":25,"key":"REST"},{"data":"Biased Cognition","floor":28,"key":"SMITH"},{"data":"Hello World","floor":32,"key":"SMITH"},{"data":"Echo Form","floor":40,"key":"SMITH"},{"data":"Sunder","floor":42,"key":"SMITH"},{"data":"Fusion","floor":45,"key":"SMITH"},{"floor":49,"key":"RECALL"},{"data":"Capacitor","floor":52,"key":"SMITH"}],"circlet_count":0,"master_deck":["AscendersBane","Zap","Dualcast","Beam Cell","Rebound","Glacier+1","Cold Snap","Go for the Eyes","Static Discharge","Stack","Consume+1","Biased Cognition+1","Fission+1","Genetic Algorithm","Compile Driver","Reboot","Sunder+1","Cold Snap+1","Sweeping Beam+1","Core Surge","Stack+1","Turbo+1","Melter+1","Beam Cell+1","Echo Form+1","Hologram+1","Thinking Ahead","Panacea","Recycle+1","BootSequence","Fusion+1","Capacitor+1","Storm+1"],"relics":["Cracked Core","Torii","FaceOfCleric","Dream Catcher","PreservedInsect","Golden Idol","Bag of Marbles","Pandora\u0027s Box","Oddly Smooth Stone","Boot","Pen Nib","Ancient Tea Set","Runic Pyramid","Gremlin Horn","White Beast Statue","Toolbox","Runic Capacitor","HornCleat"],"acts_visited":["Exordium","TheCity","TheBeyond","TheEnding"],"potions_floor_usage":[23,29,31,31,33,35,47,50,54,54,54,54,55],"damage_taken":[{"damage":1.0,"enemies":"Jaw Worm","floor":1.0,"turns":3.0},{"damage":1.0,"enemies":"Cultist","floor":2.0,"turns":3.0},{"damage":0.0,"enemies":"2 Louse","floor":4.0,"turns":2.0},{"damage":27.0,"enemies":"Exordium Thugs","floor":5.0,"turns":5.0},{"damage":20.0,"enemies":"Gremlin Nob","floor":6.0,"turns":5.0},{"damage":12.0,"enemies":"3 Sentries","floor":12.0,"turns":9.0},{"damage":1.0,"enemies":"2 Fungi Beasts","floor":13.0,"turns":4.0},{"damage":21.0,"enemies":"The Guardian","floor":16.0,"turns":19.0},{"damage":36.0,"enemies":"2 Thieves","floor":18.0,"turns":4.0},{"damage":0.0,"enemies":"3 Byrds","floor":20.0,"turns":7.0},{"damage":1.0,"enemies":"3 Cultists","floor":22.0,"turns":5.0},{"damage":1,"enemies":"Book of Stabbing","floor":23,"turns":6},{"damage":1,"enemies":"Centurion and Healer","floor":24,"turns":9},{"damage":9,"enemies":"Snake Plant","floor":27,"turns":4},{"damage":1,"enemies":"Slavers","floor":29,"turns":5},{"damage":13,"enemies":"Book of Stabbing","floor":31,"turns":4},{"damage":31,"enemies":"Collector","floor":33,"turns":8},{"damage":0,"enemies":"3 Darklings","floor":35,"turns":1},{"damage":0,"enemies":"Orb Walker","floor":37,"turns":2},{"damage":0,"enemies":"Jaw Worm Horde","floor":39,"turns":4},{"damage":1,"enemies":"Nemesis","floor":41,"turns":5},{"damage":0,"enemies":"Reptomancer","floor":44,"turns":4},{"damage":6,"enemies":"Sphere and 2 Shapes","floor":47,"turns":5},{"damage":18,"enemies":"Awakened One","floor":50,"turns":12},{"damage":38,"enemies":"Shield and Spear","floor":54,"turns":5},{"damage":37,"enemies":"The Heart","floor":55,"turns":5}],"seed_played":"-7680037156961986805","potions_obtained":[{"floor":1.0,"key":"Strength Potion"},{"floor":4.0,"key":"SpeedPotion"},{"floor":6.0,"key":"FearPotion"},{"floor":18.0,"key":"GamblersBrew"},{"floor":27,"key":"Swift Potion"},{"floor":29,"key":"EntropicBrew"},{"floor":33,"key":"EntropicBrew"},{"floor":39,"key":"AttackPotion"},{"floor":41,"key":"Energy Potion"},{"floor":47,"key":"PotionOfCapacity"},{"floor":54,"key":"SteroidPotion"}],"is_trial":false,"path_per_floor":["M","M","?","M","M","E","$","R","T","?","R","E","M","$","R","B",null,"M","?","M","$","M","E","M","R","T","M","R","E","?","E","R","B",null,"M","?","M","?","M","R","E","R","T","E","R","$","M","$","R","B",null,"R","$","E","B"],"character_chosen":"DEFECT","items_purchased":["Static Discharge","Core Surge","PotionOfCapacity","Capacitor","Toolbox","Runic Capacitor"],"campfire_rested":2,"item_purchase_floors":[7,21,21,46,46,48],"current_hp_per_floor":[67,66,66,67,41,22,22,43,43,43,43,32,32,32,32,12,55,20,8,9,9,9,9,9,31,31,23,23,23,48,36,36,21,64,65,65,66,61,62,62,62,62,62,63,63,63,58,58,58,41,74,74,74,37,0,0],"gold":40,"neow_bonus":"ONE_RARE_RELIC","is_daily":false,"chose_seed":false,"campfire_upgraded":8,"win_rate":0.0,"timestamp":1612910505,"path_taken":["M","M","?","M","?","E","$","R","T","?","R","E","M","$","R","BOSS","M","?","M","$","M","E","M","R","T","?","R","E","?","E","R","BOSS","M","?","?","?","M","R","E","R","T","E","R","$","M","$","R","BOSS","R","$","E","BOSS"],"items_purchased_type":["Card","Card","Potion","Card","Relic","Relic"],"build_version":"2020-12-22","purchased_purges":3,"victory":false,"max_hp_per_floor":[68,68,68,69,70,71,71,71,71,66,66,67,68,68,68,69,69,70,70,71,71,72,73,74,74,74,75,75,76,76,77,77,78,78,79,79,80,80,81,81,82,82,82,83,83,83,84,84,84,85,85,85,85,86,86,86],"relic_stats":{"Dream Catcher":2,"Torii":34,"FaceOfCleric":23,"Gremlin Horn":[10,10],"counters":[26,145],"Golden Idol":169,"Pandora\u0027s Box":["Fission","Genetic Algorithm","Hello World","Compile Driver","Reboot","Sunder"],"PreservedInsect":357,"Pen Nib":[13],"Boot":[64],"obtain_stats":[{"Torii":0,"Gremlin Horn":41,"Golden Idol":10,"Oddly Smooth Stone":23,"PreservedInsect":9,"Pen Nib":29,"Runic Capacitor":48,"Boot":26,"Ancient Tea Set":31,"White Beast Statue":44,"Dream Catcher":6,"HornCleat":54,"FaceOfCleric":3,"Toolbox":46,"Pandora\u0027s Box":17,"Bag of Marbles":12,"Cracked Core":0,"Runic Pyramid":34},{"Torii":0,"Gremlin Horn":21,"Golden Idol":5,"Oddly Smooth Stone":12,"PreservedInsect":5,"Pen Nib":15,"Runic Capacitor":23,"Boot":13,"Ancient Tea Set":16,"White Beast Statue":22,"Dream Catcher":5,"HornCleat":25,"FaceOfCleric":2,"Toolbox":22,"Pandora\u0027s Box":8,"Bag of Marbles":6,"Cracked Core":0,"Runic Pyramid":17},{"Torii":0,"Gremlin Horn":114,"Golden Idol":18,"Oddly Smooth Stone":72,"PreservedInsect":18,"Pen Nib":90,"Runic Capacitor":123,"Boot":81,"Ancient Tea Set":94,"White Beast Statue":118,"Dream Catcher":18,"HornCleat":140,"FaceOfCleric":6,"Toolbox":118,"Pandora\u0027s Box":50,"Bag of Marbles":27,"Cracked Core":0,"Runic Pyramid":102}]},"card_choices":[{"not_picked":["Hello World","Streamline"],"picked":"Beam Cell","floor":1.0},{"not_picked":["Scrape","Beam Cell"],"picked":"Rebound","floor":2.0},{"not_picked":["Rip and Tear","Gash"],"picked":"Glacier","floor":4.0},{"not_picked":["Steam","Hologram"],"picked":"Cold Snap","floor":5.0},{"not_picked":["Gash","Redo"],"picked":"Go for the Eyes","floor":6.0},{"not_picked":["Scrape","White Noise"],"picked":"Stack","floor":8.0},{"not_picked":["Scrape","Conserve Battery"],"picked":"Consume","floor":12.0},{"not_picked":["Hologram","Beam Cell","Barrage"],"picked":"SKIP","floor":13.0},{"not_picked":["All For One","Thunder Strike"],"picked":"Biased Cognition","floor":16.0},{"not_picked":["Tempest","Redo"],"picked":"Cold Snap+1","floor":18.0},{"not_picked":["Leap","Cold Snap+1"],"picked":"Sweeping Beam+1","floor":20.0},{"not_picked":["Rebound","Beam Cell"],"picked":"Stack+1","floor":22.0},{"not_picked":["Compile Driver","Meteor Strike","Storm"],"picked":"SKIP","floor":23},{"not_picked":["Gash","Ball Lightning"],"picked":"Turbo+1","floor":24},{"not_picked":["Conserve Battery+1","Gash"],"picked":"Melter+1","floor":25},{"not_picked":["Beam Cell","Barrage","Redo"],"picked":"SKIP","floor":27},{"not_picked":["Stack","Heatsinks","Redo"],"picked":"SKIP","floor":29},{"not_picked":["Compile Driver","Conserve Battery"],"picked":"Beam Cell+1","floor":31},{"not_picked":["Fission","Biased Cognition"],"picked":"Echo Form","floor":33},{"not_picked":["Skim","Leap+1"],"picked":"Hologram+1","floor":37},{"not_picked":["Bandage Up","Transmutation"],"picked":"Thinking Ahead","floor":38},{"not_picked":["Sadistic Nature","Purity"],"picked":"Panacea","floor":38},{"not_picked":["Steam","Skim+1"],"picked":"Recycle+1","floor":39},{"not_picked":["Tempest","Sweeping Beam"],"picked":"BootSequence","floor":41},{"not_picked":["Go for the Eyes+1","Leap"],"picked":"Fusion","floor":44},{"not_picked":["BootSequence+1","Ball Lightning","Steam+1"],"picked":"SKIP","floor":47},{"not_picked":["Heatsinks","Streamline+1"],"picked":"Storm+1","floor":54}],"player_experience":1039273,"relics_obtained":[{"floor":6.0,"key":"Dream Catcher"},{"floor":9.0,"key":"PreservedInsect"},{"floor":12.0,"key":"Bag of Marbles"},{"floor":23,"key":"Oddly Smooth Stone"},{"floor":26,"key":"Boot"},{"floor":29,"key":"Pen Nib"},{"floor":31,"key":"Ancient Tea Set"},{"floor":41,"key":"Gremlin Horn"},{"floor":44,"key":"White Beast Statue"},{"floor":54,"key":"HornCleat"}],"event_choices":[{"damage_healed":0.0,"max_hp_gain":0.0,"max_hp_loss":0.0,"gold_gain":0.0,"event_name":"FaceTrader","player_choice":"Trade","floor":3.0,"gold_loss":0.0,"damage_taken":0.0,"relics_obtained":["FaceOfCleric"]},{"damage_healed":0.0,"max_hp_gain":0.0,"max_hp_loss":5.0,"gold_gain":0.0,"event_name":"Golden Idol","player_choice":"Lose Max HP","floor":10.0,"gold_loss":0.0,"damage_taken":0.0,"relics_obtained":["Golden Idol"]},{"damage_healed":0.0,"max_hp_gain":0.0,"max_hp_loss":0.0,"gold_gain":90.0,"event_name":"Knowing Skull","player_choice":"GOLD ","floor":19.0,"potions_obtained":[],"gold_loss":0.0,"damage_taken":12.0,"cards_obtained":[]},{"damage_healed":25,"gold_gain":0,"player_choice":"Heal","damage_taken":0,"max_hp_gain":0,"max_hp_loss":0,"event_name":"The Library","floor":30,"gold_loss":0},{"damage_healed":0,"gold_gain":0,"player_choice":"Upgraded","damage_taken":0,"max_hp_gain":0,"max_hp_loss":0,"event_name":"Upgrade Shrine","floor":36,"gold_loss":0,"cards_upgraded":["Fission"]},{"damage_healed":0,"gold_gain":0,"player_choice":"Memory 2","damage_taken":5,"max_hp_gain":0,"max_hp_loss":0,"event_name":"SensoryStone","floor":38,"gold_loss":0}],"is_beta":false,"boss_relics":[{"not_picked":["Tiny House","SlaversCollar"],"picked":"Pandora\u0027s Box"},{"not_picked":["Astrolabe","Runic Dome"],"picked":"Runic Pyramid"}],"items_purged_floors":[7,14,46],"is_endless":false,"potions_floor_spawned":[1,4,6,18,20,27,29,33,39,41,47,54],"killed_by":"The Heart","ascension_level":10}}