{"host":"68ypu360vyldwzrz","time":1612839142,"event":{"mods":["Act Like it!","BaseMod","Better Note","Better Third Choice","Better Vampires","BetterRewards","CapriCore","Downfall","Friendly Minions","GifTheSpireLib","Hermit","Hero for Fun","Hubris","Jorbs\u0027s Wanderer Trilogy","Luminous","Marisa????????","Minty Spire (QoL Compilation)","Quick Restart","Rare Cards Sparkle","Relic Stats","Remilia??????","Shade Mod","Shop Mod","StSLib","Td1madao Mod","The Administrix","The Alterego","The Cursed","The Hierophant","The Immortal","The Necromancer","The Senshi","The Servant 0.9.4","TheVacant","Wandering Minibosses"],"gold_per_floor":[99,116,136,136,136,136,136,36,53,70,70,87,187,206,216,216,216],"floor_reached":16,"language":"ENG","playtime":1319,"items_purged":[],"score":124,"play_id":"4d983437-0d1a-4a78-bc16-e4b9cc5cfb12","local_time":"20210208205222","is_ascension_mode":true,"campfire_choices":[{"data":"Negative_Energy_Arrows","floor":1,"key":"SMITH"},{"data":"Summon_Lich","floor":6,"key":"SMITH"},{"floor":8,"key":"RECALL"},{"data":"Summon_Undead_Army","floor":11,"key":"SMITH"}],"circlet_count":0,"master_deck":["Strike_W+1","Strike_W+1","Strike_W","Defend_W","Defend_W","Defend_W","Defend_W","Negative_Energy_Arrows+1","Bone_Wall","Summon_Lich","Negative_Energy_Shield","Summon_Undead_Army+1","Summon_Lich+1","Blood_Curse","Death_Coil","Chill_Blood","Negative_Energy_Arrows","Toxic_Smoke_Screen","Life_Tap","Requiem","Swift Strike","downfall:Bewildered","Siphon_Strength","Exploit","Spectral_Walk"],"relics":["Vampire_Amulet","DollysMirror","Whetstone","downfall:HeartBlessingBlue","downfall:GremlinSack"],"acts_visited":["Exordium"],"potions_floor_usage":[15,16,16],"damage_taken":[{"damage":0,"enemies":"Small Slimes","floor":2,"turns":3},{"damage":1,"enemies":"Cultist","floor":3,"turns":5},{"damage":7,"enemies":"Jaw Worm","floor":9,"turns":5},{"damage":5,"enemies":"Exordium Wildlife","floor":10,"turns":5},{"damage":10,"enemies":"3 Louse","floor":12,"turns":2},{"damage":46,"enemies":"3 Louse","floor":13,"turns":6},{"damage":2,"enemies":"Blue Slaver","floor":14,"turns":5},{"damage":10,"enemies":"Exordium Wildlife","floor":15,"turns":3},{"damage":16,"enemies":"WA_ARCHETYPE_RETAIN","floor":16,"turns":4}],"seed_played":"4964790373637457813","potions_obtained":[{"floor":2,"key":"DuplicationPotion"},{"floor":3,"key":"ColorlessPotion"},{"floor":9,"key":"Guardian:BlockOnCardUsePotion"}],"is_trial":false,"path_per_floor":["R","M","M","?","$","R","T","R","M","M","R","M","?","M","M","B"],"character_chosen":"NECROMANCER","items_purchased":["DollysMirror","Whetstone"],"campfire_rested":0,"item_purchase_floors":[5,5],"current_hp_per_floor":[82,82,82,82,62,62,62,72,67,66,66,62,20,20,14,0,0],"gold":216,"neow_bonus":"TEN_PERCENT_HP_BONUS","is_daily":false,"chose_seed":false,"campfire_upgraded":3,"win_rate":0.0,"timestamp":1612839142,"path_taken":["R","M","M","?","?","R","T","R","M","M","R","?","?","?","M","BOSS"],"items_purchased_type":["Relic","Relic"],"build_version":"2020-12-22","purchased_purges":0,"victory":false,"max_hp_per_floor":[82,82,82,82,82,82,82,92,92,92,92,92,92,92,92,92,92],"relic_stats":{"counters":[9,38],"Whetstone":["Strike_W","Strike_W"],"obtain_stats":[{"downfall:GremlinSack":13,"DollysMirror":5,"downfall:HeartBlessingBlue":8,"Vampire_Amulet":0,"Whetstone":5},{"downfall:GremlinSack":6,"DollysMirror":2,"downfall:HeartBlessingBlue":2,"Vampire_Amulet":0,"Whetstone":2},{"downfall:GremlinSack":26,"DollysMirror":8,"downfall:HeartBlessingBlue":8,"Vampire_Amulet":0,"Whetstone":8}]},"card_choices":[{"not_picked":["Finger_Of_Death","Blood_Shield"],"picked":"Summon_Lich","floor":2},{"not_picked":["Bone_Spikes","Bones_to_Steel"],"picked":"Negative_Energy_Shield","floor":3},{"not_picked":["Bone_Spikes","Strike_from_Beyond"],"picked":"Blood_Curse","floor":9},{"not_picked":["Stop_Heart","Summon_Undead"],"picked":"Death_Coil","floor":10},{"not_picked":["Scare","Blood_Is_Power"],"picked":"Chill_Blood","floor":12},{"not_picked":["Negative_Energy_Javelin","Death_Coil"],"picked":"Siphon_Strength","floor":13},{"not_picked":["Blood_Curse","Bone_Shift"],"picked":"Exploit","floor":14},{"not_picked":["Bone_Armor","Corrupt"],"picked":"Spectral_Walk","floor":15}],"player_experience":399171,"relics_obtained":[{"floor":13,"key":"downfall:GremlinSack"}],"event_choices":[],"is_beta":false,"boss_relics":[],"items_purged_floors":[],"is_endless":false,"potions_floor_spawned":[2,3,9,14],"killed_by":"WA_ARCHETYPE_RETAIN","ascension_level":1}}