{"host":"zlryddw6xv0ljf8b","time":1612905248,"event":{"mods":["AchievementEnabler","BaseMod","Colored Map","Colored Powertips","Highlight Path","Minty Spire (QoL Compilation)","Permanent Neow","Quick Restart","StSLib"],"gold_per_floor":[111,127,127,127,50,50,50,50,50,80,98,125,125,139,139,237,237,221,320,340,61,61,61,76,76,76,76,93,93,113,148,148,243,243,256,269,1268,1268,764,764,764,774,845,880,893,893,32,44,44,44],"floor_reached":51,"language":"ENG","playtime":5182,"items_purged":["Strike_G","Normality","Normality"],"score":907,"play_id":"c01e7559-0c4e-4a07-8085-880b573363b6","local_time":"20210209151408","is_ascension_mode":true,"campfire_choices":[{"data":"Tools of the Trade","floor":6,"key":"SMITH"},{"floor":8,"key":"REST"},{"floor":13,"key":"REST"},{"floor":15,"key":"REST"},{"floor":23,"key":"REST"},{"data":"Blade Dance","floor":25,"key":"SMITH"},{"floor":27,"key":"REST"},{"data":"Neutralize","floor":32,"key":"SMITH"},{"floor":40,"key":"REST"},{"data":"Caltrops","floor":46,"key":"SMITH"},{"data":"Footwork","floor":49,"key":"SMITH"}],"circlet_count":0,"master_deck":["Strike_G","Defend_G","Defend_G","Defend_G","Defend_G","Defend_G+1","Survivor+1","Neutralize+1","Tools of the Trade+1","Setup+1","Flying Knee","Dagger Throw","Caltrops+1","Quick Slash","Blade Dance+1","Sucker Punch","After Image","Backflip","Deflect","After Image","Cloak And Dagger","PiercingWail","Escape Plan","Heel Hook","After Image","Storm of Steel","Footwork+1","Blade Dance+1","Quick Slash+1","Blur+1","Flechettes"],"relics":["Ring of the Snake","War Paint","Turnip","Dream Catcher","Bottled Tornado","Runic Pyramid","DollysMirror","Matryoshka","Pantograph","Busted Crown","Calipers","Centennial Puzzle","HornCleat","Orichalcum","Frozen Egg 2","Orrery","Ninja Scroll"],"acts_visited":["Exordium","TheCity","TheBeyond"],"potions_floor_usage":[10,14,16,33,33,42,48,50,50],"damage_taken":[{"damage":0.0,"enemies":"2 Louse","floor":1.0,"turns":4.0},{"damage":0.0,"enemies":"Small Slimes","floor":2.0,"turns":4.0},{"damage":16,"enemies":"Lagavulin","floor":10,"turns":8},{"damage":0,"enemies":"Cultist","floor":11,"turns":3},{"damage":42,"enemies":"3 Sentries","floor":12,"turns":12},{"damage":16,"enemies":"Large Slime","floor":14,"turns":5},{"damage":7,"enemies":"Hexaghost","floor":16,"turns":9},{"damage":10,"enemies":"2 Thieves","floor":18,"turns":4},{"damage":2,"enemies":"Chosen","floor":20,"turns":6},{"damage":10,"enemies":"Shelled Parasite and Fungi","floor":24,"turns":7},{"damage":0,"enemies":"Centurion and Healer","floor":28,"turns":9},{"damage":5,"enemies":"Cultist and Chosen","floor":30,"turns":9},{"damage":11,"enemies":"Book of Stabbing","floor":31,"turns":6},{"damage":35,"enemies":"Champ","floor":33,"turns":25},{"damage":35,"enemies":"3 Darklings","floor":35,"turns":8},{"damage":12,"enemies":"3 Shapes","floor":36,"turns":8},{"damage":1,"enemies":"Writhing Mass","floor":42,"turns":17},{"damage":2,"enemies":"Reptomancer","floor":44,"turns":10},{"damage":16,"enemies":"3 Darklings","floor":45,"turns":7},{"damage":1,"enemies":"Jaw Worm Horde","floor":48,"turns":5},{"damage":3,"enemies":"Time Eater","floor":50,"turns":20}],"seed_played":"8559955206422382600","potions_obtained":[{"floor":1.0,"key":"LiquidBronze"},{"floor":2.0,"key":"DistilledChaos"},{"floor":12,"key":"Swift Potion"},{"floor":18,"key":"SpeedPotion"},{"floor":24,"key":"SpeedPotion"},{"floor":42,"key":"Block Potion"},{"floor":48,"key":"AttackPotion"}],"is_trial":false,"path_per_floor":["M","M","?","?","$","R","?","R","T","E","M","E","R","M","R","B",null,"M","?","M","$","?","R","M","R","T","R","M","?","M","E","R","B",null,"M","M","?","?","$","R","?","M","T","E","M","R","$","M","R","B",null],"character_chosen":"THE_SILENT","items_purchased":["Caltrops","DollysMirror","Cloak And Dagger","Calipers","SkillPotion","Dexterity Potion","Frozen Egg 2","Orrery","Flechettes","Ninja Scroll"],"campfire_rested":6,"item_purchase_floors":[5,21,21,39,39,39,47,47,47,47],"current_hp_per_floor":[45,45,45,38,38,38,38,59,59,43,43,1,22,6,27,20,58,48,48,46,46,46,67,57,57,57,70,70,70,65,54,54,35,61,26,14,14,14,14,35,61,60,60,58,42,42,42,41,41,58],"gold":44,"neow_bonus":"TRANSFORM_TWO_CARDS","is_daily":false,"chose_seed":false,"campfire_upgraded":5,"win_rate":0.0,"timestamp":1612905248,"path_taken":["M","M","?","?","$","R","?","R","T","E","?","E","R","M","R","BOSS","M","?","M","$","?","R","M","R","T","R","?","?","M","E","R","BOSS","M","M","?","?","$","R","?","?","T","E","M","R","$","M","R","BOSS"],"items_purchased_type":["Card","Relic","Card","Relic","Potion","Potion","Relic","Relic","Card","Relic"],"build_version":"2020-12-22","purchased_purges":3,"victory":true,"max_hp_per_floor":[70,70,70,70,70,70,70,70,70,70,70,70,70,70,70,70,70,70,70,70,70,70,70,70,70,70,70,70,70,70,70,70,70,70,70,70,70,70,70,70,61,61,61,61,61,61,61,61,61,61],"card_choices":[{"not_picked":["Heel Hook","Setup"],"picked":"Flying Knee","floor":1.0},{"not_picked":["Choke","Eviscerate"],"picked":"Dagger Throw","floor":2.0},{"not_picked":["Eviscerate","Cloak And Dagger"],"picked":"Quick Slash","floor":10},{"not_picked":["Slice","Deflect","Distraction"],"picked":"SKIP","floor":11},{"not_picked":["Venomology","Footwork"],"picked":"Blade Dance","floor":12},{"not_picked":["Flying Knee","Deadly Poison"],"picked":"Sucker Punch","floor":14},{"not_picked":["Die Die Die","Malaise"],"picked":"After Image","floor":16},{"not_picked":["Flying Knee+1","Bane"],"picked":"Backflip","floor":18},{"not_picked":["Expertise","Endless Agony+1"],"picked":"Deflect","floor":20},{"not_picked":["Quick Slash","Dagger Spray"],"picked":"PiercingWail","floor":23},{"not_picked":["Sucker Punch","PiercingWail"],"picked":"Escape Plan","floor":24},{"not_picked":["Deadly Poison","Acrobatics"],"picked":"Heel Hook","floor":27},{"not_picked":["Quick Slash","Dagger Spray"],"picked":"After Image","floor":28},{"not_picked":["PiercingWail","Dagger Throw+1","Crippling Poison"],"picked":"SKIP","floor":30},{"not_picked":["Riddle With Holes","Dash","Bane+1"],"picked":"SKIP","floor":31},{"not_picked":["Malaise","Venomology"],"picked":"Storm of Steel","floor":33},{"not_picked":["Poisoned Stab+1"],"picked":"SKIP","floor":35},{"not_picked":[],"picked":"Footwork","floor":36},{"not_picked":[],"picked":"Blade Dance+1","floor":40},{"not_picked":["Bane"],"picked":"SKIP","floor":42},{"not_picked":["Bane+1"],"picked":"SKIP","floor":44},{"not_picked":["Poisoned Stab"],"picked":"SKIP","floor":45},{"not_picked":[],"picked":"Quick Slash+1","floor":47},{"not_picked":[],"picked":"Blur+1","floor":47},{"not_picked":["Concentrate"],"picked":"SKIP","floor":48}],"player_experience":74823,"relics_obtained":[{"floor":9,"key":"Turnip"},{"floor":10,"key":"Dream Catcher"},{"floor":12,"key":"Bottled Tornado"},{"floor":26,"key":"Matryoshka"},{"floor":31,"key":"Pantograph"},{"floor":43,"key":"Centennial Puzzle"},{"floor":43,"key":"HornCleat"},{"floor":44,"key":"Orichalcum"}],"event_choices":[{"damage_healed":0,"gold_gain":0,"player_choice":"Box","damage_taken":0,"relics_obtained":["War Paint"],"max_hp_gain":0,"max_hp_loss":0,"event_name":"Big Fish","floor":3,"gold_loss":0,"cards_obtained":["Regret"]},{"cards_removed":["Regret"],"damage_healed":0,"gold_gain":0,"player_choice":"Card Removal","damage_taken":7,"max_hp_gain":0,"max_hp_loss":0,"event_name":"Golden Wing","floor":4,"gold_loss":0},{"damage_healed":0,"gold_gain":0,"player_choice":"Upgraded","damage_taken":0,"max_hp_gain":0,"max_hp_loss":0,"event_name":"Upgrade Shrine","floor":7,"gold_loss":0,"cards_upgraded":["Setup"]},{"damage_healed":0,"gold_gain":99,"player_choice":"Stole From Cult","damage_taken":0,"max_hp_gain":0,"max_hp_loss":0,"event_name":"Nest","floor":19,"gold_loss":0},{"cards_removed":["Strike_G"],"damage_healed":0,"gold_gain":0,"player_choice":"Offered Basic","damage_taken":0,"max_hp_gain":0,"max_hp_loss":0,"event_name":"Bonfire Elementals","floor":22,"gold_loss":0},{"damage_healed":0,"gold_gain":0,"player_choice":"Ignored","damage_taken":0,"max_hp_gain":0,"max_hp_loss":0,"event_name":"Vampires","floor":29,"gold_loss":0},{"damage_healed":0,"gold_gain":999,"player_choice":"Gold","damage_taken":0,"max_hp_gain":0,"max_hp_loss":0,"event_name":"MindBloom","floor":37,"gold_loss":0,"cards_obtained":["Normality","Normality"]},{"damage_healed":0,"gold_gain":0,"player_choice":"Memory 1","damage_taken":0,"max_hp_gain":0,"max_hp_loss":0,"event_name":"SensoryStone","floor":38,"gold_loss":0},{"damage_healed":61,"gold_gain":0,"player_choice":"Heal","damage_taken":0,"max_hp_gain":0,"max_hp_loss":9,"event_name":"The Moai Head","floor":41,"gold_loss":0}],"is_beta":false,"boss_relics":[{"not_picked":["Calling Bell","Empty Cage"],"picked":"Runic Pyramid"},{"not_picked":["Coffee Dripper","Tiny House"],"picked":"Busted Crown"}],"items_purged_floors":[21,39,47],"is_endless":false,"potions_floor_spawned":[1,2,12,18,24,42,48],"ascension_level":7}}