{"host":"sxnl403xm2xmiyj1","time":1612847476,"event":{"mods":["AchievementEnabler","BaseMod","Colored Map","Keyboard Shortcuts","Minty Spire (QoL Compilation)","Quick Restart","StSLib","SuperFastMode"],"gold_per_floor":[118,168,187,203,215,215,244,244,244,244,270,287,40,120,120,194,194,212,5,5,5,5,5,5,5],"floor_reached":24,"language":"KOR","playtime":565,"items_purged":["Hyperbeam+1"],"score":704,"play_id":"0467ca11-3f49-463d-b81a-d63d6069c2fa","local_time":"20210209141116","is_ascension_mode":true,"campfire_choices":[{"data":"Zap","floor":6.0,"key":"SMITH"},{"floor":8.0,"key":"REST"},{"data":"Redo","floor":10.0,"key":"SMITH"},{"data":"Coolheaded","floor":15.0,"key":"SMITH"},{"data":"Barrage","floor":23.0,"key":"SMITH"}],"circlet_count":0,"master_deck":["AscendersBane","Defend_B","Defend_B","Defend_B","Defend_B","Zap+1","Dualcast","Meteor Strike","Barrage+1","Coolheaded+1","Redo+1","Conserve Battery","Compile Driver+1","Chill+1","Barrage+1","Storm+1","Double Energy+1","Cold Snap+1","FTL+1","Rainbow+1","Skim+1","Self Repair+1","Glacier+1","Capacitor+1","Barrage+1"],"relics":["Cracked Core","Molten Egg 2","Toxic Egg 2","Frozen Egg 2","Kunai","Astrolabe"],"acts_visited":["Exordium","TheCity"],"potions_floor_usage":[],"damage_taken":[{"damage":19.0,"enemies":"Jaw Worm","floor":1.0,"turns":4.0},{"damage":1.0,"enemies":"Cultist","floor":3.0,"turns":3.0},{"damage":1.0,"enemies":"2 Louse","floor":4.0,"turns":2.0},{"damage":2.0,"enemies":"Exordium Wildlife","floor":5.0,"turns":3.0},{"damage":15.0,"enemies":"3 Sentries","floor":7.0,"turns":9.0},{"damage":22.0,"enemies":"Lagavulin","floor":11.0,"turns":8.0},{"damage":4.0,"enemies":"Looter","floor":12.0,"turns":3.0},{"damage":0.0,"enemies":"The Guardian","floor":16.0,"turns":9.0},{"damage":14.0,"enemies":"3 Byrds","floor":18.0,"turns":5.0},{"damage":37,"enemies":"Book of Stabbing","floor":24,"turns":5}],"seed_played":"-308066683958799394","potions_obtained":[{"floor":1.0,"key":"SpeedPotion"},{"floor":4.0,"key":"EssenceOfSteel"},{"floor":11.0,"key":"Strength Potion"},{"floor":12.0,"key":"FearPotion"},{"floor":16.0,"key":"DistilledChaos"}],"is_trial":false,"path_per_floor":["M","?","M","M","M","R","E","R","T","R","E","M","$","T","R","B",null,"M","$","?","?","?","R","E"],"character_chosen":"DEFECT","items_purchased":["Storm+1","Double Energy+1","Cold Snap+1","FTL+1","Capacitor+1","Barrage+1"],"campfire_rested":1,"item_purchase_floors":[13,13,13,13,19,19],"current_hp_per_floor":[45,38,37,36,34,34,19,40,40,40,18,14,14,14,14,14,57,53,53,53,53,53,53,16,16],"gold":5,"neow_bonus":"ONE_RANDOM_RARE_CARD","is_daily":false,"chose_seed":false,"campfire_upgraded":4,"win_rate":0.0,"timestamp":1612847476,"path_taken":["M","?","M","M","?","R","E","R","T","R","E","M","$","?","R","BOSS","M","$","?","?","?","R","E"],"items_purchased_type":["Card","Card","Card","Card","Card","Card"],"build_version":"2020-12-22","purchased_purges":1,"victory":false,"max_hp_per_floor":[71,71,71,71,71,71,71,71,71,71,71,71,71,71,71,71,71,71,71,71,71,71,71,71,71],"card_choices":[{"not_picked":["Melter","Consume"],"picked":"Barrage","floor":1.0},{"not_picked":["Redo","Go for the Eyes"],"picked":"Coolheaded","floor":3.0},{"not_picked":["Beam Cell","Heatsinks"],"picked":"Redo","floor":4.0},{"not_picked":["Lockon","Darkness"],"picked":"Conserve Battery","floor":5.0},{"not_picked":["Force Field","Coolheaded"],"picked":"Compile Driver+1","floor":7.0},{"not_picked":["Lockon+1","Undo+1"],"picked":"Chill+1","floor":11.0},{"not_picked":["Conserve Battery+1","Leap+1"],"picked":"Barrage+1","floor":12.0},{"not_picked":["Thunder Strike+1","Core Surge+1"],"picked":"Rainbow+1","floor":16.0},{"not_picked":["Hello World+1","Sunder+1"],"picked":"Glacier+1","floor":18.0}],"player_experience":204691,"relics_obtained":[{"floor":7.0,"key":"Molten Egg 2"},{"floor":9.0,"key":"Toxic Egg 2"},{"floor":11.0,"key":"Frozen Egg 2"},{"floor":14.0,"key":"Kunai"}],"event_choices":[{"damage_healed":0.0,"max_hp_gain":0.0,"max_hp_loss":0.0,"gold_gain":50.0,"event_name":"FaceTrader","player_choice":"Touch","floor":2.0,"gold_loss":0.0,"damage_taken":7.0},{"damage_healed":0.0,"max_hp_gain":0.0,"max_hp_loss":0.0,"gold_gain":0.0,"event_name":"Ghosts","player_choice":"Ignored","floor":20.0,"gold_loss":0.0,"damage_taken":0.0},{"damage_healed":0.0,"max_hp_gain":0.0,"max_hp_loss":0.0,"gold_gain":0.0,"event_name":"The Mausoleum","player_choice":"Ignored","floor":21.0,"gold_loss":0.0,"damage_taken":0.0},{"cards_removed":["Strike_B"],"damage_healed":0.0,"max_hp_gain":0.0,"max_hp_loss":0.0,"gold_gain":0.0,"event_name":"Purifier","player_choice":"Purged","floor":22.0,"gold_loss":0.0,"damage_taken":0.0}],"is_beta":false,"boss_relics":[{"not_picked":["Pandora\u0027s Box","Runic Pyramid"],"picked":"Astrolabe"}],"items_purged_floors":[19],"is_endless":false,"potions_floor_spawned":[1,4,11,12,16],"killed_by":"Book of Stabbing","ascension_level":20}}