{"host":"yml0ux6c8lqydjlc","time":1612903789,"event":{"mods":["Aspiration","BaseMod","Conspire","Downfall","Hermit","Jedi Mod","Minty Spire (QoL Compilation)","Robot Space Explorer","StSLib"],"gold_per_floor":[112,122,72,72,83,83,98,98,122,137,153,187,203,57,57,162,162,149,149,160,66,79,79,109,109,109,9,9,23,98,112,112,208,258,270,320,335,64,64,64],"floor_reached":39,"language":"ENG","playtime":3947,"items_purged":["Strike_R","Strike_R","Strike_R"],"score":403,"play_id":"dee1690d-0365-4b7f-92fc-2911f32f48a6","local_time":"20210209154949","is_ascension_mode":false,"campfire_choices":[{"data":"Iron Wave","floor":6.0,"key":"SMITH"},{"data":"Twin Strike","floor":8.0,"key":"SMITH"},{"data":"Armaments","floor":15.0,"key":"SMITH"},{"floor":23,"key":"REST"},{"floor":28,"key":"REST"},{"floor":32,"key":"REST"}],"circlet_count":0,"master_deck":["Strike_R+1","Defend_R","Defend_R","Defend_R","Defend_R","Bash","Twin Strike+1","Twin Strike+1","Iron Wave+1","Clash+1","Seeing Red+1","Heavy Blade+1","Thunderclap+1","Heavy Blade+1","Armaments+1","Clothesline+1","jedi:bloodyhammer","Flex","Cleave","Good Instincts","jedi:controlledanger+1","jedi:fear","Clash+1","Clothesline+1","Reaper","Metallicize","Iron Wave","Sever Soul+1","Pommel Strike"],"relics":["Burning Blood","MealTicket","Happy Flower","conspire:Boomerang","Juzu Bracelet","Boot","Tiny House","Girya","Sling"],"acts_visited":["Exordium","TheCity","TheBeyond"],"potions_floor_usage":[18,24,24,24,33,33,36,36],"damage_taken":[{"damage":0.0,"enemies":"Small Slimes","floor":1.0,"turns":3.0},{"damage":6.0,"enemies":"conspire:RoseBush","floor":2.0,"turns":3.0},{"damage":0.0,"enemies":"Cultist","floor":5.0,"turns":2.0},{"damage":5.0,"enemies":"Looter","floor":7.0,"turns":3.0},{"damage":6.0,"enemies":"Exordium Wildlife","floor":10.0,"turns":4.0},{"damage":9.0,"enemies":"Lots of Slimes","floor":11.0,"turns":4.0},{"damage":30.0,"enemies":"Lagavulin","floor":12.0,"turns":7.0},{"damage":8.0,"enemies":"Gremlin Gang","floor":13.0,"turns":4.0},{"damage":36.0,"enemies":"The Guardian","floor":16.0,"turns":12.0},{"damage":28,"enemies":"2 Thieves","floor":18,"turns":4},{"damage":29,"enemies":"Shell Parasite","floor":20,"turns":6},{"damage":33,"enemies":"conspire:HollyBat","floor":22,"turns":9},{"damage":76,"enemies":"Book of Stabbing","floor":24,"turns":8},{"damage":25,"enemies":"Cultist and Chosen","floor":29,"turns":5},{"damage":12,"enemies":"Sentry and Sphere","floor":31,"turns":3},{"damage":109,"enemies":"Collector","floor":33,"turns":12},{"damage":47,"enemies":"3 Darklings","floor":35,"turns":7},{"damage":34,"enemies":"Mind Bloom Boss Battle","floor":36,"turns":9},{"damage":19,"enemies":"Orb Walker","floor":37,"turns":4},{"damage":57,"enemies":"Transient","floor":39,"turns":3}],"seed_played":"-8116411634757121773","potions_obtained":[{"floor":2.0,"key":"Swift Potion"},{"floor":4.0,"key":"FairyPotion"},{"floor":4.0,"key":"Fire Potion"},{"floor":5.0,"key":"EntropicBrew"},{"floor":11.0,"key":"jedi:holywater"},{"floor":13.0,"key":"ColorlessPotion"},{"floor":16.0,"key":"ColorlessPotion"},{"floor":29,"key":"FairyPotion"},{"floor":31,"key":"jedi:StrikingPotion"},{"floor":33,"key":"Dexterity Potion"},{"floor":34,"key":"jedi:tentaclejuice"},{"floor":35,"key":"LiquidMemories"}],"is_trial":false,"path_per_floor":["M","M","?","?","M","R","M","R","T","M","M","E","M","$","R","B",null,"M","?","M","$","M","R","E","?","T","$","R","M","?","M","R","B",null,"M","?","M","$","M"],"character_chosen":"IRONCLAD","items_purchased":["Armaments","Clothesline","Good Instincts","Sling"],"campfire_rested":3,"item_purchase_floors":[14,14,21,38],"current_hp_per_floor":[88,88,88,88,88,88,88,88,88,88,85,61,59,74,74,44,88,66,75,52,67,40,66,28,28,28,43,69,50,42,36,62,9,93,62,39,26,41,0,0],"gold":64,"neow_bonus":"TEN_PERCENT_HP_BONUS","is_daily":false,"chose_seed":false,"campfire_upgraded":3,"win_rate":0.0,"timestamp":1612903789,"path_taken":["M","M","?","?","M","R","M","R","T","M","?","E","M","$","R","BOSS","M","?","?","$","M","R","E","?","T","?","R","M","?","M","R","BOSS","M","?","M","$","M"],"items_purchased_type":["Card","Card","Card","Relic"],"build_version":"2020-12-22","purchased_purges":3,"victory":false,"max_hp_per_floor":[88,88,88,88,88,88,88,88,88,88,88,88,88,88,88,88,88,88,88,88,88,88,88,88,88,88,88,88,88,88,88,88,88,93,93,93,93,93,93,93],"card_choices":[{"not_picked":["Dual Wield","Rage"],"picked":"Twin Strike","floor":1.0},{"not_picked":["Combust","jedi:MakeshiftSword"],"picked":"Twin Strike","floor":2.0},{"not_picked":["Body Slam","jedi:hate"],"picked":"Iron Wave","floor":5.0},{"not_picked":["Perfected Strike","Shrug It Off"],"picked":"Clash","floor":7.0},{"not_picked":["True Grit","Shockwave"],"picked":"Seeing Red","floor":10.0},{"not_picked":["Blood for Blood","Warcry"],"picked":"Heavy Blade","floor":11.0},{"not_picked":["Burning Pact","Iron Wave"],"picked":"Thunderclap","floor":12.0},{"not_picked":["Burning Pact","Twin Strike"],"picked":"Heavy Blade","floor":13.0},{"not_picked":["Bludgeon","Demon Form"],"picked":"jedi:bloodyhammer","floor":16.0},{"not_picked":["Second Wind","Infernal Blade"],"picked":"Flex","floor":18},{"not_picked":["Shrug It Off","Armaments"],"picked":"Cleave","floor":20},{"not_picked":["Power Through","Cleave"],"picked":"jedi:controlledanger","floor":22},{"not_picked":["Clothesline","Dark Embrace"],"picked":"jedi:fear","floor":24},{"not_picked":["True Grit","Clothesline"],"picked":"Clash","floor":29},{"not_picked":["Warcry","Heavy Blade+1"],"picked":"Clothesline+1","floor":31},{"not_picked":["conspire:HitWhereItHurts","jedi:harder"],"picked":"Reaper","floor":33},{"not_picked":["Whirlwind","jedi:suffering"],"picked":"Metallicize","floor":34},{"not_picked":["Body Slam","jedi:fear"],"picked":"Iron Wave","floor":35},{"not_picked":["jedi:MakeshiftSword","Dual Wield"],"picked":"Sever Soul+1","floor":36},{"not_picked":["Fiend Fire","jedi:fear+1"],"picked":"Pommel Strike","floor":37}],"player_experience":31481,"relics_obtained":[{"floor":9.0,"key":"MealTicket"},{"floor":12.0,"key":"Happy Flower"},{"floor":24,"key":"conspire:Boomerang"},{"floor":25,"key":"Juzu Bracelet"},{"floor":26,"key":"Boot"},{"floor":36,"key":"Girya"}],"event_choices":[{"cards_removed":["Strike_R"],"damage_healed":0.0,"max_hp_gain":0.0,"max_hp_loss":0.0,"gold_gain":0.0,"event_name":"The Cleric","player_choice":"Card Removal","floor":3.0,"gold_loss":50.0,"damage_taken":0.0},{"damage_healed":0.0,"max_hp_gain":0.0,"max_hp_loss":0.0,"gold_gain":0.0,"event_name":"Lab","player_choice":"Got Potions","floor":4.0,"gold_loss":0.0,"damage_taken":0.0},{"damage_healed":0,"gold_gain":75,"player_choice":"Touch","damage_taken":8,"max_hp_gain":0,"max_hp_loss":0,"event_name":"FaceTrader","floor":30,"gold_loss":0},{"damage_healed":0,"gold_gain":0,"player_choice":"Fight","damage_taken":0,"max_hp_gain":0,"max_hp_loss":0,"event_name":"MindBloom","floor":36,"gold_loss":0}],"is_beta":false,"boss_relics":[{"not_picked":["conspire:SeveredTorchhead","Calling Bell","Fusion Hammer"]},{"not_picked":["aspiration:PoetsPen_weak","aspiration:WatcherSkillbook"],"picked":"Tiny House"}],"items_purged_floors":[14,27,38],"is_endless":false,"potions_floor_spawned":[2,5,11,13,16,29,31,33,35],"killed_by":"Transient","ascension_level":0}}