{"host":"u7bb6mvzuirwfcqo","time":1612842935,"event":{"mods":["2.2 Compatiblity","AchievementEnabler","BaseMod","Card Forge","Downfall","Hermit","Minty Spire (QoL Compilation)","Relic Stats","Replay The Spire","StSLib"],"gold_per_floor":[14,26,26,46,46,46,65,39,108,183,218,288,68,87,87,188,188,208,219,239,239,239,239,239,239],"floor_reached":23,"language":"ENG","playtime":1980,"items_purged":[],"score":243,"play_id":"fb6386b2-64c5-4fb5-8a20-ddb6a501edad","local_time":"20210208225535","is_ascension_mode":false,"campfire_choices":[{"data":"sneckomod:MorePower","floor":6.0,"key":"SMITH"},{"floor":15.0,"key":"REST"}],"circlet_count":0,"master_deck":["sneckomod:Strike","sneckomod:Strike","sneckomod:Strike","sneckomod:Defend","sneckomod:Defend","sneckomod:Defend","sneckomod:TailWhip","sneckomod:SnekBite","sneckomod:Unknown","sneckomod:Unknown","sneckomod:MorePower+1","sneckomod:Unknown2Cost+1","sneckomod:SlitherStrike","sneckomod:UnknownUncommonAttack+1","sneckomod:QuickMove","sneckomod:Unknown1Cost+1","sneckomod:Unknown2Cost","sneckomod:DiceCrush","sneckomod:DiceBlock","sneckomod:UnknownBoss+1","sneckomod:IronFang","sneckomod:SnakeSap","sneckomod:UnknownRarePower+1","sneckomod:UnknownBoss+1","sneckomod:Cheat","sneckomod:UnknownClassRED","sneckomod:UnknownClassRED","sneckomod:UnknownClassRED","sneckomod:UnknownClassRED","sneckomod:UnknownClassRED","Metallicize","sneckomod:UnknownRarePower+1","sneckomod:UnendingSupply","ReplayTheSpireMod:Stacked","sneckomod:UnknownRareAttack+1","sneckomod:UnknownDraw+1","Hemogenesis","sneckomod:UnknownDraw+1"],"relics":["sneckomod:SneckoSoul","Hammer of Thor","Seething Fire","Anvil of the Gods","Blood Vial","Chameleon Ring","Ancient Tea Set","Chemical X","sneckomod:SneckoBoss"],"acts_visited":["Exordium","TheCity"],"potions_floor_usage":[21,21,21,21,23,23],"damage_taken":[{"damage":0.0,"enemies":"2 Louse","floor":1.0,"turns":3.0},{"damage":1.0,"enemies":"Cultist","floor":2.0,"turns":3.0},{"damage":10.0,"enemies":"Small Slimes","floor":4.0,"turns":4.0},{"damage":0.0,"enemies":"3 Louse","floor":7.0,"turns":1.0},{"damage":28.0,"enemies":"3 Sentries","floor":11.0,"turns":7.0},{"damage":0.0,"enemies":"Looter","floor":14.0,"turns":3.0},{"damage":59.0,"enemies":"The Guardian","floor":16.0,"turns":14.0},{"damage":10,"enemies":"Chosen","floor":18,"turns":4},{"damage":11,"enemies":"Shell Parasite","floor":19,"turns":6},{"damage":46,"enemies":"Shelled Parasite and Fungi","floor":20,"turns":6},{"damage":4,"enemies":"Snecko","floor":21,"turns":5},{"damage":42,"enemies":"Gremlin Leader","floor":23,"turns":5}],"seed_played":"-2498420282961743134","potions_obtained":[{"floor":3.0,"key":"Doom Potion"},{"floor":3.0,"key":"Block Potion"},{"floor":3.0,"key":"EntropicBrew"},{"floor":16,"key":"FearPotion"}],"is_trial":false,"path_per_floor":["M","M","?","M","?","R","M","$","T","?","E","?","$","M","R","B",null,"M","M","M","M","?","E"],"character_chosen":"THE_SNECKO","items_purchased":["sneckomod:DiceBlock","Chemical X","sneckomod:SnakeSap"],"campfire_rested":1,"item_purchase_floors":[8,13,13],"current_hp_per_floor":[90,89,89,79,67,67,69,69,69,58,32,32,32,34,61,4,90,80,71,27,30,30,0,0,0],"gold":239,"neow_bonus":"THREE_RARE_CARDS","is_daily":false,"chose_seed":false,"campfire_upgraded":1,"win_rate":0.0,"timestamp":1612842935,"path_taken":["M","M","?","?","?","R","M","$","T","?","E","?","?","M","R","BOSS","BOSS","M","?","?","?","?","E"],"items_purchased_type":["Card","Relic","Card"],"build_version":"2020-12-22","purchased_purges":0,"victory":false,"max_hp_per_floor":[90,90,90,90,90,90,90,90,90,90,90,90,90,90,90,90,90,90,90,90,90,90,90,90,90],"relic_stats":{"Blood Vial":16,"counters":[12,61],"Chemical X":[1],"obtain_stats":[{"Blood Vial":5,"Chameleon Ring":9,"Anvil of the Gods":0,"Hammer of Thor":0,"Seething Fire":0,"Chemical X":13,"sneckomod:SneckoSoul":0,"Ancient Tea Set":11,"sneckomod:SneckoBoss":17},{"Blood Vial":3,"Chameleon Ring":4,"Anvil of the Gods":0,"Hammer of Thor":0,"Seething Fire":0,"Chemical X":5,"sneckomod:SneckoSoul":0,"Ancient Tea Set":5,"sneckomod:SneckoBoss":7},{"Blood Vial":10,"Chameleon Ring":11,"Anvil of the Gods":0,"Hammer of Thor":0,"Seething Fire":0,"Chemical X":18,"sneckomod:SneckoSoul":0,"Ancient Tea Set":18,"sneckomod:SneckoBoss":35}]},"card_choices":[{"not_picked":["sneckomod:Unknown3Cost","sneckomod:DangerNoodle"],"picked":"sneckomod:MorePower","floor":0.0},{"not_picked":["sneckomod:UnknownCommonSkill+1","sneckomod:UnknownExhaust+1"],"picked":"sneckomod:Unknown2Cost+1","floor":1.0},{"not_picked":["sneckomod:RainOfDice","sneckomod:UnknownX"],"picked":"sneckomod:SlitherStrike","floor":1.0},{"not_picked":["sneckomod:UnknownUncommonPower+1","sneckomod:UnknownRareAttack+1"],"picked":"sneckomod:UnknownUncommonAttack+1","floor":2.0},{"not_picked":["sneckomod:DiceCrush","sneckomod:UnknownBlock"],"picked":"sneckomod:QuickMove","floor":2.0},{"not_picked":["sneckomod:UnknownDraw+1","sneckomod:UnknownCommonSkill+1"],"picked":"sneckomod:Unknown1Cost+1","floor":4.0},{"not_picked":["sneckomod:TrashToTreasure","sneckomod:ImprovisedGuard"],"picked":"sneckomod:Unknown2Cost","floor":4.0},{"not_picked":["sneckomod:RainOfDice","sneckomod:PureSnecko"],"picked":"sneckomod:DiceCrush","floor":7.0},{"not_picked":["sneckomod:UnknownRareAttack+1","sneckomod:Unknown1Cost+1"],"picked":"sneckomod:UnknownBoss+1","floor":11.0},{"not_picked":["sneckomod:SoulRoll","sneckomod:Unknown3Cost"],"picked":"sneckomod:IronFang","floor":11.0},{"not_picked":["sneckomod:Unknown0Cost+1","sneckomod:UnknownUncommonSkill+1"],"picked":"sneckomod:UnknownRarePower+1","floor":14.0},{"not_picked":["sneckomod:UnknownExhaust","sneckomod:TrashToTreasure","sneckomod:Unknown0Cost"],"picked":"SKIP","floor":14.0},{"not_picked":["sneckomod:UnknownRarePower+1","sneckomod:UnknownVulnerable+1"],"picked":"sneckomod:UnknownBoss+1","floor":16},{"not_picked":["sneckomod:Restock","sneckomod:MorePower"],"picked":"sneckomod:Cheat","floor":16},{"not_picked":["Blood for Blood","Warcry"],"picked":"Metallicize","floor":18},{"not_picked":["sneckomod:UnknownStrike+1","sneckomod:Unknown0Cost+1"],"picked":"sneckomod:UnknownRarePower+1","floor":18},{"not_picked":["sneckomod:DiceBoulder","sneckomod:QuickMove"],"picked":"sneckomod:UnendingSupply","floor":18},{"not_picked":["Havoc","Dual Wield"],"picked":"ReplayTheSpireMod:Stacked","floor":19},{"not_picked":["sneckomod:UnknownClassGREEN+1","sneckomod:UnknownClassRED+1"],"picked":"sneckomod:UnknownRareAttack+1","floor":19},{"not_picked":["sneckomod:TrashToTreasure+1","sneckomod:DiceCrush"],"picked":"sneckomod:UnknownDraw+1","floor":19},{"not_picked":["Sword Boomerang","Sentinel"],"picked":"Hemogenesis","floor":20},{"not_picked":["sneckomod:Unknown2Cost+1","sneckomod:UnknownExhaust+1"],"picked":"sneckomod:UnknownDraw+1","floor":20},{"not_picked":["sneckomod:UnknownClassGREEN","sneckomod:UnknownCommonAttack","sneckomod:MasterEye+1"],"picked":"SKIP","floor":20}],"player_experience":32175,"relics_obtained":[{"floor":9.0,"key":"Chameleon Ring"},{"floor":11.0,"key":"Ancient Tea Set"}],"event_choices":[{"damage_healed":0.0,"max_hp_gain":0.0,"max_hp_loss":0.0,"gold_gain":0.0,"event_name":"Lab","player_choice":"Got Potions","floor":3.0,"gold_loss":0.0,"damage_taken":0.0},{"damage_healed":0.0,"max_hp_gain":0.0,"max_hp_loss":0.0,"gold_gain":0.0,"event_name":"Scrap Ooze","player_choice":"Success","floor":5.0,"gold_loss":0.0,"damage_taken":12.0,"relics_obtained":["Blood Vial"]},{"damage_healed":0.0,"max_hp_gain":0.0,"max_hp_loss":0.0,"gold_gain":75.0,"event_name":"World of Goop","player_choice":"Gather Gold","floor":10.0,"gold_loss":0.0,"damage_taken":11.0},{"damage_healed":0.0,"max_hp_gain":0.0,"max_hp_loss":0.0,"gold_gain":70.0,"event_name":"Golden Wing","player_choice":"Gained Gold","floor":12.0,"gold_loss":0.0,"damage_taken":0.0},{"damage_healed":0,"gold_gain":0,"player_choice":"Ignored","damage_taken":0,"max_hp_gain":0,"max_hp_loss":0,"event_name":"Beggar","floor":22,"gold_loss":0}],"is_beta":false,"boss_relics":[{"not_picked":["Kintsugi","Replay:Ancient Bell"],"picked":"sneckomod:SneckoBoss"}],"items_purged_floors":[],"is_endless":false,"potions_floor_spawned":[4,7,16,18],"killed_by":"Gremlin Leader","ascension_level":0}}