{"host":"4rvakrj1idbgia3f","time":1612873280,"event":{"mods":["BaseMod","Colored Map","Colored Powertips","DeckTracker","Highlight Path","Minty Spire (QoL Compilation)","Random Character Button","StSLib"],"gold_per_floor":[109,109,125,135,150,176,176,209,255,255,90,117,136,211,211,282,282,300,300,315,330,348,348,377,377,377,390,51,51,68,100,100,178,178,191,216,216,233,249,249,1,31,31,31,47,47,80,41,41,41,41],"floor_reached":52,"language":"JPN","playtime":2973,"items_purged":[],"score":2015,"play_id":"f5c0a75a-352c-4017-95df-7436e58ad83d","local_time":"20210209212120","is_ascension_mode":true,"campfire_choices":[{"floor":7.0,"key":"REST"},{"data":"Fasting2","floor":10.0,"key":"SMITH"},{"data":"Fasting2","floor":15.0,"key":"SMITH"},{"data":"WheelKick","floor":23.0,"key":"SMITH"},{"data":"SignatureMove","floor":25.0,"key":"SMITH"},{"data":"EmptyFist","floor":32.0,"key":"SMITH"},{"data":"1","floor":40.0,"key":"LIFT"},{"data":"2","floor":44.0,"key":"LIFT"},{"data":"3","floor":49.0,"key":"LIFT"}],"circlet_count":0,"master_deck":["AscendersBane","Eruption+1","Vigilance+1","CutThroughFate+1","Protect+1","Fasting2+1","ClearTheMind","ReachHeaven+1","LessonLearned+1","Fasting2+1","Omniscience+1","FollowUp+1","EmptyFist+1","Tantrum","Omniscience+1","Protect+1","Vengeance+1","MentalFortress+1","EmptyBody+1","SignatureMove+1","WheelKick+1","Indignation+1","Scrawl+1","Swivel+1","WaveOfTheHand+1","DevaForm+1","DeceiveReality+1","BowlingBash","Swivel+1","Fasting2"],"relics":["Snecko Eye","Happy Flower","Question Card","MealTicket","OrangePellets","Smiling Mask","Pandora\u0027s Box","Blue Candle","Kunai","Incense Burner","Toxic Egg 2","Busted Crown","Girya","Membership Card","Bronze Scales","Boot","Ginger","Regal Pillow"],"acts_visited":["Exordium","TheCity","TheBeyond"],"potions_floor_usage":[51],"damage_taken":[{"damage":13.0,"enemies":"2 Louse","floor":1.0,"turns":6.0},{"damage":0.0,"enemies":"Jaw Worm","floor":3.0,"turns":2.0},{"damage":4.0,"enemies":"Small Slimes","floor":4.0,"turns":3.0},{"damage":2.0,"enemies":"Gremlin Gang","floor":5.0,"turns":4.0},{"damage":16.0,"enemies":"Gremlin Nob","floor":6.0,"turns":3.0},{"damage":1.0,"enemies":"Lagavulin","floor":8.0,"turns":3.0},{"damage":11.0,"enemies":"3 Sentries","floor":12.0,"turns":8.0},{"damage":0.0,"enemies":"Exordium Thugs","floor":13.0,"turns":3.0},{"damage":14.0,"enemies":"Hexaghost","floor":16.0,"turns":6.0},{"damage":0.0,"enemies":"2 Thieves","floor":18.0,"turns":2.0},{"damage":0.0,"enemies":"Spheric Guardian","floor":20.0,"turns":1.0},{"damage":0.0,"enemies":"Snake Plant","floor":21.0,"turns":3.0},{"damage":0.0,"enemies":"3 Cultists","floor":22.0,"turns":3.0},{"damage":0.0,"enemies":"Book of Stabbing","floor":24.0,"turns":2.0},{"damage":0.0,"enemies":"Snecko","floor":27.0,"turns":2.0},{"damage":28.0,"enemies":"Snake Plant","floor":30.0,"turns":3.0},{"damage":0.0,"enemies":"Gremlin Leader","floor":31.0,"turns":3.0},{"damage":16.0,"enemies":"Automaton","floor":33.0,"turns":4.0},{"damage":0.0,"enemies":"3 Shapes","floor":35.0,"turns":4.0},{"damage":0.0,"enemies":"Mind Bloom Boss Battle","floor":36.0,"turns":3.0},{"damage":0.0,"enemies":"Orb Walker","floor":38.0,"turns":3.0},{"damage":0.0,"enemies":"Jaw Worm Horde","floor":39.0,"turns":5.0},{"damage":2.0,"enemies":"Giant Head","floor":42.0,"turns":4.0},{"damage":0.0,"enemies":"Sphere and 2 Shapes","floor":45.0,"turns":2.0},{"damage":11.0,"enemies":"Nemesis","floor":47.0,"turns":3.0},{"damage":32.0,"enemies":"Time Eater","floor":50.0,"turns":5.0},{"damage":17,"enemies":"Awakened One","floor":51,"turns":8}],"seed_played":"6224240377109302335","potions_obtained":[{"floor":6.0,"key":"SteroidPotion"},{"floor":8.0,"key":"DuplicationPotion"},{"floor":13.0,"key":"Fruit Juice"},{"floor":16.0,"key":"LiquidBronze"},{"floor":21.0,"key":"Fire Potion"},{"floor":31.0,"key":"ColorlessPotion"},{"floor":35.0,"key":"LiquidMemories"}],"is_trial":false,"path_per_floor":["M","?","M","M","M","E","R","E","T","R","$","E","M","?","R","B",null,"M","?","M","M","M","R","E","R","T","M","$","?","M","E","R","B",null,"M","?","?","M","M","R","$","E","T","R","M","?","E","$","R","B","B",null],"character_chosen":"WATCHER","items_purchased":["OrangePellets","Incense Burner","Membership Card","Bronze Scales","Fasting2"],"campfire_rested":1,"item_purchase_floors":[11,28,41,41,48],"current_hp_per_floor":[48,28,28,24,22,6,26,25,25,25,40,29,34,23,23,9,57,57,57,57,57,57,57,57,57,57,57,72,72,44,44,44,28,62,62,62,62,62,62,62,69,67,67,67,67,67,56,69,69,37,20],"gold":41,"neow_bonus":"BOSS_RELIC","is_daily":false,"chose_seed":false,"campfire_upgraded":5,"win_rate":0.0,"timestamp":1612873280,"path_taken":["M","?","M","M","M","E","R","E","T","R","$","E","M","?","R","BOSS","M","?","M","M","M","R","E","R","T","M","$","?","M","E","R","BOSS","M","?","?","M","M","R","?","E","T","R","M","?","E","$","R","BOSS","BOSS"],"items_purchased_type":["Relic","Relic","Relic","Relic","Card"],"build_version":"2020-12-22","purchased_purges":0,"victory":true,"max_hp_per_floor":[68,68,68,68,68,68,68,68,68,68,68,68,73,73,73,73,73,73,73,73,73,73,73,73,73,73,73,73,73,73,73,73,73,73,73,73,69,69,69,69,69,69,69,69,69,69,69,69,69,69,69],"card_choices":[{"not_picked":["ThirdEye","EmptyBody"],"picked":"CutThroughFate","floor":1.0},{"not_picked":["Evaluate","Weave"],"picked":"Protect","floor":3.0},{"not_picked":["Evaluate","Consecrate"],"picked":"Fasting2","floor":4.0},{"not_picked":["EmptyMind","FollowUp"],"picked":"ClearTheMind","floor":5.0},{"not_picked":["SashWhip","EmptyFist"],"picked":"ReachHeaven","floor":6.0},{"not_picked":["DeceiveReality","JustLucky","Prostrate"],"picked":"SKIP","floor":8.0},{"not_picked":["CarveReality","Fasting2","FlurryOfBlows"],"picked":"LessonLearned","floor":12.0},{"not_picked":["SashWhip","Meditate","FollowUp"],"picked":"Fasting2","floor":13.0},{"not_picked":["Scrawl","Establishment","Devotion"],"picked":"Omniscience","floor":16.0},{"not_picked":["ThirdEye+1","Tantrum","Sanctity"],"picked":"EmptyBody","floor":18.0},{"not_picked":["Wireheading","FlyingSleeves","BattleHymn"],"picked":"SignatureMove","floor":20.0},{"not_picked":["ClearTheMind","Prostrate","EmptyFist","Tantrum"],"picked":"SKIP","floor":21.0},{"not_picked":["Consecrate","SashWhip","Indignation"],"picked":"WheelKick","floor":22.0},{"not_picked":["Halt","FlyingSleeves","CutThroughFate"],"picked":"Indignation","floor":24.0},{"not_picked":["Evaluate","CutThroughFate","Meditate"],"picked":"Scrawl","floor":27.0},{"not_picked":["Protect","WindmillStrike","CutThroughFate","CrushJoints"],"picked":"SKIP","floor":30.0},{"not_picked":["DeceiveReality+1","FlyingSleeves","Halt+1"],"picked":"WaveOfTheHand+1","floor":31.0},{"not_picked":["Scrawl+1","LessonLearned","DeusExMachina+1"],"picked":"DevaForm","floor":33.0},{"not_picked":["Protect+1"],"picked":"DeceiveReality+1","floor":35.0},{"not_picked":["CutThroughFate"],"picked":"BowlingBash","floor":38.0},{"not_picked":["ThirdEye+1","CutThroughFate"],"picked":"SKIP","floor":39.0},{"not_picked":["DeusExMachina+1"],"picked":"Swivel+1","floor":42.0},{"not_picked":["CutThroughFate","Wireheading+1"],"picked":"SKIP","floor":45.0},{"not_picked":["FlyingSleeves","SashWhip"],"picked":"SKIP","floor":47.0}],"player_experience":2242643,"relics_obtained":[{"floor":6.0,"key":"Happy Flower"},{"floor":8.0,"key":"Question Card"},{"floor":9.0,"key":"MealTicket"},{"floor":12.0,"key":"Smiling Mask"},{"floor":24.0,"key":"Blue Candle"},{"floor":26.0,"key":"Kunai"},{"floor":31.0,"key":"Toxic Egg 2"},{"floor":36.0,"key":"Girya"},{"floor":42.0,"key":"Boot"},{"floor":43.0,"key":"Ginger"},{"floor":47.0,"key":"Regal Pillow"}],"event_choices":[{"damage_healed":0.0,"max_hp_gain":0.0,"max_hp_loss":0.0,"gold_gain":0.0,"event_name":"Shining Light","player_choice":"Entered Light","floor":2.0,"gold_loss":0.0,"damage_taken":20.0,"cards_upgraded":["Strike_P","Strike_P"]},{"damage_healed":0.0,"max_hp_gain":0.0,"max_hp_loss":0.0,"gold_gain":75.0,"event_name":"World of Goop","player_choice":"Gather Gold","floor":14.0,"gold_loss":0.0,"damage_taken":11.0},{"cards_removed":["FlurryOfBlows"],"damage_healed":0.0,"max_hp_gain":0.0,"max_hp_loss":0.0,"gold_gain":0.0,"event_name":"Back to Basics","player_choice":"Elegance","floor":19.0,"gold_loss":0.0,"damage_taken":0.0},{"damage_healed":0.0,"max_hp_gain":0.0,"max_hp_loss":0.0,"gold_gain":0.0,"event_name":"The Library","player_choice":"Read","floor":29.0,"gold_loss":0.0,"damage_taken":0.0,"cards_obtained":["Swivel"]},{"damage_healed":0.0,"max_hp_gain":0.0,"max_hp_loss":0.0,"gold_gain":0.0,"event_name":"MindBloom","player_choice":"Fight","floor":36.0,"gold_loss":0.0,"damage_taken":0.0},{"damage_healed":0.0,"max_hp_gain":0.0,"max_hp_loss":4.0,"gold_gain":0.0,"event_name":"Winding Halls","player_choice":"Max HP","floor":37.0,"gold_loss":0.0,"damage_taken":0.0},{"damage_healed":0.0,"max_hp_gain":0.0,"max_hp_loss":0.0,"gold_gain":0.0,"event_name":"Match and Keep!","player_choice":"0 cards matched","floor":46.0,"gold_loss":0.0,"damage_taken":0.0,"cards_obtained":[]}],"is_beta":false,"boss_relics":[{"not_picked":["SacredBark","Runic Pyramid"],"picked":"Pandora\u0027s Box"},{"not_picked":["Astrolabe","Cursed Key"],"picked":"Busted Crown"}],"items_purged_floors":[],"is_endless":false,"potions_floor_spawned":[6,8,13,16,21,31,35,39,47],"ascension_level":20}}