{"host":"2l3i55whvwk76mom","time":1612910495,"event":{"mods":["BaseMod","Googly Eyes","Hermit","Hubris","Minty Spire (QoL Compilation)","Replay The Spire","StSLib","The Cursed","The Disciple","The Hierophant","The Jungle"],"gold_per_floor":[119,119,119,119,137,171,171,145,172,202,202,250,250,299,299,319,319],"floor_reached":16,"language":"ENG","playtime":529,"items_purged":[],"score":149,"play_id":"333d6c74-dce7-42e3-8ecb-5057faa61d7a","local_time":"20210209144135","is_ascension_mode":true,"campfire_choices":[{"data":"Draining Mist","floor":7,"key":"SMITH"},{"floor":13,"key":"DIG"},{"data":"Dodge and Roll","floor":15,"key":"SMITH"}],"circlet_count":0,"master_deck":["Strike_G","Strike_G","Strike_G","Strike_G","Strike_G","Defend_G","Defend_G","Defend_G","Defend_G","Defend_G","Survivor","Neutralize","Draining Mist+1","Dagger Throw","Backstab","Backflip","All Out Attack","Dagger Spray","Dodge and Roll+1"],"relics":["Ring of the Snake","NeowsBlessing","Toy Ornithopter","hubris:Icosahedron","Replay:Bandana","Potion Belt","Shovel","hubris:DeckOfHolding","Vajra","Blood Vial","Replay:Rubber Ducky"],"acts_visited":["Exordium"],"potions_floor_usage":[10,10],"damage_taken":[{"damage":0,"enemies":"Small Slimes","floor":1,"turns":1},{"damage":0,"enemies":"Jaw Worm","floor":5,"turns":1},{"damage":10,"enemies":"3 Sentries","floor":6,"turns":2},{"damage":9,"enemies":"Lagavulin","floor":10,"turns":10},{"damage":5,"enemies":"Replay:BlueRogue","floor":12,"turns":5},{"damage":16,"enemies":"Gremlin Nob","floor":14,"turns":4},{"damage":51,"enemies":"Slime Boss","floor":16,"turns":12}],"seed_played":"-1739413327578516117","potions_obtained":[{"floor":1,"key":"Fruit Juice"},{"floor":6,"key":"EssenceOfSteel"}],"is_trial":false,"path_per_floor":["M","?","$","?","M","E","R","$","T","E","?","E","R","E","R","B"],"character_chosen":"THE_SILENT","items_purchased":["Backflip"],"campfire_rested":0,"item_purchase_floors":[8],"current_hp_per_floor":[70,67,67,67,67,57,57,57,57,63,63,58,58,44,44,0,0],"gold":319,"neow_bonus":"THREE_ENEMY_KILL","is_daily":false,"chose_seed":false,"campfire_upgraded":2,"win_rate":0.0,"timestamp":1612910495,"path_taken":["M","?","$","?","M","E","R","?","T","E","?","E","R","E","R","BOSS"],"items_purchased_type":["Card"],"build_version":"2020-12-22","purchased_purges":0,"victory":false,"max_hp_per_floor":[70,70,70,70,70,70,70,70,70,75,75,75,75,75,75,75,75],"card_choices":[{"not_picked":["Endless Agony","Predator"],"picked":"Draining Mist","floor":1},{"not_picked":["Bane","Backflip"],"picked":"Dagger Throw","floor":5},{"not_picked":["Tactician","Finisher"],"picked":"Backstab","floor":6},{"not_picked":["Slice","Heel Hook"],"picked":"All Out Attack","floor":10},{"not_picked":["Bane","Deflect"],"picked":"Dagger Spray","floor":12},{"not_picked":["PiercingWail","Underhanded Strike"],"picked":"Dodge and Roll","floor":14}],"player_experience":360535,"relics_obtained":[{"floor":6,"key":"Replay:Bandana"},{"floor":9,"key":"Potion Belt"},{"floor":10,"key":"Shovel"},{"floor":12,"key":"Vajra"},{"floor":13,"key":"Blood Vial"},{"floor":14,"key":"Replay:Rubber Ducky"}],"event_choices":[{"damage_healed":0,"gold_gain":0,"player_choice":"Success","damage_taken":3,"relics_obtained":["Toy Ornithopter"],"max_hp_gain":0,"max_hp_loss":0,"event_name":"Scrap Ooze","floor":2,"gold_loss":0},{"damage_healed":0,"gold_gain":0,"player_choice":"Searched \u00272\u0027 times","damage_taken":0,"relics_obtained":["hubris:DeckOfHolding"],"max_hp_gain":0,"max_hp_loss":0,"event_name":"Dead Adventurer","floor":11,"gold_loss":0}],"is_beta":false,"boss_relics":[],"items_purged_floors":[],"is_endless":false,"potions_floor_spawned":[1,6],"killed_by":"Slime Boss","ascension_level":4}}