{"host":"d52brwsy6af8zvaq","time":1612857227,"event":{"mods":["AchievementEnabler","BaseMod","Bestiary","Highlight Path","Minty Spire (QoL Compilation)","Quick Restart","Relic Stats","ojb\u0027s Better Paths Mod"],"gold_per_floor":[218,293,293,308,76,110,110,110,110,137,150,176,176,190,190,264,264,280,292,292,24,40,40,40],"floor_reached":23,"language":"ENG","playtime":913,"items_purged":[],"score":418,"play_id":"de18e0f9-ca99-4c25-829b-d5b2a58bc983","local_time":"20210209005347","is_ascension_mode":true,"campfire_choices":[{"data":"Fusion","floor":8.0,"key":"SMITH"},{"floor":13.0,"key":"REST"},{"data":"Zap","floor":15.0,"key":"SMITH"}],"circlet_count":0,"master_deck":["AscendersBane","Strike_B","Strike_B","Defend_B","Defend_B","Defend_B","Defend_B","Zap+1","Dualcast","BootSequence","FTL","Streamline","Fusion+1","Skim","Machine Learning","Cold Snap","Leap","Sweeping Beam","Electrodynamics","Undo","Coolheaded+1","Apotheosis","Turbo"],"relics":["Cracked Core","Anchor","Potion Belt","DataDisk","Pantograph","Bottled Flame","Inserter","Membership Card"],"acts_visited":["Exordium","TheCity"],"potions_floor_usage":[23,23],"damage_taken":[{"damage":1.0,"enemies":"2 Louse","floor":1.0,"turns":3.0},{"damage":3.0,"enemies":"Small Slimes","floor":4.0,"turns":3.0},{"damage":10.0,"enemies":"3 Sentries","floor":6.0,"turns":6.0},{"damage":10.0,"enemies":"Lagavulin","floor":10.0,"turns":6.0},{"damage":1.0,"enemies":"Cultist","floor":11.0,"turns":4.0},{"damage":23.0,"enemies":"Gremlin Nob","floor":12.0,"turns":4.0},{"damage":4.0,"enemies":"Exordium Wildlife","floor":14.0,"turns":5.0},{"damage":36.0,"enemies":"Slime Boss","floor":16.0,"turns":11.0},{"damage":29.0,"enemies":"2 Thieves","floor":18.0,"turns":5.0},{"damage":11.0,"enemies":"Spheric Guardian","floor":19.0,"turns":5.0},{"damage":12,"enemies":"Snake Plant","floor":22,"turns":5},{"damage":4,"enemies":"Book of Stabbing","floor":23,"turns":2}],"seed_played":"5946673991778120781","potions_obtained":[{"floor":1.0,"key":"Explosive Potion"},{"floor":11.0,"key":"LiquidBronze"},{"floor":12.0,"key":"Block Potion"},{"floor":16.0,"key":"Dexterity Potion"},{"floor":18.0,"key":"Ancient Potion"},{"floor":20.0,"key":"Explosive Potion"}],"is_trial":false,"path_per_floor":["M","?","?","M","$","E","?","R","T","E","M","E","R","M","R","B",null,"M","M","?","$","M","E"],"character_chosen":"DEFECT","items_purchased":["Streamline","Anchor","Membership Card","Apotheosis"],"campfire_rested":1,"item_purchase_floors":[5,5,21,21],"current_hp_per_floor":[63,52,52,49,49,39,39,39,39,29,28,5,26,22,22,11,56,27,16,16,16,4,0,0],"gold":40,"neow_bonus":"HUNDRED_GOLD","is_daily":false,"chose_seed":false,"campfire_upgraded":2,"win_rate":0.0,"timestamp":1612857227,"path_taken":["M","?","?","?","$","E","?","R","T","E","?","E","R","M","R","BOSS","M","M","?","$","M","E"],"items_purchased_type":["Card","Relic","Relic","Card"],"build_version":"2020-12-22","purchased_purges":0,"victory":false,"max_hp_per_floor":[71,71,71,71,71,71,71,71,71,71,71,71,71,71,71,71,71,71,71,71,71,71,71,71],"relic_stats":{"Inserter":[8],"counters":[12,59],"Pantograph":25,"obtain_stats":[{"Potion Belt":6,"Anchor":5,"DataDisk":9,"Bottled Flame":12,"Inserter":17,"Pantograph":10,"Membership Card":21,"Cracked Core":0},{"Potion Belt":3,"Anchor":2,"DataDisk":3,"Bottled Flame":6,"Inserter":8,"Pantograph":4,"Membership Card":10,"Cracked Core":0},{"Potion Belt":12,"Anchor":6,"DataDisk":12,"Bottled Flame":26,"Inserter":42,"Pantograph":18,"Membership Card":52,"Cracked Core":0}]},"card_choices":[{"not_picked":["Gash","Stack"],"picked":"BootSequence","floor":1.0},{"not_picked":["Capacitor","Compile Driver"],"picked":"FTL","floor":4.0},{"not_picked":["Go for the Eyes","FTL"],"picked":"Fusion","floor":6.0},{"not_picked":["Fusion","Barrage"],"picked":"Machine Learning","floor":10.0},{"not_picked":["Rebound","Redo"],"picked":"Cold Snap","floor":11.0},{"not_picked":["Streamline","Core Surge"],"picked":"Leap","floor":12.0},{"not_picked":["Melter","Leap"],"picked":"Sweeping Beam","floor":14.0},{"not_picked":["Seek","Biased Cognition"],"picked":"Electrodynamics","floor":16.0},{"not_picked":["Melter","BootSequence"],"picked":"Undo","floor":18.0},{"not_picked":["Streamline","Rebound"],"picked":"Coolheaded+1","floor":19.0},{"not_picked":["Rebound","Blizzard+1"],"picked":"Turbo","floor":22}],"player_experience":2200682,"relics_obtained":[{"floor":6.0,"key":"Potion Belt"},{"floor":9.0,"key":"DataDisk"},{"floor":10.0,"key":"Pantograph"},{"floor":12.0,"key":"Bottled Flame"}],"event_choices":[{"damage_healed":0.0,"max_hp_gain":0.0,"max_hp_loss":0.0,"gold_gain":75.0,"event_name":"World of Goop","player_choice":"Gather Gold","floor":2.0,"gold_loss":0.0,"damage_taken":11.0},{"cards_removed":["Strike_B"],"damage_healed":0.0,"max_hp_gain":0.0,"max_hp_loss":0.0,"gold_gain":0.0,"event_name":"Purifier","player_choice":"Purged","floor":3.0,"gold_loss":0.0,"damage_taken":0.0},{"damage_healed":0.0,"max_hp_gain":0.0,"max_hp_loss":0.0,"gold_gain":0.0,"cards_transformed":["Strike_B"],"event_name":"Transmorgrifier","player_choice":"Transformed","floor":7.0,"gold_loss":0.0,"damage_taken":0.0,"cards_obtained":["Skim"]},{"damage_healed":0.0,"max_hp_gain":0.0,"max_hp_loss":0.0,"gold_gain":0.0,"event_name":"Lab","player_choice":"Got Potions","floor":20.0,"gold_loss":0.0,"damage_taken":0.0}],"is_beta":false,"boss_relics":[{"not_picked":["Runic Dome","Philosopher\u0027s Stone"],"picked":"Inserter"}],"items_purged_floors":[],"is_endless":false,"potions_floor_spawned":[1,11,12,16,18],"killed_by":"Book of Stabbing","ascension_level":20}}