{"host":"hpn0uxah5qjr7pa6","time":1612859264,"event":{"mods":["2.2 Compatiblity","Act Like it!","Aspiration","BaseMod","Better Third Choice","BetterRewards","Challenge The Spire","Colored Powertips","Conspire","DeckTracker","Downfall","Energized Spire","Hallownest","Hermit","Highlight Path","Hubris","Infinite Spire","Minty Spire (QoL Compilation)","Permanent Neow","Quick Restart","Rare Cards Sparkle","Replay The Spire","Spicy Shops","StSLib","The Bug Knight","The Jungle"],"gold_per_floor":[114,134,134,152,169,169,169,187,187,205,218,253,253,267,267,372,372,390,404,416,416,116,116,131,131,131,144,155,155,3,32,32,137,137,151,167,177,20,36,63,63,76,100,100,129,129,157,168,168,264,264,274,286,295,75,87,87,100,119,119,132,148,148,163,163,163,213,263,273,273,276,282,282,282,300,300,300,300,300,300,306,323,323,383,383,382,391,374,379,379,379,381,368,368,372,381,381,386,380,380,430,430,438,448,456,463,460,460,468,473,524,522,522,522,537,537,537,541,541,630,630,644,644,649,424,433,460,460,463,488,488,488,488,499,495,495,544,544,550,571,574,556,556,556],"floor_reached":142,"language":"ENG","playtime":4779,"items_purged":["Parasite","bronze:FollowUp+1","bronze:Repair+1"],"score":2895,"play_id":"d8b51523-a4c0-4f00-a671-9bfaae3e397e","local_time":"20210209002744","daily_mods":["SealedDeck"],"is_ascension_mode":false,"campfire_choices":[{"data":"bronze:Branch","floor":6.0,"key":"SMITH"},{"floor":13.0,"key":"REST"},{"data":"bronze:Branch","floor":15.0,"key":"SMITH"},{"data":"bronze:ChosenStrike","floor":23.0,"key":"SMITH"},{"data":"bronze:Branch","floor":32.0,"key":"SMITH"},{"data":"bronze:FollowUp","floor":41.0,"key":"SMITH"},{"floor":46.0,"key":"REST"},{"data":"bronze:FollowUp","floor":46.0,"key":"SMITH"},{"data":"bronze:DelayedSlice","floor":49.0,"key":"SMITH"},{"data":"bronze:Repair","floor":57.0,"key":"SMITH"},{"floor":63.0,"key":"REST"},{"data":"bronze:Repair","floor":63.0,"key":"SMITH"},{"data":"bronze:Branch","floor":66.0,"key":"SMITH"},{"data":"bronze:OilSpill","floor":74.0,"key":"SMITH"},{"data":"bronze:OilSpill","floor":76.0,"key":"SMITH"},{"data":"bronze:DelayedSlice","floor":78.0,"key":"SMITH"},{"floor":83.0,"key":"REST"},{"data":"infinitespire:Collect","floor":83.0,"key":"SMITH"},{"floor":91,"key":"REST"},{"data":"hubris:Fate","floor":91,"key":"SMITH"},{"floor":97,"key":"REST"},{"data":"bronze:OilSpill","floor":97,"key":"SMITH"},{"data":"bronze:OilSpill","floor":100,"key":"SMITH"},{"data":"bronze:Branch","floor":108,"key":"SMITH"},{"data":"bronze:OilSpill","floor":119,"key":"SMITH"},{"floor":128,"key":"REST"},{"data":"bronze:DelayedSlice","floor":128,"key":"SMITH"},{"data":"bronze:DelayedSlice","floor":133,"key":"SMITH"},{"data":"bronze:DelayedSlice","floor":136,"key":"SMITH"}],"circlet_count":0,"master_deck":["bronze:WhirlingStrike","bronze:DelayedSlice+1","bronze:DelayedSlice+1","bronze:Branch+1","bronze:DelayedSlice","bronze:Branch+1","bronze:DelayedSlice+1","bronze:Branch+1","bronze:FollowUp+1","bronze:DelayedSlice","bronze:ChosenStrike+1","bronze:Branch+1","bronze:OilSpill+1","bronze:WhirlingStrike","bronze:DelayedSlice+1","bronze:DelayedSlice","bronze:Branch+1","bronze:DelayedSlice+1","bronze:Branch","bronze:DelayedSlice+1","bronze:Branch+1","bronze:DelayedSlice","bronze:ChosenStrike+1","bronze:Branch+1","bronze:OilSpill+1","bronze:OilSpill+1","bronze:Repair+1","bronze:Repair+1","bronze:OilSpill+1","infinitespire:Collect+1","hubris:Fate+1","bronze:OilSpill+1","bronze:ChosenStrike+1","bronze:DelayedSlice+1","bronze:OilSpill+1"],"relics":["bronze:BronzeCore","Pocketwatch","Bird Faced Urn","hubris:Backtick","ReplayFunnel","Gremlin Food","hubris:BottledRain","Blood Vial","infinitespire:CheckeredPen","hubris:VirtuousBlindfold","HollowMod:JonisBlessing","Replay:Bottled Steam","HollowMod:PaleOreRelic","hubris:Towel","infinitespire:Magic Flask","HollowMod:StagPassRelic","hubris:ScarierMask","DollysMirror","hubris:TenFootPole","Odd Mushroom","Guardian:PocketSentry","Tiny House","energizedSpire:DeadBattery","aspiration:KaomsHeart"],"acts_visited":["Exordium","TheCity","TheBeyond","Exordium","TheCity","TheBeyond","Exordium","TheCity","TheBeyond"],"potions_floor_usage":[92,93,101,101,106,120,137,137,142],"damage_taken":[{"damage":0.0,"enemies":"Small Slimes","floor":1.0,"turns":1.0},{"damage":0.0,"enemies":"Cultist","floor":2.0,"turns":1.0},{"damage":0.0,"enemies":"2 Louse","floor":4.0,"turns":1.0},{"damage":0.0,"enemies":"Blue Slaver","floor":5.0,"turns":1.0},{"damage":0.0,"enemies":"Red Slaver","floor":8.0,"turns":1.0},{"damage":0.0,"enemies":"Large Slime","floor":10.0,"turns":2.0},{"damage":0.0,"enemies":"Lots of Slimes","floor":11.0,"turns":1.0},{"damage":2.0,"enemies":"Lagavulin","floor":12.0,"turns":3.0},{"damage":0.0,"enemies":"Looter","floor":14.0,"turns":1.0},{"damage":0.0,"enemies":"The Guardian","floor":16.0,"turns":1.0},{"damage":2.0,"enemies":"Shell Parasite","floor":18.0,"turns":3.0},{"damage":0.0,"enemies":"conspire:FuzzyDice","floor":19.0,"turns":3.0},{"damage":0.0,"enemies":"Chosen and Byrds","floor":20.0,"turns":2.0},{"damage":5.0,"enemies":"conspire:HollyBat","floor":24.0,"turns":5.0},{"damage":0.0,"enemies":"Shelled Parasite and Fungi","floor":27.0,"turns":2.0},{"damage":0.0,"enemies":"Sentry and Sphere","floor":28.0,"turns":3.0},{"damage":0.0,"enemies":"Replay:Snechameleon","floor":31.0,"turns":5.0},{"damage":29.0,"enemies":"Automaton","floor":33.0,"turns":7.0},{"damage":0.0,"enemies":"Orb Walker","floor":35.0,"turns":2.0},{"damage":0.0,"enemies":"3 Darklings","floor":36.0,"turns":3.0},{"damage":0.0,"enemies":"Transient","floor":37.0,"turns":5.0},{"damage":0.0,"enemies":"Writhing Mass","floor":39.0,"turns":4.0},{"damage":0.0,"enemies":"Nightmare","floor":40.0,"turns":4.0},{"damage":0.0,"enemies":"Sphere and 2 Shapes","floor":42.0,"turns":2.0},{"damage":12.0,"enemies":"Giant Head","floor":45.0,"turns":7.0},{"damage":0.0,"enemies":"Reptomancer","floor":47.0,"turns":3.0},{"damage":0.0,"enemies":"4 Shapes","floor":48.0,"turns":2.0},{"damage":49.0,"enemies":"Awakened One","floor":50.0,"turns":12.0},{"damage":0.0,"enemies":"Cultist","floor":52.0,"turns":2.0},{"damage":0.0,"enemies":"2 Louse","floor":53.0,"turns":1.0},{"damage":0.0,"enemies":"Small Slimes","floor":54.0,"turns":1.0},{"damage":0.0,"enemies":"Exordium Thugs","floor":56.0,"turns":2.0},{"damage":9.0,"enemies":"Lagavulin","floor":58.0,"turns":3.0},{"damage":0.0,"enemies":"The Mushroom Lair","floor":59.0,"turns":2.0},{"damage":0.0,"enemies":"3 Louse","floor":61.0,"turns":1.0},{"damage":0.0,"enemies":"Lots of Slimes","floor":62.0,"turns":1.0},{"damage":0.0,"enemies":"Exordium Thugs","floor":64.0,"turns":1.0},{"damage":0.0,"enemies":"Fading Forest","floor":67.0,"turns":11.0},{"damage":0.0,"enemies":"3 Byrds","floor":69.0,"turns":2.0},{"damage":0.0,"enemies":"Chosen","floor":71.0,"turns":2.0},{"damage":0.0,"enemies":"Centurion and Healer","floor":72.0,"turns":2.0},{"damage":0.0,"enemies":"Gremlin Leader","floor":75.0,"turns":3.0},{"damage":0.0,"enemies":"Chosen and Byrds","floor":79.0,"turns":2.0},{"damage":0.0,"enemies":"3 Cultists","floor":81.0,"turns":2.0},{"damage":0.0,"enemies":"Slavers","floor":82.0,"turns":3.0},{"damage":11.0,"enemies":"hubris:MusketHawk","floor":84.0,"turns":6.0},{"damage":0.0,"enemies":"Orb Walker","floor":86.0,"turns":2.0},{"damage":0.0,"enemies":"3 Shapes","floor":87.0,"turns":2.0},{"damage":24.0,"enemies":"Transient","floor":88.0,"turns":5.0},{"damage":0,"enemies":"3 Darklings","floor":89,"turns":2},{"damage":9,"enemies":"Writhing Mass","floor":92,"turns":4},{"damage":0,"enemies":"Maw","floor":93,"turns":6},{"damage":0,"enemies":"4 Shapes","floor":95,"turns":3},{"damage":0,"enemies":"Sphere and 2 Shapes","floor":96,"turns":2},{"damage":0,"enemies":"3 Darklings","floor":98,"turns":3},{"damage":0,"enemies":"Transient","floor":99,"turns":4},{"damage":125,"enemies":"hubris:GrandSnecko","floor":101,"turns":10},{"damage":0,"enemies":"Jaw Worm","floor":103,"turns":2},{"damage":0,"enemies":"Cultist","floor":104,"turns":2},{"damage":0,"enemies":"Small Slimes","floor":105,"turns":1},{"damage":0,"enemies":"Exordium Thugs","floor":106,"turns":2},{"damage":0,"enemies":"Large Slime","floor":107,"turns":3},{"damage":0,"enemies":"3 Louse","floor":109,"turns":1},{"damage":0,"enemies":"Blue Slaver","floor":110,"turns":2},{"damage":0,"enemies":"Large Slime","floor":112,"turns":3},{"damage":0,"enemies":"2 Fungi Beasts","floor":115,"turns":1},{"damage":0,"enemies":"Gremlin Gang","floor":118,"turns":2},{"damage":0,"enemies":"Slime Boss","floor":120,"turns":2},{"damage":0,"enemies":"2 Thieves","floor":122,"turns":1},{"damage":0,"enemies":"Spheric Guardian","floor":124,"turns":1},{"damage":3,"enemies":"Centurion and Healer","floor":126,"turns":2},{"damage":0,"enemies":"Slavers","floor":127,"turns":1},{"damage":0,"enemies":"3 Cultists","floor":129,"turns":2},{"damage":0,"enemies":"Snecko","floor":134,"turns":2},{"damage":0,"enemies":"Cultist and Chosen","floor":135,"turns":2},{"damage":97,"enemies":"Champ","floor":137,"turns":8},{"damage":0,"enemies":"3 Darklings","floor":139,"turns":2},{"damage":127,"enemies":"Mind Bloom Boss Battle","floor":140,"turns":5},{"damage":0,"enemies":"3 Shapes","floor":141,"turns":2},{"damage":72,"enemies":"Spire Growth","floor":142,"turns":3}],"seed_played":"-8521357785553343237","potions_obtained":[{"floor":5.0,"key":"SkillPotion"},{"floor":8.0,"key":"Block Potion"},{"floor":10.0,"key":"infinitespire:BlackPotion"},{"floor":14.0,"key":"Energy Potion"},{"floor":16.0,"key":"EntropicBrew"},{"floor":31.0,"key":"champ:CounterPotion"},{"floor":40.0,"key":"BlessingOfTheForge"},{"floor":42.0,"key":"bronze:BurnAndBuffPotion"},{"floor":47.0,"key":"BlessingOfTheForge"},{"floor":48.0,"key":"LifebloodPotion"},{"floor":53.0,"key":"ColorlessPotion"},{"floor":58.0,"key":"Toxic Potion"},{"floor":67.0,"key":"Weak Potion"},{"floor":68.0,"key":"Flashbang"},{"floor":72.0,"key":"champ:CounterPotion"},{"floor":79.0,"key":"Fire Potion"},{"floor":82.0,"key":"Energy Potion"},{"floor":87.0,"key":"PowerPotion"},{"floor":92,"key":"LiquidBronze"},{"floor":93,"key":"Guardian:BlockOnCardUsePotion"},{"floor":95,"key":"AttackPotion"},{"floor":101,"key":"AttackPotion"},{"floor":103,"key":"LiquidBronze"},{"floor":106,"key":"Swift Potion"},{"floor":112,"key":"Explosive Potion"},{"floor":127,"key":"Dexterity Potion"},{"floor":139,"key":"bronze:CleanCodePotion"}],"is_trial":true,"path_per_floor":["M","M","?","M","M","R","$","M","T","M","M","E","R","M","R","B",null,"M","M","M","?","$","R","M","?","T","M","M","?","$","E","R","B",null,"M","M","M","$","M","NM","R","M","T","?","E","R","E","M","R","B",null,"M","M","M","$","M","R","E","?","T","M","M","R","M","?","R","B",null,"M","AVR","M","M","?","R","E","R","T","R","M","?","M","E","R","B",null,"M","M","M","M","?","R","M","M","T","M","M","R","M","M","R","B",null,"M","M","M","M","M","R","M","M","T","M","PTL","PTL","M","?","?","M","R","B",null,"M","?","M","$","M","E","R","M","T","?","AVR","R","M","M","R","B",null,"M","?","M","M"],"character_chosen":"THE_AUTOMATON","items_purchased":["bronze:ChosenStrike","bronze:Branch","Gremlin Food","Blood Vial","HollowMod:JonisBlessing","DollysMirror"],"campfire_rested":7,"item_purchase_floors":[22,22,22,30,38,55],"current_hp_per_floor":[70,70,70,70,70,70,70,70,70,70,70,68,70,70,70,70,70,68,68,68,68,68,68,63,63,63,63,63,63,63,65,65,38,70,70,70,70,70,70,70,70,70,70,70,58,70,70,70,70,21,70,70,70,70,67,67,67,58,58,58,58,58,67,67,67,67,67,72,72,172,172,172,172,172,172,172,172,172,172,152,152,152,172,161,172,172,172,148,148,148,172,163,163,163,163,163,172,172,172,172,47,172,172,172,172,172,172,172,172,172,172,172,172,172,172,169,174,174,174,174,174,174,174,174,174,171,171,174,174,174,174,174,174,174,174,174,77,174,174,47,47,0,0,0],"gold":556,"neow_bonus":"","is_daily":false,"chose_seed":false,"campfire_upgraded":22,"win_rate":0.0,"timestamp":1612859264,"path_taken":["M","M","?","?","M","R","$","M","T","M","?","E","R","M","R","BOSS","M","M","M","?","$","R","M","?","T","M","?","?","$","E","R","BOSS","M","M","M","?","M","NM","R","M","T","?","E","R","E","M","R","BOSS","M","M","M","$","M","R","E","?","T","M","M","R","M","?","R","BOSS","M","AVR","M","M","?","R","E","R","T","R","M","?","M","E","R","BOSS","M","M","M","M","?","R","M","M","T","M","M","R","M","?","R","BOSS","M","M","M","M","M","R","M","M","T","M","PTL","PTL","M","?","?","M","R","BOSS","M","?","M","?","M","E","R","M","T","?","AVR","R","M","?","R","BOSS","M","?","M","M"],"items_purchased_type":["Card","Card","Relic","Relic","Relic","Relic"],"build_version":"2020-12-22","purchased_purges":3,"victory":false,"max_hp_per_floor":[70,70,70,70,70,70,70,70,70,70,70,70,70,70,70,70,70,70,70,70,70,70,70,70,70,70,70,70,70,70,70,70,70,70,70,70,70,70,70,70,70,70,70,70,70,70,70,70,70,70,70,70,70,70,67,67,67,67,67,67,67,67,67,67,67,67,67,72,72,172,172,172,172,172,172,172,172,172,172,172,172,172,172,172,172,172,172,172,172,172,172,172,172,172,172,172,172,172,172,172,172,172,172,172,172,172,172,172,172,172,172,172,172,172,172,169,174,174,174,174,174,174,174,174,174,174,174,174,174,174,174,174,174,174,174,174,174,174,174,174,174,174,174,174],"card_choices":[{"not_picked":["bronze:Deprecate","bronze:Optimize","bronze:Invalidate"],"picked":"SKIP","floor":1.0},{"not_picked":["bronze:Deprecate","bronze:Optimize","bronze:Invalidate"],"picked":"SKIP","floor":1.0},{"not_picked":["bronze:Return","bronze:BugBarrage","bronze:Constructor"],"picked":"SKIP","floor":2.0},{"not_picked":["bronze:InfiniteBeams","bronze:Return","bronze:BuggyMess"],"picked":"SKIP","floor":4.0},{"not_picked":["bronze:Refactor","bronze:ShipIt","bronze:NullPointer"],"picked":"SKIP","floor":5.0},{"not_picked":["bronze:BitShift","bronze:ForLoop","bronze:Boost"],"picked":"SKIP","floor":8.0},{"not_picked":["bronze:ItsAFeature","bronze:Safeguard","bronze:Frontload"],"picked":"SKIP","floor":10.0},{"not_picked":["bronze:MaxOutput","bronze:WildBeam","bronze:Philosophize"],"picked":"SKIP","floor":11.0},{"not_picked":["bronze:Frontload","bronze:Optimize","bronze:Deprecate"],"picked":"SKIP","floor":12.0},{"not_picked":["bronze:Flail","bronze:Frontload","bronze:Deprecate"],"picked":"SKIP","floor":14.0},{"not_picked":["bronze:Separator","bronze:Terminator","bronze:InfiniteBeams"],"picked":"SKIP","floor":18.0},{"not_picked":["bronze:DelayedGuard","bronze:CutThrough+1","bronze:Return"],"picked":"SKIP","floor":19.0},{"not_picked":["bronze:ForLoop","bronze:Allocate","bronze:CloningBeam"],"picked":"SKIP","floor":20.0},{"not_picked":["bronze:ChildClass","bronze:Repulsor"],"picked":"bronze:OilSpill","floor":24.0},{"not_picked":["bronze:Shield+1","bronze:BuggyMess","bronze:BitShift"],"picked":"SKIP","floor":27.0},{"not_picked":["bronze:BugBarrage+1","bronze:FollowUp","bronze:Philosophize"],"picked":"SKIP","floor":28.0},{"not_picked":["bronze:Iterate","bronze:InfiniteLoop","bronze:Overheat+1"],"picked":"SKIP","floor":31.0},{"not_picked":["bronze:CutThrough+1","bronze:CloningBeam","bronze:BugBarrage+1"],"picked":"SKIP","floor":35.0},{"not_picked":["bronze:Frontload+1","bronze:Backtrace+1","bronze:BuggyMess"],"picked":"SKIP","floor":36.0},{"not_picked":["bronze:BuggyMess","bronze:Separator+1","bronze:ClassDefault"],"picked":"SKIP","floor":37.0},{"not_picked":["bronze:Boost+1","bronze:Return","bronze:BuggyMess+1"],"picked":"SKIP","floor":39.0},{"not_picked":["bronze:Invalidate","bronze:BugBarrage","bronze:Fortify"],"picked":"SKIP","floor":40.0},{"not_picked":["bronze:Repulsor","bronze:Fortify","bronze:DarkDash+1"],"picked":"SKIP","floor":42.0},{"not_picked":["bronze:Repulsor+1","bronze:WhirlingStrike"],"picked":"bronze:OilSpill","floor":45.0},{"not_picked":["bronze:BuggyMess","bronze:Overheat","bronze:BugBarrage"],"picked":"SKIP","floor":47.0},{"not_picked":["bronze:ForceShield+1","bronze:Deprecate+1","bronze:Overheat+1"],"picked":"SKIP","floor":48.0},{"not_picked":["bronze:Terminator","bronze:Frontload","bronze:BuggyMess"],"picked":"SKIP","floor":52.0},{"not_picked":["bronze:Invalidate","bronze:FineTuning","bronze:CloningBeam"],"picked":"SKIP","floor":53.0},{"not_picked":["bronze:Overheat","bronze:ChosenStrike"],"picked":"bronze:Repair","floor":54.0},{"not_picked":["bronze:Branch","bronze:Turbo"],"picked":"bronze:OilSpill","floor":56.0},{"not_picked":["bronze:Invalidate","bronze:Frontload","bronze:Overheat"],"picked":"SKIP","floor":58.0},{"not_picked":["bronze:Turbo","bronze:Invalidate"],"picked":"bronze:Repair","floor":59.0},{"not_picked":["bronze:Allocate","bronze:FineTuning","bronze:Mutator"],"picked":"SKIP","floor":61.0},{"not_picked":["bronze:ForceShield","bronze:WhirlingStrike","bronze:MaxOutput"],"picked":"SKIP","floor":62.0},{"not_picked":["bronze:Invalidate","bronze:ItsAFeature","bronze:BugBarrage"],"picked":"SKIP","floor":64.0},{"not_picked":["bronze:CloningBeam","bronze:Branch","bronze:Backtrace"],"picked":"SKIP","floor":69.0},{"not_picked":["bronze:OilSpill","bronze:Fortify+1","bronze:Terminator+1"],"picked":"SKIP","floor":71.0},{"not_picked":["bronze:BronzeArmor","bronze:Fortify","bronze:BitShift"],"picked":"SKIP","floor":72.0},{"not_picked":["bronze:Deprecate+1","bronze:Safeguard","bronze:Break"],"picked":"SKIP","floor":75.0},{"not_picked":["bronze:InfiniteBeams","bronze:Overheat","bronze:Philosophize+1"],"picked":"SKIP","floor":79.0},{"not_picked":["infinitespire:UltimateForm","ReplayTheSpireMod:Chaos Vortex"],"picked":"infinitespire:Collect","floor":80.0},{"not_picked":["bronze:FineTuning","bronze:OilSpill","bronze:DelayedGuard"],"picked":"SKIP","floor":81.0},{"not_picked":["bronze:BuggyMess","bronze:WhirlingStrike","bronze:Shield+1"],"picked":"SKIP","floor":82.0},{"not_picked":["infinitespire:Execution","ReplayTheSpireMod:Black Plague"],"picked":"hubris:Fate","floor":84.0},{"not_picked":["bronze:Deprecate","bronze:BitShift+1","bronze:Return+1"],"picked":"SKIP","floor":86.0},{"not_picked":["bronze:Deprecate+1","bronze:Separator+1"],"picked":"bronze:OilSpill+1","floor":87.0},{"not_picked":["bronze:DelayedSlice","bronze:Allocate"],"picked":"bronze:ChosenStrike+1","floor":88.0},{"not_picked":["bronze:ForceShield+1","bronze:Invalidate","bronze:Flail+1"],"picked":"SKIP","floor":89},{"not_picked":["bronze:Safeguard","bronze:Allocate","bronze:Philosophize+1"],"picked":"SKIP","floor":92},{"not_picked":["bronze:Boost","bronze:Terminator+1","bronze:CloningBeam+1"],"picked":"SKIP","floor":93},{"not_picked":["bronze:BugBarrage","bronze:Turbo+1","bronze:ForceShield"],"picked":"SKIP","floor":95},{"not_picked":["bronze:Invalidate","bronze:ForLoop+1","bronze:ItsAFeature+1"],"picked":"SKIP","floor":96},{"not_picked":["bronze:ChildClass","bronze:Deprecate","bronze:Constructor+1"],"picked":"SKIP","floor":98},{"not_picked":["bronze:FineTuning+1","bronze:Separator"],"picked":"bronze:DelayedSlice+1","floor":99},{"not_picked":["bronze:BronzeOrb","bronze:Shield"],"picked":"bronze:OilSpill","floor":103},{"not_picked":["bronze:DelayedGuard","bronze:Iterate","bronze:Deprecate"],"picked":"SKIP","floor":104},{"not_picked":["bronze:Shell","bronze:ForceShield","bronze:BitShift"],"picked":"SKIP","floor":105},{"not_picked":["bronze:ForLoop","bronze:ChosenStrike","bronze:WhirlingStrike"],"picked":"SKIP","floor":106},{"not_picked":["bronze:BugBarrage","bronze:WhirlingStrike","bronze:ItsAFeature"],"picked":"SKIP","floor":107},{"not_picked":["bronze:ChosenStrike","bronze:Optimize","bronze:BronzeOrb"],"picked":"SKIP","floor":109},{"not_picked":["bronze:ForLoop","bronze:Library","bronze:Frontload"],"picked":"SKIP","floor":110},{"not_picked":["bronze:Philosophize","bronze:DarkDash","bronze:BronzeArmor"],"picked":"SKIP","floor":112},{"not_picked":["bronze:Invalidate","bronze:WildBeam","bronze:Iterate"],"picked":"SKIP","floor":115},{"not_picked":["bronze:ForceShield","bronze:Overheat","bronze:Format"],"picked":"SKIP","floor":118},{"not_picked":["bronze:ForceShield","bronze:Constructor","bronze:FineTuning"],"picked":"SKIP","floor":122},{"not_picked":["bronze:Shield","bronze:CutThrough","bronze:TinkerersToolbox"],"picked":"SKIP","floor":124},{"not_picked":["bronze:DelayedGuard","bronze:BugBarrage","bronze:Shield"],"picked":"SKIP","floor":126},{"not_picked":["bronze:WhirlingStrike","bronze:Deprecate","bronze:Repair+1"],"picked":"SKIP","floor":127},{"not_picked":["bronze:CutThrough+1","bronze:Branch","bronze:BitShift"],"picked":"SKIP","floor":129},{"not_picked":["bronze:Separator","bronze:Branch","bronze:RecursiveStrike"],"picked":"SKIP","floor":134},{"not_picked":["bronze:InfiniteBeams","bronze:ItsAFeature","bronze:Repair"],"picked":"SKIP","floor":135},{"not_picked":["bronze:OilSpill","bronze:Turbo+1","bronze:WildBeam+1"],"picked":"SKIP","floor":139},{"not_picked":["bronze:BitShift","bronze:Overheat","bronze:ChildClass+1"],"picked":"SKIP","floor":141}],"player_experience":208851,"relics_obtained":[{"floor":9.0,"key":"Pocketwatch"},{"floor":12.0,"key":"Bird Faced Urn"},{"floor":26.0,"key":"hubris:BottledRain"},{"floor":31.0,"key":"infinitespire:CheckeredPen"},{"floor":40.0,"key":"Replay:Bottled Steam"},{"floor":43.0,"key":"HollowMod:PaleOreRelic"},{"floor":45.0,"key":"infinitespire:Magic Flask"},{"floor":47.0,"key":"HollowMod:StagPassRelic"},{"floor":58.0,"key":"hubris:TenFootPole"},{"floor":59.0,"key":"Odd Mushroom"},{"floor":60.0,"key":"Guardian:PocketSentry"},{"floor":75.0,"key":"aspiration:KMNothing"},{"floor":77.0,"key":"aspiration:KMNothing"},{"floor":82.0,"key":"aspiration:KMNothing"},{"floor":94,"key":"aspiration:KMNothing"},{"floor":111,"key":"infinitespire:Beetle Shell"},{"floor":127,"key":"Whetstone"},{"floor":140,"key":"hubris:GlazedTorus"}],"event_choices":[{"damage_healed":0.0,"max_hp_gain":0.0,"max_hp_loss":0.0,"gold_gain":0.0,"event_name":"The Woman in Blue","player_choice":"Bought 0 Potions","floor":3.0,"gold_loss":0.0,"damage_taken":0.0},{"damage_healed":0.0,"max_hp_gain":0.0,"max_hp_loss":0.0,"gold_gain":0.0,"event_name":"Transmorgrifier","player_choice":"Ignored","floor":29.0,"gold_loss":0.0,"damage_taken":0.0},{"damage_healed":0.0,"max_hp_gain":0.0,"max_hp_loss":0.0,"gold_gain":0.0,"event_name":"Mushrooms","player_choice":"Fought Mushrooms","floor":59.0,"gold_loss":0.0,"damage_taken":0.0},{"damage_healed":0.0,"max_hp_gain":0.0,"max_hp_loss":0.0,"gold_gain":0.0,"event_name":"Vampires","player_choice":"Ignored","floor":73.0,"gold_loss":0.0,"damage_taken":0.0},{"damage_healed":0,"gold_gain":0,"player_choice":"Ignored","damage_taken":0,"max_hp_gain":0,"max_hp_loss":0,"event_name":"betterThird:BetterPortal","floor":90,"gold_loss":0},{"cards_removed":["Parasite"],"damage_healed":0,"gold_gain":0,"player_choice":"Card Removal","damage_taken":7,"max_hp_gain":0,"max_hp_loss":0,"event_name":"Golden Wing","floor":116,"gold_loss":0},{"damage_healed":0,"gold_gain":0,"player_choice":"Donut","damage_taken":0,"max_hp_gain":5,"max_hp_loss":0,"event_name":"Big Fish","floor":117,"gold_loss":0},{"damage_healed":0,"gold_gain":0,"player_choice":"Ignored","damage_taken":0,"max_hp_gain":0,"max_hp_loss":0,"event_name":"WeMeetAgain","floor":123,"gold_loss":0},{"damage_healed":0,"gold_gain":0,"player_choice":"Ignored","damage_taken":0,"max_hp_gain":0,"max_hp_loss":0,"event_name":"Transmorgrifier","floor":131,"gold_loss":0},{"damage_healed":0,"gold_gain":0,"player_choice":"Fight","damage_taken":0,"max_hp_gain":0,"max_hp_loss":0,"event_name":"MindBloom","floor":140,"gold_loss":0}],"is_beta":false,"boss_relics":[{"not_picked":["expansioncontent:StudyCardRelic","Abe\u0027s Treasure"],"picked":"hubris:Backtick"},{"not_picked":["Runic Pyramid","hubris:TerracottaHorce"],"picked":"hubris:VirtuousBlindfold"},{"not_picked":["Replay:Fungal Core","Replay:Drink Me"],"picked":"hubris:ScarierMask"},{"not_picked":["aspiration:PoetsPen_weak","hubris:TerracottaHorce"],"picked":"Tiny House"},{"not_picked":["aspiration:KMNothing","aspiration:KMNothing"],"picked":"aspiration:KMNothing"},{"not_picked":["aspiration:KMNothing","aspiration:KMNothing"],"picked":"aspiration:KMNothing"},{"not_picked":["Coffee Dripper","Runic Dome","Snecko Eye"]},{"not_picked":["ChewingGum","hubris:RunicObelisk"],"picked":"bronze:PlatinumCore"}],"items_purged_floors":[55,125,125],"is_endless":true,"potions_floor_spawned":[5,8,10,14,16,18,19,31,40,42,47,48,53,58,61,62,67,72,79,82,87,92,93,95,98,101,103,104,106,107,112,127,129,135,139],"killed_by":"Spire Growth","ascension_level":0}}