{"host":"tml1x4ylw9tadh99","time":1612893140,"event":{"mods":["AchievementEnabler","Act Like it!","BaseMod","Bestiary","Colored Map","Colored Powertips","DeckTracker","Friendly Minions","GifTheSpireLib","Minty Spire (QoL Compilation)","Quick Restart","Random Character Button","Random Character Mod","Relic Stats","StSLib","Synergy Search"],"gold_per_floor":[116,116,133,145,160,195,195,229,278,289,289,304,304,304,304,304,304],"floor_reached":16,"language":"ENG","playtime":1190,"items_purged":[],"score":112,"play_id":"a535f384-1a5f-4dc0-8898-2d85be2e4cd1","local_time":"20210209185220","is_ascension_mode":false,"campfire_choices":[{"data":"Tantrum","floor":7,"key":"SMITH"},{"data":"FlurryOfBlows","floor":11,"key":"SMITH"},{"floor":15,"key":"REST"}],"circlet_count":0,"master_deck":["Strike_P","Strike_P","Strike_P","Strike_P+1","Defend_P","Defend_P","Defend_P","Defend_P","Eruption+1","Vigilance","FlurryOfBlows+1","ClearTheMind","Indignation","Crescendo+1","Tantrum+1"],"relics":["PureWater","NeowsBlessing","Darkstone Periapt","Letter Opener","MealTicket"],"acts_visited":["Exordium"],"potions_floor_usage":[8,12],"damage_taken":[{"damage":0,"enemies":"Jaw Worm","floor":1,"turns":1},{"damage":0,"enemies":"Cultist","floor":3,"turns":1},{"damage":0,"enemies":"2 Louse","floor":4,"turns":1},{"damage":6,"enemies":"Blue Slaver","floor":5,"turns":5},{"damage":21,"enemies":"3 Sentries","floor":6,"turns":10},{"damage":7,"enemies":"Gremlin Nob","floor":8,"turns":3},{"damage":3,"enemies":"Red Slaver","floor":10,"turns":2},{"damage":0,"enemies":"Large Slime","floor":12,"turns":3},{"damage":49,"enemies":"Hexaghost","floor":16,"turns":7}],"seed_played":"-6940354216659372291","potions_obtained":[{"floor":5,"key":"Swift Potion"},{"floor":8,"key":"SmokeBomb"},{"floor":10,"key":"SkillPotion"}],"is_trial":false,"path_per_floor":["M","?","M","M","M","E","R","E","T","M","R","M","?","?","R","B"],"character_chosen":"WATCHER","items_purchased":[],"campfire_rested":1,"item_purchase_floors":[],"current_hp_per_floor":[72,72,72,72,66,45,45,38,38,35,35,35,21,21,42,0,0],"gold":304,"neow_bonus":"THREE_ENEMY_KILL","is_daily":false,"chose_seed":false,"campfire_upgraded":2,"win_rate":0.0,"timestamp":1612893140,"path_taken":["M","?","?","M","M","E","R","E","T","M","R","M","?","?","R","BOSS"],"items_purchased_type":[],"build_version":"2020-12-22","purchased_purges":0,"victory":false,"max_hp_per_floor":[72,72,72,72,72,72,72,72,72,72,72,72,72,72,72,72,72],"relic_stats":{"Darkstone Periapt":0,"counters":[9,33],"MealTicket":0,"Letter Opener":[5],"obtain_stats":[{"Darkstone Periapt":6,"NeowsBlessing":0,"MealTicket":9,"Letter Opener":8,"PureWater":0},{"Darkstone Periapt":5,"NeowsBlessing":0,"MealTicket":6,"Letter Opener":6,"PureWater":0},{"Darkstone Periapt":18,"NeowsBlessing":0,"MealTicket":21,"Letter Opener":21,"PureWater":0}]},"card_choices":[{"not_picked":["ThirdEye","Perseverance"],"picked":"FlurryOfBlows","floor":1},{"not_picked":["ThirdEye","InnerPeace"],"picked":"ClearTheMind","floor":3},{"not_picked":["PathToVictory","CrushJoints"],"picked":"Indignation","floor":4},{"not_picked":["JustLucky","FearNoEvil"],"picked":"Crescendo","floor":5},{"not_picked":["Alpha","ClearTheMind"],"picked":"Tantrum","floor":6},{"not_picked":["Sanctity","Meditate","ThirdEye"],"picked":"SKIP","floor":8},{"not_picked":["SandsOfTime","WreathOfFlame","FlyingSleeves"],"picked":"SKIP","floor":10},{"not_picked":["EmptyFist","EmptyBody","Consecrate"],"picked":"SKIP","floor":12}],"player_experience":42196,"relics_obtained":[{"floor":6,"key":"Darkstone Periapt"},{"floor":8,"key":"Letter Opener"},{"floor":9,"key":"MealTicket"}],"event_choices":[{"damage_healed":0,"gold_gain":0,"player_choice":"Forge","damage_taken":0,"max_hp_gain":0,"max_hp_loss":0,"event_name":"Accursed Blacksmith","floor":2,"gold_loss":0,"cards_upgraded":["Eruption"]},{"damage_healed":0,"gold_gain":0,"player_choice":"Entered Light","damage_taken":14,"max_hp_gain":0,"max_hp_loss":0,"event_name":"Shining Light","floor":13,"gold_loss":0,"cards_upgraded":["Strike_P","Crescendo"]},{"damage_healed":0,"gold_gain":0,"player_choice":"0 cards matched","damage_taken":0,"max_hp_gain":0,"max_hp_loss":0,"event_name":"Match and Keep!","floor":14,"gold_loss":0,"cards_obtained":[]}],"is_beta":false,"boss_relics":[],"items_purged_floors":[],"is_endless":false,"potions_floor_spawned":[5,8,10],"killed_by":"Hexaghost","ascension_level":0}}