{"host":"j4nfyhit1dl35m08","time":1612902612,"event":{"mods":["BaseMod","Downfall","Highlight Path","Minty Spire (QoL Compilation)","StSLib"],"gold_per_floor":[99,118,138,138,153,153,178,178,197,197,14,41,41,56,73,147,147,147,163,179,179,179,179],"floor_reached":21,"language":"ENG","playtime":1878,"items_purged":["bronze:Strike"],"score":317,"play_id":"859ea538-754c-46a6-8fba-70a318935075","local_time":"20210209143012","is_ascension_mode":true,"campfire_choices":[{"data":"bronze:Library","floor":1,"key":"SMITH"},{"floor":6,"key":"REST"},{"data":"bronze:Overheat","floor":8,"key":"SMITH"},{"data":"bronze:Terminator","floor":13,"key":"SMITH"},{"floor":18,"key":"RECALL"}],"circlet_count":0,"master_deck":["AscendersBane","bronze:Strike","bronze:Strike","bronze:Strike","bronze:Defend","bronze:Defend","bronze:Defend","bronze:Defend","bronze:Replicate","bronze:Goto","bronze:Library+1","bronze:WhirlingStrike","bronze:Repair","bronze:Overheat+1","bronze:DelayedGuard","bronze:Spike","bronze:FineTuning","bronze:Branch","bronze:Terminator+1","bronze:Overheat","bronze:ChildClass","bronze:Refactor","bronze:BitShift","bronze:Verify","bronze:Terminator","bronze:Repair"],"relics":["bronze:BronzeCore","Oddly Smooth Stone","Matryoshka","Fusion Hammer"],"acts_visited":["Exordium","TheCity"],"potions_floor_usage":[12,16,20],"damage_taken":[{"damage":14,"enemies":"Small Slimes","floor":2,"turns":5},{"damage":25,"enemies":"Jaw Worm","floor":3,"turns":4},{"damage":2,"enemies":"Cultist","floor":5,"turns":4},{"damage":11,"enemies":"Red Slaver","floor":9,"turns":3},{"damage":0,"enemies":"Red Slaver","floor":10,"turns":4},{"damage":0,"enemies":"downfall:FleeingMerchant","floor":11,"turns":4},{"damage":8,"enemies":"Gremlin Nob","floor":12,"turns":3},{"damage":9,"enemies":"Large Slime","floor":14,"turns":5},{"damage":25,"enemies":"Gremlin Gang","floor":15,"turns":3},{"damage":4,"enemies":"WA_ARCHETYPE_RETAIN","floor":16,"turns":6},{"damage":7,"enemies":"Spheric Guardian","floor":19,"turns":5},{"damage":18,"enemies":"3 Cultists","floor":20,"turns":6},{"damage":42,"enemies":"Masked Bandits","floor":21,"turns":3}],"seed_played":"-4284785766361732032","potions_obtained":[{"floor":9,"key":"FearPotion"},{"floor":12,"key":"Swift Potion"},{"floor":14,"key":"SpeedPotion"},{"floor":15,"key":"bronze:BuildAFunctionPotion"},{"floor":19,"key":"Energy Potion"}],"is_trial":false,"path_per_floor":["R","M","M","?","M","R","T","R","M","?","$","E","R","M","M","B",null,"R","M","M","?"],"character_chosen":"THE_AUTOMATON","items_purchased":["bronze:Terminator","bronze:Overheat"],"campfire_rested":1,"item_purchase_floors":[11,11],"current_hp_per_floor":[42,28,3,3,8,26,26,26,22,29,37,36,36,34,16,19,52,52,52,41,0,0,0],"gold":179,"neow_bonus":"THREE_RARE_CARDS","is_daily":false,"chose_seed":false,"campfire_upgraded":3,"win_rate":0.0,"timestamp":1612902612,"path_taken":["R","M","M","?","M","R","T","R","M","?","$","E","R","M","M","BOSS","R","M","M","?"],"items_purchased_type":["Card","Card"],"build_version":"2020-12-22","purchased_purges":1,"victory":false,"max_hp_per_floor":[63,63,63,63,63,63,63,63,63,63,63,63,63,63,63,63,63,63,63,63,63,63,63],"card_choices":[{"not_picked":["bronze:AlphaBuild","bronze:SpaghettiCode"],"picked":"bronze:Library","floor":0},{"not_picked":["bronze:WildBeam","bronze:Refactor"],"picked":"bronze:WhirlingStrike","floor":2},{"not_picked":["bronze:Shell","bronze:Shield"],"picked":"bronze:Repair","floor":3},{"not_picked":["bronze:BitShift","bronze:FineTuning"],"picked":"bronze:Overheat","floor":5},{"not_picked":["bronze:InfiniteBeams","bronze:BitShift"],"picked":"bronze:DelayedGuard","floor":9},{"not_picked":[],"picked":"bronze:Spike","floor":10},{"not_picked":["bronze:NullPointer","bronze:Turbo"],"picked":"bronze:FineTuning","floor":10},{"not_picked":["bronze:DelayedSlice","bronze:DarkDash"],"picked":"bronze:Branch","floor":11},{"not_picked":["bronze:Virus","bronze:Branch"],"picked":"bronze:ChildClass","floor":12},{"not_picked":["bronze:WhirlingStrike","bronze:WildBeam"],"picked":"bronze:Refactor","floor":14},{"not_picked":["bronze:Overheat","bronze:Safeguard"],"picked":"bronze:BitShift","floor":15},{"not_picked":["bronze:FindAndReplace","bronze:HardenedForm"],"picked":"bronze:Verify","floor":16},{"not_picked":["bronze:Refactor","bronze:Optimize"],"picked":"bronze:Terminator","floor":19},{"not_picked":["bronze:Turbo","bronze:BugBarrage"],"picked":"bronze:Repair","floor":20}],"player_experience":496138,"relics_obtained":[{"floor":7,"key":"Oddly Smooth Stone"},{"floor":12,"key":"Matryoshka"}],"event_choices":[{"damage_healed":0,"gold_gain":0,"player_choice":"Fled","damage_taken":0,"max_hp_gain":0,"max_hp_loss":0,"event_name":"Scrap Ooze","floor":4,"gold_loss":0},{"damage_healed":0,"gold_gain":0,"player_choice":"Fought Bandits","damage_taken":0,"max_hp_gain":0,"max_hp_loss":0,"event_name":"Masked Bandits","floor":21,"gold_loss":0}],"is_beta":false,"boss_relics":[{"not_picked":["bronze:PlatinumCore","Coffee Dripper"],"picked":"Fusion Hammer"}],"items_purged_floors":[11],"is_endless":false,"potions_floor_spawned":[9,12,14,15,19],"killed_by":"Masked Bandits","ascension_level":15}}