{"host":"dztixnx9b0gu6w9i","time":1612906516,"event":{"mods":["BaseMod","Bestiary","Minty Spire (QoL Compilation)","Relic Stats","Slay the Relics Exporter","SpireBot","ojb\u0027s Better Paths Mod","ojb\u0027s Info Mod"],"gold_per_floor":[117,128,128,128,38,38,52,77,77,377,389,419,430,54,54,128,128,139,155,173,98,20,20,20,20],"floor_reached":24,"language":"ENG","playtime":3923,"items_purged":["Dualcast"],"score":412,"play_id":"5acb045c-1716-4e63-b66f-ed055921b48a","local_time":"20210209163516","is_ascension_mode":true,"campfire_choices":[{"data":"Sweeping Beam","floor":6,"key":"SMITH"},{"floor":15,"key":"REST"},{"data":"Beam Cell","floor":23,"key":"SMITH"}],"circlet_count":0,"master_deck":["AscendersBane","Strike_B","Strike_B","Strike_B","Strike_B","Defend_B","Defend_B","Defend_B","Steam","Sweeping Beam+1","Loop","Rip and Tear","Skim","Hyperbeam","Auto Shields","Hyperbeam","Undo","Beam Cell+1","Go for the Eyes","All For One","Leap","Sweeping Beam","Steam Power","FTL"],"relics":["Sozu","Girya","Matryoshka","Omamori","Old Coin","Prayer Wheel","Eternal Feather","Coffee Dripper"],"acts_visited":["Exordium","TheCity"],"potions_floor_usage":[],"damage_taken":[{"damage":3,"enemies":"2 Louse","floor":1,"turns":3},{"damage":0,"enemies":"Small Slimes","floor":2,"turns":3},{"damage":7,"enemies":"Jaw Worm","floor":7,"turns":2},{"damage":39,"enemies":"Gremlin Nob","floor":8,"turns":4},{"damage":7,"enemies":"Blue Slaver","floor":11,"turns":2},{"damage":10,"enemies":"3 Sentries","floor":12,"turns":4},{"damage":1,"enemies":"Lots of Slimes","floor":13,"turns":2},{"damage":16,"enemies":"The Guardian","floor":16,"turns":14},{"damage":11,"enemies":"Shell Parasite","floor":18,"turns":3},{"damage":9,"enemies":"3 Byrds","floor":19,"turns":3},{"damage":39,"enemies":"Snecko","floor":20,"turns":9},{"damage":16,"enemies":"Book of Stabbing","floor":24,"turns":4}],"seed_played":"-7860882727190337584","potions_obtained":[],"is_trial":false,"path_per_floor":["M","M","?","?","$","R","M","E","T","T","M","E","M","$","R","B",null,"M","M","M","?","$","R","E"],"character_chosen":"DEFECT","items_purchased":["Rip and Tear","Eternal Feather","Go for the Eyes","FTL"],"campfire_rested":1,"item_purchase_floors":[5,14,14,22],"current_hp_per_floor":[61,61,66,66,66,66,59,20,20,20,13,3,2,2,36,20,62,51,42,3,3,3,15,0,0],"gold":20,"neow_bonus":"BOSS_RELIC","is_daily":false,"chose_seed":false,"campfire_upgraded":2,"win_rate":0.0,"timestamp":1612906516,"path_taken":["M","M","?","?","?","R","M","E","T","?","M","E","M","$","R","BOSS","M","?","?","?","?","R","E"],"items_purchased_type":["Card","Relic","Card","Card"],"build_version":"2020-12-22","purchased_purges":1,"victory":false,"max_hp_per_floor":[71,71,76,76,76,76,76,76,76,76,76,76,76,76,76,76,76,76,76,76,76,76,76,76,76],"relic_stats":{"Sozu":5,"counters":[12,53],"Prayer Wheel":4,"Eternal Feather":24,"obtain_stats":[{"Sozu":0,"Girya":8,"Matryoshka":9,"Prayer Wheel":12,"Eternal Feather":14,"Omamori":10,"Coffee Dripper":17,"Cracked Core":0,"Old Coin":10},{"Sozu":0,"Girya":4,"Matryoshka":4,"Prayer Wheel":6,"Eternal Feather":7,"Omamori":4,"Coffee Dripper":8,"Cracked Core":0,"Old Coin":4},{"Sozu":0,"Girya":12,"Matryoshka":12,"Prayer Wheel":18,"Eternal Feather":20,"Omamori":12,"Coffee Dripper":34,"Cracked Core":0,"Old Coin":12}]},"card_choices":[{"not_picked":["Gash","Fusion"],"picked":"Steam","floor":1},{"not_picked":["Go for the Eyes","Storm"],"picked":"Sweeping Beam","floor":2},{"not_picked":["Turbo","Fusion"],"picked":"Skim","floor":7},{"not_picked":["Machine Learning","Rip and Tear"],"picked":"Hyperbeam","floor":8},{"not_picked":["Glacier","Steam"],"picked":"Auto Shields","floor":11},{"not_picked":["BootSequence","Stack"],"picked":"Hyperbeam","floor":12},{"not_picked":["Hologram","Aggregate"],"picked":"Undo","floor":13},{"not_picked":["Leap","Coolheaded"],"picked":"Beam Cell","floor":13},{"not_picked":["Biased Cognition","Seek"],"picked":"All For One","floor":16},{"not_picked":["Lockon","Rip and Tear+1"],"picked":"Leap","floor":18},{"not_picked":["Stack","Redo","Turbo"],"picked":"SKIP","floor":18},{"not_picked":["Creative AI","Streamline"],"picked":"Sweeping Beam","floor":19},{"not_picked":["Static Discharge","Turbo","Tempest"],"picked":"SKIP","floor":19},{"not_picked":["Static Discharge","Turbo","Tempest"],"picked":"SKIP","floor":19},{"not_picked":["Fusion","Leap"],"picked":"Steam Power","floor":20},{"not_picked":["Aggregate","Leap","Rip and Tear+1"],"picked":"SKIP","floor":20},{"not_picked":["Aggregate","Leap","Rip and Tear+1"],"picked":"SKIP","floor":20}],"player_experience":8526946,"relics_obtained":[{"floor":8,"key":"Girya"},{"floor":9,"key":"Matryoshka"},{"floor":10,"key":"Omamori"},{"floor":10,"key":"Old Coin"},{"floor":12,"key":"Prayer Wheel"}],"event_choices":[{"damage_healed":0,"gold_gain":0,"player_choice":"Donut","damage_taken":0,"max_hp_gain":5,"max_hp_loss":0,"event_name":"Big Fish","floor":3,"gold_loss":0},{"damage_healed":0,"gold_gain":0,"cards_transformed":["Defend_B"],"player_choice":"Change","damage_taken":0,"max_hp_gain":0,"max_hp_loss":0,"event_name":"Living Wall","floor":4,"gold_loss":0,"cards_obtained":["Loop"]},{"cards_removed":["Zap"],"damage_healed":0,"gold_gain":0,"player_choice":"Single Remove","damage_taken":0,"max_hp_gain":0,"max_hp_loss":0,"event_name":"Designer","floor":21,"gold_loss":75}],"is_beta":false,"boss_relics":[{"not_picked":["SacredBark","Pandora\u0027s Box"],"picked":"Coffee Dripper"}],"items_purged_floors":[14],"is_endless":false,"potions_floor_spawned":[7,11,12,18,20],"killed_by":"Book of Stabbing","ascension_level":20}}