{"host":"ypphcgdomtfqpc2w","time":1612881880,"event":{"mods":["BaseMod","Minty Spire (QoL Compilation)","StSLib"],"gold_per_floor":[112,131,406,419,434,434,18,50,50,81,81,101,101,129,129,240,240,259,259,283,283,309,309,343,42,102,127,27,48,84,84,84,188,188,201,301,327,74,94,119,133,165,165,192,221,252,96,126,126,126,126,126,65,96,96,96],"floor_reached":55,"language":"ENG","playtime":4023,"items_purged":["Regret","Parasite"],"score":1662,"play_id":"d98d9aa5-ec6f-4b6a-ad98-c1097d2d9855","local_time":"20210209234440","is_ascension_mode":true,"campfire_choices":[{"data":"Eruption","floor":6.0,"key":"SMITH"},{"floor":11.0,"key":"REST"},{"data":"WindmillStrike","floor":15.0,"key":"SMITH"},{"data":"Collect","floor":23.0,"key":"SMITH"},{"data":"Devotion","floor":32.0,"key":"SMITH"},{"floor":49.0,"key":"RECALL"},{"data":"Fasting2","floor":52.0,"key":"SMITH"}],"circlet_count":0,"master_deck":["AscendersBane","Strike_P+1","Strike_P+1","Strike_P+1","Defend_P+1","Defend_P+1","Defend_P+1","Eruption+1","Vigilance","BowlingBash","FlurryOfBlows","Protect","WindmillStrike+1","ClearTheMind","Devotion+1","Wireheading","DeceiveReality","Brilliance","ReachHeaven","Collect+1","Tantrum","Sanctity","ThirdEye+1","CutThroughFate+1","Devotion","Omniscience","WaveOfTheHand+1","Fasting2+1","Wallop"],"relics":["Black Star","Pocketwatch","Kunai","MealTicket","Mercury Hourglass","CloakClasp","Whetstone","CeramicFish","Cursed Key","Centennial Puzzle","Gremlin Horn","Medical Kit","Oddly Smooth Stone","Potion Belt","Sundial","Empty Cage","Yang","Unceasing Top","Bottled Tornado","Happy Flower","Eternal Feather","Juzu Bracelet","Lantern","Dream Catcher","Pantograph","Bag of Preparation","Du-Vu Doll","GoldenEye","Damaru","Bronze Scales"],"acts_visited":["Exordium","TheCity","TheBeyond","TheEnding"],"potions_floor_usage":[55,55,55],"damage_taken":[{"damage":2.0,"enemies":"Jaw Worm","floor":1.0,"turns":4.0},{"damage":0.0,"enemies":"Cultist","floor":2.0,"turns":2.0},{"damage":2.0,"enemies":"Small Slimes","floor":4.0,"turns":3.0},{"damage":19.0,"enemies":"3 Louse","floor":5.0,"turns":4.0},{"damage":8.0,"enemies":"Gremlin Nob","floor":8.0,"turns":3.0},{"damage":10.0,"enemies":"Lagavulin","floor":10.0,"turns":8.0},{"damage":6.0,"enemies":"Blue Slaver","floor":12.0,"turns":2.0},{"damage":0.0,"enemies":"2 Fungi Beasts","floor":14.0,"turns":3.0},{"damage":2.0,"enemies":"Hexaghost","floor":16.0,"turns":6.0},{"damage":0.0,"enemies":"Chosen","floor":18.0,"turns":3.0},{"damage":0.0,"enemies":"Shell Parasite","floor":20.0,"turns":6.0},{"damage":1.0,"enemies":"Cultist and Chosen","floor":22.0,"turns":5.0},{"damage":16.0,"enemies":"Book of Stabbing","floor":24.0,"turns":4.0},{"damage":0.0,"enemies":"Snecko","floor":27.0,"turns":6.0},{"damage":0.0,"enemies":"Sentry and Sphere","floor":29.0,"turns":9.0},{"damage":0.0,"enemies":"Gremlin Leader","floor":30.0,"turns":5.0},{"damage":0.0,"enemies":"Champ","floor":33.0,"turns":9.0},{"damage":5.0,"enemies":"3 Darklings","floor":35.0,"turns":5.0},{"damage":3.0,"enemies":"Orb Walker","floor":37.0,"turns":4.0},{"damage":6.0,"enemies":"Transient","floor":39.0,"turns":5.0},{"damage":0.0,"enemies":"Nemesis","floor":40.0,"turns":7.0},{"damage":4.0,"enemies":"Writhing Mass","floor":41.0,"turns":5.0},{"damage":0.0,"enemies":"Reptomancer","floor":42.0,"turns":5.0},{"damage":0.0,"enemies":"Nemesis","floor":44.0,"turns":5.0},{"damage":1.0,"enemies":"Spire Growth","floor":45.0,"turns":4.0},{"damage":3.0,"enemies":"Giant Head","floor":46.0,"turns":6.0},{"damage":1.0,"enemies":"Nemesis","floor":48.0,"turns":5.0},{"damage":29.0,"enemies":"Time Eater","floor":50.0,"turns":7.0},{"damage":35.0,"enemies":"Shield and Spear","floor":54.0,"turns":6.0},{"damage":72,"enemies":"The Heart","floor":55,"turns":3}],"seed_played":"390956262444385567","potions_obtained":[{"floor":2.0,"key":"Energy Potion"},{"floor":12.0,"key":"Explosive Potion"},{"floor":20.0,"key":"Fire Potion"},{"floor":27.0,"key":"Strength Potion"},{"floor":35.0,"key":"BottledMiracle"},{"floor":39.0,"key":"LiquidBronze"},{"floor":42.0,"key":"BlessingOfTheForge"},{"floor":45.0,"key":"StancePotion"},{"floor":54.0,"key":"PowerPotion"}],"is_trial":false,"path_per_floor":["M","M","?","M","M","R","$","E","T","E","R","M","T","M","R","B",null,"M","?","M","?","M","R","E","$","T","M","$","M","E","T","R","B",null,"M","?","M","$","M","E","M","E","T","E","M","E","$","E","R","B",null,"R","$","E","B"],"character_chosen":"WATCHER","items_purchased":["Pocketwatch","Explosive Potion","Medical Kit","Oddly Smooth Stone","Yang","Bag of Preparation","Wallop"],"campfire_rested":1,"item_purchase_floors":[7,7,25,25,38,47,53],"current_hp_per_floor":[63,63,63,61,42,42,42,34,34,24,45,39,39,39,39,37,63,63,63,63,63,62,62,46,61,61,61,69,69,69,69,69,69,69,64,64,61,69,63,63,59,59,59,59,58,55,69,68,69,40,62,69,69,34,0,0],"gold":96,"neow_bonus":"BOSS_RELIC","is_daily":false,"chose_seed":false,"campfire_upgraded":5,"win_rate":0.0,"timestamp":1612881880,"path_taken":["M","M","?","M","?","R","$","E","T","E","R","M","?","M","R","BOSS","M","?","M","?","M","R","E","$","T","M","$","M","E","?","R","BOSS","M","?","M","$","M","E","?","E","T","E","M","E","$","E","R","BOSS","R","$","E","BOSS"],"items_purchased_type":["Relic","Potion","Relic","Relic","Relic","Relic","Card"],"build_version":"2020-12-22","purchased_purges":2,"victory":false,"max_hp_per_floor":[72,72,72,72,72,72,72,72,72,72,72,72,72,72,72,72,72,72,72,72,72,72,72,72,72,72,72,69,69,69,69,69,69,69,69,69,69,69,69,69,69,69,69,69,69,69,69,69,69,69,69,69,69,69,69,69],"card_choices":[{"not_picked":["JustLucky","Protect"],"picked":"BowlingBash","floor":1.0},{"not_picked":["WaveOfTheHand","ThirdEye"],"picked":"FlurryOfBlows","floor":2.0},{"not_picked":["Nirvana","FlyingSleeves"],"picked":"Protect","floor":4.0},{"not_picked":["Prostrate","FlyingSleeves"],"picked":"WindmillStrike","floor":5.0},{"not_picked":["SashWhip","ThirdEye"],"picked":"ClearTheMind","floor":8.0},{"not_picked":["DevaForm","Protect"],"picked":"Devotion","floor":10.0},{"not_picked":["Consecrate","JustLucky"],"picked":"Wireheading","floor":12.0},{"not_picked":["Wireheading","EmptyFist"],"picked":"DeceiveReality","floor":14.0},{"not_picked":["Judgement","Omniscience"],"picked":"Brilliance","floor":16.0},{"not_picked":["CutThroughFate","EmptyMind"],"picked":"ReachHeaven","floor":18.0},{"not_picked":["SashWhip","FollowUp"],"picked":"Collect","floor":20.0},{"not_picked":["ForeignInfluence","InnerPeace"],"picked":"Tantrum","floor":22.0},{"not_picked":["CrushJoints","ConjureBlade"],"picked":"Sanctity","floor":24.0},{"not_picked":["EmptyFist","FollowUp"],"picked":"ThirdEye+1","floor":27.0},{"not_picked":["CrushJoints","ThirdEye+1"],"picked":"CutThroughFate+1","floor":29.0},{"not_picked":["ThirdEye","FlurryOfBlows"],"picked":"Devotion","floor":30.0},{"not_picked":["Establishment","Scrawl"],"picked":"Omniscience","floor":33.0},{"not_picked":["WreathOfFlame","FlurryOfBlows","BowlingBash"],"picked":"SKIP","floor":35.0},{"not_picked":["EmptyFist","ThirdEye+1"],"picked":"WaveOfTheHand+1","floor":37.0},{"not_picked":["WindmillStrike+1","Crescendo+1","FlyingSleeves"],"picked":"SKIP","floor":39.0},{"not_picked":["ThirdEye","EmptyFist","Crescendo"],"picked":"SKIP","floor":40.0},{"not_picked":["Halt","Tantrum","FollowUp"],"picked":"SKIP","floor":41.0},{"not_picked":["BattleHymn+1","FlyingSleeves","ThirdEye"],"picked":"SKIP","floor":42.0},{"not_picked":["Alpha","ThirdEye","EmptyMind"],"picked":"SKIP","floor":44.0},{"not_picked":["Study","CutThroughFate"],"picked":"Fasting2","floor":45.0},{"not_picked":["JustLucky+1","Weave","ThirdEye"],"picked":"SKIP","floor":46.0},{"not_picked":["MasterReality","PathToVictory","Conclude"],"picked":"SKIP","floor":48.0},{"not_picked":["Prostrate","FlurryOfBlows","Collect+1"],"picked":"SKIP","floor":54.0}],"player_experience":2173034,"relics_obtained":[{"floor":8.0,"key":"Kunai"},{"floor":8.0,"key":"MealTicket"},{"floor":9.0,"key":"Mercury Hourglass"},{"floor":10.0,"key":"CloakClasp"},{"floor":10.0,"key":"Whetstone"},{"floor":13.0,"key":"CeramicFish"},{"floor":24.0,"key":"Centennial Puzzle"},{"floor":24.0,"key":"Gremlin Horn"},{"floor":30.0,"key":"Potion Belt"},{"floor":30.0,"key":"Sundial"},{"floor":40.0,"key":"Unceasing Top"},{"floor":40.0,"key":"Bottled Tornado"},{"floor":42.0,"key":"Happy Flower"},{"floor":42.0,"key":"Eternal Feather"},{"floor":44.0,"key":"Juzu Bracelet"},{"floor":44.0,"key":"Lantern"},{"floor":46.0,"key":"Dream Catcher"},{"floor":46.0,"key":"Pantograph"},{"floor":48.0,"key":"Du-Vu Doll"},{"floor":48.0,"key":"GoldenEye"},{"floor":54.0,"key":"Damaru"},{"floor":54.0,"key":"Bronze Scales"}],"event_choices":[{"damage_healed":0.0,"max_hp_gain":0.0,"max_hp_loss":0.0,"gold_gain":275.0,"event_name":"Golden Shrine","player_choice":"Desecrate","floor":3.0,"gold_loss":0.0,"damage_taken":0.0,"cards_obtained":["Regret"]},{"damage_healed":0.0,"max_hp_gain":0.0,"max_hp_loss":0.0,"gold_gain":0.0,"event_name":"Ghosts","player_choice":"Ignored","floor":19.0,"gold_loss":0.0,"damage_taken":0.0},{"damage_healed":0.0,"max_hp_gain":0.0,"max_hp_loss":0.0,"gold_gain":0.0,"event_name":"Back to Basics","player_choice":"Simplicity","floor":21.0,"gold_loss":0.0,"damage_taken":0.0,"cards_upgraded":["Strike_P","Strike_P","Defend_P","Defend_P","Defend_P","Defend_P"]},{"damage_healed":0.0,"max_hp_gain":0.0,"max_hp_loss":0.0,"gold_gain":100.0,"event_name":"Golden Shrine","player_choice":"Pray","floor":36.0,"gold_loss":0.0,"damage_taken":0.0}],"is_beta":false,"boss_relics":[{"not_picked":["Ectoplasm","Fusion Hammer"],"picked":"Cursed Key"},{"not_picked":["Astrolabe","Busted Crown"],"picked":"Empty Cage"}],"items_purged_floors":[7,28],"is_endless":false,"potions_floor_spawned":[2,12,20,22,27,35,39,42,45,54],"killed_by":"The Heart","ascension_level":12}}