{"host":"h5acbxt0wmjo1kpm","time":1612863282,"event":{"mods":["2.2 Compatiblity","Act Like it!","AlwaysNeverKeys","Aspiration","Bard","Bartender","BaseMod","Better Third Choice","Colored Map","Elementarium","Gensokyo","GifTheSpireLib","Hallownest","Marisa????????","Menagerie","Minty Spire (QoL Compilation)","Permanent Neow","Potionbrewer","Quick Restart","Relic Filter","Reliquary","Robot Space Explorer","RumiaBox-????????","Shade Mod","Spicy Shops","StSLib","Strawberry Spire","The Blackbeard","The Dragon Tamer","The Gatherer","The Hayseed","The Problem Sleuth","The Servant 0.9.4","Wandering Minibosses","Wide Potions"],"gold_per_floor":[109,19,19,37,37,72,88,114,138,138,155,182,182,231,231,338,338,367,367,376,391,341,377,480,480,480,514,536,554,303,324,324,429,429,442,462,387,387,80,106,392,332,332,342,357,134,134,157,157,157,157,157,125,161,161],"floor_reached":56,"language":"ENG","playtime":3866,"items_purged":["Writhe","DTMod:Harmonize"],"score":1765,"play_id":"f984e609-8cdb-4ede-aee1-8d1b4c746194","local_time":"20210209013442","is_ascension_mode":true,"metric_token":2259,"campfire_choices":[{"data":"DTMod:DarkBreath","floor":10.0,"key":"SMITH"},{"floor":13.0,"key":"REST"},{"data":"DTMod:FlameSlash","floor":15.0,"key":"SMITH"},{"data":"DTMod:TriAttack","floor":25.0,"key":"SMITH"},{"floor":32.0,"key":"REST"},{"floor":49,"key":"RECALL"},{"data":"DTMod:ShadowImage","floor":52,"key":"SMITH"}],"dtmod_dragon_data":[50,50,1,3,8,2],"circlet_count":0,"master_deck":["DTMod:DoubleHit","DTMod:TargetDefense","DTMod:TargetDefense","DTMod:TargetDefense","DTMod:TargetDefense","DTMod:SwitchingTactic","DTMod:ShieldDrain","Eviscerate","DTMod:DarkBreath+1","DTMod:ShadowImage+1","DTMod:FlameSlash+1","DTMod:BuildUp","DTMod:QuickFly","DTMod:TriAttack+1","DTMod:WarmUp+1","DTMod:Overwhelm","DTMod:MasterPlan","DTMod:EchoTactic+1","DTMod:CleansingStrike+1","DTMod:Safeguard","DTMod:MasterPlan+1","DTMod:Hide","DTMod:WarmUp","DTMod:Cover+1","DTMod:BlueScale","DTMod:CalculatedDefense+1"],"relics":["DTMod:PactStone","aspiration:Nostalgia","theSleuth:Typewriter","Gensokyo:OccultBall","Smiling Mask","Centennial Puzzle","reliquary:ExpiredCoupon","Shuriken","reliquary:TridentHead","CeramicFish","Snecko Eye","aspiration:RitualStick","Bronze Scales","aspiration:StickyExplosives_weak","TheSimpletonMod:GardenGlove","White_Cape","strawberrySpire:CharschorBlot","GodSword4","Happy Flower","strawberrySpire:ElefentMask","GodSword6","Lee\u0027s Waffle","potionbrewer:SlideRule","LastBattle"],"acts_visited":["Gensokyo:Gensokyo","TheCity","Hallownest:KingdomsEdge","TheEnding"],"potions_floor_usage":[48,55],"damage_taken":[{"damage":0.0,"enemies":"Gensokyo:2_Kodama","floor":1.0,"turns":4.0},{"damage":0.0,"enemies":"Gensokyo:3_Fairies","floor":4.0,"turns":4.0},{"damage":8.0,"enemies":"Gensokyo:Cirno","floor":6.0,"turns":14.0},{"damage":0.0,"enemies":"Gensokyo:Gryphon","floor":7.0,"turns":3.0},{"damage":0.0,"enemies":"Gensokyo:Aya","floor":8.0,"turns":6.0},{"damage":8.0,"enemies":"Gensokyo:5_Fairies","floor":11.0,"turns":7.0},{"damage":13.0,"enemies":"Gensokyo:Cirno","floor":12.0,"turns":6.0},{"damage":0.0,"enemies":"Gensokyo:Reimu","floor":16.0,"turns":10.0},{"damage":7.0,"enemies":"Chosen","floor":18.0,"turns":4.0},{"damage":0.0,"enemies":"Shell Parasite","floor":21.0,"turns":1.0},{"damage":0.0,"enemies":"Slavers","floor":23.0,"turns":3.0},{"damage":0.0,"enemies":"Snake Plant","floor":24.0,"turns":6.0},{"damage":0.0,"enemies":"Gremlin Leader","floor":27.0,"turns":4.0},{"damage":0.0,"enemies":"3 Cultists","floor":28.0,"turns":2.0},{"damage":0.0,"enemies":"Snecko","floor":31.0,"turns":4.0},{"damage":0.0,"enemies":"Collector","floor":33.0,"turns":6.0},{"damage":0.0,"enemies":"Hallownest:2_Littles","floor":35.0,"turns":4.0},{"damage":0.0,"enemies":"Hallownest:Shield_Heavy","floor":36.0,"turns":3.0},{"damage":0.0,"enemies":"Hallownest:eliteCollector","floor":40.0,"turns":9.0},{"damage":0.0,"enemies":"Hallownest:2_Wing_and_1_Kings","floor":41.0,"turns":9.0},{"damage":24.0,"enemies":"Hallownest:2_Wing_and_1_Kings","floor":44.0,"turns":8.0},{"damage":0.0,"enemies":"Hallownest:2_Soldiers_and_1_Guardian","floor":45.0,"turns":2.0},{"damage":0,"enemies":"Hallownest:2_Wing_and_1_Kings","floor":48,"turns":5},{"damage":4,"enemies":"Hallownest:BossGreyPrinceZote","floor":50,"turns":5},{"damage":0,"enemies":"Shield and Spear","floor":54,"turns":1},{"damage":13,"enemies":"The Heart","floor":55,"turns":8}],"seed_played":"8052777573452374319","potions_obtained":[{"floor":1.0,"key":"potionbrewer:CleansingPotion"},{"floor":6.0,"key":"LiquidBronze"},{"floor":11.0,"key":"Strength Potion"},{"floor":16.0,"key":"Fire Potion"},{"floor":21.0,"key":"potionbrewer:AcidPotion"},{"floor":28.0,"key":"Fire Potion"},{"floor":31.0,"key":"potionbrewer:ToxicPotion"},{"floor":40.0,"key":"SkillPotion"},{"floor":45.0,"key":"Fire Potion"},{"floor":54,"key":"DuplicationPotion"}],"is_trial":false,"path_per_floor":["M","COS","?","M","?","E","M","E","T","R","M","E","R","T","R","B",null,"M","?","?","M","$","E","M","R","T","E","M","?","$","M","R","B",null,"M","M","?","?","$","E","M","?","T","R","M","$","T","M","R","B",null,"R","$","E","B",null],"character_chosen":"THE_DT","items_purchased":["strawberrySpire:CharschorBlot","DTMod:Hide","DTMod:WarmUp","Happy Flower","Lee\u0027s Waffle","Regen Potion","DTMod:BlueScale"],"campfire_rested":2,"item_purchase_floors":[30,39,39,39,46,46,53],"current_hp_per_floor":[41,41,41,41,41,33,33,33,33,33,25,12,25,25,25,25,40,33,24,24,24,24,24,24,24,24,24,24,24,24,24,37,37,43,43,43,43,43,43,43,43,50,50,26,26,59,59,59,59,55,58,58,58,58,45],"gold":161,"neow_bonus":"NOSTALGIA","is_daily":false,"chose_seed":false,"campfire_upgraded":4,"win_rate":0.0,"timestamp":1612863282,"path_taken":["M","COS","?","?","?","E","?","E","T","R","M","E","R","?","R","BOSS","M","?","?","?","$","E","M","R","T","E","M","?","$","M","R","BOSS","BOSS","M","M","?","?","$","E","M","?","T","R","M","$","?","M","R","BOSS","R","$","E","BOSS"],"items_purchased_type":["Relic","Card","Card","Relic","Relic","Potion","Card"],"build_version":"2020-12-22","purchased_purges":2,"victory":true,"max_hp_per_floor":[45,45,45,45,45,45,45,45,45,45,45,45,45,45,45,45,45,45,45,45,45,45,45,45,45,45,45,45,45,45,45,45,45,45,45,45,45,45,45,45,45,52,52,52,52,59,59,59,59,59,59,59,59,59,59],"card_choices":[{"not_picked":["DTMod:Weaken","DTMod:BuildUp"],"picked":"DTMod:ShieldDrain","floor":1.0},{"not_picked":["DTMod:CrossStep","DTMod:MagicField","DTMod:DeepFocus"],"picked":"SKIP","floor":4.0},{"not_picked":["DTMod:Observe","DTMod:Astonish"],"picked":"DTMod:HeatWave","floor":6.0},{"not_picked":["DTMod:LastStand","DTMod:BuildUp"],"picked":"DTMod:DarkBreath","floor":7.0},{"not_picked":["DTMod:StarRain","DTMod:BlazingStrike"],"picked":"DTMod:ShadowImage","floor":8.0},{"not_picked":["DTMod:ComboAttack","DTMod:BizarreTactic"],"picked":"DTMod:FlameSlash","floor":11.0},{"not_picked":["DTMod:ShieldDrain","DTMod:CleansingStrike"],"picked":"DTMod:BuildUp","floor":12.0},{"not_picked":["DTMod:TriAttack","DTMod:FierySynthesis"],"picked":"DTMod:Harmonize","floor":16.0},{"not_picked":["DTMod:BizarreTactic","DTMod:BalancedStrike"],"picked":"DTMod:QuickFly","floor":18.0},{"not_picked":["DTMod:Coolant","DTMod:Training","DTMod:Punisher"],"picked":"SKIP","floor":21.0},{"not_picked":["DTMod:Haste","DTMod:InvisibleFlame+1"],"picked":"DTMod:TriAttack","floor":23.0},{"not_picked":["DTMod:RecklessFlurry","DTMod:Adaptation+1","DTMod:QuickFly"],"picked":"SKIP","floor":24.0},{"not_picked":["DTMod:RecklessFlurry","DTMod:Adaptation+1","DTMod:QuickFly"],"picked":"SKIP","floor":24.0},{"not_picked":["DTMod:BurningEnergy","DTMod:Punisher+1","DTMod:PurifyingFlame"],"picked":"SKIP","floor":27.0},{"not_picked":["DTMod:HeatWave+1","DTMod:WarmUp+1","DTMod:BreakAttack+1"],"picked":"SKIP","floor":28.0},{"not_picked":["DTMod:HeatWave+1","DTMod:BreakAttack+1"],"picked":"DTMod:WarmUp+1","floor":28.0},{"not_picked":["DTMod:QuickFly","DTMod:SneakAttack+1"],"picked":"DTMod:CleansingStrike+1","floor":31.0},{"not_picked":["DTMod:HeadStart","DTMod:ShadowImage"],"picked":"DTMod:Safeguard","floor":33.0},{"not_picked":["DTMod:TagTeam","DTMod:BizarreTactic","DTMod:Threaten+1"],"picked":"SKIP","floor":35.0},{"not_picked":["DTMod:DarkBreath","DTMod:TauntingStrike+1"],"picked":"DTMod:MasterPlan+1","floor":36.0},{"not_picked":["DTMod:MasterPlan","DTMod:Feint","DTMod:ShieldDrain+1"],"picked":"SKIP","floor":40.0},{"not_picked":["DTMod:Cover","DTMod:Dissolve+1","DTMod:MasterPlan+1"],"picked":"SKIP","floor":41.0},{"not_picked":["DTMod:Feint+1","DTMod:QuickFly","DTMod:Shift"],"picked":"SKIP","floor":44.0},{"not_picked":["DTMod:LastStand","DTMod:Punisher","DTMod:FlameSlash"],"picked":"SKIP","floor":45.0},{"not_picked":["DTMod:InvisibleFlame","DTMod:GhostSkin"],"picked":"DTMod:Cover+1","floor":48},{"not_picked":["DTMod:Punisher+1","DTMod:MasterPlan+1"],"picked":"DTMod:CalculatedDefense+1","floor":54}],"player_experience":2248521,"relics_obtained":[{"floor":6.0,"key":"Centennial Puzzle"},{"floor":8.0,"key":"Shuriken"},{"floor":12.0,"key":"reliquary:TridentHead"},{"floor":14.0,"key":"CeramicFish"},{"floor":16.0,"key":"Gensokyo:OccultBall"},{"floor":23.0,"key":"aspiration:StickyExplosives_weak"},{"floor":26.0,"key":"TheSimpletonMod:GardenGlove"},{"floor":27.0,"key":"Gensokyo:OccultBall"},{"floor":27.0,"key":"White_Cape"},{"floor":33.0,"key":"Gensokyo:OccultBall"},{"floor":35.0,"key":"Gensokyo:OccultBall"},{"floor":36.0,"key":"Gensokyo:OccultBall"},{"floor":40.0,"key":"strawberrySpire:ElefentMask"},{"floor":41.0,"key":"Gensokyo:OccultBall"},{"floor":43.0,"key":"GodSword6"},{"floor":44.0,"key":"Gensokyo:OccultBall"},{"floor":47.0,"key":"potionbrewer:SlideRule"},{"floor":54,"key":"LastBattle"}],"event_choices":[{"damage_healed":0.0,"max_hp_gain":0.0,"max_hp_loss":0.0,"gold_gain":0.0,"event_name":"The Mausoleum","player_choice":"Opened","floor":20.0,"gold_loss":0.0,"damage_taken":0.0,"relics_obtained":["Bronze Scales"],"cards_obtained":["Writhe"]},{"damage_healed":0.0,"max_hp_gain":0.0,"max_hp_loss":0.0,"gold_gain":0.0,"cards_transformed":["DTMod:Strike","Flechettes"],"event_name":"Drug Dealer","player_choice":"Became Test Subject","floor":29.0,"gold_loss":0.0,"damage_taken":0.0,"cards_obtained":["DTMod:Overwhelm","DTMod:MasterPlan"]}],"is_beta":false,"boss_relics":[{"not_picked":["DTMod:TheChair","Busted Crown"],"picked":"Snecko Eye"},{"not_picked":["Sozu","aspiration:IroncladSkillbook","aspiration:ServantSkillbook"]}],"items_purged_floors":[22,39],"is_endless":false,"potions_floor_spawned":[1,6,11,16,21,28,31,40,45,54],"ascension_level":6}}