{"host":"8u7tvcybuv0u72fd","time":1612850798,"event":{"mods":["BaseMod","BetterRewards","Colored Map","Colored Powertips","Minty Spire (QoL Compilation)","Quick Restart","Shop Mod"],"gold_per_floor":[118,118,129,94,94,94,123,137,164,183,183,183,29,29,29,131,131,144,144,154,169,169,195,209,209,209,209,229,0,0,12,12,117,117,136,151,14,32,55,80,80,80,80,30,30,63,63,12,12,12],"floor_reached":51,"language":"ENG","playtime":2736,"items_purged":["Strike_R"],"score":946,"play_id":"eae0cacf-e3d4-48ba-839f-65cb7432aa00","local_time":"20210209010638","is_ascension_mode":false,"campfire_choices":[{"data":"Feed","floor":6.0,"key":"SMITH"},{"data":"Body Slam","floor":12.0,"key":"SMITH"},{"data":"Rage","floor":15.0,"key":"SMITH"},{"data":"Juggernaut","floor":25.0,"key":"SMITH"},{"data":"Uppercut","floor":27.0,"key":"SMITH"},{"data":"Defend_R","floor":32,"key":"SMITH"},{"data":"Disarm","floor":41,"key":"SMITH"},{"data":"Exhume","floor":45,"key":"SMITH"},{"data":"Madness","floor":49,"key":"SMITH"}],"circlet_count":0,"master_deck":["Strike_R","Strike_R","Strike_R","Defend_R+1","Defend_R","Defend_R","Bash+1","Feed+1","Shrug It Off+1","Body Slam+1","Thunderclap","Rage+1","Juggernaut+1","Uppercut+1","Headbutt+1","Brutality","Disarm+1","True Grit+1","Exhume+1","Madness","Madness+1"],"relics":["Black Blood","Bag of Preparation","MealTicket","Torii","Medical Kit","Juzu Bracelet","MerchantsRug","Boot","Ancient Tea Set","TheAbacus","Mark of Pain","Tiny Chest","Oddly Smooth Stone","Thread and Needle","Sling","Vajra","Regal Pillow","Centennial Puzzle","Omamori","Darkstone Periapt"],"acts_visited":["Exordium","TheCity","TheBeyond"],"potions_floor_usage":[28],"damage_taken":[{"damage":7.0,"enemies":"2 Louse","floor":1.0,"turns":3.0},{"damage":2.0,"enemies":"Cultist","floor":3.0,"turns":5.0},{"damage":4.0,"enemies":"3 Sentries","floor":7.0,"turns":12.0},{"damage":0.0,"enemies":"Jaw Worm","floor":8.0,"turns":2.0},{"damage":2.0,"enemies":"2 Fungi Beasts","floor":10.0,"turns":4.0},{"damage":44.0,"enemies":"Hexaghost","floor":16.0,"turns":10.0},{"damage":1.0,"enemies":"Shell Parasite","floor":18.0,"turns":3.0},{"damage":1.0,"enemies":"Spheric Guardian","floor":20.0,"turns":3.0},{"damage":11.0,"enemies":"Shelled Parasite and Fungi","floor":21.0,"turns":3.0},{"damage":29.0,"enemies":"Slavers","floor":23.0,"turns":6.0},{"damage":1.0,"enemies":"Snake Plant","floor":24.0,"turns":3.0},{"damage":13,"enemies":"Sentry and Sphere","floor":28,"turns":5},{"damage":2,"enemies":"Chosen and Byrds","floor":31,"turns":5},{"damage":28,"enemies":"Champ","floor":33,"turns":8},{"damage":9,"enemies":"Orb Walker","floor":35,"turns":3},{"damage":9,"enemies":"3 Shapes","floor":36,"turns":4},{"damage":25,"enemies":"Sphere and 2 Shapes","floor":38,"turns":5},{"damage":29,"enemies":"Nemesis","floor":40,"turns":7},{"damage":5,"enemies":"Reptomancer","floor":46,"turns":6},{"damage":116,"enemies":"Donu and Deca","floor":50,"turns":12}],"seed_played":"-5708317623519179908","potions_obtained":[{"floor":7.0,"key":"Strength Potion"},{"floor":10.0,"key":"DuplicationPotion"},{"floor":16.0,"key":"BlessingOfTheForge"},{"floor":20.0,"key":"LiquidMemories"},{"floor":24.0,"key":"SkillPotion"},{"floor":33,"key":"Ancient Potion"},{"floor":36,"key":"BlessingOfTheForge"}],"is_trial":false,"path_per_floor":["M","?","M","?","?","R","E","M","T","M","$","R","$","?","R","B",null,"M","?","M","M","T","E","M","R","T","R","M","$","?","M","R","B",null,"M","M","$","M","T","E","R","?","T","$","R","E","?","?","R","B",null],"character_chosen":"IRONCLAD","items_purchased":["Bag of Preparation","MealTicket","Feed","Medical Kit","Juzu Bracelet","Strawberry","BloodPotion","Strength Potion","MerchantsRug","Rage","TheAbacus","Thread and Needle","Sling","PowerPotion"],"campfire_rested":0,"item_purchase_floors":[0,0,0,0,0,0,0,0,0,13,13,29,37,44],"current_hp_per_floor":[41,41,48,71,52,52,58,68,68,76,91,91,105,98,98,64,109,109,109,113,112,122,103,112,112,112,112,109,124,124,132,132,114,147,147,151,151,142,142,129,129,129,129,144,144,151,131,131,131,27],"gold":12,"neow_bonus":"","is_daily":false,"chose_seed":false,"campfire_upgraded":9,"win_rate":0.0,"timestamp":1612850798,"path_taken":["M","?","M","?","?","R","E","M","T","M","$","R","$","?","R","BOSS","M","?","M","M","?","E","M","R","T","R","M","$","?","M","R","BOSS","M","M","?","M","?","E","R","?","T","$","R","E","?","?","R","BOSS"],"items_purchased_type":["Relic","Relic","Card","Relic","Relic","Relic","Potion","Potion","Relic","Card","Relic","Relic","Relic","Potion"],"build_version":"2020-12-22","purchased_purges":1,"victory":true,"max_hp_per_floor":[90,90,93,93,93,93,97,101,101,105,105,105,105,105,105,109,109,109,109,113,117,127,131,135,135,135,135,139,139,139,143,143,147,147,147,151,151,155,155,159,159,159,159,159,159,159,159,159,159,159],"card_choices":[{"not_picked":["True Grit","Armaments"],"picked":"Shrug It Off","floor":1.0},{"not_picked":["Spot Weakness","True Grit","Pommel Strike"],"picked":"SKIP","floor":3.0},{"not_picked":["Anger","Exhume","True Grit"],"picked":"SKIP","floor":7.0},{"not_picked":["Clash","Inflame"],"picked":"Body Slam","floor":8.0},{"not_picked":["Battle Trance","Cleave"],"picked":"Thunderclap","floor":10.0},{"not_picked":["Immolate","Limit Break"],"picked":"Juggernaut","floor":16.0},{"not_picked":["Thunderclap","Rage","Shrug It Off"],"picked":"SKIP","floor":18.0},{"not_picked":["Wild Strike+1","Cleave","Rage"],"picked":"SKIP","floor":20.0},{"not_picked":["Whirlwind","Shrug It Off"],"picked":"Uppercut","floor":21.0},{"not_picked":["Perfected Strike","Cleave+1"],"picked":"Headbutt+1","floor":23.0},{"not_picked":["Warcry","Perfected Strike","Pummel"],"picked":"SKIP","floor":24.0},{"not_picked":["True Grit+1","Clash","Inflame"],"picked":"SKIP","floor":28},{"not_picked":["Dark Embrace","Reckless Charge","Feed"],"picked":"SKIP","floor":31},{"not_picked":["Bludgeon","Corruption"],"picked":"Brutality","floor":33},{"not_picked":["Evolve+1","Perfected Strike"],"picked":"Disarm","floor":35},{"not_picked":["Anger","Pommel Strike","Headbutt"],"picked":"SKIP","floor":36},{"not_picked":["Bludgeon","Twin Strike+1"],"picked":"True Grit+1","floor":38},{"not_picked":["Hemokinesis","Heavy Blade"],"picked":"Exhume","floor":40},{"not_picked":["Dropkick","Cleave","Inflame+1"],"picked":"SKIP","floor":46}],"player_experience":1507898,"relics_obtained":[{"floor":7.0,"key":"Boot"},{"floor":9.0,"key":"Ancient Tea Set"},{"floor":22.0,"key":"Pear"},{"floor":23.0,"key":"Oddly Smooth Stone"},{"floor":39,"key":"Vajra"},{"floor":40,"key":"Regal Pillow"},{"floor":43,"key":"Centennial Puzzle"},{"floor":46,"key":"Omamori"}],"event_choices":[{"cards_removed":["Defend_R"],"damage_healed":0.0,"max_hp_gain":0.0,"max_hp_loss":0.0,"gold_gain":0.0,"event_name":"Bonfire Elementals","player_choice":"Offered Basic","floor":2.0,"gold_loss":0.0,"damage_taken":0.0},{"damage_healed":23.0,"max_hp_gain":0.0,"max_hp_loss":0.0,"gold_gain":0.0,"event_name":"The Cleric","player_choice":"Healed","floor":4.0,"gold_loss":35.0,"damage_taken":0.0},{"damage_healed":0.0,"max_hp_gain":0.0,"max_hp_loss":0.0,"gold_gain":0.0,"event_name":"Shining Light","player_choice":"Entered Light","floor":5.0,"gold_loss":0.0,"damage_taken":19.0,"cards_upgraded":["Shrug It Off","Bash"]},{"damage_healed":0.0,"max_hp_gain":0.0,"max_hp_loss":0.0,"gold_gain":0.0,"event_name":"Scrap Ooze","player_choice":"Success","floor":14.0,"gold_loss":0.0,"damage_taken":7.0,"relics_obtained":["Ornamental Fan"]},{"damage_healed":0.0,"max_hp_gain":0.0,"max_hp_loss":0.0,"gold_gain":0.0,"event_name":"The Mausoleum","player_choice":"Opened","floor":19.0,"gold_loss":0.0,"damage_taken":0.0,"relics_obtained":["Tiny Chest"],"cards_obtained":["Writhe"]},{"cards_removed":["Writhe"],"damage_healed":0,"gold_gain":0,"player_choice":"Removed Curses","damage_taken":0,"max_hp_gain":0,"max_hp_loss":0,"event_name":"Fountain of Cleansing","floor":30,"gold_loss":0},{"cards_removed":["Strike_R"],"damage_healed":0,"gold_gain":0,"player_choice":"Removed Attack","damage_taken":0,"max_hp_gain":0,"max_hp_loss":0,"event_name":"Falling","floor":42,"gold_loss":0},{"damage_healed":0,"gold_gain":0,"player_choice":"Embrace Madness","damage_taken":20,"max_hp_gain":0,"max_hp_loss":0,"event_name":"Winding Halls","floor":47,"gold_loss":0,"cards_obtained":["Madness","Madness"]},{"damage_healed":0,"gold_gain":0,"player_choice":"Paid Gold","damage_taken":0,"relics_obtained":["Darkstone Periapt"],"max_hp_gain":0,"max_hp_loss":0,"event_name":"WeMeetAgain","floor":48,"gold_loss":51}],"is_beta":false,"boss_relics":[{"not_picked":["Tiny House","SlaversCollar"],"picked":"Mark of Pain"},{"not_picked":["Pandora\u0027s Box","Snecko Eye"],"picked":"Black Blood"}],"items_purged_floors":[0],"is_endless":false,"potions_floor_spawned":[7,10,16,18,20,24,33,36],"ascension_level":0}}