{"host":"hzswyuuwdl03wwzr","time":1612903471,"event":{"mods":["100% Spire Juice","ATMod(∞¢Ë™Mod)","AchievementEnabler","Act Like it!","BaseMod","Bossed Relics","CapriCore","Hallownest","Lobotomy","LobotomyExtend","Luminous","Marisa£®ÏF”Í°°ƒß¿Ì…≥£©","Minty Spire (QoL Compilation)","MostiFishMod","Pale of the Ancients","Quick Restart","Reimu£®≤©¿ˆ¡È√Œ£©","Reliquary","Replay The Spire","StSLib","The Cursed","The Hierophant","The Immortal","The Runesmith","WarShipGirlsR/’ΩΩ¢…Ÿ≈ÆR mod","Warlord Emblem","Youmu£®ªÍ∆«—˝√Œ£©","Yuyuko","°æπ¶ƒ‹Mod°øªÏ„Á÷Æª∑–ﬁ∏¥≤π∂°","°æ“≈ŒÔø®≈∆°øREMEMod"],"gold_per_floor":[114,39,59,59,59,59,12,12,12,12,44,62,62,62,62,162,162,177,377,391,391,248,248,282,282,282,299,299,299,319,332,332,431,431,448,448,448,373,389,389,389,402,426,442,442,462,221,235,335,335,335,335],"floor_reached":51,"language":"ZHS","playtime":1304,"items_purged":["Madness"],"score":913,"play_id":"c4f5f0ca-b45e-4aaf-b4c0-2c3cc338c439","local_time":"20210210044431","is_ascension_mode":false,"campfire_choices":[{"data":"rmod:maingunfire","floor":6,"key":"SMITH"},{"data":"rmod:intelligenceanalysis","floor":8,"key":"SMITH"},{"data":"Hallownest:skillGreenpathMap","floor":10,"key":"SMITH"},{"data":"rmod:rockthrower","floor":13,"key":"SMITH"},{"floor":15,"key":"RECALL"},{"data":"Apotheosis","floor":23,"key":"SMITH"},{"data":"rmod:ridicule","floor":28,"key":"SMITH"},{"data":"MostiFishMod:ButterFly","floor":32,"key":"SMITH"},{"data":"Madness","floor":40,"key":"SMITH"},{"data":"Hallownest:skillLeafShield","floor":45,"key":"SMITH"}],"circlet_count":0,"master_deck":["rmod:strick","rmod:strick","rmod:strick","rmod:strick","rmod:basicallowance+1","rmod:maingunfire+1","Hallownest:skillGreenpathMap+1","rmod:firesupport","rmod:intelligenceanalysis+1","rmod:rockthrower+1","Hallownest:skillLeafShield+1","Hallownest:skillLeafShield","Hallownest:skillLeafShield","Hallownest:skillLeafShield","Hallownest:skillLeafShield","MostiFishMod:ButterFly+1","rmod:ridicule+1","rmod:fuelsupply+1","Apotheosis+1","rmod:selfconfidence+1","rmod:steelsupply+1","Madness+1","rmod:fletcherpendant+1","rmod:maintain+1"],"relics":["AT_ATBox","REME_ComplimentaryCards","DaveBox","SynthV:TestCard","LetterFromLob","AT_EbonyIvory","AT_ImmortalShieldbow","Anchor","xbg","rmod:mogul","Civilization","ReplayTheSpireMod:Lightbulb","Astrolabe","reliquary:TuningFork","REME_LimitBreaker","paleoftheancients:Timepiece","paleoftheancients:KeyRelic","Letter Opener"],"acts_visited":["Hallownest:Greenpath","TheCity","TheBeyond","paleoftheancients:PaleOfTheAncients"],"potions_floor_usage":[16,16,33,33,33],"damage_taken":[{"damage":8,"enemies":"Hallownest:2_Tiktiks_and_1_Crawlid","floor":1,"turns":5},{"damage":1,"enemies":"Hallownest:monsterHuskWarrior","floor":3,"turns":3},{"damage":4,"enemies":"Hallownest:eliteCrystalGuardian","floor":11,"turns":5},{"damage":0,"enemies":"2_ Uuma","floor":12,"turns":2},{"damage":6,"enemies":"Hallownest:BossBrokenVessel","floor":16,"turns":5},{"damage":0,"enemies":"3 Byrds","floor":18,"turns":2},{"damage":2,"enemies":"2 Thieves","floor":20,"turns":2},{"damage":0,"enemies":"Replay:Snechameleon","floor":24,"turns":2},{"damage":18,"enemies":"Centurion and Healer","floor":27,"turns":3},{"damage":0,"enemies":"Snake Plant","floor":30,"turns":1},{"damage":0,"enemies":"Snecko","floor":31,"turns":2},{"damage":17,"enemies":"Pondfish","floor":33,"turns":3},{"damage":0,"enemies":"3 Darklings","floor":35,"turns":2},{"damage":0,"enemies":"3 Shapes","floor":39,"turns":2},{"damage":0,"enemies":"Spire Growth","floor":42,"turns":3},{"damage":2,"enemies":"4 Shapes","floor":44,"turns":1},{"damage":0,"enemies":"Transient","floor":46,"turns":7},{"damage":0,"enemies":"Maw","floor":48,"turns":4},{"damage":12,"enemies":"Donu and Deca","floor":50,"turns":5},{"damage":93,"enemies":"Donu and Deca","floor":51,"turns":3}],"seed_played":"7428668179124859720","potions_obtained":[{"floor":3,"key":"Dexterity Potion"},{"floor":11,"key":"LiquidMemories"},{"floor":16,"key":"Elixir"},{"floor":18,"key":"SkillPotion"},{"floor":24,"key":"Adrenaline Potion"},{"floor":33,"key":"BlessingOfTheForge"},{"floor":39,"key":"Dexterity Potion"},{"floor":46,"key":"SteroidPotion"}],"is_trial":false,"path_per_floor":["M","?","M","$","?","R","$","R","T","R","E","M","R","?","R","B",null,"M","?","M","?","$","R","E","?","T","M","R","E","M","M","R","B",null,"M","?","?","$","M","R","?","M","T","M","R","M","$","M","R","B","M"],"character_chosen":"PRAEFECT","items_purchased":["rmod:intelligenceanalysis","Civilization","REME_LimitBreaker"],"campfire_rested":0,"item_purchase_floors":[7,22,47],"current_hp_per_floor":[67,67,66,66,36,36,36,36,36,36,32,32,32,32,32,26,75,75,75,73,73,73,73,76,76,76,61,61,61,65,70,70,74,93,98,98,86,86,91,91,91,100,100,103,103,112,112,121,121,128,35,35],"gold":335,"neow_bonus":"UPGRADE_CARD","is_daily":false,"chose_seed":false,"campfire_upgraded":9,"win_rate":0.0,"timestamp":1612903471,"path_taken":["M","?","M","$","?","R","?","R","T","R","E","M","R","?","R","BOSS","M","?","?","?","$","R","E","?","T","M","R","E","M","M","R","BOSS","M","?","?","$","M","R","?","?","T","M","R","M","$","?","R","BOSS","M"],"items_purchased_type":["Card","Relic","Relic"],"build_version":"2020-12-22","purchased_purges":1,"victory":false,"max_hp_per_floor":[75,75,75,75,75,75,75,75,75,75,75,75,75,75,75,75,75,75,75,75,75,75,75,76,76,76,79,79,79,83,88,88,93,93,98,98,98,98,103,103,103,108,108,113,113,118,118,123,123,128,128,128],"card_choices":[{"not_picked":["rmod:supportescort","rmod:punchline","rmod:fuelsupply"],"picked":"SKIP","floor":1},{"not_picked":["rmod:aviationdawn","rmod:circuitoustactics","rmod:bulid","rmod:wolves","rmod:heivgo"],"picked":"SKIP","floor":3},{"not_picked":["rmod:slowdown","rmod:fletcherpendant","rmod:intelligenceanalysis","rmod:aviationdawn"],"picked":"rmod:firesupport","floor":5},{"not_picked":["rmod:guardianhero","rmod:supportescort","rmod:luckystar","rmod:garrisonisland"],"picked":"rmod:rockthrower","floor":11},{"not_picked":["rmod:slowdown","rmod:aluminumsupply","rmod:aggressivemary","rmod:steelsupply","rmod:bulid"],"picked":"SKIP","floor":12},{"not_picked":["rmod:desperatesituation","rmod:u235","rmod:supriseattacks","rmod:timeschanged"],"picked":"rmod:ridicule","floor":16},{"not_picked":["rmod:goodsister","rmod:bulid","rmod:slowdown+1","rmod:victimresponsibility+1","rmod:steelsupply"],"picked":"SKIP","floor":18},{"not_picked":["rmod:capitalist","rmod:wife","rmod:slowdown","rmod:ammunitionsupply"],"picked":"rmod:fuelsupply+1","floor":20},{"not_picked":["rmod:timeschanged","rmod:fuelsupply","rmod:slowdown+1","rmod:circuitoustactics"],"picked":"rmod:selfconfidence+1","floor":24},{"not_picked":["rmod:firesupport","rmod:aviationdawn","rmod:supportescort+1","rmod:selfconfidence+1","rmod:aluminumsupply"],"picked":"SKIP","floor":27},{"not_picked":["rmod:unsinkable","rmod:tearstotiara+1","rmod:supriseattacks","rmod:luckystar","rmod:aggressivemary"],"picked":"SKIP","floor":30},{"not_picked":["rmod:tearstotiara","rmod:salvage","rmod:supportescort","rmod:luckystar","rmod:aluminumsupply"],"picked":"SKIP","floor":31},{"not_picked":["rmod:fuelsupply","rmod:chargemoney","rmod:fletcherpendant+1","rmod:ring"],"picked":"rmod:steelsupply+1","floor":35},{"not_picked":["rmod:tearstotiara+1","rmod:launchingtorpedo+1","rmod:victimresponsibility+1","rmod:aluminumsupply","rmod:intelligenceanalysis"],"picked":"SKIP","floor":39},{"not_picked":["rmod:diaomin","rmod:goodfighter","rmod:abidefaith","rmod:firesupport+1"],"picked":"rmod:fletcherpendant+1","floor":42},{"not_picked":["rmod:aluminumsupply","rmod:goodsister","rmod:tearstotiara","rmod:aggressivemary+1"],"picked":"rmod:maintain+1","floor":44},{"not_picked":["rmod:steelsupply","rmod:sl+1","rmod:seals","rmod:diamondstrike","rmod:fuelsupply+1"],"picked":"SKIP","floor":46},{"not_picked":["rmod:intelligenceanalysis","rmod:victimresponsibility+1","rmod:luckystar","rmod:generalist+1","rmod:salvage+1"],"picked":"SKIP","floor":48}],"player_experience":35960,"relics_obtained":[{"floor":1,"key":"SynthV:TestCard"},{"floor":1,"key":"LetterFromLob"},{"floor":5,"key":"AT_EbonyIvory"},{"floor":9,"key":"AT_ImmortalShieldbow"},{"floor":11,"key":"Anchor"},{"floor":24,"key":"ReplayTheSpireMod:Lightbulb"},{"floor":43,"key":"reliquary:TuningFork"}],"event_choices":[{"damage_healed":0,"gold_gain":200,"player_choice":"Gold","damage_taken":0,"max_hp_gain":0,"max_hp_loss":0,"event_name":"Wheel of Change","floor":19,"gold_loss":0},{"damage_healed":0,"gold_gain":0,"player_choice":"Ignored","damage_taken":0,"max_hp_gain":0,"max_hp_loss":0,"event_name":"Tomb of Lord Red Mask","floor":36,"gold_loss":0},{"damage_healed":0,"gold_gain":0,"player_choice":"Embrace Madness","damage_taken":12,"max_hp_gain":0,"max_hp_loss":0,"event_name":"Winding Halls","floor":37,"gold_loss":0,"cards_obtained":["Madness","Madness"]},{"damage_healed":0,"gold_gain":0,"player_choice":"0 cards matched","damage_taken":0,"max_hp_gain":0,"max_hp_loss":0,"event_name":"Match and Keep!","floor":41,"gold_loss":0,"cards_obtained":[]},{"damage_healed":0,"gold_gain":100,"player_choice":"Pray","damage_taken":0,"max_hp_gain":0,"max_hp_loss":0,"event_name":"Golden Shrine","floor":49,"gold_loss":0}],"is_beta":false,"boss_relics":[{"not_picked":["Fusion Hammer","Snecko Eye"],"picked":"rmod:mogul"},{"not_picked":["SlaversCollar","reliquary:KinkedSpring"],"picked":"Astrolabe"}],"items_purged_floors":[38],"is_endless":false,"potions_floor_spawned":[3,11,16,18,24,33,39,46],"killed_by":"Donu and Deca","ascension_level":0}}