{"host":"k5dhp0bkccqfauyu","time":1612842924,"event":{"mods":["BaseMod","Better Note","Better Skull","Better Vampires","Colored Map","Colored Powertips","DeckTracker","Minty Spire (QoL Compilation)","Permanent Neow","StSLib","SuperFastMode"],"gold_per_floor":[366,385,398,35,65,65,146,146,146,146,31,58,58,118,118,216,216,233,158,194,194,36,36,64,64,64],"floor_reached":25,"language":"ENG","playtime":1193,"items_purged":["Decay","Defend_B"],"score":474,"play_id":"1b71e8f7-c183-483f-a56d-61f94291777c","local_time":"20210209145524","is_ascension_mode":true,"campfire_choices":[{"data":"HandOfGreed","floor":6,"key":"SMITH"},{"floor":8,"key":"REST"},{"data":"Defragment","floor":15,"key":"SMITH"},{"floor":23,"key":"REST"}],"circlet_count":0,"master_deck":["AscendersBane","Defend_B","Zap","Dualcast","Darkness","Capacitor","Loop","Coolheaded","HandOfGreed+1","Doom and Gloom","Glacier","Compile Driver","Defragment+1","BootSequence","Double Energy","Multi-Cast","White Noise+1","Hello World+1","Hologram+1","Coolheaded","Creative AI","Double Energy","Turbo","Defragment"],"relics":["Cracked Core","Bag of Marbles","Vajra","Pear","Pen Nib","Astrolabe","Regal Pillow"],"acts_visited":["Exordium","TheCity"],"potions_floor_usage":[7,7,16],"damage_taken":[{"damage":0,"enemies":"2 Louse","floor":1,"turns":3},{"damage":3,"enemies":"Cultist","floor":2,"turns":4},{"damage":11,"enemies":"Jaw Worm","floor":3,"turns":3},{"damage":7,"enemies":"Lots of Slimes","floor":5,"turns":3},{"damage":15,"enemies":"3 Sentries","floor":7,"turns":6},{"damage":8,"enemies":"Gremlin Nob","floor":12,"turns":3},{"damage":10,"enemies":"3 Sentries","floor":14,"turns":6},{"damage":16,"enemies":"The Guardian","floor":16,"turns":11},{"damage":5,"enemies":"Spheric Guardian","floor":18,"turns":5},{"damage":27,"enemies":"2 Thieves","floor":20,"turns":5},{"damage":41,"enemies":"Book of Stabbing","floor":24,"turns":7},{"damage":23,"enemies":"Chosen and Byrds","floor":25,"turns":4}],"seed_played":"-8833610848542830139","potions_obtained":[{"floor":1,"key":"PowerPotion"},{"floor":3,"key":"PowerPotion"},{"floor":7,"key":"Block Potion"},{"floor":20,"key":"Ancient Potion"}],"is_trial":false,"path_per_floor":["M","M","M","$","M","R","E","R","T","?","$","E","?","E","R","B",null,"M","?","M","?","$","R","E","M"],"character_chosen":"DEFECT","items_purchased":["Coolheaded","HandOfGreed","Doom and Gloom","Defragment","BootSequence","Turbo"],"campfire_rested":2,"item_purchase_floors":[4,4,4,11,11,22],"current_hp_per_floor":[64,61,50,50,43,43,28,49,49,51,51,53,53,43,43,27,68,63,63,36,36,36,60,19,0,0],"gold":64,"neow_bonus":"TWO_FIFTY_GOLD","is_daily":false,"chose_seed":false,"campfire_upgraded":2,"win_rate":0.0,"timestamp":1612842924,"path_taken":["M","M","M","$","M","R","E","R","T","?","?","E","?","E","R","BOSS","M","?","M","?","?","R","E","?"],"items_purchased_type":["Card","Card","Card","Card","Card","Card"],"build_version":"2020-12-22","purchased_purges":2,"victory":false,"max_hp_per_floor":[71,71,71,71,71,71,71,71,71,71,71,81,81,81,81,81,81,81,81,81,81,81,81,81,81,81],"card_choices":[{"not_picked":["Steam Power","Turbo"],"picked":"Darkness","floor":1},{"not_picked":["Go for the Eyes","Heatsinks"],"picked":"Capacitor","floor":2},{"not_picked":["Self Repair","Steam"],"picked":"Loop","floor":3},{"not_picked":["Rip and Tear","Conserve Battery"],"picked":"Glacier","floor":5},{"not_picked":["Gash","Ball Lightning"],"picked":"Compile Driver","floor":7},{"not_picked":["Rebound","Gash"],"picked":"Double Energy","floor":12},{"not_picked":["Cold Snap","Rebound","Steam"],"picked":"SKIP","floor":14},{"not_picked":["Machine Learning","Hyperbeam"],"picked":"Multi-Cast","floor":16},{"not_picked":["Leap","Sweeping Beam","Cold Snap"],"picked":"SKIP","floor":18},{"not_picked":["Hologram","Beam Cell"],"picked":"Coolheaded","floor":20},{"not_picked":["Genetic Algorithm","Doom and Gloom"],"picked":"Defragment","floor":24}],"player_experience":1863853,"relics_obtained":[{"floor":7,"key":"Bag of Marbles"},{"floor":9,"key":"Vajra"},{"floor":12,"key":"Pear"},{"floor":14,"key":"Pen Nib"},{"floor":24,"key":"Regal Pillow"}],"event_choices":[{"damage_healed":2,"gold_gain":0,"player_choice":"LEAVE ","damage_taken":0,"relics_obtained":[],"max_hp_gain":0,"max_hp_loss":0,"event_name":"betterSkull:BetterSkull","floor":10,"gold_loss":0,"cards_upgraded":[]},{"damage_healed":0,"gold_gain":0,"player_choice":"Ignored","damage_taken":0,"max_hp_gain":0,"max_hp_loss":0,"event_name":"Liars Game","floor":13,"gold_loss":0},{"cards_removed":["Strike_B"],"damage_healed":0,"gold_gain":0,"player_choice":"Gave Gold","damage_taken":0,"max_hp_gain":0,"max_hp_loss":0,"event_name":"Beggar","floor":19,"gold_loss":75},{"damage_healed":0,"gold_gain":0,"cards_transformed":["Defend_B","Defend_B"],"player_choice":"Became Test Subject","damage_taken":0,"max_hp_gain":0,"max_hp_loss":0,"event_name":"Drug Dealer","floor":21,"gold_loss":0,"cards_obtained":["Creative AI","Double Energy"]}],"is_beta":false,"boss_relics":[{"not_picked":["Empty Cage","Sozu"],"picked":"Astrolabe"}],"items_purged_floors":[4,22],"is_endless":false,"potions_floor_spawned":[1,3,5,7,20],"killed_by":"Chosen and Byrds","ascension_level":20}}