{"host":"qy1e0kd24tpj3i2m","time":1612907517,"event":{"mods":["Act Like it!","BaseMod","Better Skull","Better Vampires","Colored Map","Colored Powertips","Custom Start","Displayed Cursed Tome","Faster Ascension Climbing","Friendly Minions","GifTheSpireLib","Gremlin Skip","Highlight Path","Minty Spire (QoL Compilation)","Permanent Neow","Poor People Problems","Quick Restart","Red Circlet Mod","Relic Filter Mod","Relic Sorter","Reorder Act Four","SacredBarkPlus","Shop Mod","StSLib","SuperFastMode","Transform Curses","没有小屋子和绿帽子啦"],"gold_per_floor":[113,113,128,128,128,128,156,175,175,209,227,260,260,275,275,275,275],"floor_reached":16,"language":"ZHS","playtime":381,"items_purged":[],"score":290,"play_id":"2337b34b-1264-4b27-8748-6c33767044a8","local_time":"20210210065157","is_ascension_mode":true,"campfire_choices":[{"data":"Dark Embrace","floor":6.0,"key":"SMITH"},{"data":"Uppercut","floor":13.0,"key":"SMITH"},{"data":"Rage","floor":15.0,"key":"SMITH"}],"circlet_count":0,"master_deck":["AscendersBane","Strike_R","Strike_R","Strike_R","Strike_R","Strike_R","Defend_R+1","Defend_R","Defend_R","Defend_R+1","Dark Embrace+1","Sword Boomerang","Pain","Shrug It Off","Rage+1","Impervious+1","True Grit+1","Uppercut+1","Power Through+1"],"relics":["Burning Blood","NeowsBlessing","War Paint","WarpedTongs","Bag of Marbles","Toxic Egg 2","Sundial","Turnip"],"acts_visited":["Exordium"],"potions_floor_usage":[16],"damage_taken":[{"damage":0.0,"enemies":"Small Slimes","floor":1.0,"turns":1.0},{"damage":0.0,"enemies":"Jaw Worm","floor":3.0,"turns":1.0},{"damage":2.0,"enemies":"Lagavulin","floor":7.0,"turns":1.0},{"damage":2.0,"enemies":"2 Louse","floor":8.0,"turns":2.0},{"damage":31.0,"enemies":"Gremlin Nob","floor":10.0,"turns":4.0},{"damage":13.0,"enemies":"Gremlin Gang","floor":11.0,"turns":5.0},{"damage":22.0,"enemies":"Lagavulin","floor":12.0,"turns":11.0},{"damage":2.0,"enemies":"Looter","floor":14.0,"turns":3.0},{"damage":32,"enemies":"Hexaghost","floor":16,"turns":10}],"seed_played":"6631265432400918339","potions_obtained":[{"floor":3.0,"key":"Swift Potion"},{"floor":8.0,"key":"Strength Potion"},{"floor":12.0,"key":"Energy Potion"}],"is_trial":false,"path_per_floor":["M","?","M","?","?","R","E","M","T","E","M","E","R","M","R","B"],"character_chosen":"IRONCLAD","items_purchased":[],"campfire_rested":0,"item_purchase_floors":[],"current_hp_per_floor":[74,67,73,68,68,68,72,75,75,50,43,27,27,31,31,0,0],"gold":275,"neow_bonus":"THREE_ENEMY_KILL","is_daily":false,"chose_seed":false,"campfire_upgraded":3,"win_rate":0.0,"timestamp":1612907517,"path_taken":["M","?","M","?","?","R","E","M","T","E","?","E","R","M","R","BOSS"],"items_purchased_type":[],"build_version":"2020-12-22","purchased_purges":0,"victory":false,"max_hp_per_floor":[75,75,75,75,75,75,75,75,75,75,75,75,75,75,75,75,75],"card_choices":[{"not_picked":["Armaments","True Grit"],"picked":"Dark Embrace","floor":1.0},{"not_picked":["Twin Strike","Thunderclap"],"picked":"Sword Boomerang","floor":3.0},{"not_picked":["Havoc","Heavy Blade"],"picked":"Shrug It Off","floor":7.0},{"not_picked":["Clash","Perfected Strike"],"picked":"Rage","floor":8.0},{"not_picked":["Havoc+1","Body Slam"],"picked":"Impervious+1","floor":10.0},{"not_picked":["Shrug It Off+1","Warcry+1"],"picked":"True Grit+1","floor":11.0},{"not_picked":["Sword Boomerang","Metallicize"],"picked":"Uppercut","floor":12.0},{"not_picked":["Twin Strike","Body Slam"],"picked":"Power Through+1","floor":14.0}],"player_experience":1007339,"relics_obtained":[{"floor":7.0,"key":"Bag of Marbles"},{"floor":9.0,"key":"Toxic Egg 2"},{"floor":10.0,"key":"Sundial"},{"floor":12.0,"key":"Turnip"}],"event_choices":[{"cards_removed":["Bash"],"damage_healed":0.0,"max_hp_gain":0.0,"max_hp_loss":0.0,"gold_gain":0.0,"event_name":"Golden Wing","player_choice":"Card Removal","floor":2.0,"gold_loss":0.0,"damage_taken":7.0},{"damage_healed":0.0,"max_hp_gain":0.0,"max_hp_loss":0.0,"gold_gain":0.0,"event_name":"Scrap Ooze","player_choice":"Success","floor":4.0,"gold_loss":0.0,"damage_taken":5.0,"relics_obtained":["War Paint"]},{"damage_healed":0.0,"max_hp_gain":0.0,"max_hp_loss":0.0,"gold_gain":0.0,"event_name":"Accursed Blacksmith","player_choice":"Rummage","floor":5.0,"gold_loss":0.0,"damage_taken":0.0,"relics_obtained":["WarpedTongs"],"cards_obtained":["Pain"]}],"is_beta":false,"boss_relics":[],"items_purged_floors":[],"is_endless":false,"potions_floor_spawned":[3,8,12],"killed_by":"Hexaghost","ascension_level":20}}