{"host":"74dg6ta44i9qan6e","time":1612911863,"event":{"mods":["Act Like it!","BaseMod","Clawfect","Downfall","Hubris","Infinite Spire","Marisa????????","Minty Spire (QoL Compilation)","Reimu??????","Relic Stats","Replay The Spire","StSLib","The Bug Knight","The Cursed","The Forsaken","The Hayseed","The Hierophant","The Juggle","The Runesmith","The Servant 0.9.4","The Witch","TheBandit","Waifu the Spire"],"gold_per_floor":[114,114,133,150,225,225,225,232,283,283,272,272,269,281,281,221,221],"floor_reached":16,"language":"ENG","playtime":640,"items_purged":[],"score":106,"play_id":"9ec9d77d-35d8-4a24-a49c-6edbad1af2b5","local_time":"20210209180423","is_ascension_mode":false,"campfire_choices":[{"data":"hierophant:Prophecy","floor":7,"key":"SMITH"},{"data":"hierophant:RepressedViolence","floor":10,"key":"SMITH"},{"data":"hierophant:FieryStrike","floor":12,"key":"SMITH"},{"floor":15,"key":"REST"}],"circlet_count":0,"master_deck":["hierophant:Strike_Hierophant","hierophant:Strike_Hierophant","hierophant:Strike_Hierophant","hierophant:Strike_Hierophant","hierophant:Punish","hierophant:Defend_Hierophant","hierophant:Defend_Hierophant","hierophant:Defend_Hierophant","hierophant:Defend_Hierophant","hierophant:ChurchCoffers","hierophant:Prophecy+1","hierophant:FaithHealing","hierophant:RepressedViolence+1","hierophant:RepressedViolence","hierophant:ThreeLashes","hierophant:FieryStrike+1","hierophant:HammerAndAnvil","hierophant:Levitation","hierophant:TollTheBells"],"relics":["hierophant:PropheticMaskRelic","Oddly Smooth Stone","sneckomod:BlankCard","Replay:Rubber Ducky"],"acts_visited":["Exordium"],"potions_floor_usage":[13,16,16,16],"damage_taken":[{"damage":0,"enemies":"2 Louse","floor":1,"turns":1},{"damage":0,"enemies":"Cultist","floor":2,"turns":3},{"damage":0,"enemies":"Small Slimes","floor":3,"turns":2},{"damage":7,"enemies":"Blue Slaver","floor":4,"turns":7},{"damage":0,"enemies":"2 Fungi Beasts","floor":6,"turns":3},{"damage":17,"enemies":"Exordium Thugs","floor":8,"turns":5},{"damage":0,"enemies":"Looter","floor":11,"turns":3},{"damage":38,"enemies":"Lagavulin","floor":13,"turns":8},{"damage":0,"enemies":"3 Louse","floor":14,"turns":2},{"damage":39,"enemies":"Fading Forest","floor":16,"turns":7}],"seed_played":"544861698323865448","potions_obtained":[{"floor":3,"key":"Elixir"},{"floor":6,"key":"LifebloodPotion"},{"floor":8,"key":"Elixir"},{"floor":13,"key":"Languid Potion"},{"floor":14,"key":"Swift Potion"}],"is_trial":false,"path_per_floor":["M","M","M","M","?","M","R","M","T","R","M","R","E","M","R","B"],"character_chosen":"HIEROPHANT","items_purchased":[],"campfire_rested":1,"item_purchase_floors":[],"current_hp_per_floor":[75,75,75,68,61,61,61,44,44,44,44,44,6,6,28,0,0],"gold":221,"neow_bonus":"RANDOM_COMMON_RELIC","is_daily":false,"chose_seed":false,"campfire_upgraded":3,"win_rate":0.0,"timestamp":1612911863,"path_taken":["M","M","M","M","?","M","R","M","T","R","?","R","E","M","R","BOSS"],"items_purchased_type":[],"build_version":"2020-12-22","purchased_purges":0,"victory":false,"max_hp_per_floor":[75,75,75,75,75,75,75,75,75,75,75,75,75,75,75,75,75],"relic_stats":{"counters":[10,41],"obtain_stats":[{"hierophant:PropheticMaskRelic":0,"sneckomod:BlankCard":9,"Oddly Smooth Stone":0,"Replay:Rubber Ducky":13},{"hierophant:PropheticMaskRelic":0,"sneckomod:BlankCard":6,"Oddly Smooth Stone":0,"Replay:Rubber Ducky":8},{"hierophant:PropheticMaskRelic":0,"sneckomod:BlankCard":21,"Oddly Smooth Stone":0,"Replay:Rubber Ducky":32}]},"card_choices":[{"not_picked":["hierophant:DisplayOfPower","hierophant:HammerAndAnvil"],"picked":"hierophant:Prophecy","floor":1},{"not_picked":["hierophant:AuricShield","hierophant:ArchangelShield"],"picked":"hierophant:FaithHealing","floor":2},{"not_picked":["hierophant:ArchangelShield","hierophant:WrathOfGod"],"picked":"hierophant:RepressedViolence","floor":3},{"not_picked":["hierophant:AuricBeam","hierophant:ArchangelShield"],"picked":"hierophant:RepressedViolence","floor":4},{"not_picked":["hierophant:HammerAndAnvil","hierophant:Prophecy"],"picked":"hierophant:ThreeLashes","floor":6},{"not_picked":["hierophant:SealAway","hierophant:DisplayOfPower"],"picked":"hierophant:FieryStrike","floor":8},{"not_picked":["hierophant:Encroach","hierophant:SealAway"],"picked":"hierophant:HammerAndAnvil","floor":11},{"not_picked":["hierophant:Chorus","hierophant:AuricBeam"],"picked":"hierophant:Levitation","floor":13},{"not_picked":["hierophant:SealAway","hierophant:Purify"],"picked":"hierophant:TollTheBells","floor":14}],"player_experience":750278,"relics_obtained":[{"floor":9,"key":"sneckomod:BlankCard"},{"floor":13,"key":"Replay:Rubber Ducky"}],"event_choices":[{"damage_healed":0,"gold_gain":75,"player_choice":"Touch","damage_taken":7,"max_hp_gain":0,"max_hp_loss":0,"event_name":"FaceTrader","floor":5,"gold_loss":0}],"is_beta":false,"boss_relics":[],"items_purged_floors":[],"is_endless":false,"potions_floor_spawned":[3,6,8,13,14],"killed_by":"Fading Forest","ascension_level":0}}