{"host":"ylc7rmysbrk5cxws","time":1612873565,"event":{"mods":["100% Spire Juice","ATMod(°¢èªMod)","Act Like it!","Arknights","BaseMod","Friendly Minions","Gensokyo","Koishi","Minty Spire (QoL Compilation)","Prisma Mod","Spicy Shops","StSLib","The Animator","The Construct","UnlockEverythingMod","Waifu the Spire","¡¾¹¦ÄÜMod¡¿»ìãçÖ®»·ÐÞ¸´²¹¶¡"],"gold_per_floor":[117,97,117,129,141,141,35,49,49,95,95,113,113,154,154,275,35,95,95,95],"floor_reached":19,"language":"ZHS","playtime":933,"items_purged":[],"score":163,"play_id":"ef27e5e1-483e-4be9-9043-06d3285ed9ee","local_time":"20210209202605","is_ascension_mode":false,"campfire_choices":[{"data":"Moonworks:Encore","floor":6.0,"key":"SMITH"},{"data":"Moonworks:Dinner","floor":11.0,"key":"SMITH"},{"floor":15.0,"key":"REST"}],"circlet_count":0,"master_deck":["Moonworks:Strike","Moonworks:Strike","Moonworks:Strike","Moonworks:Strike","Moonworks:Defend","Moonworks:Defend","Moonworks:Defend","Moonworks:Defend","Moonworks:Ambush","Moonworks:LongDistanceShot","Moonworks:BigMagnum","Moonworks:CloudOfSeagulls","Moonworks:RagingMadness","Moonworks:Encore+1","Moonworks:Dinner+1","Moonworks:CloudOfSeagulls","Moonworks:LuckyCharm","Moonworks:Assault","Moonworks:EvilMastermind","Moonworks:UnluckyCharm"],"relics":["Moonworks:BrokenBomb","Moonworks:Homemark","AT_ATBox","NeowsBlessing","AT_MibuBalloonWealth","Sozu"],"acts_visited":["Exordium","TheCity"],"potions_floor_usage":[],"damage_taken":[{"damage":0.0,"enemies":"2 Louse","floor":1.0,"turns":2.0},{"damage":0.0,"enemies":"Jaw Worm","floor":3.0,"turns":1.0},{"damage":0.0,"enemies":"ats:Genji","floor":4.0,"turns":1.0},{"damage":18.0,"enemies":"Blue Slaver","floor":5.0,"turns":5.0},{"damage":9.0,"enemies":"Red Slaver","floor":7.0,"turns":5.0},{"damage":7.0,"enemies":"Large Slime","floor":8.0,"turns":4.0},{"damage":7.0,"enemies":"Lots of Slimes","floor":12.0,"turns":3.0},{"damage":2.0,"enemies":"Red Slaver","floor":14.0,"turns":6.0},{"damage":22.0,"enemies":"Hexaghost","floor":16.0,"turns":8.0},{"damage":30,"enemies":"2 Thieves","floor":18,"turns":4},{"damage":42,"enemies":"Chosen","floor":19,"turns":5}],"seed_played":"2567984363693251032","potions_obtained":[{"floor":3.0,"key":"Energy Potion"},{"floor":5.0,"key":"Ancient Potion"},{"floor":16.0,"key":"Strength Potion"}],"is_trial":false,"path_per_floor":["M","?","M","M","M","R","M","M","T","T","R","M","$","M","R","B",null,"M","M"],"character_chosen":"THE_STARBREAKER","items_purchased":[],"campfire_rested":1,"item_purchase_floors":[],"current_hp_per_floor":[60,60,60,60,42,42,33,29,29,29,29,22,22,30,48,36,60,30,0,0],"gold":95,"neow_bonus":"THREE_ENEMY_KILL","is_daily":false,"chose_seed":false,"campfire_upgraded":2,"win_rate":0.0,"timestamp":1612873565,"path_taken":["M","?","?","M","M","R","M","M","T","?","R","M","$","M","R","BOSS","M","M"],"items_purchased_type":[],"build_version":"2020-12-22","purchased_purges":0,"victory":false,"max_hp_per_floor":[60,60,60,60,60,60,60,60,60,60,60,60,60,60,60,60,60,60,60,60],"card_choices":[{"not_picked":["Moonworks:NicePresent","Moonworks:IndiscriminateFireSupport"],"picked":"Moonworks:BigMagnum","floor":1.0},{"not_picked":["Moonworks:ForcedRevival","Moonworks:DeployBits"],"picked":"Moonworks:CloudOfSeagulls","floor":3.0},{"not_picked":["Moonworks:UnpaidWork","Moonworks:IndiscriminateFireSupport"],"picked":"Moonworks:RagingMadness","floor":4.0},{"not_picked":["Moonworks:CloudOfSeagulls","Moonworks:ImOnFire"],"picked":"Moonworks:Encore","floor":5.0},{"not_picked":["Moonworks:UnluckyCharm","Moonworks:CloudOfSeagulls"],"picked":"Moonworks:Dinner","floor":7.0},{"not_picked":["Moonworks:SakisCookie","Moonworks:ForcedRevival"],"picked":"Moonworks:CloudOfSeagulls","floor":8.0},{"not_picked":["Moonworks:LulusLuckyEgg","Moonworks:WindyEnchantment"],"picked":"Moonworks:LuckyCharm","floor":12.0},{"not_picked":["Moonworks:ImOnFire","Moonworks:CloudOfSeagulls"],"picked":"Moonworks:Assault","floor":14.0},{"not_picked":["Moonworks:ReflectiveShell","Moonworks:WeAreWaruda"],"picked":"Moonworks:EvilMastermind","floor":16.0},{"not_picked":["Moonworks:ImOnFire+1","Moonworks:IntelligenceOfficer+1"],"picked":"Moonworks:UnluckyCharm","floor":18}],"player_experience":80899,"relics_obtained":[{"floor":10.0,"key":"AT_MibuBalloonWealth"}],"event_choices":[{"damage_healed":0.0,"max_hp_gain":0.0,"max_hp_loss":0.0,"gold_gain":100.0,"event_name":"Golden Shrine","player_choice":"Pray","floor":2.0,"gold_loss":0.0,"damage_taken":0.0}],"is_beta":false,"boss_relics":[{"not_picked":["Snecko Eye","Velvet Choker"],"picked":"Sozu"}],"items_purged_floors":[],"is_endless":false,"potions_floor_spawned":[3,5,16,18],"killed_by":"Chosen","ascension_level":0}}