{"host":"c8qonrr5ytpjhapa","time":1612841662,"event":{"mods":["BaseMod","Downfall","Minty Spire (QoL Compilation)","StSLib"],"gold_per_floor":[99,119,131,143,143,174,220,7,23,23,42,61,78,90,108,212,212,12,29,129,145,160,160,160,185,185,216,216,216,91,123,142,243,243,143,160,174,274,291,291,318,318,318,79,89,89,123,77,90,90,90,123,27,27,27,27],"floor_reached":57,"language":"ENG","playtime":13143,"items_purged":["Slimebound:Strike_Slimebound","Slimebound:Strike_Slimebound"],"score":1246,"play_id":"15b2bd1f-6a38-4318-9d0b-642e0b961a1c","local_time":"20210208223422","is_ascension_mode":false,"campfire_choices":[{"data":"Slimebound:Split","floor":1,"key":"SMITH"},{"data":"Slimebound:Schlurp","floor":10,"key":"SMITH"},{"data":"Apotheosis","floor":18,"key":"SMITH"},{"data":"Slimebound:RainOfGoop","floor":23,"key":"SMITH"},{"floor":28,"key":"RECALL"},{"data":"Slimebound:SplitLeeching","floor":35,"key":"SMITH"},{"data":"Slimebound:RejuvenatingLick","floor":40,"key":"SMITH"},{"data":"Slimebound:RejuvenatingLick","floor":43,"key":"SMITH"},{"data":"Slimebound:LeechEnergy","floor":46,"key":"SMITH"},{"floor":54,"key":"REST"}],"circlet_count":0,"master_deck":["Slimebound:Tackle","Slimebound:Defend_Slimebound","Slimebound:Defend_Slimebound","Slimebound:Defend_Slimebound","Slimebound:Defend_Slimebound","Slimebound:Split+1","Slimebound:CorrosiveSpit","Slimebound:PressTheAttack","Slimebound:DisruptingSlam","Slimebound:SplitLeeching","Slimebound:SplitLeeching+1","Slimebound:RejuvenatingLick+1","Apotheosis+1","Slimebound:LeechEnergy","Slimebound:Schlurp+1","Slimebound:LeechingTouch","Slimebound:RainOfGoop+1","Slimebound:ItLooksTasty","Slimebound:OozeBath","Slimebound:LeechEnergy+1","Slimebound:GrowthPunch+1","Slimebound:GoopSpray+1","Slimebound:TongueLash","Slimebound:LevelUp+1","Slimebound:RejuvenatingLick+1","Slimebound:SlimeTap","Slimebound:Repurpose","Slimebound:LeechEnergy","Slimebound:MassRepurpose","Slimebound:SpikyOuterGoop+1","Slimebound:FormOfPuddle+1","Slimebound:SplitBruiser","Slimebound:SplitLeeching","Slimebound:Equalize+1","expansioncontent:PolyBeam+1"],"relics":["Slimebound:AbsorbEndCombat","Ancient Tea Set","Runic Pyramid","downfall:HeartBlessingBlue","downfall:HeartBlessingGreen","WingedGreaves","Mummified Hand","Matryoshka","downfall:RedIOU","Pantograph","Frozen Egg 2","Black Star","downfall:HeartBlessingRed","Shuriken","Oddly Smooth Stone","Lantern","Strange Spoon","Molten Egg 2","Juzu Bracelet","Ice Cream","Centennial Puzzle"],"acts_visited":["Exordium","TheCity","TheBeyond","TheEnding"],"potions_floor_usage":[6,16,20,33,39,39,50,50],"damage_taken":[{"damage":6,"enemies":"Cultist","floor":2,"turns":3},{"damage":1,"enemies":"Jaw Worm","floor":3,"turns":4},{"damage":0,"enemies":"Small Slimes","floor":4,"turns":4},{"damage":14,"enemies":"3 Sentries","floor":6,"turns":8},{"damage":1,"enemies":"downfall:FleeingMerchant","floor":8,"turns":4},{"damage":0,"enemies":"Blue Slaver","floor":9,"turns":4},{"damage":0,"enemies":"Gremlin Gang","floor":11,"turns":5},{"damage":1,"enemies":"3 Louse","floor":12,"turns":4},{"damage":5,"enemies":"Red Slaver","floor":13,"turns":5},{"damage":2,"enemies":"2 Fungi Beasts","floor":14,"turns":2},{"damage":4,"enemies":"Exordium Wildlife","floor":15,"turns":3},{"damage":7,"enemies":"WA_ARCHETYPE_RETAIN","floor":16,"turns":8},{"damage":1,"enemies":"Spheric Guardian","floor":19,"turns":4},{"damage":8,"enemies":"IC_STATUS_ARCHETYPE","floor":20,"turns":5},{"damage":5,"enemies":"Snake Plant","floor":21,"turns":3},{"damage":4,"enemies":"Cultist and Chosen","floor":22,"turns":6},{"damage":8,"enemies":"Gremlin Leader","floor":25,"turns":5},{"damage":29,"enemies":"Book of Stabbing","floor":27,"turns":6},{"damage":7,"enemies":"downfall:FleeingMerchant","floor":30,"turns":4},{"damage":12,"enemies":"Gremlin Leader","floor":31,"turns":6},{"damage":4,"enemies":"Shelled Parasite and Fungi","floor":32,"turns":5},{"damage":18,"enemies":"SI_MIRROR_ARCHETYPE","floor":33,"turns":10},{"damage":11,"enemies":"3 Shapes","floor":36,"turns":3},{"damage":8,"enemies":"Orb Walker","floor":37,"turns":3},{"damage":0,"enemies":"Transient","floor":39,"turns":5},{"damage":1,"enemies":"downfall:FleeingMerchant","floor":44,"turns":4},{"damage":11,"enemies":"Jaw Worm Horde","floor":45,"turns":4},{"damage":26,"enemies":"Nemesis","floor":47,"turns":7},{"damage":5,"enemies":"Writhing Mass","floor":49,"turns":4},{"damage":32,"enemies":"IC_BLOCK_ARCHETYPE","floor":50,"turns":11},{"damage":104,"enemies":"downfall:CharBossMerchant","floor":52,"turns":11},{"damage":4,"enemies":"downfall:NeowBoss","floor":55,"turns":21},{"damage":60,"enemies":"downfall:NeowBossFinal","floor":56,"turns":16}],"seed_played":"7325825761697392861","potions_obtained":[{"floor":3,"key":"PowerPotion"},{"floor":6,"key":"PowerPotion"},{"floor":9,"key":"FairyPotion"},{"floor":13,"key":"Slimebound:ThreeZeroPotion"},{"floor":16,"key":"Explosive Potion"},{"floor":19,"key":"Fruit Juice"},{"floor":27,"key":"Strength Potion"},{"floor":31,"key":"Dexterity Potion"},{"floor":33,"key":"AttackPotion"},{"floor":47,"key":"PowerPotion"}],"is_trial":false,"path_per_floor":["R","M","M","M","?","E","T","$","M","R","M","M","M","M","M","B",null,"R","M","?","M","M","R","T","E","?","E","R","?","$","E","M","B",null,"R","M","M","?","M","R","T","?","R","$","M","R","E","$","M","B",null,"E","$","R","B","B",null],"character_chosen":"SLIMEBOUND","items_purchased":["Apotheosis","Slimebound:LeechEnergy","Slimebound:Repurpose","Lantern","Strange Spoon","Slimebound:SpikyOuterGoop+1","ColorlessPotion","SpeedPotion","Slimebound:SplitBruiser","expansioncontent:PolyBeam"],"campfire_rested":1,"item_purchase_floors":[8,8,30,44,44,44,44,44,48,53],"current_hp_per_floor":[71,69,68,71,71,65,65,71,71,71,71,70,69,71,71,68,71,81,81,84,86,83,83,83,80,80,59,59,59,60,56,60,74,86,86,79,77,77,85,85,85,85,85,86,77,77,59,59,62,54,86,25,25,50,86,47],"gold":27,"neow_bonus":"TEN_PERCENT_HP_BONUS","is_daily":false,"chose_seed":false,"campfire_upgraded":8,"win_rate":0.0,"timestamp":1612841662,"path_taken":["R","M","M","M","?","E","T","$","?","R","M","M","M","M","M","BOSS","R","M","?","M","M","R","T","E","?","E","R","?","$","E","M","BOSS","R","M","M","?","?","R","T","?","R","$","?","R","E","$","M","BOSS","E","$","R","BOSS","BOSS"],"items_purchased_type":["Card","Card","Card","Relic","Relic","Card","Potion","Potion","Card","Card"],"build_version":"2020-12-22","purchased_purges":2,"victory":true,"max_hp_per_floor":[71,71,71,71,71,71,71,71,71,71,71,71,71,71,71,71,71,81,81,86,86,86,86,86,86,86,86,86,86,86,86,86,86,86,86,86,86,86,86,86,86,86,86,86,86,86,86,86,86,86,86,86,86,86,86,86],"card_choices":[{"not_picked":["Slimebound:HauntingLick","Slimebound:FlameTackle"],"picked":"Slimebound:PressTheAttack","floor":2},{"not_picked":["Slimebound:SplitBruiser","Slimebound:PressTheAttack"],"picked":"Slimebound:DisruptingSlam","floor":3},{"not_picked":["Slimebound:LeechingTouch","Slimebound:RollThrough"],"picked":"Slimebound:SplitLeeching","floor":4},{"not_picked":["Slimebound:Replication","Slimebound:LeechingTouch"],"picked":"Slimebound:SplitLeeching","floor":6},{"not_picked":["Slimebound:ViciousTackle","Slimebound:MinionMaster"],"picked":"Slimebound:RejuvenatingLick","floor":8},{"not_picked":["Slimebound:LivingWall","Slimebound:SplitLeeching"],"picked":"Slimebound:Schlurp","floor":9},{"not_picked":["Slimebound:RollThrough","Slimebound:ViciousTackle"],"picked":"Slimebound:LeechingTouch","floor":11},{"not_picked":["Slimebound:Nibble","Slimebound:ForwardTackle","Slimebound:SamplingLick"],"picked":"SKIP","floor":12},{"not_picked":["Slimebound:SplitAcid","Slimebound:LeechingTouch"],"picked":"Slimebound:RainOfGoop","floor":13},{"not_picked":["Slimebound:DouseInSlime","Slimebound:SlimeSpikes"],"picked":"Slimebound:ItLooksTasty","floor":14},{"not_picked":["Slimebound:Equalize","Slimebound:Nibble","Slimebound:DisruptingSlam"],"picked":"SKIP","floor":15},{"not_picked":["Slimebound:Teamwork","Slimebound:RallyTheTroops"],"picked":"Slimebound:OozeBath","floor":16},{"not_picked":["Slimebound:ComboTackle","Slimebound:SplitLeeching"],"picked":"Slimebound:LeechEnergy","floor":19},{"not_picked":["Slimebound:RejuvenatingLick","Slimebound:RainOfGoop"],"picked":"Slimebound:GrowthPunch+1","floor":20},{"not_picked":["Slimebound:RainOfGoop+1","Slimebound:RollThrough+1"],"picked":"Slimebound:GoopSpray+1","floor":21},{"not_picked":["Slimebound:GoopSpray","Slimebound:Nibble+1"],"picked":"Slimebound:TongueLash","floor":22},{"not_picked":["Slimebound:LeechEnergy","Slimebound:HauntingLick"],"picked":"Slimebound:LevelUp","floor":25},{"not_picked":["Slimebound:FlameTackle","Slimebound:GoopSpray+1"],"picked":"Slimebound:RejuvenatingLick","floor":27},{"not_picked":["Slimebound:PrepareCrush","Slimebound:SlimeBrawl"],"picked":"Slimebound:SlimeTap","floor":30},{"not_picked":["Slimebound:Nibble","Slimebound:GoopSpray"],"picked":"Slimebound:LeechEnergy","floor":31},{"not_picked":["Slimebound:LivingWall","Slimebound:Prepare","Slimebound:SplitLeeching+1"],"picked":"SKIP","floor":32},{"not_picked":["Slimebound:RallyTheTroops","Slimebound:DouseInSlime"],"picked":"Slimebound:MassRepurpose","floor":33},{"not_picked":["Slimebound:Grow+1","Slimebound:SlimeSpikes","Slimebound:SplitBruiser+1"],"picked":"SKIP","floor":36},{"not_picked":["Slimebound:SamplingLick","Slimebound:RainOfGoop+1","Slimebound:PressTheAttack"],"picked":"SKIP","floor":37},{"not_picked":["Slimebound:SamplingLick+1","Slimebound:LeechingTouch+1","Slimebound:ItLooksTasty"],"picked":"SKIP","floor":39},{"not_picked":["Slimebound:SamplingLick+1","Slimebound:LeechingTouch+1","Slimebound:ItLooksTasty"],"picked":"SKIP","floor":39},{"not_picked":["Slimebound:PressTheAttack+1","Slimebound:LeechingTouch+1","Slimebound:Overexert+1"],"picked":"SKIP","floor":44},{"not_picked":["Slimebound:Schlurp","Slimebound:Equalize"],"picked":"Slimebound:FormOfPuddle+1","floor":45},{"not_picked":["Slimebound:SlimeSpikes+1","Slimebound:ProtectTheBoss+1","Slimebound:MassFeed+1"],"picked":"SKIP","floor":47},{"not_picked":["Slimebound:SlimeBrawl","Slimebound:BestDefense+1"],"picked":"Slimebound:SplitLeeching","floor":49},{"not_picked":["Slimebound:SplitBruiser","Slimebound:Chomp+1"],"picked":"Slimebound:Equalize+1","floor":52}],"player_experience":74930,"relics_obtained":[{"floor":6,"key":"Ancient Tea Set"},{"floor":20,"key":"WingedGreaves"},{"floor":20,"key":"Mummified Hand"},{"floor":24,"key":"Matryoshka"},{"floor":25,"key":"Toy Ornithopter"},{"floor":27,"key":"Pantograph"},{"floor":31,"key":"Frozen Egg 2"},{"floor":41,"key":"Shuriken"},{"floor":41,"key":"Oddly Smooth Stone"},{"floor":47,"key":"Molten Egg 2"},{"floor":47,"key":"Juzu Bracelet"},{"floor":52,"key":"Ice Cream"},{"floor":52,"key":"Centennial Puzzle"}],"event_choices":[{"damage_healed":0,"gold_gain":0,"player_choice":"Forge","damage_taken":0,"max_hp_gain":0,"max_hp_loss":0,"event_name":"Accursed Blacksmith","floor":42,"gold_loss":0,"cards_upgraded":["Slimebound:LevelUp"]}],"is_beta":false,"boss_relics":[{"not_picked":["Philosopher\u0027s Stone","Slimebound:TarBlob"],"picked":"Runic Pyramid"},{"not_picked":["Fusion Hammer","Tiny House"],"picked":"Black Star"}],"items_purged_floors":[30,44],"is_endless":false,"potions_floor_spawned":[3,6,9,13,14,15,16,19,27,31,33,37,45,47,49],"ascension_level":0}}