{"host":"23qk1co0p3p8qz56","time":1612898277,"event":{"mods":["100% Spire Juice","AchievementEnabler","Act Like it!","Arknights","BaseMod","Better Note","Better Third Choice","BetterRewards","CapriCore","Chen","Colored Map","Downfall","Duelist Mod","Friendly Minions","Gensokyo","Gold Saver","KinomotoSakuraMod(ñÿîVñ{?)","Koishi","LagranYue(ùfäiòNÅEåé)","Lobotomy","LobotomyExtend","MarisaÅiñ∂âJÅ@ñÇóùçπÅj","Minty Spire (QoL Compilation)","Prisma Mod","ReimuÅiîé??öÎÅj","RemiliaÅiÂQïƒ‰ª?Åj","StSLib","The Administrix","The Alterego","The Animator","The Gatherer","The Immortal","The Marked","The Senshi","TheSwordswoman","Waifu the Spire","WarShipGirlsR/??è≠èóR mod","Yakumo Yukari mod","Yohane!","Yuyuko"],"gold_per_floor":[679,690,690,690,703,703,716,728,728,802,772,772,772,772,772,875,875,895,895,805,815,815,815,826,826,826,841,841,853,853,853],"floor_reached":30,"language":"ENG","playtime":2245,"items_purged":[],"score":220,"play_id":"06bff503-2859-4236-8783-9e565baacc96","local_time":"20210209121757","is_ascension_mode":false,"campfire_choices":[{"data":"theDuelist:FrontierWiseman","floor":6,"key":"SMITH"},{"data":"theDuelist:RainbowOverdragon","floor":13,"key":"SMITH"},{"data":"theDuelist:FluteKuriboh","floor":15,"key":"SMITH"},{"data":"theDuelist:ImperialOrder","floor":23,"key":"SMITH"},{"data":"theDuelist:KamionTimelord","floor":25,"key":"SMITH"},{"data":"theDuelist:BeaverWarrior","floor":28,"key":"SMITH"}],"circlet_count":0,"master_deck":["theDuelist:BerserkerCrush","theDuelist:PotGreed+1","theDuelist:RainbowOverdragon+1","theDuelist:BeaverWarrior+1","theDuelist:CastleWalls","theDuelist:Sparks","theDuelist:BeaverWarrior","theDuelist:Sangan+1","theDuelist:CastleWalls","theDuelist:GiantSoldier","theDuelist:ScrapFactory+1","theDuelist:DarkFactory+1","theDuelist:CurseAging","theDuelist:FrontierWiseman+1","theDuelist:FluteKuriboh+1","theDuelist:Sparks","theDuelist:KamionTimelord+1","theDuelist:GiantSoldier","theDuelist:FinalFlame","theDuelist:PreventRat","theDuelist:ImperialOrder+1","theDuelist:MillenniumGolem+1","theDuelist:BattleFootballer+1","theDuelist:EarthquakeGiant+1"],"relics":["theDuelist:MillenniumPuzzle","theDuelist:CardPoolRelic","theDuelist:CardPoolBasicRelic","theDuelist:BoosterPackPoolRelic","theDuelist:CardPoolAddRelic","theDuelist:CardPoolMinusRelic","theDuelist:CardPoolSaveRelic","theDuelist:CardPoolOptionsRelic","LagranYue:RandomDrawCardRelic","LetterFromLob","theDuelist:MillenniumRing","Toxic Egg 2","Coffee Dripper","Molten Egg 2"],"acts_visited":["Exordium","TheCity"],"potions_floor_usage":[7,16,29,29,30,30],"damage_taken":[{"damage":0,"enemies":"ats:Genji","floor":1,"turns":3},{"damage":0,"enemies":"Jaw Worm","floor":2,"turns":4},{"damage":2,"enemies":"Cultist","floor":5,"turns":3},{"damage":3,"enemies":"Large Slime","floor":7,"turns":9},{"damage":3,"enemies":"2 Fungi Beasts","floor":8,"turns":4},{"damage":1,"enemies":"Looter","floor":11,"turns":4},{"damage":47,"enemies":"Slime Boss","floor":16,"turns":11},{"damage":15,"enemies":"Shell Parasite","floor":18,"turns":8},{"damage":20,"enemies":"2 Thieves","floor":20,"turns":5},{"damage":9,"enemies":"Shelled Parasite and Fungi","floor":21,"turns":12},{"damage":19,"enemies":"Centurion and Healer","floor":24,"turns":9},{"damage":13,"enemies":"Chosen and Byrds","floor":27,"turns":7},{"damage":3,"enemies":"Snecko","floor":29,"turns":4},{"damage":18,"enemies":"Slavers","floor":30,"turns":1}],"seed_played":"-1153811151040371642","potions_obtained":[{"floor":2,"key":"theDuelist:LavaBottle"},{"floor":5,"key":"theDuelist:BigOrbBottle"},{"floor":18,"key":"PowerPotion"},{"floor":24,"key":"LiquidMemories"},{"floor":27,"key":"Weak Potion"},{"floor":29,"key":"theDuelist:SealedPackE"}],"is_trial":false,"path_per_floor":["M","M","?","?","M","R","M","M","T","?","M","?","R","M","R","B",null,"M","?","M","M","?","R","M","R","T","M","R","M","E"],"character_chosen":"THE_DUELIST","items_purchased":[],"campfire_rested":0,"item_purchase_floors":[],"current_hp_per_floor":[80,80,80,80,78,78,75,72,72,72,71,76,76,76,76,29,85,70,70,50,41,41,41,22,22,22,9,9,6,0,0],"gold":853,"neow_bonus":"UPGRADE_CARD","is_daily":false,"chose_seed":false,"campfire_upgraded":6,"win_rate":0.0,"timestamp":1612898277,"path_taken":["M","M","?","?","M","R","M","M","T","?","M","?","R","M","R","BOSS","M","?","M","M","?","R","M","R","T","M","R","M","E"],"items_purchased_type":[],"build_version":"2020-12-22","purchased_purges":0,"victory":false,"max_hp_per_floor":[80,80,80,80,80,80,80,80,80,80,80,85,85,85,85,85,85,85,85,85,85,85,85,85,85,85,85,85,85,85,85],"card_choices":[{"not_picked":["theDuelist:SpiritHarp","theDuelist:SangaEarth","theDuelist:RainbowNeos","theDuelist:Eva"],"picked":"theDuelist:FrontierWiseman","floor":1},{"not_picked":["theDuelist:MagnumShield","theDuelist:PreventRat","theDuelist:SpiralSpearStrike","theDuelist:PsychicShockwave"],"picked":"theDuelist:BerserkerCrush","floor":2},{"not_picked":["theDuelist:FrontierWiseman","theDuelist:BlackPendant","theDuelist:Tuningware","theDuelist:BattleOx"],"picked":"theDuelist:PreventRat","floor":5},{"not_picked":["theDuelist:MeteorDestruction","theDuelist:Tuningware","theDuelist:OnslaughtFireKings","theDuelist:AfterTheStorm"],"picked":"theDuelist:FluteKuriboh","floor":7},{"not_picked":["theDuelist:RainbowNeos","theDuelist:HappyLover","theDuelist:Eva","theDuelist:RainbowKuriboh"],"picked":"theDuelist:RainbowOverdragon","floor":8},{"not_picked":["theDuelist:BerserkerCrush","theDuelist:GravityAxe","theDuelist:ElectromagneticShield","theDuelist:DarkBurningAttack+1"],"picked":"theDuelist:DarkFactory+1","floor":11},{"not_picked":["theDuelist:RainbowNeos","theDuelist:HappyLover+1","theDuelist:Eva+1","theDuelist:RainbowKuriboh+1"],"picked":"theDuelist:KamionTimelord","floor":16},{"not_picked":["theDuelist:RainbowOverdragon+1","theDuelist:GemElephant+1","theDuelist:AttackTheMoon","theDuelist:Kuribohrn+1"],"picked":"theDuelist:PotGreed+1","floor":18},{"not_picked":["theDuelist:BigFire","theDuelist:MudGolem","theDuelist:PowerGiant","theDuelist:DarklordSuperbia"],"picked":"theDuelist:Sangan+1","floor":20},{"not_picked":["theDuelist:GravityAxe","theDuelist:Electrowhip","theDuelist:ElectromagneticShield"],"picked":"theDuelist:ImperialOrder","floor":21},{"not_picked":["theDuelist:AttackTheMoon+1","theDuelist:DropOff+1","theDuelist:PowerWall+1","theDuelist:DestroyerGolem+1"],"picked":"theDuelist:MillenniumGolem+1","floor":24},{"not_picked":["theDuelist:SilentDoom+1","theDuelist:SolarWindJammer+1","theDuelist:SpiralSpearStrike+1","theDuelist:FeatherShot+1"],"picked":"theDuelist:BattleFootballer+1","floor":27},{"not_picked":["theDuelist:GaiaMidNightSun+1","theDuelist:HammerShot+1","theDuelist:LightningRodLord+1","theDuelist:LightningVortex+1"],"picked":"theDuelist:EarthquakeGiant+1","floor":29}],"player_experience":126413,"relics_obtained":[{"floor":1,"key":"LetterFromLob"},{"floor":9,"key":"Toxic Egg 2"},{"floor":26,"key":"Molten Egg 2"}],"event_choices":[{"damage_healed":0,"gold_gain":0,"player_choice":"Took item - Received: Millennium Ring","duelist":true,"damage_taken":0,"max_hp_gain":0,"max_hp_loss":0,"event_name":"Millennium Items","floor":3,"gold_loss":0},{"damage_healed":0,"gold_gain":74,"player_choice":"Gained Gold","damage_taken":0,"max_hp_gain":0,"max_hp_loss":0,"event_name":"Golden Wing","floor":10,"gold_loss":0},{"damage_healed":0,"gold_gain":0,"player_choice":"Donut","damage_taken":0,"max_hp_gain":5,"max_hp_loss":0,"event_name":"Big Fish","floor":12,"gold_loss":0},{"damage_healed":0,"gold_gain":0,"player_choice":"Ignored","damage_taken":0,"max_hp_gain":0,"max_hp_loss":0,"event_name":"betterNote:BetterNote","floor":19,"gold_loss":0,"cards_obtained":["animator:Wiz"]},{"damage_healed":0,"gold_gain":0,"player_choice":"Ignored","damage_taken":0,"max_hp_gain":0,"max_hp_loss":0,"event_name":"The Mausoleum","floor":22,"gold_loss":0}],"is_beta":false,"boss_relics":[{"not_picked":["Fusion Hammer","Busted Crown"],"picked":"Coffee Dripper"}],"items_purged_floors":[],"is_endless":false,"potions_floor_spawned":[2,5,18,24,27,29],"killed_by":"Slavers","ascension_level":0}}