{"host":"ibgtsljv18d2rnte","time":1612847395,"event":{"mods":["AchievementEnabler","BaseMod","Better Match","Hermit","Koishi","Marisa????????","Minty Spire (QoL Compilation)","Prisma Mod","Reliquary","StSLib","The Alterego","The Fake Hero","The Marked","The Servant 0.9.4","Waifu the Spire","Yakumo Yukari mod","everything is the same but u backflip on backflip","slay the spire mod where everything is the same but ironclad has a cowboy hat"],"gold_per_floor":[116,136,86,261,160,185,204,204,257,257,268,284,314,389,389,389,389],"floor_reached":16,"language":"ENG","playtime":849,"items_purged":[],"score":135,"play_id":"72b3e9c9-6150-4520-a6d9-bb61365078f4","local_time":"20210208220955","is_ascension_mode":false,"campfire_choices":[{"data":"alterego_mod:Tantrum","floor":8,"key":"SMITH"},{"data":"alterego_mod:BigMeatyClaws","floor":10,"key":"SMITH"},{"data":"alterego_mod:BiFurious","floor":15,"key":"SMITH"}],"circlet_count":0,"master_deck":["alterego_mod:Strike","alterego_mod:Strike","alterego_mod:Strike","alterego_mod:Defend","alterego_mod:Defend","alterego_mod:Defend","alterego_mod:Defend","alterego_mod:Impale","alterego_mod:BigMeatyClaws+1","alterego_mod:BrynhildrsRune","alterego_mod:Cushion","alterego_mod:GoddessCore","Doubt","alterego_mod:BiFurious+1","alterego_mod:Tantrum+1","alterego_mod:Cooking","alterego_mod:DeftHands","alterego_mod:BreastValley","alterego_mod:Vow"],"relics":["alterego_mod:MasochisticConstitution","NeowsBlessing","Dream Catcher","MealTicket","Eternal Feather"],"acts_visited":["Exordium"],"potions_floor_usage":[12,13,16,16],"damage_taken":[{"damage":0,"enemies":"2 Louse","floor":1,"turns":1},{"damage":0,"enemies":"Small Slimes","floor":2,"turns":1},{"damage":0,"enemies":"Lagavulin","floor":6,"turns":2},{"damage":17,"enemies":"Cultist","floor":7,"turns":5},{"damage":13,"enemies":"Red Slaver","floor":11,"turns":4},{"damage":18,"enemies":"Lots of Slimes","floor":12,"turns":8},{"damage":10,"enemies":"Gremlin Nob","floor":13,"turns":5},{"damage":69,"enemies":"The Guardian","floor":16,"turns":7}],"seed_played":"4382361506485403387","potions_obtained":[{"floor":7,"key":"Weak Potion"},{"floor":11,"key":"FearPotion"},{"floor":12,"key":"ColorlessPotion"}],"is_trial":false,"path_per_floor":["M","M","?","?","$","E","M","R","T","R","M","M","E","?","R","B"],"character_chosen":"The_Alterego","items_purchased":["alterego_mod:BiFurious","Energy Potion"],"campfire_rested":0,"item_purchase_floors":[5,5],"current_hp_per_floor":[70,70,70,70,70,70,54,54,54,54,45,66,60,53,62,0,0],"gold":389,"neow_bonus":"THREE_ENEMY_KILL","is_daily":false,"chose_seed":false,"campfire_upgraded":3,"win_rate":0.0,"timestamp":1612847395,"path_taken":["M","M","?","?","$","E","M","R","T","R","M","M","E","?","R","BOSS"],"items_purchased_type":["Card","Potion"],"build_version":"2020-12-22","purchased_purges":0,"victory":false,"max_hp_per_floor":[70,70,70,70,70,70,71,71,71,71,72,73,74,74,74,74,74],"card_choices":[{"not_picked":["alterego_mod:Bounce","alterego_mod:Undulate"],"picked":"alterego_mod:Cushion","floor":1},{"not_picked":["alterego_mod:Jiggle","alterego_mod:Bunnysuit"],"picked":"alterego_mod:GoddessCore","floor":2},{"not_picked":["alterego_mod:Maid","alterego_mod:Bounce"],"picked":"alterego_mod:Tantrum","floor":6},{"not_picked":["alterego_mod:Maid","alterego_mod:PerceptionDisorder"],"picked":"alterego_mod:Cooking","floor":7},{"not_picked":["alterego_mod:Jiggle","alterego_mod:HighServant"],"picked":"alterego_mod:DeftHands","floor":11},{"not_picked":["alterego_mod:GoddessCore","alterego_mod:Skirt"],"picked":"alterego_mod:BreastValley","floor":12},{"not_picked":["alterego_mod:DeftHands","alterego_mod:Smother"],"picked":"alterego_mod:Vow","floor":13}],"player_experience":106573,"relics_obtained":[{"floor":6,"key":"Dream Catcher"},{"floor":9,"key":"MealTicket"},{"floor":13,"key":"Eternal Feather"}],"event_choices":[{"cards_removed":["alterego_mod:Strike"],"damage_healed":0,"gold_gain":0,"player_choice":"Card Removal","damage_taken":0,"max_hp_gain":0,"max_hp_loss":0,"event_name":"The Cleric","floor":3,"gold_loss":50},{"damage_healed":0,"gold_gain":175,"player_choice":"AGREE","damage_taken":0,"max_hp_gain":0,"max_hp_loss":0,"event_name":"Liars Game","floor":4,"gold_loss":0,"cards_obtained":["Doubt"]},{"damage_healed":0,"gold_gain":75,"player_choice":"Touch","damage_taken":7,"max_hp_gain":0,"max_hp_loss":0,"event_name":"FaceTrader","floor":14,"gold_loss":0}],"is_beta":false,"boss_relics":[],"items_purged_floors":[],"is_endless":false,"potions_floor_spawned":[7,11,12],"killed_by":"The Guardian","ascension_level":0}}