{"host":"ooetke516h53yqww","time":1612848563,"event":{"mods":["100% Spire Juice","2.2 Compatiblity","Abigail Mod","Act Like it!","Astrologer","Bartender","BaseMod","Beaked The Cultist","Better Match","Better Third Choice","Conspire","Elementarium","Friendly Minions","Hallownest","Hermit","HololiveMod","Hubris","Infinite Spire","Kiyohime????","Lobotomy","LobotomyExtend","Mari Mod (Legacy)","Mari\u0027s V1 Patch","Menagerie","Minty Spire (QoL Compilation)","Morshu Shopkeeper","Prisma Mod","Random Character Button","Reliquary","Replay The Spire","Robot Space Explorer","Spicy Shops","StSLib","Td1madao Mod","The Alterego","The Bug Knight","The Marked","The Poker Player","The Senshi","TheSwordswoman","Uncapped","WarShipGirlsR/????R mod","Yakumo Yukari mod","Yohane!"],"gold_per_floor":[115,148,148,148,148,148,174,194,276,340,354,354,385,42,42,141,141,154,121,121,121,121,150,150,178,202,202,202,202,214,243,243,366,366,396,0,11,11,11,63,63,115,115,115,125,125,163,201,201,221,221,221,221,76,103,123,123],"floor_reached":56,"language":"ENG","playtime":3242,"items_purged":["Strike_C"],"score":1059,"play_id":"f2aac9c1-c552-49ac-972e-7d3ddf764d8a","local_time":"20210209002923","is_ascension_mode":true,"campfire_choices":[{"data":"infinitespire:Collect","floor":6,"key":"SMITH"},{"data":"Blind","floor":15,"key":"SMITH"},{"data":"Memory Alloy","floor":27,"key":"SMITH"},{"data":"Elementarium:GildedForm","floor":29,"key":"SMITH"},{"floor":32,"key":"DIG"},{"floor":44,"key":"RECALL"},{"data":"Here Defend Chip","floor":53,"key":"SMITH"}],"circlet_count":0,"master_deck":["infinitespire:Collect+1","Defend_C","Defend_C","Defend_C","Defend_C","Knight Kick+1","Chip","Cursed Blade","Floating Swing Kick+1","Hallownest:curseDreamersLament","Afterwards","Machining","ReplayTheSpireMod:Splinters","Fixing","Shockwave Tdmadao+1","Resistance+1","Poisoned Strike+1","Here Defend Chip+1","Blind+1","Optimization","Preloading+1","Here Defend Chip+1","Memory Alloy+1","Elementarium:GildedForm+1","Bursts","Furious","Cursed Blade","Judgment","Three Hit+1","Black Dance","Here Defend Chip+1","Three Hit+1","Resistance+1","Im Angry"],"relics":["Apod","Unceasing Top","LetterFromLob","conspire:Boomerang","Hallownest:TeacherSealRelic","Power_Wrist","Replay:Mystery Machine","reliquary:Buckler","BargainBundle","Oddly Smooth Stone","reliquary:RedPaperclip","Replay:Multitool","InkBottle","infinitespire:Joker Card","Pondfish Scales","reliquary:BoilingFlask","Elementarium:ElementariumTrophy","Hololive_Finger","Elementarium:GoldenMirage","hubris:Icosahedron","Cola","Whetstone","Pocketwatch","Anchor","DollysMirror","CaptainsWheel"],"acts_visited":["Hallownest:Greenpath","Elementarium:Elementarium","TheBeyond","TheEnding"],"potions_floor_usage":[13,23,23,31,56],"damage_taken":[{"damage":0,"enemies":"Hallownest:2_MossCreeps","floor":1,"turns":6},{"damage":14,"enemies":"Hallownest:eliteCrystalGuardian","floor":2,"turns":5},{"damage":0,"enemies":"Hallownest:monsterMarmu","floor":3,"turns":8},{"damage":1,"enemies":"Hallownest:eliteCrystalGuardian","floor":7,"turns":2},{"damage":1,"enemies":"Hallownest:2_Baldur","floor":8,"turns":2},{"damage":1,"enemies":"Hallownest:2_Tiktiks_and_1_Crawlid","floor":11,"turns":2},{"damage":2,"enemies":"Hallownest:eliteMossKnight","floor":13,"turns":2},{"damage":8,"enemies":"Hallownest:BossBrokenVessel","floor":16,"turns":5},{"damage":0,"enemies":"Elementarium:2_ELEMENTALS","floor":18,"turns":2},{"damage":16,"enemies":"Elementarium:FIRE_NOBILITY","floor":23,"turns":7},{"damage":3,"enemies":"Nightmare","floor":25,"turns":6},{"damage":1,"enemies":"Elementarium:Cyclone","floor":30,"turns":4},{"damage":2,"enemies":"Elementarium:WarGolem","floor":31,"turns":5},{"damage":1,"enemies":"Elementarium:PHOENIXES","floor":33,"turns":10},{"damage":2,"enemies":"3 Shapes","floor":35,"turns":7},{"damage":0,"enemies":"Orb Walker","floor":37,"turns":4},{"damage":1,"enemies":"Nemesis","floor":40,"turns":7},{"damage":11,"enemies":"beaked:SuperParasite","floor":42,"turns":10},{"damage":0,"enemies":"Spire Growth","floor":45,"turns":3},{"damage":0,"enemies":"Transient","floor":47,"turns":5},{"damage":13,"enemies":"HollowMod:SlobberingHusk","floor":48,"turns":9},{"damage":0,"enemies":"Donu and Deca","floor":50,"turns":7},{"damage":11,"enemies":"Shield and Spear","floor":55,"turns":5},{"damage":55,"enemies":"The Heart","floor":56,"turns":5}],"seed_played":"-650493851341881581","potions_obtained":[{"floor":2,"key":"ColorlessPotion"},{"floor":7,"key":"Energy Potion"},{"floor":10,"key":"Fire Potion"},{"floor":10,"key":"DistilledChaos"},{"floor":16,"key":"SneckoOil"},{"floor":25,"key":"FearPotion"},{"floor":30,"key":"Elixir"},{"floor":33,"key":"Elixir"}],"is_trial":false,"path_per_floor":["M","?","?","?","T","R","E","M","T","?","M","?","E","$","R","B",null,"M","$","?","AVR","?","E","M","NM","T","R","?","R","M","E","R","B",null,"M","?","M","$","?","E","R","E","T","R","M","T","M","M","R","B",null,null,"R","$","E","B"],"character_chosen":"TD1MADAO_CLASS","items_purchased":["BargainBundle","Oddly Smooth Stone","Poisoned Strike","Here Defend Chip","Blind","Here Defend Chip+1","DollysMirror"],"campfire_rested":0,"item_purchase_floors":[14,14,14,14,14,19,54],"current_hp_per_floor":[63,49,49,49,49,49,48,47,47,47,46,46,44,44,44,36,63,63,63,63,63,71,55,55,52,52,52,52,52,51,49,49,48,63,61,61,61,61,61,60,60,49,49,49,49,49,49,36,54,54,54,63,63,63,52,0,0],"gold":123,"neow_bonus":"ONE_RARE_RELIC","is_daily":false,"chose_seed":false,"campfire_upgraded":5,"win_rate":0.0,"timestamp":1612848563,"path_taken":["M","?","?","?","?","R","E","?","T","?","M","?","E","$","R","BOSS","M","$","?","AVR","?","E","M","NM","T","R","?","R","M","E","R","BOSS","M","?","M","$","?","E","R","E","T","R","M","?","M","M","R","BOSS","R","$","E","BOSS"],"items_purchased_type":["Relic","Relic","Card","Card","Card","Card","Relic"],"build_version":"2020-12-22","purchased_purges":1,"victory":false,"max_hp_per_floor":[63,63,63,63,63,63,63,63,63,63,63,63,63,63,63,63,63,63,63,63,63,71,71,71,71,71,71,63,63,63,63,63,63,63,63,63,63,63,63,63,63,63,63,63,63,63,63,63,63,63,63,63,63,63,63,63,63],"card_choices":[{"not_picked":["Money Cant Rescue","Fire Blade"],"picked":"Cursed Blade","floor":1},{"not_picked":["Afterwards","Reinforcement Parts"],"picked":"Floating Swing Kick","floor":2},{"not_picked":["Floating Even","Defend System"],"picked":"Afterwards","floor":7},{"not_picked":["Black Spear","Cooling Song"],"picked":"Machining","floor":8},{"not_picked":["Provocative","Twin Teeth"],"picked":"Fixing","floor":10},{"not_picked":["Rupture","Bugfix"],"picked":"Shockwave Tdmadao","floor":11},{"not_picked":["Energy Supply","Recovery Mechanism"],"picked":"Resistance","floor":13},{"not_picked":["Bursts","Data Freezing"],"picked":"Optimization","floor":16},{"not_picked":["Provocative","Fixing"],"picked":"Preloading+1","floor":18},{"not_picked":["Black Shadow","Preloading","Gravity Defend"],"picked":"SKIP","floor":23},{"not_picked":["White Contract","Lore+1"],"picked":"Memory Alloy","floor":25},{"not_picked":["Revenge","Rupture","Sudden Beat"],"picked":"SKIP","floor":30},{"not_picked":["Machining","Floating Even"],"picked":"Bursts","floor":31},{"not_picked":["Shockwave Tdmadao","Bursts"],"picked":"Furious","floor":33},{"not_picked":["Provocative","Cursed Blade","Pod Fire"],"picked":"SKIP","floor":35},{"not_picked":["Fire Up","Lore+1"],"picked":"Cursed Blade","floor":37},{"not_picked":["De Ware Chip","Thunder Jump","Trader+1"],"picked":"SKIP","floor":40},{"not_picked":["Backup","Floating Even"],"picked":"Three Hit+1","floor":42},{"not_picked":["E MP","Paralysis+1"],"picked":"Black Dance","floor":45},{"not_picked":["Black Execution","E MP+1"],"picked":"Here Defend Chip+1","floor":47},{"not_picked":["Thunder Jump+1","Winding Magic+1"],"picked":"Three Hit+1","floor":48},{"not_picked":["Floating Swing Kick+1","Ruin Defend"],"picked":"Im Angry","floor":55}],"player_experience":1542696,"relics_obtained":[{"floor":1,"key":"LetterFromLob"},{"floor":2,"key":"conspire:Boomerang"},{"floor":5,"key":"Power_Wrist"},{"floor":7,"key":"Replay:Mystery Machine"},{"floor":9,"key":"ReplayTheSpireMod:Shallot"},{"floor":10,"key":"reliquary:TuningFork"},{"floor":13,"key":"reliquary:Buckler"},{"floor":23,"key":"InkBottle"},{"floor":25,"key":"infinitespire:Joker Card"},{"floor":31,"key":"Pondfish Scales"},{"floor":32,"key":"reliquary:BoilingFlask"},{"floor":40,"key":"Cola"},{"floor":42,"key":"Whetstone"},{"floor":43,"key":"Pocketwatch"},{"floor":46,"key":"Anchor"},{"floor":55,"key":"CaptainsWheel"}],"event_choices":[{"damage_healed":0,"gold_gain":0,"player_choice":"Leave","damage_taken":0,"max_hp_gain":0,"max_hp_loss":0,"event_name":"conspire:Investor","floor":20,"gold_loss":0},{"damage_healed":0,"gold_gain":0,"player_choice":"Graft","damage_taken":0,"max_hp_gain":8,"max_hp_loss":0,"event_name":"Elementarium:SculptureGarden","floor":22,"gold_loss":0},{"damage_healed":0,"gold_gain":0,"player_choice":"Dive in","damage_taken":0,"max_hp_gain":0,"max_hp_loss":8,"event_name":"Elementarium:FountainOfGold","floor":28,"gold_loss":0,"cards_obtained":["Elementarium:GildedForm"]},{"damage_healed":0,"gold_gain":0,"player_choice":"Offer","damage_taken":0,"relics_obtained":["Elementarium:GoldenMirage"],"max_hp_gain":0,"max_hp_loss":0,"event_name":"Elementarium:ChestOfTheGoldenMirage","floor":36,"gold_loss":396}],"is_beta":false,"boss_relics":[{"not_picked":["reliquary:RedCape","SlaversCollar"],"picked":"reliquary:RedPaperclip"},{"not_picked":["Replay:Drink Me","SacredBark"],"picked":"Hololive_Finger"}],"items_purged_floors":[14],"is_endless":false,"potions_floor_spawned":[2,7,11,16,25,30,33,35,37,47,48,55],"killed_by":"The Heart","ascension_level":2}}