{"host":"dv29tre2e7vje47n","time":1612860185,"event":{"mods":["AchievementEnabler","BaseMod","Colored Map","Colored Powertips","DeckTracker","Displayed Cursed Tome","Downfall","Friendly Minions","Googly Eyes","Highlight Path","Infinite Spire","Key Reminder","Minty Spire (QoL Compilation)","Quick Restart","Random Character Button","Rare Cards Sparkle","Relic Sorter","Relic Stats","Replay The Spire","Spire Arcade","Spire Birthday Party","StSLib","SuperFastMode","Unceasing Turn Reminder"],"gold_per_floor":[99,99,110,110,121,121,121,147,161,175,175,175,175,207,207,48,68,68,68,68],"floor_reached":18,"language":"ENG","playtime":526,"items_purged":[],"score":126,"play_id":"424d9650-077a-4bb1-bb9d-711a1b66a333","local_time":"20210209094305","is_ascension_mode":true,"campfire_choices":[{"data":"sneckomod:TailWhip","floor":1,"key":"SMITH"},{"data":"sneckomod:SnekBite","floor":6,"key":"SMITH"},{"data":"champ:RageSigil","floor":15,"key":"SMITH"}],"circlet_count":0,"master_deck":["sneckomod:Strike","sneckomod:Strike+1","sneckomod:Defend","sneckomod:Defend+1","sneckomod:TailWhip+1","sneckomod:SnekBite+1","sneckomod:Unknown+1","sneckomod:Unknown+1","sneckomod:Unknown+1","downfall:Malfunctioning","sneckomod:RainOfDice","sneckomod:UnknownUncommonPower","sneckomod:UnknownX","champ:RageSigil+1","sneckomod:UnknownUncommonPower"],"relics":["sneckomod:SneckoSoul","Gambling Chip","Gremlin Horn","Replay:Bottled Eggs","sneckomod:SleevedAce"],"acts_visited":["Exordium"],"potions_floor_usage":[],"damage_taken":[{"damage":0,"enemies":"2 Louse","floor":3,"turns":2},{"damage":9,"enemies":"Cultist","floor":5,"turns":3},{"damage":37,"enemies":"3 Sentries","floor":8,"turns":6},{"damage":0,"enemies":"Small Slimes","floor":9,"turns":2},{"damage":11,"enemies":"2 Fungi Beasts","floor":10,"turns":3},{"damage":6,"enemies":"Gremlin Nob","floor":14,"turns":4},{"damage":2,"enemies":"downfall:FleeingMerchant","floor":16,"turns":4},{"damage":4,"enemies":"Large Slime","floor":17,"turns":4},{"damage":22,"enemies":"DF_ARCHETYPE_STREAMLINE","floor":18,"turns":4}],"seed_played":"6524700557866739000","potions_obtained":[{"floor":10,"key":"LiquidMemories"},{"floor":14,"key":"SteroidPotion"},{"floor":17,"key":"SkillPotion"}],"is_trial":false,"path_per_floor":["R","?","M","?","M","R","T","E","M","M","R","PTL","PTL","E","R","$","M","B"],"character_chosen":"THE_SNECKO","items_purchased":["sneckomod:SleevedAce"],"campfire_rested":0,"item_purchase_floors":[16],"current_hp_per_floor":[81,81,81,81,77,77,77,44,44,33,33,33,33,27,27,25,21,0,0,0],"gold":68,"neow_bonus":"REMOVE_TWO","is_daily":false,"chose_seed":false,"campfire_upgraded":3,"win_rate":0.0,"timestamp":1612860185,"path_taken":["R","?","?","?","M","R","T","E","M","M","R","PTL","PTL","E","R","$","M","BOSS"],"items_purchased_type":["Relic"],"build_version":"2020-12-22","purchased_purges":0,"victory":false,"max_hp_per_floor":[81,81,81,81,81,81,81,81,81,81,81,81,81,81,81,81,81,81,81,81],"relic_stats":{"Gremlin Horn":[3,3],"counters":[9,32],"Gambling Chip":[14],"obtain_stats":[{"Gremlin Horn":8,"Gambling Chip":7,"sneckomod:SleevedAce":16,"Replay:Bottled Eggs":14,"sneckomod:SneckoSoul":0},{"Gremlin Horn":3,"Gambling Chip":2,"sneckomod:SleevedAce":7,"Replay:Bottled Eggs":6,"sneckomod:SneckoSoul":0},{"Gremlin Horn":11,"Gambling Chip":5,"sneckomod:SleevedAce":24,"Replay:Bottled Eggs":20,"sneckomod:SneckoSoul":0}]},"card_choices":[{"not_picked":["sneckomod:SoulDraw","sneckomod:SoulCleanse"],"picked":"sneckomod:UnknownDraw","floor":3},{"not_picked":["sneckomod:SoulRoll","sneckomod:UnknownBlock"],"picked":"sneckomod:RainOfDice","floor":5},{"not_picked":["sneckomod:DiceCrush","sneckomod:DiceBlock"],"picked":"sneckomod:UnknownUncommonPower","floor":8},{"not_picked":["sneckomod:DiceBlock","sneckomod:Unknown1Cost","sneckomod:SoulDraw"],"picked":"SKIP","floor":9},{"not_picked":["sneckomod:IronFang","sneckomod:CheapStock"],"picked":"sneckomod:UnknownX","floor":10},{"not_picked":["sneckomod:IronFang","sneckomod:DiceCrush","sneckomod:Unknown1Cost"],"picked":"SKIP","floor":14},{"not_picked":["sneckomod:Mudshield","sneckomod:UnknownDraw","sneckomod:UnknownCommonAttack"],"picked":"SKIP","floor":16},{"not_picked":["sneckomod:DefensiveFlair","sneckomod:MixItUp"],"picked":"sneckomod:UnknownUncommonPower","floor":17}],"player_experience":138723,"relics_obtained":[{"floor":7,"key":"Gambling Chip"},{"floor":8,"key":"Gremlin Horn"},{"floor":14,"key":"Replay:Bottled Eggs"}],"event_choices":[],"is_beta":false,"boss_relics":[],"items_purged_floors":[],"is_endless":false,"potions_floor_spawned":[10,14,17],"killed_by":"DF_ARCHETYPE_STREAMLINE","ascension_level":1}}