{"host":"8z0h4areh8sio1k0","time":1612849471,"event":{"mods":["10 clothes from DAL","Act Like it!","Aspiration","BaseMod","Colored Map","Conspire","Crowbot","Hubris","Library of Ruina Extra","Mimic Mod","Minty Spire (QoL Compilation)","Replay The Spire","StSLib","TestMod","The Blue Laboratory","The Fake Hero","The Hierophant","TheWitcherMod","[Fun]BeWhatYouAte","【功能Mod】精心准备","【遗物Mod】死灵法师NEW","老伊莉雅"],"gold_per_floor":[113,124,124,134,134,134,134,134,134,144,144,158,158,158,158,263,263,282,299,399,413,431,457,457,476,476,476,504,519,519,519,519,623,623,637,657,671,689,689,689,718,733,733,733,760,789,789,816,816,816,816,816,816,816,846,846],"floor_reached":57,"language":"ZHS","playtime":2394,"items_purged":[],"score":1473,"play_id":"2f493d1a-eab1-4cdc-8fb2-d6b90dfbbebf","local_time":"20210209134431","is_ascension_mode":true,"campfire_choices":[{"data":"Summon_Undead","floor":6.0,"key":"SMITH"},{"data":"Summon_Undead","floor":8.0,"key":"SMITH"},{"data":"Summon_Undead","floor":11.0,"key":"SMITH"},{"data":"Summon_Undead","floor":13.0,"key":"SMITH"},{"data":"Summon_Undead","floor":15.0,"key":"SMITH"},{"data":"Summon_Undead","floor":24.0,"key":"SMITH"},{"data":"Summon_Undead","floor":27.0,"key":"SMITH"},{"data":"Summon_Undead","floor":32.0,"key":"SMITH"},{"data":"Summon_Undead","floor":40.0,"key":"SMITH"},{"floor":44.0,"key":"RECALL"},{"data":"Ghostly","floor":47.0,"key":"SMITH"},{"data":"Ghostly","floor":49.0,"key":"SMITH"},{"data":"Ghostly","floor":53.0,"key":"SMITH"}],"circlet_count":0,"master_deck":["PrismaMod:ChloeCheapAttack","PrismaMod:ChloeCheapDefend","Summon_Undead+1","Summon_Undead+1","Summon_Undead+1","Summon_Undead+1","Summon_Undead+1","Summon_Undead+1","Summon_Undead+1","Summon_Undead+1","Summon_Undead+1","Summon_Undead+1","PrismaMod:ChloeRhongomyniad","PrismaMod:ChloeCheapDefend","PrismaMod:ChloeCheapAttack","PrismaMod:ChloeEyeOfTheEuryale+1","PrismaMod:ChloeCheapDefendTwo+1","PrismaMod:ChloeEyeOfTheEuryale+1","PrismaMod:ChloeRitsuka","PrismaMod:ChloeExcalibur","Ghostly+1","Ghostly+1","Ghostly+1","Ghostly","Ghostly","PrismaMod:ChloeMaid+1","PrismaMod:ChloeGaeBolg","PrismaMod:ChloeExcalibur"],"relics":["testmod-TestBox","testmod-Brilliant","NeowsBlessing","SumBook2","Meat on the Bone","testmod-NegativeEmotionEnhancer","Ancient Tea Set","aspiration:Stabinomicon","hubris:Stopwatch","Golden Egg","testmod-Fortitude","aspiration:Lifesprig","Unceasing Top","SumDragon"],"acts_visited":["Exordium","TheCity","TheBeyond","TheEnding"],"potions_floor_usage":[56],"damage_taken":[{"damage":0.0,"enemies":"2 Louse","floor":1.0,"turns":1.0},{"damage":0.0,"enemies":"Small Slimes","floor":2.0,"turns":1.0},{"damage":0.0,"enemies":"Jaw Worm","floor":4.0,"turns":1.0},{"damage":0.0,"enemies":"Exordium Wildlife","floor":10.0,"turns":1.0},{"damage":14.0,"enemies":"Looter","floor":12.0,"turns":3.0},{"damage":20.0,"enemies":"Hexaghost","floor":16.0,"turns":7.0},{"damage":0.0,"enemies":"Spheric Guardian","floor":18.0,"turns":3.0},{"damage":0.0,"enemies":"3 Byrds","floor":19.0,"turns":1.0},{"damage":0.0,"enemies":"Sentry and Sphere","floor":21.0,"turns":2.0},{"damage":5.0,"enemies":"Centurion and Healer","floor":22.0,"turns":3.0},{"damage":11.0,"enemies":"Gremlin Leader","floor":23.0,"turns":3.0},{"damage":4.0,"enemies":"Shelled Parasite and Fungi","floor":25.0,"turns":2.0},{"damage":35.0,"enemies":"Book of Stabbing","floor":28.0,"turns":4.0},{"damage":0.0,"enemies":"3 Cultists","floor":29.0,"turns":2.0},{"damage":0.0,"enemies":"conspire:MysteriousRune","floor":33.0,"turns":6.0},{"damage":0.0,"enemies":"3 Darklings","floor":35.0,"turns":3.0},{"damage":1.0,"enemies":"Orb Walker","floor":36.0,"turns":3.0},{"damage":0.0,"enemies":"4 Shapes","floor":37.0,"turns":1.0},{"damage":0.0,"enemies":"3 Darklings","floor":38.0,"turns":2.0},{"damage":11.0,"enemies":"Giant Head","floor":41.0,"turns":7.0},{"damage":0.0,"enemies":"Maw","floor":42.0,"turns":5.0},{"damage":0.0,"enemies":"Reptomancer","floor":45.0,"turns":2.0},{"damage":0.0,"enemies":"conspire:MimicChest","floor":46.0,"turns":4.0},{"damage":16.0,"enemies":"Giant Head","floor":48.0,"turns":8.0},{"damage":8.0,"enemies":"hubris:GrandSnecko","floor":50.0,"turns":7.0},{"damage":0.0,"enemies":"hubris:GrandSnecko","floor":51.0,"turns":7.0},{"damage":12,"enemies":"Shield and Spear","floor":55,"turns":5},{"damage":26,"enemies":"The Heart","floor":56,"turns":7}],"seed_played":"7574378180739624606","potions_obtained":[{"floor":1.0,"key":"Explosive Potion"},{"floor":16.0,"key":"conspire:TimeTravelPotion"},{"floor":18.0,"key":"blueLaboratory:BottleOfRum"},{"floor":37.0,"key":"PowerPotion"},{"floor":41.0,"key":"blueLaboratory:PyrophylliteBrew"}],"is_trial":false,"path_per_floor":["M","M","?","M","?","R","T","R","T","M","R","M","R","$","R","B",null,"M","M","?","M","M","E","R","M","T","R","E","M","?","?","R","B",null,"M","M","M","M","?","R","E","M","T","R","E","?","R","E","R","B",null,null,"R","$","E","B",null],"character_chosen":"CHLOE","items_purchased":[],"campfire_rested":0,"item_purchase_floors":[],"current_hp_per_floor":[75,75,75,75,68,68,68,68,68,68,68,60,60,60,60,75,75,76,77,77,78,79,75,75,81,81,81,64,81,81,41,41,42,42,43,44,45,46,46,46,37,48,48,48,49,50,50,51,51,52,53,53,53,53,44,55],"gold":846,"neow_bonus":"THREE_ENEMY_KILL","is_daily":false,"chose_seed":false,"campfire_upgraded":12,"win_rate":0.0,"timestamp":1612849471,"path_taken":["M","M","?","M","?","R","?","R","T","M","R","?","R","$","R","BOSS","M","M","?","?","M","E","R","M","T","R","E","M","?","?","R","BOSS","M","M","M","M","?","R","E","M","T","R","E","?","R","E","R","BOSS","R","$","E","BOSS"],"items_purchased_type":[],"build_version":"2020-12-22","purchased_purges":0,"victory":true,"max_hp_per_floor":[75,75,75,75,75,75,75,75,75,75,75,75,75,75,75,75,75,76,77,77,78,79,80,80,81,81,81,82,83,83,41,41,42,42,43,44,45,46,46,46,47,48,48,48,49,50,50,51,51,52,53,53,53,53,54,55],"card_choices":[{"not_picked":["PrismaMod:ChloeEyeOfTheEuryale","PrismaMod:ChloeCommonAOEAttack"],"picked":"PrismaMod:ChloeRhongomyniad","floor":1.0},{"not_picked":["PrismaMod:ChloeUncommonDefend","PrismaMod:ChloeGaeBolg"],"picked":"PrismaMod:ChloeCheapDefend","floor":2.0},{"not_picked":["PrismaMod:ChloeExhaustTwo","PrismaMod:ChloeCommonAOEAttack","PrismaMod:ChloeGreatTracePools"],"picked":"SKIP","floor":4.0},{"not_picked":["PrismaMod:ChloeCheapDefend","PrismaMod:ChloeDiscardRecovery"],"picked":"PrismaMod:ChloeCheapAttack","floor":10.0},{"not_picked":["PrismaMod:ChloeCheapDefend","PrismaMod:ChloeCheapDefendTwo","PrismaMod:ChloeCheapAttackTwo"],"picked":"SKIP","floor":12.0},{"not_picked":["PrismaMod:ChloeMordred","PrismaMod:ChloeRuleBreaker","PrismaMod:ChloeUncommonAOEAttack"],"picked":"SKIP","floor":18.0},{"not_picked":["PrismaMod:ChloeExhaustOne","PrismaMod:ChloeCheapAttack"],"picked":"PrismaMod:ChloeEyeOfTheEuryale+1","floor":19.0},{"not_picked":["PrismaMod:ChloeExhaustOne","PrismaMod:ChloeCheapAttack"],"picked":"PrismaMod:ChloeCheapDefendTwo+1","floor":21.0},{"not_picked":["PrismaMod:ChloeCheapDefend+1","PrismaMod:ChloeCommonAOEAttack"],"picked":"PrismaMod:ChloeEyeOfTheEuryale+1","floor":22.0},{"not_picked":["PrismaMod:ChloeCheapDefend+1","PrismaMod:ChloeDiscardRecovery+1","PrismaMod:ChloeAnyUncommonTrace"],"picked":"SKIP","floor":23.0},{"not_picked":["PrismaMod:ChloeDiscardRecovery","PrismaMod:ChloeExhaustOne+1","PrismaMod:ChloeCommonAOEAttack+1"],"picked":"SKIP","floor":25.0},{"not_picked":["PrismaMod:ChloeRuleBreaker","PrismaMod:ChloeExhaustOne","PrismaMod:ChloeAnyRareTrace"],"picked":"SKIP","floor":28.0},{"not_picked":["PrismaMod:ChloeUncommonAttack","PrismaMod:ChloeCommonAOEAttack"],"picked":"PrismaMod:ChloeRitsuka","floor":29.0},{"not_picked":["PrismaMod:ChloeCaladbolg","PrismaMod:ChloeRitsuka","PrismaMod:ChloeExhaustOne"],"picked":"SKIP","floor":35.0},{"not_picked":["PrismaMod:ChloeExhaustOne","PrismaMod:ChloeCheapAttack"],"picked":"PrismaMod:ChloeMaid+1","floor":36.0},{"not_picked":["PrismaMod:ChloeCaladbolg+1","PrismaMod:ChloeExcalibur","PrismaMod:ChloeCheapDefend"],"picked":"SKIP","floor":37.0},{"not_picked":["PrismaMod:ChloeExhaustOne","PrismaMod:ChloeUncommonDefend","PrismaMod:ChloeCheapAttack+1"],"picked":"SKIP","floor":38.0},{"not_picked":["PrismaMod:ChloeDemonicTutor","PrismaMod:ChloeCheapDefendTwo"],"picked":"PrismaMod:ChloeGaeBolg","floor":41.0},{"not_picked":["PrismaMod:ChloeRhongomyniad","PrismaMod:ChloeDiscardRecovery+1","PrismaMod:ChloeCheapDefend"],"picked":"SKIP","floor":42.0},{"not_picked":["PrismaMod:ChloeMaid+1","PrismaMod:ChloeCheapAttackTwo","PrismaMod:ChloeBetterTracePools+1"],"picked":"SKIP","floor":45.0},{"not_picked":["PrismaMod:ChloeGaeBolg","PrismaMod:ChloeCommonAOEAttack+1"],"picked":"PrismaMod:ChloeExcalibur","floor":48.0},{"not_picked":["PrismaMod:ChloeDemonicTutor","PrismaMod:ChloeMaid","PrismaMod:ChloeDiscardRecovery+1"],"picked":"SKIP","floor":55}],"player_experience":554561,"relics_obtained":[{"floor":9.0,"key":"Meat on the Bone"},{"floor":23.0,"key":"Ancient Tea Set"},{"floor":28.0,"key":"aspiration:Stabinomicon"},{"floor":41.0,"key":"Golden Egg"},{"floor":43.0,"key":"testmod-Fortitude"},{"floor":45.0,"key":"aspiration:Lifesprig"},{"floor":46.0,"key":"Unceasing Top"},{"floor":48.0,"key":"SumDragon"}],"event_choices":[{"damage_healed":0.0,"max_hp_gain":0.0,"max_hp_loss":0.0,"gold_gain":0.0,"event_name":"恩洛斯的盘子","player_choice":"Ignored","floor":5.0,"gold_loss":0.0,"damage_taken":7.0},{"damage_healed":0.0,"max_hp_gain":0.0,"max_hp_loss":0.0,"gold_gain":100.0,"event_name":"Golden Shrine","player_choice":"Pray","floor":20.0,"gold_loss":0.0,"damage_taken":0.0},{"damage_healed":0.0,"max_hp_gain":0.0,"max_hp_loss":0.0,"gold_gain":0.0,"event_name":"The Library","player_choice":"Read","floor":30.0,"gold_loss":0.0,"damage_taken":0.0,"cards_obtained":["PrismaMod:ChloeExcalibur"]},{"damage_healed":0.0,"max_hp_gain":0.0,"max_hp_loss":42.0,"gold_gain":0.0,"event_name":"Ghosts","player_choice":"Became a Ghost","floor":31.0,"gold_loss":0.0,"damage_taken":0.0,"cards_obtained":["Ghostly","Ghostly","Ghostly","Ghostly","Ghostly"]}],"is_beta":false,"boss_relics":[{"not_picked":["Honey Jar","aspiration:IroncladSkillbook"],"picked":"testmod-NegativeEmotionEnhancer"},{"not_picked":["hubris:Backtick","ReplayTheSpireMod:DimensionalGlitch"],"picked":"hubris:Stopwatch"}],"items_purged_floors":[],"is_endless":false,"potions_floor_spawned":[1,16,18,19,21,28,29,33,35,37,41,45,46],"ascension_level":1}}