{"host":"zeqqfkj762i3pba1","time":1612830721,"event":{"mods":["BaseMod","Colored Map","Infinite Spire","Minty Spire (QoL Compilation)","Replay The Spire","StSLib"],"gold_per_floor":[119,119,44,44,44,143,143,182,182,198,219,244,284,284,284,309,309,433,433,453,473,491,491,416,451,451,451],"floor_reached":26,"language":"ENG","playtime":2311,"items_purged":["Strike_P"],"score":371,"play_id":"17609f17-a97c-4bda-835c-2871da21844c","local_time":"20210208193201","is_ascension_mode":true,"campfire_choices":[{"data":"Defend_P","floor":7.0,"key":"PURGE"},{"data":"Replay:DivineShield","floor":17.0,"key":"SMITH"}],"circlet_count":0,"master_deck":["Vigilance","DeceiveReality","ForeignInfluence","Steam","Replay:Anticipation","ThirdEye","Replay:DivineShield+1","Replay:BluntJabs","DeusExMachina","Wallop","Protect","Delirium","Wallop+1","DeceiveReality"],"relics":["Snecko Eye","Golden Idol","Peace Pipe","Anchor","Smiling Mask","Oddly Smooth Stone","Ring of Chaos","Bag of Preparation","Kintsugi","Gremlin Food"],"acts_visited":["Exordium","TheCity"],"potions_floor_usage":[],"damage_taken":[{"damage":0.0,"enemies":"Jaw Worm","floor":1.0,"turns":2.0},{"damage":5.0,"enemies":"3 Sentries","floor":6.0,"turns":7.0},{"damage":23.0,"enemies":"Gremlin Nob","floor":8.0,"turns":3.0},{"damage":0.0,"enemies":"Cultist","floor":10.0,"turns":2.0},{"damage":0.0,"enemies":"2 Louse","floor":11.0,"turns":2.0},{"damage":0.0,"enemies":"Large Slime","floor":12.0,"turns":5.0},{"damage":0.0,"enemies":"3 Sentries","floor":13.0,"turns":5.0},{"damage":0.0,"enemies":"Blue Slaver","floor":16.0,"turns":3.0},{"damage":0.0,"enemies":"Slime Boss","floor":18.0,"turns":7.0},{"damage":0.0,"enemies":"Chosen","floor":20.0,"turns":3.0},{"damage":0.0,"enemies":"Shell Parasite","floor":21.0,"turns":3.0},{"damage":1.0,"enemies":"Cultist and Chosen","floor":22.0,"turns":5.0},{"damage":0.0,"enemies":"3 Cultists","floor":24.0,"turns":6.0},{"damage":27.0,"enemies":"Replay:Snechameleon","floor":25.0,"turns":9.0},{"damage":0,"enemies":"Sentry and Sphere","floor":26,"turns":1}],"seed_played":"6333071148887235782","potions_obtained":[{"floor":2.0,"key":"BottledMiracle"},{"floor":2.0,"key":"ColorlessPotion"},{"floor":2.0,"key":"Venom Potion"},{"floor":10.0,"key":"Adrenaline Potion"},{"floor":12.0,"key":"BottledMiracle"},{"floor":16.0,"key":"Block Potion"},{"floor":18.0,"key":"SneckoOil"},{"floor":22.0,"key":"DistilledChaos"}],"is_trial":false,"path_per_floor":["M","?","$","?","?","E","R","E","T","M","M","M","E","PTL","PTL","M","R","B",null,"M","M","M","AVR","M","E","M"],"character_chosen":"WATCHER","items_purchased":[],"campfire_rested":0,"item_purchase_floors":[],"current_hp_per_floor":[72,72,72,72,67,62,62,39,39,39,39,39,39,39,39,39,39,39,67,67,67,66,66,66,39,39,39],"gold":451,"neow_bonus":"BOSS_RELIC","is_daily":false,"chose_seed":false,"campfire_upgraded":1,"win_rate":0.0,"timestamp":1612830721,"path_taken":["M","?","?","?","?","E","R","E","T","M","M","?","E","PTL","PTL","M","R","BOSS","M","M","M","AVR","M","E","M"],"items_purchased_type":[],"build_version":"2020-12-22","purchased_purges":1,"victory":false,"max_hp_per_floor":[72,72,72,72,67,67,67,67,67,67,67,67,67,67,67,67,67,67,67,67,67,67,67,67,67,67,67],"card_choices":[{"not_picked":["FlyingSleeves","Consecrate"],"picked":"DeceiveReality","floor":1.0},{"not_picked":["CarveReality","BowlingBash"],"picked":"Replay:Anticipation","floor":6.0},{"not_picked":["CrushJoints","Consecrate"],"picked":"ThirdEye","floor":8.0},{"not_picked":["Judgement","CrushJoints","ThirdEye"],"picked":"SKIP","floor":10.0},{"not_picked":["FlurryOfBlows","Prostrate"],"picked":"Replay:DivineShield","floor":11.0},{"not_picked":["InnerPeace","DeceiveReality"],"picked":"Replay:BluntJabs","floor":12.0},{"not_picked":["CrushJoints","Wireheading","Evaluate"],"picked":"SKIP","floor":13.0},{"not_picked":["EmptyFist","Replay:BluntJabs","FollowUp"],"picked":"SKIP","floor":16.0},{"not_picked":["SpiritShield","Alpha"],"picked":"DeusExMachina","floor":18.0},{"not_picked":["EmptyBody","ReachHeaven"],"picked":"Wallop","floor":20.0},{"not_picked":["EmptyFist+1","Replay:Battleflow","Prostrate+1"],"picked":"SKIP","floor":21.0},{"not_picked":["Wallop","WreathOfFlame"],"picked":"Protect","floor":22.0},{"not_picked":["Conclude","Evaluate"],"picked":"Wallop+1","floor":24.0},{"not_picked":["Replay:Vibes","EmptyFist"],"picked":"DeceiveReality","floor":25.0}],"player_experience":211491,"relics_obtained":[{"floor":6.0,"key":"Peace Pipe"},{"floor":8.0,"key":"Anchor"},{"floor":9.0,"key":"Smiling Mask"},{"floor":13.0,"key":"Oddly Smooth Stone"},{"floor":25.0,"key":"Gremlin Food"}],"event_choices":[{"damage_healed":0.0,"max_hp_gain":0.0,"max_hp_loss":0.0,"gold_gain":0.0,"event_name":"Lab","player_choice":"Got Potions","floor":2.0,"gold_loss":0.0,"damage_taken":0.0},{"damage_healed":0.0,"max_hp_gain":0.0,"max_hp_loss":5.0,"gold_gain":0.0,"event_name":"Golden Idol","player_choice":"Lose Max HP","floor":5.0,"gold_loss":0.0,"damage_taken":0.0,"relics_obtained":["Golden Idol"]}],"is_beta":false,"boss_relics":[{"not_picked":["Pandora\u0027s Box","ReplayTheSpireMod:SealedPack"],"picked":"Ring of Chaos"}],"items_purged_floors":[3],"is_endless":false,"potions_floor_spawned":[10,12,16,18,21,22],"killed_by":"Sentry and Sphere","ascension_level":3}}