{"host":"phapnj0danpxvjlm","time":1612838628,"event":{"mods":["Ascension Reborn","BaseMod","Better Note","Better Third Choice","BetterRewards","Bossed Relics","Colored Powertips","Hermit","Minty Spire (QoL Compilation)","Permanent Neow","Quick Restart","Rare Cards Sparkle","Spire Arcade","StSLib","The Animator","The Necromancer","The Wild Card"],"gold_per_floor":[118,133,145,161,173,173,184,210,210,210,227,237,312,324,324,428,428,442,425,425,425,425],"floor_reached":21,"language":"ENG","playtime":3057,"items_purged":[],"score":177,"play_id":"6a425701-6611-4da9-be03-77ba8e00f37f","local_time":"20210209034348","is_ascension_mode":true,"campfire_choices":[{"floor":6.0,"key":"REST"},{"floor":10.0,"key":"REST"},{"floor":15,"key":"REST"}],"circlet_count":0,"master_deck":["theWildCard:BasicStrike","theWildCard:BasicStrike","theWildCard:BasicStrike","theWildCard:BasicStrike","theWildCard:BasicDefend","theWildCard:BasicDefend","theWildCard:BasicDefend","theWildCard:BasicDefend","theWildCard:CallToAdventure","theWildCard:Arsene","theWildCard:ArchaicAssault","theWildCard:ArchaicAssault","theWildCard:Michael","theWildCard:ArcaneArts","theWildCard:SeveringSlash","theWildCard:StingingStrike","theWildCard:EnergizedStroke","theWildCard:Polydeuces","theWildCard:MagicalMight+1","Summon_Vampire_Lady+1"],"relics":["theWildCard:VelvetContract","NeowsBlessing","Odd Mushroom","Bottled Flame","Eternal Feather"],"acts_visited":["Exordium","TheCity"],"potions_floor_usage":[12,16],"damage_taken":[{"damage":0.0,"enemies":"Cultist","floor":1.0,"turns":1.0},{"damage":0.0,"enemies":"Small Slimes","floor":2.0,"turns":1.0},{"damage":0.0,"enemies":"Jaw Worm","floor":3.0,"turns":1.0},{"damage":10.0,"enemies":"Looter","floor":4.0,"turns":3.0},{"damage":11.0,"enemies":"Lots of Slimes","floor":5.0,"turns":3.0},{"damage":15.0,"enemies":"Exordium Thugs","floor":7.0,"turns":3.0},{"damage":12.0,"enemies":"The Mushroom Lair","floor":8.0,"turns":3.0},{"damage":2.0,"enemies":"Blue Slaver","floor":11.0,"turns":3.0},{"damage":12,"enemies":"Gremlin Gang","floor":12,"turns":3},{"damage":0,"enemies":"Large Slime","floor":14,"turns":3},{"damage":37,"enemies":"Hexaghost","floor":16,"turns":12},{"damage":17,"enemies":"Shell Parasite","floor":18,"turns":6},{"damage":17,"enemies":"2 Thieves","floor":19,"turns":4},{"damage":22,"enemies":"Sentry and Sphere","floor":21,"turns":3}],"seed_played":"-3795430974400019812","potions_obtained":[{"floor":1.0,"key":"SkillPotion"},{"floor":8.0,"key":"Fruit Juice"},{"floor":11.0,"key":"EssenceOfSteel"},{"floor":14,"key":"Dexterity Potion"},{"floor":16,"key":"DuplicationPotion"}],"is_trial":false,"path_per_floor":["M","M","M","M","M","R","M","?","T","R","M","M","T","M","R","B",null,"M","M","?","M"],"character_chosen":"THE_WILD_CARD","items_purchased":[],"campfire_rested":3,"item_purchase_floors":[],"current_hp_per_floor":[60,60,60,50,39,57,42,39,39,57,60,48,48,48,65,28,65,48,31,31,9,9],"gold":425,"neow_bonus":"THREE_ENEMY_KILL","is_daily":false,"chose_seed":false,"campfire_upgraded":0,"win_rate":0.0,"timestamp":1612838628,"path_taken":["M","M","?","M","M","R","M","?","T","R","M","M","?","M","R","BOSS","M","M","?","M"],"items_purchased_type":[],"build_version":"2020-12-22","purchased_purges":0,"victory":false,"max_hp_per_floor":[60,60,60,60,60,60,60,60,60,60,65,65,65,65,65,65,65,65,65,65,65,65],"card_choices":[{"not_picked":["theWildCard:Salvation","theWildCard:SeveringSlash"],"picked":"theWildCard:ArchaicAssault","floor":1.0},{"not_picked":["theWildCard:PaleRider","theWildCard:MagicMettle"],"picked":"theWildCard:ArchaicAssault","floor":2.0},{"not_picked":["theWildCard:BladeOfGenerations","theWildCard:Patience"],"picked":"theWildCard:Michael","floor":3.0},{"not_picked":["theWildCard:Metatron","theWildCard:SeveringSlash"],"picked":"theWildCard:ArcaneArts","floor":4.0},{"not_picked":["theWildCard:TheUniverse","theWildCard:ArchaicAssault","theWildCard:Patience"],"picked":"SKIP","floor":5.0},{"not_picked":["theWildCard:Proficiency","theWildCard:PowerOfTheArcana"],"picked":"theWildCard:SeveringSlash","floor":7.0},{"not_picked":["theWildCard:TheGreatSeal","theWildCard:SeveringSlash"],"picked":"theWildCard:StingingStrike","floor":11.0},{"not_picked":["theWildCard:Sakuya","theWildCard:StingingStrike"],"picked":"theWildCard:EnergizedStroke","floor":12},{"not_picked":["theWildCard:UnderLockAndKey","theWildCard:StingingStrike"],"picked":"theWildCard:Polydeuces","floor":14},{"not_picked":["theWildCard:IdentityTheft","theWildCard:LadyLuck","theWildCard:MaskChange"],"picked":"SKIP","floor":18},{"not_picked":["theWildCard:Polydeuces","theWildCard:EnergizedStroke"],"picked":"theWildCard:MagicalMight+1","floor":19}],"player_experience":501715,"relics_obtained":[{"floor":8.0,"key":"Odd Mushroom"},{"floor":9.0,"key":"Bottled Flame"},{"floor":13,"key":"Eternal Feather"}],"event_choices":[{"damage_healed":0.0,"max_hp_gain":0.0,"max_hp_loss":0.0,"gold_gain":0.0,"event_name":"Mushrooms","player_choice":"Fought Mushrooms","floor":8.0,"gold_loss":0.0,"damage_taken":0.0},{"cards_removed":["theWildCard:Michael"],"damage_healed":0,"gold_gain":0,"player_choice":"Take \u0026 Give","damage_taken":0,"max_hp_gain":0,"max_hp_loss":0,"event_name":"betterNote:BetterNote","floor":20,"gold_loss":0,"cards_obtained":["Summon_Vampire_Lady"]}],"is_beta":false,"boss_relics":[{"not_picked":["Snecko Eye","Cursed Key","Ectoplasm"]}],"items_purged_floors":[],"is_endless":false,"potions_floor_spawned":[1,8,11,14,16],"killed_by":"Sentry and Sphere","ascension_level":0}}