{"host":"0u8wq8q0l49hd262","time":1612861361,"event":{"mods":["2.2 Compatiblity","AchievementEnabler","Act Like it!","Aspiration","BaseMod","Better Match","Better Note","Better Sensory Stone","Better Third Choice","Block Reminder","Colored Map","Colored Powertips","GifTheSpireLib","Highlight Path","Minty Spire (QoL Compilation)","Pale of the Ancients","Permanent Neow","Quick Restart","Rare Cards Sparkle","Relic Sorter","Relic Stats","StSLib","Transform Curses","egg","everything is the same but u backflip on backflip"],"gold_per_floor":[112,124,49,62,82,82,111,125,148,148,168,168,68,89,89,209,209,248,198,73,91,136,136,51,104,131,131,131],"floor_reached":27,"language":"ENG","playtime":1535,"items_purged":["Strike_P","Strike_P","Eruption"],"score":334,"play_id":"a8cc93c0-c523-4637-a555-37919b0a4e1e","local_time":"20210209100241","is_ascension_mode":true,"campfire_choices":[{"data":"PathToVictory","floor":6.0,"key":"SMITH"},{"data":"PathToVictory","floor":10.0,"key":"SMITH"},{"data":"WaveOfTheHand","floor":15.0,"key":"SMITH"},{"data":"Wish","floor":23.0,"key":"SMITH"}],"circlet_count":0,"master_deck":["Strike_P","Strike_P","Defend_P","Defend_P","Defend_P","Vigilance","Adaptation","PathToVictory+1","Sanctity","WaveOfTheHand+1","PathToVictory+1","Wish+1"],"relics":["PureWater","Bird Faced Urn","Strawberry","Golden Idol","Philosopher\u0027s Stone","Potion Belt","Vajra"],"acts_visited":["Exordium","TheCity"],"potions_floor_usage":[],"damage_taken":[{"damage":6.0,"enemies":"2 Louse","floor":1.0,"turns":2.0},{"damage":4.0,"enemies":"Jaw Worm","floor":2.0,"turns":3.0},{"damage":0.0,"enemies":"Cultist","floor":4.0,"turns":4.0},{"damage":27.0,"enemies":"Large Slime","floor":5.0,"turns":7.0},{"damage":24.0,"enemies":"Gremlin Nob","floor":7.0,"turns":3.0},{"damage":0.0,"enemies":"3 Louse","floor":8.0,"turns":4.0},{"damage":0.0,"enemies":"Looter","floor":11.0,"turns":4.0},{"damage":1.0,"enemies":"Red Slaver","floor":14.0,"turns":3.0},{"damage":0.0,"enemies":"Hexaghost","floor":16.0,"turns":8.0},{"damage":0.0,"enemies":"Chosen","floor":18.0,"turns":4.0},{"damage":7.0,"enemies":"3 Byrds","floor":21.0,"turns":5.0},{"damage":15.0,"enemies":"Sentry and Sphere","floor":22.0,"turns":5.0},{"damage":4.0,"enemies":"Snecko","floor":25.0,"turns":4.0},{"damage":0,"enemies":"Book of Stabbing","floor":27,"turns":1}],"seed_played":"3610892843233998289","potions_obtained":[{"floor":2.0,"key":"Weak Potion"},{"floor":5.0,"key":"DuplicationPotion"},{"floor":11.0,"key":"LiquidMemories"},{"floor":14.0,"key":"SpeedPotion"},{"floor":18.0,"key":"SmokeBomb"},{"floor":25.0,"key":"Dexterity Potion"}],"is_trial":false,"path_per_floor":["M","M","$","M","M","R","E","M","T","R","M","?","$","M","R","B",null,"M","?","$","M","M","R","?","M","T","E"],"character_chosen":"WATCHER","items_purchased":[],"campfire_rested":0,"item_purchase_floors":[],"current_hp_per_floor":[66,62,62,62,35,35,11,13,20,20,22,22,22,23,23,25,61,63,63,63,58,45,45,45,43,43,43,43],"gold":131,"neow_bonus":"REMOVE_CARD","is_daily":false,"chose_seed":false,"campfire_upgraded":4,"win_rate":0.0,"timestamp":1612861361,"path_taken":["M","M","$","M","M","R","E","M","T","R","M","?","$","M","R","BOSS","M","?","$","M","?","R","?","M","T","E"],"items_purchased_type":[],"build_version":"2020-12-22","purchased_purges":3,"victory":false,"max_hp_per_floor":[72,72,72,72,72,72,72,72,79,79,79,73,73,73,73,73,73,73,73,73,73,73,73,73,73,73,73,73],"relic_stats":{"counters":[14,57],"Golden Idol":44,"Bird Faced Urn":[16],"obtain_stats":[{"Potion Belt":24,"Golden Idol":12,"Bird Faced Urn":7,"Strawberry":9,"Vajra":26,"Philosopher\u0027s Stone":17,"PureWater":0},{"Potion Belt":12,"Golden Idol":7,"Bird Faced Urn":5,"Strawberry":6,"Vajra":13,"Philosopher\u0027s Stone":9,"PureWater":0},{"Potion Belt":52,"Golden Idol":27,"Bird Faced Urn":19,"Strawberry":23,"Vajra":56,"Philosopher\u0027s Stone":38,"PureWater":0}]},"card_choices":[{"not_picked":["BowlingBash","Study"],"picked":"Adaptation","floor":1.0},{"not_picked":["Evaluate","Consecrate"],"picked":"PathToVictory","floor":2.0},{"not_picked":["CrushJoints","BowlingBash"],"picked":"Sanctity","floor":4.0},{"not_picked":["ClearTheMind","Weave"],"picked":"WaveOfTheHand","floor":5.0},{"not_picked":["Scrawl","Perseverance"],"picked":"PathToVictory","floor":7.0},{"not_picked":["SashWhip","FlurryOfBlows","Nirvana"],"picked":"SKIP","floor":8.0},{"not_picked":["Worship","SashWhip","ReachHeaven"],"picked":"SKIP","floor":11.0},{"not_picked":["Halt","Consecrate","FlurryOfBlows"],"picked":"SKIP","floor":14.0},{"not_picked":["Ragnarok","ConjureBlade"],"picked":"Wish","floor":16.0},{"not_picked":["FlurryOfBlows","Protect","BowlingBash"],"picked":"SKIP","floor":18.0},{"not_picked":["ForeignInfluence","LikeWater","EmptyBody"],"picked":"SKIP","floor":21.0},{"not_picked":["CutThroughFate","Prostrate","DeceiveReality+1"],"picked":"SKIP","floor":22.0},{"not_picked":["CrushJoints+1","CarveReality","Study"],"picked":"SKIP","floor":25.0},{"not_picked":["CrushJoints+1","CarveReality","Study"],"picked":"SKIP","floor":25.0}],"player_experience":407713,"relics_obtained":[{"floor":7.0,"key":"Bird Faced Urn"},{"floor":9.0,"key":"Strawberry"},{"floor":26.0,"key":"Vajra"}],"event_choices":[{"damage_healed":0.0,"max_hp_gain":0.0,"max_hp_loss":6.0,"gold_gain":0.0,"event_name":"Golden Idol","player_choice":"Lose Max HP","floor":12.0,"gold_loss":0.0,"damage_taken":0.0,"relics_obtained":["Golden Idol"]},{"damage_healed":0.0,"max_hp_gain":0.0,"max_hp_loss":0.0,"gold_gain":0.0,"event_name":"The Joust","player_choice":"Bet on Owner","floor":19.0,"gold_loss":50.0,"damage_taken":0.0},{"damage_healed":0.0,"max_hp_gain":0.0,"max_hp_loss":0.0,"gold_gain":0.0,"event_name":"Addict","player_choice":"Obtained Relic","floor":24.0,"gold_loss":85.0,"damage_taken":0.0,"relics_obtained":["Potion Belt"]}],"is_beta":false,"boss_relics":[{"not_picked":["Ectoplasm","Pandora\u0027s Box"],"picked":"Philosopher\u0027s Stone"}],"items_purged_floors":[3,13,20],"is_endless":false,"potions_floor_spawned":[2,5,11,14,18,25],"killed_by":"Book of Stabbing","ascension_level":5}}