{"host":"6152go0anyt7mc9e","time":1612905594,"event":{"mods":["BaseMod","Colored Map","Minty Spire (QoL Compilation)","StSLib"],"gold_per_floor":[114,114,129,129,144,174,189,204,204,234,264,264,264,279,279,379,379,394,409,424,339,189,189,219,219,244,244,259,274,289,319,319,419,419,434,449,464,479,494,524,136,166,191,206,206,236,286,301,301,301],"floor_reached":51,"language":"ZHT","playtime":2476,"items_purged":[],"score":1203,"play_id":"254b0f17-0c9b-458a-b41b-68f96b133f3c","local_time":"20210210051954","daily_mods":["Draft","Hoarder","DeadlyEvents"],"is_ascension_mode":false,"campfire_choices":[{"floor":12.0,"key":"REST"},{"data":"Catalyst","floor":15.0,"key":"SMITH"},{"data":"After Image","floor":23.0,"key":"SMITH"},{"data":"After Image","floor":25.0,"key":"SMITH"},{"data":"After Image","floor":32.0,"key":"SMITH"},{"data":"After Image","floor":49,"key":"SMITH"}],"circlet_count":0,"master_deck":["Crippling Poison+1","Crippling Poison","Crippling Poison","Leg Sweep","Leg Sweep","Leg Sweep","Flechettes","Flechettes","Flechettes","Cloak And Dagger","Cloak And Dagger","Cloak And Dagger","Backflip","Backflip","Backflip","Deadly Poison","Deadly Poison","Deadly Poison","Backflip","Backflip","Backflip","PiercingWail","PiercingWail","PiercingWail","PiercingWail","PiercingWail","PiercingWail","Deadly Poison","Deadly Poison","Deadly Poison","Dagger Spray","Dagger Spray","Prepared","Prepared","Prepared","Crippling Poison","Crippling Poison","Crippling Poison","Deflect","Deflect","Deflect","Outmaneuver","Outmaneuver","Outmaneuver","Catalyst+1","Catalyst","Catalyst","After Image+1","After Image+1","After Image+1","Escape Plan+1","Escape Plan+1","Escape Plan+1","After Image+1","After Image","After Image","After Image","After Image","After Image","Adrenaline","Adrenaline","Adrenaline"],"relics":["Ring of the Snake","Blood Vial","Vajra","Mercury Hourglass","MealTicket","Sozu","Akabeko","Snake Skull","Prayer Wheel","Happy Flower","MutagenicStrength","Question Card","Velvet Choker","MawBank","Paper Crane","TwistedFunnel","Strawberry","Lantern","Mummified Hand","Pen Nib"],"acts_visited":["Exordium","TheCity","TheBeyond"],"potions_floor_usage":[50],"damage_taken":[{"damage":0.0,"enemies":"Small Slimes","floor":1.0,"turns":1.0},{"damage":2.0,"enemies":"Cultist","floor":3.0,"turns":4.0},{"damage":0.0,"enemies":"2 Louse","floor":5.0,"turns":2.0},{"damage":19.0,"enemies":"Gremlin Nob","floor":6.0,"turns":4.0},{"damage":6.0,"enemies":"Exordium Thugs","floor":7.0,"turns":3.0},{"damage":5.0,"enemies":"Looter","floor":8.0,"turns":4.0},{"damage":2.0,"enemies":"Lagavulin","floor":10.0,"turns":8.0},{"damage":17.0,"enemies":"Gremlin Nob","floor":11.0,"turns":4.0},{"damage":2.0,"enemies":"Gremlin Gang","floor":14.0,"turns":4.0},{"damage":2.0,"enemies":"The Guardian","floor":16.0,"turns":5.0},{"damage":1.0,"enemies":"Spheric Guardian","floor":18.0,"turns":4.0},{"damage":0.0,"enemies":"Shell Parasite","floor":19.0,"turns":3.0},{"damage":3.0,"enemies":"Centurion and Healer","floor":20.0,"turns":6.0},{"damage":0.0,"enemies":"Gremlin Leader","floor":24.0,"turns":6.0},{"damage":3.0,"enemies":"Snecko","floor":28.0,"turns":3.0},{"damage":1.0,"enemies":"3 Cultists","floor":29.0,"turns":4.0},{"damage":0.0,"enemies":"Cultist and Chosen","floor":30.0,"turns":4.0},{"damage":13.0,"enemies":"Slavers","floor":31.0,"turns":5.0},{"damage":0.0,"enemies":"Collector","floor":33.0,"turns":6.0},{"damage":0.0,"enemies":"3 Shapes","floor":35.0,"turns":4.0},{"damage":0.0,"enemies":"3 Darklings","floor":36.0,"turns":4.0},{"damage":10.0,"enemies":"Spire Growth","floor":37.0,"turns":4.0},{"damage":0.0,"enemies":"Writhing Mass","floor":38.0,"turns":5.0},{"damage":1.0,"enemies":"Sphere and 2 Shapes","floor":39.0,"turns":5.0},{"damage":0.0,"enemies":"Giant Head","floor":40.0,"turns":8.0},{"damage":0,"enemies":"Reptomancer","floor":42,"turns":6},{"damage":0,"enemies":"4 Shapes","floor":44,"turns":3},{"damage":0,"enemies":"Nemesis","floor":46,"turns":5},{"damage":0,"enemies":"Maw","floor":48,"turns":6},{"damage":0,"enemies":"Time Eater","floor":50,"turns":12}],"seed_played":"-878916022338446095","potions_obtained":[{"floor":1.0,"key":"BlessingOfTheForge"},{"floor":6.0,"key":"FearPotion"},{"floor":10.0,"key":"DuplicationPotion"},{"floor":16.0,"key":"Fire Potion"}],"is_trial":false,"path_per_floor":["M","?","M","$","M","E","M","M","T","E","E","R","?","M","R","B",null,"M","M","M","?","$","R","E","R","T","?","M","M","M","E","R","B",null,"M","M","M","M","M","E","$","E","T","M","?","E","T","M","R","B",null],"character_chosen":"THE_SILENT","items_purchased":["Snake Skull","Paper Crane","TwistedFunnel"],"campfire_rested":1,"item_purchase_floors":[22,41,41],"current_hp_per_floor":[70,70,68,68,68,49,45,42,42,42,27,48,48,48,48,48,70,69,70,67,67,70,70,70,70,70,70,67,68,70,57,57,59,70,70,70,60,62,63,65,70,77,77,77,77,77,77,77,77,77],"gold":301,"neow_bonus":"","is_daily":true,"chose_seed":false,"campfire_upgraded":5,"win_rate":0.0,"timestamp":1612905594,"path_taken":["M","?","?","?","M","E","M","M","T","E","?","R","?","?","R","BOSS","M","M","M","?","$","R","E","R","T","?","?","M","M","?","R","BOSS","M","M","M","M","M","E","$","E","T","M","?","E","?","M","R","BOSS"],"items_purchased_type":["Relic","Relic","Relic"],"build_version":"2020-12-22","purchased_purges":0,"victory":true,"max_hp_per_floor":[70,70,70,70,70,70,70,70,70,70,70,70,70,70,70,70,70,70,70,70,70,70,70,70,70,70,70,70,70,70,70,70,70,70,70,70,70,70,70,70,70,77,77,77,77,77,77,77,77,77],"card_choices":[{"not_picked":["Dodge and Roll","Cloak And Dagger"],"picked":"Crippling Poison","floor":0.0},{"not_picked":["Outmaneuver","Predator"],"picked":"Leg Sweep","floor":0.0},{"not_picked":["Backflip","Quick Slash"],"picked":"Flechettes","floor":0.0},{"not_picked":["Sucker Punch","Skewer"],"picked":"Cloak And Dagger","floor":0.0},{"not_picked":["Outmaneuver","Expertise"],"picked":"Backflip","floor":0.0},{"not_picked":["Acrobatics","Bane"],"picked":"Deadly Poison","floor":0.0},{"not_picked":["Flying Knee","Skewer"],"picked":"Backflip","floor":0.0},{"not_picked":["Prepared","Deflect"],"picked":"PiercingWail","floor":0.0},{"not_picked":["Quick Slash","Sucker Punch"],"picked":"PiercingWail","floor":0.0},{"not_picked":["Dodge and Roll","Cloak And Dagger"],"picked":"Deadly Poison","floor":0.0},{"not_picked":["Dash","Setup"],"picked":"Dagger Spray","floor":0.0},{"not_picked":["Acrobatics","Dodge and Roll"],"picked":"Prepared","floor":0.0},{"not_picked":["Cloak And Dagger","Deadly Poison"],"picked":"Crippling Poison","floor":0.0},{"not_picked":["Prepared","Outmaneuver"],"picked":"Deflect","floor":0.0},{"not_picked":["Poisoned Stab","Quick Slash"],"picked":"Outmaneuver","floor":0.0},{"not_picked":["Finisher","Bane","Backflip"],"picked":"SKIP","floor":1.0},{"not_picked":["PiercingWail","Endless Agony","Prepared"],"picked":"SKIP","floor":3.0},{"not_picked":["Prepared","Tactician","Dodge and Roll"],"picked":"SKIP","floor":5.0},{"not_picked":["Bouncing Flask","Blade Dance","Poisoned Stab"],"picked":"SKIP","floor":6.0},{"not_picked":["Bouncing Flask","Poisoned Stab","Choke"],"picked":"SKIP","floor":7.0},{"not_picked":["Sucker Punch","Well Laid Plans","Quick Slash"],"picked":"SKIP","floor":8.0},{"not_picked":["Riddle With Holes","Storm of Steel","Predator"],"picked":"SKIP","floor":10.0},{"not_picked":["Dodge and Roll","Dagger Throw"],"picked":"Catalyst","floor":11.0},{"not_picked":["Well Laid Plans","Slice","Concentrate"],"picked":"SKIP","floor":14.0},{"not_picked":["A Thousand Cuts","Unload"],"picked":"After Image","floor":16.0},{"not_picked":["Eviscerate","Dodge and Roll+1","Outmaneuver"],"picked":"SKIP","floor":18.0},{"not_picked":["Sucker Punch","Dash"],"picked":"Escape Plan+1","floor":19.0},{"not_picked":["Slice","Dagger Throw+1","Poisoned Stab"],"picked":"SKIP","floor":20.0},{"not_picked":["Crippling Poison","Blade Dance","Caltrops+1"],"picked":"SKIP","floor":24.0},{"not_picked":["Caltrops+1","Sucker Punch"],"picked":"After Image","floor":28.0},{"not_picked":["Bane","Prepared","Leg Sweep"],"picked":"SKIP","floor":28.0},{"not_picked":["Eviscerate","Poisoned Stab+1","Cloak And Dagger"],"picked":"SKIP","floor":29.0},{"not_picked":["Quick Slash","Skewer","Flying Knee"],"picked":"SKIP","floor":29.0},{"not_picked":["Escape Plan","Dodge and Roll","Eviscerate"],"picked":"SKIP","floor":30.0},{"not_picked":["Dash","Slice","Blade Dance+1"],"picked":"SKIP","floor":30.0},{"not_picked":["Calculated Gamble","Setup+1","Deadly Poison"],"picked":"SKIP","floor":31.0},{"not_picked":["Venomology","Envenom","Bullet Time"],"picked":"After Image","floor":33.0},{"not_picked":["Dodge and Roll","Well Laid Plans","Sucker Punch+1","Bane+1"],"picked":"SKIP","floor":35.0},{"not_picked":["Eviscerate+1","Riddle With Holes","Outmaneuver+1","Prepared"],"picked":"SKIP","floor":35.0},{"not_picked":["Accuracy+1","Dagger Spray","Quick Slash","Bane"],"picked":"SKIP","floor":36.0},{"not_picked":["Terror","Dodge and Roll","Dagger Throw","Bouncing Flask+1"],"picked":"SKIP","floor":36.0},{"not_picked":["Well Laid Plans","Flying Knee+1","Poisoned Stab","Slice"],"picked":"SKIP","floor":37.0},{"not_picked":["Prepared","Poisoned Stab+1","Acrobatics","Footwork+1"],"picked":"SKIP","floor":37.0},{"not_picked":["Outmaneuver+1","Quick Slash+1","Backstab+1"],"picked":"Adrenaline","floor":38.0},{"not_picked":["Bane","PiercingWail","Setup+1","Dagger Spray+1"],"picked":"SKIP","floor":38.0},{"not_picked":["Deflect+1","Slice+1","Acrobatics+1","Prepared"],"picked":"SKIP","floor":39.0},{"not_picked":["Flying Knee+1","Backflip+1","Distraction+1","Crippling Poison+1"],"picked":"SKIP","floor":39.0},{"not_picked":["Quick Slash","Escape Plan+1","PiercingWail+1","Finisher+1"],"picked":"SKIP","floor":40.0},{"not_picked":["Expertise","Bouncing Flask","Quick Slash","Acrobatics+1"],"picked":"SKIP","floor":42},{"not_picked":["Prepared","Caltrops+1","Deadly Poison","Blur"],"picked":"SKIP","floor":44},{"not_picked":["Dagger Throw","Reflex+1","Blur","Choke+1"],"picked":"SKIP","floor":44},{"not_picked":["Slice","Riddle With Holes","Quick Slash+1","Deadly Poison+1"],"picked":"SKIP","floor":46},{"not_picked":["Die Die Die","Quick Slash","Backflip+1","Deflect+1"],"picked":"SKIP","floor":48},{"not_picked":["Setup","PiercingWail+1","Backstab+1","Cloak And Dagger+1"],"picked":"SKIP","floor":48}],"player_experience":1545320,"relics_obtained":[{"floor":6.0,"key":"Blood Vial"},{"floor":9.0,"key":"Vajra"},{"floor":10.0,"key":"Mercury Hourglass"},{"floor":11.0,"key":"MealTicket"},{"floor":24.0,"key":"Prayer Wheel"},{"floor":26.0,"key":"Happy Flower"},{"floor":31.0,"key":"Question Card"},{"floor":40.0,"key":"MawBank"},{"floor":42,"key":"Strawberry"},{"floor":43,"key":"Lantern"},{"floor":46,"key":"Mummified Hand"},{"floor":47,"key":"Pen Nib"}],"event_choices":[{"damage_healed":0.0,"max_hp_gain":0.0,"max_hp_loss":0.0,"gold_gain":0.0,"event_name":"Accursed Blacksmith","player_choice":"Forge","floor":2.0,"gold_loss":0.0,"damage_taken":0.0,"cards_upgraded":["Crippling Poison"]},{"damage_healed":0.0,"max_hp_gain":0.0,"max_hp_loss":0.0,"gold_gain":0.0,"event_name":"Liars Game","player_choice":"Ignored","floor":13.0,"gold_loss":0.0,"damage_taken":0.0},{"damage_healed":0.0,"max_hp_gain":0.0,"max_hp_loss":0.0,"gold_gain":0.0,"event_name":"Addict","player_choice":"Obtained Relic","floor":21.0,"gold_loss":85.0,"damage_taken":0.0,"relics_obtained":["Akabeko"]},{"damage_healed":0.0,"max_hp_gain":0.0,"max_hp_loss":0.0,"gold_gain":0.0,"event_name":"Drug Dealer","player_choice":"Inject Mutagens","floor":27.0,"gold_loss":0.0,"damage_taken":0.0,"relics_obtained":["MutagenicStrength"]},{"cards_removed":["Dagger Spray"],"damage_healed":0,"gold_gain":0,"player_choice":"Removed Attack","damage_taken":0,"max_hp_gain":0,"max_hp_loss":0,"event_name":"Falling","floor":45,"gold_loss":0}],"is_beta":false,"boss_relics":[{"not_picked":["Fusion Hammer","Ring of the Serpent"],"picked":"Sozu"},{"not_picked":["Snecko Eye","Runic Pyramid"],"picked":"Velvet Choker"}],"items_purged_floors":[],"is_endless":false,"potions_floor_spawned":[1,6,10,16,18,28,30,36,37,40,42,46],"ascension_level":0}}