{"host":"Charlie","time":1612839425,"event":{"mods":["100% Spire Juice","Aspiration","BaseMod","Better Match","Better Skull","Better Third Choice","BetterRewards","ChefMod","Colored Map","Colored Powertips","Conspire","Curses Come First","Dota2Spire","Downfall","Ekko","Evolution","Fox Events","Friendly Minions","Halation","Hermit","Hubris","Infinite Spire","Luminous","Melee Mod","Minty Spire (QoL Compilation)","Quick Restart","Rare Cards Sparkle","Relic Stats","Reliquary","Robot Space Explorer","Shade Mod","Spicy Shops","Spire Arcade","StSLib","SuperFastMode","Synergy Search","The Animator","The Blue Laboratory","The Caster","The Cursed","The Dragon Tamer","The Gatherer","The Jungle","The Marked","The Necromancer","Unceasing Turn Reminder"],"gold_per_floor":[117,117,192,46,46,90,90,106,106,106,120,0,15,40,40,171,171,194,218,218,233,233,264,284,307,307,307,348,348,348,391,391,542,542,583,683,732,776,8,8,8,8,33,33,33,103,192,263,263,293],"floor_reached":51,"language":"ENG","playtime":2712,"items_purged":["TheCursedMod:Strike_TheCursed"],"score":985,"play_id":"1959e055-4cf9-490c-aa9c-0f892581067a","local_time":"20210208185705","is_ascension_mode":false,"campfire_choices":[{"data":"TheCursedMod:LuckyCharm","floor":7,"key":"SMITH"},{"data":"TheCursedMod:CleanUpWorkshop","floor":10,"key":"SMITH"},{"data":"TheCursedMod:CollectTribute","floor":15,"key":"SMITH"},{"data":"TheCursedMod:Neurasthenia","floor":27,"key":"SMITH"},{"data":"TheCursedMod:HellfireBreathing","floor":29,"key":"SMITH"},{"data":"TheCursedMod:LuckyCharm","floor":32,"key":"SMITH"},{"data":"TheCursedMod:ReleasedKnowledge","floor":40,"key":"SMITH"},{"data":"TheCursedMod:LuckyCharm","floor":44,"key":"SMITH"},{"data":"TheCursedMod:Hemoplague","floor":49,"key":"SMITH"}],"circlet_count":0,"master_deck":["TheCursedMod:Strike_TheCursed","TheCursedMod:Strike_TheCursed","TheCursedMod:Strike_TheCursed","TheCursedMod:Defend_TheCursed","TheCursedMod:Defend_TheCursed","TheCursedMod:Defend_TheCursed","TheCursedMod:Defend_TheCursed","TheCursedMod:CursedWand","TheCursedMod:CleanUpWorkshop+1","TheCursedMod:Dregs","Injury","TheCursedMod:SoulReap+1","TheCursedMod:LuckyCharm+1","Injury","TheCursedMod:CursedBlade+1","TheCursedMod:CircleOfBlood","TheCursedMod:SpitefulStrike+1","TheCursedMod:CollectTribute+1","TheCursedMod:HellfireBreathing+1","TheCursedMod:Neurasthenia+1","TheCursedMod:RapidMovement+1","TheCursedMod:AntiAging","TheCursedMod:Hemoplague+1","TheCursedMod:Hemoplague+1","TheCursedMod:TroublousMinions","TheCursedMod:FleshFromBone","hubris:Greed","hubris:Greed","TheCursedMod:LuckyCharm+1","hubris:Greed","hubris:Greed","hubris:Greed","TheCursedMod:CursedRelics+1","TheCursedMod:Evocation","TheCursedMod:ReleasedKnowledge+1","TheCursedMod:LuckyCharm+1","TheCursedMod:Grudge+1"],"relics":["TheCursedMod:BlackMagic101","NeowsBlessing","Molten Egg 2","Golden Idol","hubris:ToyBattleship","halation:QuantumPhysicsTextbook","TheCursedMod:OminousMark","Nloth\u0027s Gift","reliquary:Firecrackers","Dota2Spire:AssaultCuirass","Mango","aspiration:Stabinomicon","Oddly Smooth Stone","Busted Crown","conspire:GlowingRock","hubris:EmptyBottle","halation:PinkSoulGem","Dota2Spire:HandOfMidas","Shuriken"],"acts_visited":["Exordium","TheCity","TheBeyond"],"potions_floor_usage":[16,23,25,25,46,46,50],"damage_taken":[{"damage":0,"enemies":"2 Louse","floor":1,"turns":1},{"damage":0,"enemies":"Lagavulin","floor":6,"turns":1},{"damage":0,"enemies":"Jaw Worm","floor":8,"turns":1},{"damage":0,"enemies":"Cultist","floor":11,"turns":3},{"damage":2,"enemies":"Exordium Thugs","floor":13,"turns":4},{"damage":3,"enemies":"Red Slaver","floor":14,"turns":3},{"damage":38,"enemies":"Hexaghost","floor":16,"turns":6},{"damage":16,"enemies":"Spheric Guardian","floor":18,"turns":6},{"damage":0,"enemies":"3 Byrds","floor":19,"turns":4},{"damage":20,"enemies":"3 Cultists","floor":21,"turns":5},{"damage":50,"enemies":"Slavers","floor":23,"turns":5},{"damage":12,"enemies":"Cultist and Chosen","floor":24,"turns":6},{"damage":15,"enemies":"Shelled Parasite and Fungi","floor":25,"turns":5},{"damage":5,"enemies":"conspire:Head Lice","floor":28,"turns":7},{"damage":27,"enemies":"conspire:SneckoGhost","floor":31,"turns":7},{"damage":51,"enemies":"Champ","floor":33,"turns":12},{"damage":0,"enemies":"3 Shapes","floor":35,"turns":4},{"damage":11,"enemies":"3 Darklings","floor":37,"turns":6},{"damage":6,"enemies":"Writhing Mass","floor":38,"turns":6},{"damage":4,"enemies":"Jaw Worm Horde","floor":46,"turns":3},{"damage":0,"enemies":"Nemesis","floor":47,"turns":9},{"damage":9,"enemies":"4 Shapes","floor":48,"turns":5},{"damage":14,"enemies":"infinitespire:MassOfShapes","floor":50,"turns":11}],"seed_played":"-4612840540603550475","potions_obtained":[{"floor":8,"key":"Energy Potion"},{"floor":11,"key":"Swift Potion"},{"floor":13,"key":"SmokeBomb"},{"floor":14,"key":"infinitespire:BlackPotion"},{"floor":16,"key":"blueLaboratory:FruitPreserves"},{"floor":18,"key":"PowerPotion"},{"floor":23,"key":"PowerPotion"},{"floor":33,"key":"SpeedPotion"},{"floor":35,"key":"Fire Potion"},{"floor":47,"key":"blueLaboratory:PhilterOfMotion"},{"floor":48,"key":"Block Potion"}],"is_trial":false,"path_per_floor":["M","?","?","$","?","E","R","M","T","R","M","$","M","M","R","B",null,"M","M","?","M","T","E","M","M","T","R","E","R","?","E","R","B",null,"M","?","M","M","$","R","?","?","T","R","?","M","E","M","R","B",null],"character_chosen":"THE_CURSED","items_purchased":["TheCursedMod:SoulReap+1","TheCursedMod:LuckyCharm","TheCursedMod:SpitefulStrike+1","conspire:GlowingRock","TheCursedMod:ReleasedKnowledge","TheCursedMod:LuckyCharm","hubris:EmptyBottle"],"campfire_rested":0,"item_purchase_floors":[4,4,12,39,39,39,39],"current_hp_per_floor":[75,75,64,64,64,64,64,64,64,64,71,71,75,72,72,37,75,59,62,62,55,55,16,15,63,63,63,78,78,62,57,57,19,101,103,103,94,99,99,99,99,99,99,99,99,105,109,100,100,97],"gold":293,"neow_bonus":"THREE_ENEMY_KILL","is_daily":false,"chose_seed":false,"campfire_upgraded":9,"win_rate":0.0,"timestamp":1612839425,"path_taken":["M","?","?","?","?","E","R","M","T","R","M","$","M","M","R","BOSS","M","M","?","?","?","E","?","M","T","R","E","R","?","E","R","BOSS","M","?","?","M","$","R","?","?","T","R","?","M","E","M","R","BOSS"],"items_purchased_type":["Card","Card","Card","Relic","Card","Card","Relic"],"build_version":"2020-12-18","purchased_purges":1,"victory":true,"max_hp_per_floor":[75,75,75,75,75,75,75,75,75,75,75,75,75,75,75,75,75,75,75,75,77,77,79,81,83,83,83,99,99,99,99,99,101,101,103,103,105,107,107,107,107,107,107,107,107,107,109,109,109,111],"relic_stats":{"Busted Crown":14,"counters":[23,115],"Golden Idol":378,"Shuriken":[4],"Nloth\u0027s Gift":1,"obtain_stats":[{"TheCursedMod:BlackMagic101":0,"Dota2Spire:HandOfMidas":43,"NeowsBlessing":0,"halation:QuantumPhysicsTextbook":9,"Golden Idol":5,"reliquary:Firecrackers":22,"Oddly Smooth Stone":31,"Mango":28,"aspiration:Stabinomicon":30,"EVO:Axolotl":0,"hubris:EmptyBottle":39,"conspire:GlowingRock":39,"Busted Crown":34,"TheCursedMod:OminousMark":17,"Shuriken":47,"Molten Egg 2":2,"hubris:ToyBattleship":6,"Nloth\u0027s Gift":20,"Dota2Spire:AssaultCuirass":23,"halation:PinkSoulGem":41},{"TheCursedMod:BlackMagic101":0,"Dota2Spire:HandOfMidas":19,"NeowsBlessing":0,"halation:QuantumPhysicsTextbook":3,"Golden Idol":1,"reliquary:Firecrackers":10,"Oddly Smooth Stone":15,"Mango":14,"aspiration:Stabinomicon":14,"EVO:Axolotl":0,"hubris:EmptyBottle":19,"conspire:GlowingRock":19,"Busted Crown":16,"TheCursedMod:OminousMark":7,"Shuriken":21,"Molten Egg 2":1,"hubris:ToyBattleship":2,"Nloth\u0027s Gift":9,"Dota2Spire:AssaultCuirass":11,"halation:PinkSoulGem":19},{"TheCursedMod:BlackMagic101":0,"Dota2Spire:HandOfMidas":88,"NeowsBlessing":0,"halation:QuantumPhysicsTextbook":3,"Golden Idol":1,"reliquary:Firecrackers":31,"Oddly Smooth Stone":61,"Mango":54,"aspiration:Stabinomicon":54,"EVO:Axolotl":0,"hubris:EmptyBottle":88,"conspire:GlowingRock":88,"Busted Crown":73,"TheCursedMod:OminousMark":18,"Shuriken":100,"Molten Egg 2":1,"hubris:ToyBattleship":2,"Nloth\u0027s Gift":26,"Dota2Spire:AssaultCuirass":36,"halation:PinkSoulGem":88}]},"card_choices":[{"not_picked":["TheCursedMod:TacticalStrike","TheCursedMod:RavingStaff","TheCursedMod:CursedBlade"],"picked":"SKIP","floor":1},{"not_picked":["TheCursedMod:VitalStrike+1","TheCursedMod:StingEye+1","TheCursedMod:FleshFromBone"],"picked":"SKIP","floor":6},{"not_picked":["TheCursedMod:Stigma+1","TheCursedMod:TacticalStrike+1"],"picked":"TheCursedMod:CursedBlade+1","floor":8},{"not_picked":["TheCursedMod:TroublousMinions","TheCursedMod:CircleOfCorruption"],"picked":"TheCursedMod:CircleOfBlood","floor":11},{"not_picked":["TheCursedMod:SurpriseAttack+1","TheCursedMod:ReleasedStrength"],"picked":"TheCursedMod:CollectTribute","floor":13},{"not_picked":["TheCursedMod:SpitefulStrike+1","TheCursedMod:Stretching"],"picked":"TheCursedMod:HellfireBreathing","floor":14},{"not_picked":["TheCursedMod:DemonicPact","TheCursedMod:CollectTribute"],"picked":"TheCursedMod:Neurasthenia","floor":16},{"not_picked":["TheCursedMod:FleshFromBone","TheCursedMod:RavingStaff+1"],"picked":"TheCursedMod:RapidMovement+1","floor":18},{"not_picked":["TheCursedMod:Grudge","TheCursedMod:SmokeScreen+1"],"picked":"TheCursedMod:AntiAging","floor":19},{"not_picked":["TheCursedMod:CircleOfFlame","TheCursedMod:Stretching"],"picked":"TheCursedMod:Hemoplague","floor":21},{"not_picked":["TheCursedMod:EmpowerCircles+1","TheCursedMod:TacticalStrike+1"],"picked":"TheCursedMod:Hemoplague+1","floor":23},{"not_picked":["TheCursedMod:CircleOfFlame","TheCursedMod:CursedShiv+1"],"picked":"TheCursedMod:TroublousMinions","floor":24},{"not_picked":["TheCursedMod:CircleOfFocus","TheCursedMod:TroublousMinions"],"picked":"TheCursedMod:FleshFromBone","floor":25},{"not_picked":["TheCursedMod:CursedAmulet","TheCursedMod:SurpriseAttack+1","TheCursedMod:CursedArmor"],"picked":"SKIP","floor":28},{"not_picked":["TheCursedMod:CursedBoomerang+1","TheCursedMod:OutForBlood"],"picked":"TheCursedMod:LuckyCharm","floor":31},{"not_picked":["TheCursedMod:StunningStrike+1","TheCursedMod:OutForBlood"],"picked":"TheCursedMod:CursedRelics+1","floor":33},{"not_picked":["TheCursedMod:FuryStrike+1"],"picked":"SKIP","floor":35},{"not_picked":["TheCursedMod:FuryStrike+1"],"picked":"SKIP","floor":37},{"not_picked":[],"picked":"TheCursedMod:Evocation","floor":38},{"not_picked":[],"picked":"TheCursedMod:Grudge+1","floor":46},{"not_picked":["TheCursedMod:Stigma+1"],"picked":"SKIP","floor":47},{"not_picked":["TheCursedMod:Wield+1"],"picked":"SKIP","floor":48}],"player_experience":496181,"relics_obtained":[{"floor":6,"key":"hubris:ToyBattleship"},{"floor":9,"key":"halation:QuantumPhysicsTextbook"},{"floor":22,"key":"reliquary:Firecrackers"},{"floor":23,"key":"Dota2Spire:AssaultCuirass"},{"floor":28,"key":"Mango"},{"floor":30,"key":"aspiration:Stabinomicon"},{"floor":31,"key":"Oddly Smooth Stone"},{"floor":43,"key":"Dota2Spire:HandOfMidas"},{"floor":47,"key":"Shuriken"}],"event_choices":[{"damage_healed":0,"gold_gain":75,"player_choice":"Gold","damage_taken":11,"max_hp_gain":0,"max_hp_loss":0,"event_name":"betterThird:BetterGoop","floor":3,"gold_loss":0},{"damage_healed":0,"gold_gain":0,"player_choice":"Take Wound","damage_taken":0,"relics_obtained":["Golden Idol"],"max_hp_gain":0,"max_hp_loss":0,"event_name":"Golden Idol","floor":5,"gold_loss":0,"cards_obtained":["Injury"]},{"damage_healed":0,"gold_gain":0,"player_choice":"Traded Relic","damage_taken":0,"relics_obtained":["Nloth\u0027s Gift"],"max_hp_gain":0,"max_hp_loss":0,"event_name":"N\u0027loth","floor":20,"relics_lost":["EVO:Axolotl"],"gold_loss":0},{"damage_healed":0,"gold_gain":0,"player_choice":"Obtained Book","damage_taken":16,"max_hp_gain":0,"max_hp_loss":0,"event_name":"Cursed Tome","floor":30,"gold_loss":0},{"damage_healed":0,"gold_gain":100,"player_choice":"Pray","damage_taken":0,"max_hp_gain":0,"max_hp_loss":0,"event_name":"Golden Shrine","floor":36,"gold_loss":0},{"damage_healed":0,"gold_gain":0,"player_choice":"Leave","damage_taken":0,"max_hp_gain":0,"max_hp_loss":0,"event_name":"conspire:Investor","floor":45,"gold_loss":0}],"is_beta":true,"boss_relics":[{"not_picked":["bronze:MakeshiftBattery","halation:Yufonium"],"picked":"TheCursedMod:OminousMark"},{"not_picked":["aspiration:SilentSkillbook","Runic Pyramid"],"picked":"Busted Crown"}],"items_purged_floors":[12],"is_endless":false,"potions_floor_spawned":[8,11,13,14,16,18,23,33,35,47,48],"ascension_level":0}}