{"host":"g1qzxxy7a24sg3a3","time":1612877828,"event":{"mods":["ATMod(阿瑾Mod)","Act Like it!","Arknights","BaseMod","Conspire","Custom Start","Gensokyo","GungeonMod","Hallownest","Lobotomy","LobotomyExtend","Minty Spire (QoL Compilation)","MostiFishMod","Pale of the Ancients","Reliquary","Replay The Spire","SOS（斯巴达之子）","Shop Mod","Spicy Shops","StSLib","TestMod","The Administrix","The Bug Knight","Waifu the Spire","WarShipGirlsR/战舰少女R mod","[IsaacMod]以撒尖塔","【遗物卡牌】REMEMod","残留之物"],"gold_per_floor":[111,111,131,144,162,162,162,162,162,5,38,38],"floor_reached":11,"language":"ZHS","playtime":478,"items_purged":[],"score":69,"play_id":"879835b9-9c85-4870-861d-08cf1a026e52","local_time":"20210209213708","is_ascension_mode":true,"campfire_choices":[{"data":"AT_FamilyPortrait","floor":6,"key":"SMITH"},{"data":"REME_ACTH","floor":8,"key":"SMITH"}],"circlet_count":0,"master_deck":["Strike_R","Strike_R","Strike_R","Strike_R","Strike_R","Defend_R","Defend_R","Defend_R","Defend_R","Bash","AT_FamilyPortrait+1","REME_ACTH+1","AT_IchimonjiDouble","Pain","Massacre","MostiFishMod:#F4004"],"relics":["Burning Blood","AT_ATBox","DaveBox","testmod-TestBox","REME_ComplimentaryCards","HushsDoor","Damocles","RhineFirstAidKit","testmod-AscensionHeart","NeowsBlessing","testmod-ConstraintPeriapt","SynthV:TestCard","DemoMod:PoisonVial","testmod-OneHitWonder","Mango","DemoMod:GlassGuonStoneRelic","REME_ArchaeologicalTools","Gensokyo:LunaticRedEyes","testmod-ArcanaOfDestiny"],"acts_visited":["Gensokyo:Gensokyo"],"potions_floor_usage":[],"damage_taken":[{"damage":0,"enemies":"Gensokyo:2_Kodama","floor":1,"turns":1},{"damage":0,"enemies":"Gensokyo:3_Fairies","floor":3,"turns":1},{"damage":0,"enemies":"Gensokyo:Python","floor":4,"turns":1},{"damage":43,"enemies":"Gensokyo:LivingMonolith","floor":5,"turns":5},{"damage":2,"enemies":"Gensokyo:Mamizou","floor":11,"turns":2}],"seed_played":"2077377897349776566","potions_obtained":[],"is_trial":false,"path_per_floor":["M","?","M","M","M","R","?","R","T","$","E"],"character_chosen":"IRONCLAD","items_purchased":["Massacre","MostiFishMod:#F4004"],"campfire_rested":0,"item_purchase_floors":[10,10],"current_hp_per_floor":[80,65,71,91,94,94,94,94,94,94,0,0],"gold":38,"neow_bonus":"THREE_ENEMY_KILL","is_daily":false,"chose_seed":false,"campfire_upgraded":2,"win_rate":0.0,"timestamp":1612877828,"path_taken":["M","?","?","M","?","R","?","R","T","$","E"],"items_purchased_type":["Card","Card"],"build_version":"2020-12-22","purchased_purges":0,"victory":false,"max_hp_per_floor":[80,80,80,94,94,94,94,94,94,94,94,94],"card_choices":[{"not_picked":["Armaments","Warcry","Anger"],"picked":"SKIP","floor":1},{"not_picked":["AT_BodySlamDance","ReplayTheSpireMod:Strike From Hell","Run Through","Inflame","Rupture"],"picked":"SKIP","floor":3},{"not_picked":["ReplayTheSpireMod:Strike From Hell","AT_BodySlamDance","Whirlwind","Anger"],"picked":"REME_ACTH","floor":4},{"not_picked":["Clash","Metallicize","Anger","Run Through"],"picked":"AT_IchimonjiDouble","floor":5}],"player_experience":82022,"relics_obtained":[{"floor":1,"key":"testmod-ConstraintPeriapt"},{"floor":1,"key":"SynthV:TestCard"},{"floor":3,"key":"testmod-OneHitWonder"},{"floor":4,"key":"Mango"},{"floor":5,"key":"REME_ArchaeologicalTools"},{"floor":9,"key":"testmod-ArcanaOfDestiny"}],"event_choices":[],"is_beta":false,"boss_relics":[],"items_purged_floors":[],"is_endless":false,"potions_floor_spawned":[],"killed_by":"Gensokyo:Mamizou","ascension_level":2}}