{"host":"b7dyfc527bmrkvbm","time":1612896724,"event":{"mods":["2.2 Compatiblity","Act Like it!","BaseMod","BetterRewards","Conspire","Downfall","Hubris","Infinite Spire","Mimic Mod","Minty Spire (QoL Compilation)","Replay The Spire","Shop Mod","StSLib","The Jungle"],"gold_per_floor":[110,130,30,30,49,49,71,71],"floor_reached":7,"language":"ENG","playtime":672,"items_purged":["infinitespire:Menacing+1"],"score":47,"play_id":"f77ecd52-0030-47d7-9921-6a74eb3a9345","local_time":"20210209135204","is_ascension_mode":true,"campfire_choices":[{"data":"Blizzard","floor":6,"key":"SMITH"}],"circlet_count":0,"master_deck":["infinitespire:Menacing+1","Strike_B","Strike_B","Strike_B","Strike_B","Defend_B","Defend_B","Defend_B","Defend_B","Zap","Dualcast","Melter","Blizzard+1","Glacier","Cold Snap","Self Repair","Coolheaded","Auto Shields","conspire:SpireCoStock","conspire:SpireCoStock"],"relics":["Cracked Core","downfall:ExtraCursedKey","StoneCalendar","MealTicket","hubris:SoftwareUpdate"],"acts_visited":["Exordium"],"potions_floor_usage":[7],"damage_taken":[{"damage":0,"enemies":"Small Slimes","floor":1,"turns":3},{"damage":1,"enemies":"Jaw Worm","floor":2,"turns":4},{"damage":0,"enemies":"Cultist","floor":5,"turns":3},{"damage":66,"enemies":"Gremlin Nob","floor":7,"turns":5}],"seed_played":"-6742230781770247435","potions_obtained":[{"floor":1,"key":"conspire:TimeTravelPotion"},{"floor":2,"key":"Fire Potion"}],"is_trial":false,"path_per_floor":["M","M","?","?","M","R","E"],"character_chosen":"DEFECT","items_purchased":["Glacier","Cold Snap","Self Repair"],"campfire_rested":0,"item_purchase_floors":[0,0,0],"current_hp_per_floor":[37,43,43,40,47,47,0,0],"gold":71,"neow_bonus":"","is_daily":false,"chose_seed":false,"campfire_upgraded":1,"win_rate":0.0,"timestamp":1612896724,"path_taken":["M","M","?","?","M","R","E"],"items_purchased_type":["Card","Card","Card"],"build_version":"2020-12-22","purchased_purges":1,"victory":false,"max_hp_per_floor":[75,75,75,75,75,75,75,75],"card_choices":[{"not_picked":["Steam","Sweeping Beam"],"picked":"Coolheaded","floor":1},{"not_picked":["hubris:Prefetch","Reprogram"],"picked":"Auto Shields","floor":2},{"not_picked":["Panic Button","Streamline","Steam"],"picked":"SKIP","floor":5}],"player_experience":398888,"relics_obtained":[],"event_choices":[{"damage_healed":0,"gold_gain":0,"player_choice":"Invest 2","damage_taken":0,"max_hp_gain":0,"max_hp_loss":0,"event_name":"conspire:Investor","floor":3,"gold_loss":0},{"damage_healed":0,"gold_gain":0,"player_choice":"Success","damage_taken":3,"relics_obtained":["hubris:SoftwareUpdate"],"max_hp_gain":0,"max_hp_loss":0,"event_name":"Scrap Ooze","floor":4,"gold_loss":0}],"is_beta":false,"boss_relics":[],"items_purged_floors":[0],"is_endless":false,"potions_floor_spawned":[1,2],"killed_by":"Gremlin Nob","ascension_level":3}}