{"host":"b7dyfc527bmrkvbm","time":1612869137,"event":{"mods":["2.2 Compatiblity","Act Like it!","BaseMod","BetterRewards","Conspire","Downfall","Hubris","Infinite Spire","Mimic Mod","Minty Spire (QoL Compilation)","Replay The Spire","Shop Mod","StSLib","The Jungle"],"gold_per_floor":[99,116,130,148,166,186,213,224,243,277,277,288,288,302,320,424,424,424,435,448,448,493,506,554,554,554,554],"floor_reached":25,"language":"ENG","playtime":3932,"items_purged":[],"score":286,"play_id":"ee54eefe-6495-4ee7-a896-7e46d9250b56","local_time":"20210209061217","is_ascension_mode":false,"campfire_choices":[{"data":"conspire:Banana","floor":1,"key":"SMITH"},{"data":"hexamod:EtherealExpedition","floor":13,"key":"SMITH"},{"floor":18,"key":"RECALL"}],"circlet_count":0,"master_deck":["hexamod:Strike","hexamod:Strike+1","hexamod:Strike","hexamod:Strike","hexamod:Defend","hexamod:Defend+1","hexamod:Defend","hexamod:Defend","hexamod:Sear","hexamod:Float","conspire:Banana+1","hexamod:ThirdSeal","hexamod:GhostOfSpireFuture","hexamod:EtherealExpedition+1","hexamod:SpectersWail","hexamod:RadiantFlame","hexamod:VolcanoVisage+1","hexamod:HauntingEcho+1","hexamod:SpectersWail","hexamod:Hexaguard","hexamod:NightmareStrike+1","hexamod:GhostLash","hexamod:GhostOfSpirePresent+1","hexamod:FlamesFromBeyond","hexamod:GhostOfSpireFuture","hexamod:FourthSeal","hexamod:FifthSeal","hexamod:TimeOfNeed","hexamod:FlamesFromBeyond+1","hexamod:SixthSeal","hexamod:FastForward","hexamod:SixthSeal","hexamod:FirstSeal","hexamod:GhostShield","hexamod:RetreatToShadows","hexamod:SecondSeal","hexamod:FastForward"],"relics":["hexamod:SpiritBrand","Toy Ornithopter","Smiling Mask","Gambling Chip","conspire:RunicOctahedron","infinitespire:Lucky Rock"],"acts_visited":["Exordium","TheCity"],"potions_floor_usage":[16,16,20,20,22,22,22,23,25],"damage_taken":[{"damage":1,"enemies":"Jaw Worm","floor":2,"turns":3},{"damage":1,"enemies":"2 Louse","floor":3,"turns":3},{"damage":1,"enemies":"Small Slimes","floor":4,"turns":5},{"damage":7,"enemies":"2 Fungi Beasts","floor":5,"turns":5},{"damage":7,"enemies":"Lots of Slimes","floor":6,"turns":4},{"damage":0,"enemies":"Large Slime","floor":8,"turns":3},{"damage":12,"enemies":"Blue Slaver","floor":9,"turns":4},{"damage":22,"enemies":"Lagavulin","floor":10,"turns":6},{"damage":5,"enemies":"2 Fungi Beasts","floor":12,"turns":3},{"damage":16,"enemies":"Exordium Wildlife","floor":14,"turns":4},{"damage":9,"enemies":"Large Slime","floor":15,"turns":5},{"damage":3,"enemies":"SI_SHIV_ARCHETYPE","floor":16,"turns":6},{"damage":27,"enemies":"Spheric Guardian","floor":19,"turns":6},{"damage":0,"enemies":"Chosen","floor":20,"turns":3},{"damage":26,"enemies":"conspire:MimicChest","floor":22,"turns":11},{"damage":20,"enemies":"Snecko","floor":23,"turns":6},{"damage":17,"enemies":"3 Cultists","floor":24,"turns":10},{"damage":49,"enemies":"Gremlin Leader","floor":25,"turns":3}],"seed_played":"3527672649493267451","potions_obtained":[{"floor":3,"key":"sneckomod:MuddlingPotion"},{"floor":4,"key":"Elixir"},{"floor":8,"key":"Adrenaline Potion"},{"floor":16,"key":"Reflective Coating"},{"floor":19,"key":"Weak Potion"},{"floor":19,"key":"Energy Potion"},{"floor":20,"key":"DuplicationPotion"},{"floor":20,"key":"Guardian:BlockOnCardUsePotion"},{"floor":22,"key":"PowerPotion"},{"floor":24,"key":"Strength Potion"}],"is_trial":false,"path_per_floor":["R","M","M","M","M","M","T","M","M","E","?","M","R","M","M","B",null,"R","M","M","?","?","M","MIM","E"],"character_chosen":"THE_SPIRIT","items_purchased":[],"campfire_rested":0,"item_purchase_floors":[],"current_hp_per_floor":[70,71,72,73,68,63,63,65,55,35,35,30,30,16,9,18,92,92,67,79,60,60,47,39,0,0,0],"gold":554,"neow_bonus":"RANDOM_COLORLESS","is_daily":false,"chose_seed":false,"campfire_upgraded":2,"win_rate":0.0,"timestamp":1612869137,"path_taken":["R","M","M","M","M","M","T","M","M","E","?","M","R","M","M","BOSS","R","M","M","?","?","M","MIM","E"],"items_purchased_type":[],"build_version":"2020-12-22","purchased_purges":0,"victory":false,"max_hp_per_floor":[70,72,74,76,78,80,80,82,84,86,86,86,86,88,90,92,92,92,94,96,101,105,107,109,111,111,111],"card_choices":[{"not_picked":["Replay:Sssssssssstrike","Impatience"],"picked":"conspire:Banana","floor":0},{"not_picked":["hexamod:AdvancingGuard","hexamod:NightmareGuise"],"picked":"hexamod:ThirdSeal","floor":2},{"not_picked":["hexamod:BurningTouch","hexamod:ThermalTransfer"],"picked":"hexamod:GhostOfSpireFuture","floor":3},{"not_picked":["hexamod:BacktrackSmack","hexamod:BurningTouch","hexamod:Again"],"picked":"SKIP","floor":3},{"not_picked":["hexamod:HeatCrush","hexamod:GhostShield"],"picked":"hexamod:EtherealExpedition","floor":4},{"not_picked":["hexamod:AdvancingGuard","hexamod:NightmareGuise"],"picked":"hexamod:SpectersWail","floor":4},{"not_picked":["hexamod:ShieldOfDarkness","hexamod:NightmareGuise"],"picked":"hexamod:RadiantFlame","floor":5},{"not_picked":["hexamod:FastForward","hexamod:SwordOfDarkness"],"picked":"hexamod:VolcanoVisage","floor":5},{"not_picked":["hexamod:GhostflameBarrier","hexamod:BacktrackSmack"],"picked":"hexamod:HauntingEcho","floor":6},{"not_picked":["hexamod:SwordOfDarkness","hexamod:BurningTouch"],"picked":"hexamod:SpectersWail","floor":6},{"not_picked":["hexamod:ExtraCrispy","hexamod:SoulSteal","hexamod:GhostLash"],"picked":"SKIP","floor":8},{"not_picked":["hexamod:GhostLash","hexamod:HauntingEcho"],"picked":"hexamod:Hexaguard","floor":9},{"not_picked":["hexamod:BurningTouch","hexamod:HauntingEcho"],"picked":"hexamod:NightmareStrike","floor":9},{"not_picked":["hexamod:ChargedBarrage","hexamod:EtherealExpedition"],"picked":"hexamod:GhostLash","floor":10},{"not_picked":["hexamod:BurningTouch","hexamod:ChargedBarrage"],"picked":"hexamod:GhostOfSpirePresent","floor":10},{"not_picked":["hexamod:BacktrackSmack","hexamod:ChargedBarrage"],"picked":"hexamod:FlamesFromBeyond","floor":12},{"not_picked":["hexamod:InspiringFlames","hexamod:ThirdSeal"],"picked":"hexamod:GhostOfSpireFuture","floor":14},{"not_picked":["hexamod:StepThrough","hexamod:BurningTouch","hexamod:Firestarter"],"picked":"SKIP","floor":14},{"not_picked":["hexamod:SwordOfDarkness","hexamod:GhostOfSpirePast"],"picked":"hexamod:FourthSeal","floor":15},{"not_picked":["hexamod:SearingWound","hexamod:UnlimitedPower"],"picked":"hexamod:FifthSeal","floor":16},{"not_picked":["hexamod:GhostOfSpirePresent","hexamod:HexaLevel"],"picked":"hexamod:TimeOfNeed","floor":16},{"not_picked":["hexamod:SpectersWail","hexamod:Again"],"picked":"hexamod:FlamesFromBeyond+1","floor":19},{"not_picked":["hexamod:FourthSeal","hexamod:FirstSeal"],"picked":"hexamod:SixthSeal","floor":19},{"not_picked":["hexamod:GhostLash","hexamod:SwordOfDarkness"],"picked":"hexamod:FastForward","floor":19},{"not_picked":["hexamod:AdvancingGuard+1","hexamod:BacktrackSmack"],"picked":"hexamod:SixthSeal","floor":20},{"not_picked":["hexamod:ThirdSeal","hexamod:FourthSeal"],"picked":"hexamod:FirstSeal","floor":20},{"not_picked":["hexamod:ShieldOfDarkness","hexamod:RetreatToShadows"],"picked":"hexamod:GhostShield","floor":20},{"not_picked":["hexamod:BacktrackSmack","hexamod:PhantomCloak"],"picked":"hexamod:RetreatToShadows","floor":22},{"not_picked":["hexamod:SixthSeal","hexamod:FourthSeal"],"picked":"hexamod:SecondSeal","floor":23},{"not_picked":["hexamod:HeatCrush","hexamod:GhostLash+1"],"picked":"hexamod:FastForward","floor":23},{"not_picked":["hexamod:AdvancingGuard","hexamod:ExtraCrispy","hexamod:InspiringFlames"],"picked":"SKIP","floor":23}],"player_experience":358688,"relics_obtained":[{"floor":7,"key":"Toy Ornithopter"},{"floor":10,"key":"Smiling Mask"},{"floor":11,"key":"Gambling Chip"},{"floor":22,"key":"infinitespire:Lucky Rock"}],"event_choices":[],"is_beta":false,"boss_relics":[{"not_picked":["Sozu","hubris:RunicObelisk"],"picked":"conspire:RunicOctahedron"}],"items_purged_floors":[],"is_endless":false,"potions_floor_spawned":[3,4,8,10,15,19,20],"killed_by":"Gremlin Leader","ascension_level":0}}