{"host":"o6nndy8fvkon49s1","time":1612835501,"event":{"mods":["BaseMod","CapriCore","Hermit","Marisa????????","Minty Spire (QoL Compilation)","Prisma Mod","StSLib","Td1madao Mod","The Administrix","The Fake Hero","The Forsaken","The Immortal","The Marked","The Necromancer","The Servant 0.9.4"],"gold_per_floor":[515,525,157,157,170,186,186,186,212,223,236,249,268,278,278,278,278],"floor_reached":16,"language":"ENG","playtime":619,"items_purged":["luka_mod:Surrender"],"score":98,"play_id":"d432543c-822c-4222-a8dc-2830536c29c4","local_time":"20210208195141","is_ascension_mode":false,"campfire_choices":[{"data":"luka_mod:Intense","floor":8,"key":"SMITH"},{"data":"luka_mod:StrikeLukaOne","floor":15,"key":"SMITH"}],"circlet_count":0,"master_deck":["luka_mod:StrikeLukaOne+1","luka_mod:StrikeLukaTwo","luka_mod:StrikeLukaThree","luka_mod:StrikeLukaFour","luka_mod:StrikeLukaFive","luka_mod:StrikeLukaSix","luka_mod:Salt","luka_mod:Guard","luka_mod:Wait","luka_mod:Edging","luka_mod:FlailWildly","luka_mod:Meditation","Finesse","luka_mod:BladeOfRagingFire","luka_mod:PrayToIlias","luka_mod:Intense+1","luka_mod:BladeOfRagingFire","luka_mod:Undine"],"relics":["luka_mod:KeepsakeRing","Regal Pillow","Anchor"],"acts_visited":["Exordium"],"potions_floor_usage":[6,16,16],"damage_taken":[{"damage":4,"enemies":"2 Louse","floor":1,"turns":2},{"damage":13,"enemies":"Jaw Worm","floor":2,"turns":4},{"damage":6,"enemies":"Cultist","floor":5,"turns":4},{"damage":26,"enemies":"Exordium Thugs","floor":6,"turns":5},{"damage":25,"enemies":"2 Fungi Beasts","floor":10,"turns":5},{"damage":28,"enemies":"Large Slime","floor":11,"turns":6},{"damage":2,"enemies":"Blue Slaver","floor":12,"turns":4},{"damage":0,"enemies":"2 Fungi Beasts","floor":13,"turns":4},{"damage":10,"enemies":"Red Slaver","floor":14,"turns":4},{"damage":111,"enemies":"Slime Boss","floor":16,"turns":17}],"seed_played":"3056971972841933591","potions_obtained":[{"floor":1,"key":"BlessingOfTheForge"},{"floor":2,"key":"ColorlessPotion"},{"floor":11,"key":"DistilledChaos"}],"is_trial":false,"path_per_floor":["M","M","$","?","M","M","?","R","T","M","M","M","M","M","R","B"],"character_chosen":"LUKA_CLASS","items_purchased":["Regal Pillow","FairyPotion","Explosive Potion"],"campfire_rested":0,"item_purchase_floors":[3,3,3],"current_hp_per_floor":[36,38,38,38,32,26,26,26,26,27,12,30,30,30,30,0,0],"gold":278,"neow_bonus":"RANDOM_COLORLESS","is_daily":false,"chose_seed":false,"campfire_upgraded":2,"win_rate":0.0,"timestamp":1612835501,"path_taken":["M","M","$","?","M","M","?","R","T","M","?","M","M","M","R","BOSS"],"items_purchased_type":["Relic","Potion","Potion"],"build_version":"2020-12-22","purchased_purges":1,"victory":false,"max_hp_per_floor":[40,40,40,40,40,40,40,40,40,40,40,40,40,40,40,40,40],"card_choices":[{"not_picked":["Trip","Swift Strike"],"picked":"Finesse","floor":0},{"not_picked":["luka_mod:HeavenlyDemonRevival","luka_mod:WaterSlash"],"picked":"luka_mod:BladeOfRagingFire","floor":1},{"not_picked":["luka_mod:TouchFluffyTail","luka_mod:BegIlias"],"picked":"luka_mod:PrayToIlias","floor":2},{"not_picked":["luka_mod:EarthSlash","luka_mod:BladeOfHowlingWind"],"picked":"luka_mod:Intense","floor":5},{"not_picked":["luka_mod:ThunderThrust","luka_mod:Sara"],"picked":"luka_mod:BladeOfRagingFire","floor":6},{"not_picked":["luka_mod:BegIlias","luka_mod:Determination","luka_mod:HeavenlyDemonRevival"],"picked":"SKIP","floor":10},{"not_picked":["luka_mod:CriticalHit","luka_mod:AlicesGuard"],"picked":"luka_mod:Undine","floor":11},{"not_picked":["luka_mod:EarthSlash","luka_mod:HeroicStrike","luka_mod:StressRelief"],"picked":"SKIP","floor":12},{"not_picked":["luka_mod:EarthSlash","luka_mod:Overexert","luka_mod:Request"],"picked":"SKIP","floor":13},{"not_picked":["luka_mod:GuardedStrike","luka_mod:SealingStrike","luka_mod:HeroicStrike"],"picked":"SKIP","floor":14}],"player_experience":219656,"relics_obtained":[{"floor":9,"key":"Anchor"}],"event_choices":[{"damage_healed":0,"gold_gain":0,"player_choice":"Ignored","damage_taken":0,"max_hp_gain":0,"max_hp_loss":0,"event_name":"Liars Game","floor":7,"gold_loss":0}],"is_beta":false,"boss_relics":[],"items_purged_floors":[3],"is_endless":false,"potions_floor_spawned":[1,2,11,13],"killed_by":"Slime Boss","ascension_level":0}}