{"host":"sav7uxregyirlf69","time":1612879377,"event":{"mods":["AchievementEnabler","BaseMod","Colored Map","DeckTracker","Keyboard Shortcuts","Minty Spire (QoL Compilation)","READ ME - Guardian Mod","StSLib","SuperFastMode"],"gold_per_floor":[118,118,133,83,98,98,116,126,180,180,196,196,228,241,241,318,318,328,328,328,347,437,469,469,479,506,53,53,53,92,40,40,123,123,151,167,181,456,204,204,238,257,326,326,326],"floor_reached":44,"language":"KOR","playtime":688,"items_purged":[],"score":1031,"play_id":"209b7c2d-d564-4559-93ca-009b7e9ed408","local_time":"20210209230257","is_ascension_mode":true,"campfire_choices":[{"data":"Perfected Strike","floor":6.0,"key":"SMITH"},{"data":"Pommel Strike","floor":10.0,"key":"SMITH"},{"data":"Battle Trance","floor":12.0,"key":"SMITH"},{"data":"Disarm","floor":15.0,"key":"SMITH"},{"data":"Perfected Strike","floor":24.0,"key":"SMITH"},{"data":"Shockwave","floor":28,"key":"SMITH"},{"data":"Immolate","floor":32,"key":"SMITH"},{"data":"Demon Form","floor":40,"key":"SMITH"}],"circlet_count":0,"master_deck":["AscendersBane","Strike_R","Strike_R","Strike_R","Strike_R","Strike_R","Defend_R","Defend_R","Defend_R","Defend_R","Bash","Perfected Strike+1","Flame Barrier","Pommel Strike+1","Cleave","Battle Trance+1","Disarm+1","Immolate+1","Perfected Strike+1","Shockwave+1","Entrench","Twin Strike","Wild Strike","Heavy Blade+1","Demon Form+1","Juggernaut","Pommel Strike+1","Dark Embrace","Pommel Strike","Carnage","Sentinel+1","Shockwave"],"relics":["Burning Blood","NeowsBlessing","The Courier","Lantern","Anchor","Incense Burner","Snecko Eye","Enchiridion","MutagenicStrength","Juzu Bracelet","Omamori","CeramicFish","Happy Flower","Strawberry","Vajra","SlaversCollar","Nunchaku","Ancient Tea Set"],"acts_visited":["Exordium","TheCity","TheBeyond"],"potions_floor_usage":[33,44],"damage_taken":[{"damage":0.0,"enemies":"Cultist","floor":1.0,"turns":1.0},{"damage":0.0,"enemies":"Small Slimes","floor":3.0,"turns":2.0},{"damage":0.0,"enemies":"Jaw Worm","floor":5.0,"turns":1.0},{"damage":6.0,"enemies":"Looter","floor":7.0,"turns":3.0},{"damage":6.0,"enemies":"Red Slaver","floor":8.0,"turns":3.0},{"damage":0.0,"enemies":"2 Fungi Beasts","floor":11.0,"turns":2.0},{"damage":8.0,"enemies":"Gremlin Nob","floor":13.0,"turns":3.0},{"damage":8.0,"enemies":"Exordium Thugs","floor":14.0,"turns":4.0},{"damage":1.0,"enemies":"The Guardian","floor":16.0,"turns":14.0},{"damage":0.0,"enemies":"2 Thieves","floor":18.0,"turns":2.0},{"damage":0.0,"enemies":"Spheric Guardian","floor":21.0,"turns":3.0},{"damage":5.0,"enemies":"Slavers","floor":23.0,"turns":3.0},{"damage":0.0,"enemies":"Centurion and Healer","floor":25.0,"turns":4.0},{"damage":0,"enemies":"Gremlin Leader","floor":30,"turns":3},{"damage":16,"enemies":"Collector","floor":33,"turns":5},{"damage":7,"enemies":"3 Darklings","floor":35,"turns":3},{"damage":14,"enemies":"3 Shapes","floor":36,"turns":6},{"damage":23,"enemies":"Sphere and 2 Shapes","floor":37,"turns":4},{"damage":40,"enemies":"Giant Head","floor":41,"turns":6},{"damage":12,"enemies":"Writhing Mass","floor":42,"turns":5},{"damage":31,"enemies":"Spire Growth","floor":44,"turns":3}],"seed_played":"5839990873543632960","potions_obtained":[{"floor":7.0,"key":"DistilledChaos"},{"floor":11.0,"key":"PowerPotion"},{"floor":16.0,"key":"Dexterity Potion"},{"floor":36,"key":"ElixirPotion"},{"floor":41,"key":"BloodPotion"}],"is_trial":false,"path_per_floor":["M","?","M","?","M","R","M","M","T","R","M","R","E","M","R","B",null,"M","?","?","M","?","E","R","M","T","$","R","?","E","$","R","B",null,"M","M","M","?","$","R","E","M","T","M"],"character_chosen":"IRONCLAD","items_purchased":["CeramicFish","Happy Flower","Twin Strike","Wild Strike","Strawberry","Demon Form","Dark Embrace","Pommel Strike","Carnage","Nunchaku"],"campfire_rested":0,"item_purchase_floors":[27,27,27,27,27,31,39,39,39,39],"current_hp_per_floor":[74,56,62,62,68,68,68,68,68,68,74,74,72,70,70,75,75,75,54,54,60,48,49,49,55,55,62,62,62,68,68,68,58,76,75,67,50,50,50,50,16,10,10,0,0],"gold":326,"neow_bonus":"THREE_ENEMY_KILL","is_daily":false,"chose_seed":false,"campfire_upgraded":8,"win_rate":0.0,"timestamp":1612879377,"path_taken":["M","?","M","?","?","R","M","M","T","R","M","R","E","M","R","BOSS","M","?","?","M","?","E","R","M","T","$","R","?","E","$","R","BOSS","M","M","M","?","?","R","E","M","T","M"],"items_purchased_type":["Relic","Relic","Card","Card","Relic","Card","Card","Card","Card","Relic"],"build_version":"2020-12-22","purchased_purges":0,"victory":false,"max_hp_per_floor":[75,75,75,75,75,75,75,75,75,75,75,75,75,75,75,75,75,75,75,75,75,75,75,75,75,75,82,82,82,82,82,82,82,82,82,82,82,82,82,82,82,82,82,82,82],"card_choices":[{"not_picked":["True Grit","Sword Boomerang"],"picked":"Perfected Strike","floor":1.0},{"not_picked":["True Grit","Feel No Pain"],"picked":"Flame Barrier","floor":3.0},{"not_picked":["Inflame","Heavy Blade"],"picked":"Pommel Strike","floor":5.0},{"not_picked":["Fire Breathing","Headbutt"],"picked":"Cleave","floor":7.0},{"not_picked":["True Grit","Warcry"],"picked":"Battle Trance","floor":8.0},{"not_picked":["Body Slam","Combust","Whirlwind"],"picked":"SKIP","floor":11.0},{"not_picked":["Infernal Blade","Sword Boomerang","True Grit"],"picked":"SKIP","floor":13.0},{"not_picked":["Anger","Spot Weakness"],"picked":"Disarm","floor":14.0},{"not_picked":["Juggernaut","Bludgeon"],"picked":"Immolate","floor":16.0},{"not_picked":["Clash","Rupture"],"picked":"Perfected Strike","floor":18.0},{"not_picked":["Dropkick","Havoc","Anger"],"picked":"SKIP","floor":21.0},{"not_picked":["Burning Pact","Evolve"],"picked":"Shockwave","floor":23.0},{"not_picked":["Headbutt","Thunderclap"],"picked":"Entrench","floor":25.0},{"not_picked":["Thunderclap","Sword Boomerang"],"picked":"Heavy Blade+1","floor":30},{"not_picked":["Feed","Limit Break"],"picked":"Juggernaut","floor":33},{"not_picked":["Uppercut+1","Thunderclap"],"picked":"Pommel Strike+1","floor":35},{"not_picked":["Wild Strike","Ghostly Armor","Anger"],"picked":"SKIP","floor":36},{"not_picked":["Clash","Sword Boomerang","True Grit+1"],"picked":"SKIP","floor":37},{"not_picked":["Sword Boomerang","Anger"],"picked":"Sentinel+1","floor":41},{"not_picked":["Twin Strike","Iron Wave+1"],"picked":"Shockwave","floor":42}],"player_experience":1544916,"relics_obtained":[{"floor":9.0,"key":"Anchor"},{"floor":13.0,"key":"Incense Burner"},{"floor":19.0,"key":"Enchiridion"},{"floor":23.0,"key":"Juzu Bracelet"},{"floor":26.0,"key":"Omamori"},{"floor":30,"key":"Vajra"},{"floor":41,"key":"Ancient Tea Set"}],"event_choices":[{"damage_healed":0.0,"max_hp_gain":0.0,"max_hp_loss":0.0,"gold_gain":0.0,"event_name":"Scrap Ooze","player_choice":"Success","floor":2.0,"gold_loss":0.0,"damage_taken":18.0,"relics_obtained":["The Courier"]},{"damage_healed":0.0,"max_hp_gain":0.0,"max_hp_loss":0.0,"gold_gain":0.0,"event_name":"WeMeetAgain","player_choice":"Paid Gold","floor":4.0,"gold_loss":50.0,"damage_taken":0.0,"relics_obtained":["Lantern"]},{"damage_healed":0.0,"max_hp_gain":0.0,"max_hp_loss":0.0,"gold_gain":0.0,"event_name":"Cursed Tome","player_choice":"Obtained Book","floor":19.0,"gold_loss":0.0,"damage_taken":21.0},{"damage_healed":0.0,"max_hp_gain":0.0,"max_hp_loss":0.0,"gold_gain":0.0,"event_name":"Drug Dealer","player_choice":"Inject Mutagens","floor":20.0,"gold_loss":0.0,"damage_taken":0.0,"relics_obtained":["MutagenicStrength"]},{"damage_healed":0.0,"max_hp_gain":0.0,"max_hp_loss":0.0,"gold_gain":90.0,"event_name":"Knowing Skull","player_choice":"GOLD ","floor":22.0,"potions_obtained":[],"gold_loss":0.0,"damage_taken":12.0,"cards_obtained":[]},{"damage_healed":0,"gold_gain":0,"player_choice":"Ignored","damage_taken":0,"max_hp_gain":0,"max_hp_loss":0,"event_name":"Ghosts","floor":29,"gold_loss":0},{"damage_healed":0,"gold_gain":275,"player_choice":"Desecrate","damage_taken":0,"max_hp_gain":0,"max_hp_loss":0,"event_name":"Golden Shrine","floor":38,"gold_loss":0,"cards_obtained":["Regret"]}],"is_beta":false,"boss_relics":[{"not_picked":["Calling Bell","Black Blood"],"picked":"Snecko Eye"},{"not_picked":["SacredBark","Mark of Pain"],"picked":"SlaversCollar"}],"items_purged_floors":[],"is_endless":false,"potions_floor_spawned":[7,11,13,14,16,25,30,36,41],"killed_by":"Spire Growth","ascension_level":20}}