{"host":"mijx6czmnk03eucy","time":1612866923,"event":{"mods":["Aspiration","BaseMod","Better Altar","Better Skull","Better Third Choice","Better-Laid Plans","BetterRewards","Bossed Relics","Challenge The Spire","Colored Map","Colored Powertips","Conspire","Curses Come First","Debug Mod","Disable Question Mark Monsters","Displayed Cursed Tome","Energized Spire","Evolution","Force Act Four","Fox Events","GifTheSpireLib","Googly Eyes","Hermit","Highlight Path","Hubris","Infinite Spire","Jedi Mod","JesterMod","Mimic Mod","Minty Spire (QoL Compilation)","Quick Restart","Rare Cards Sparkle","Relic Filter","Relic Stats","Reliquary","Replay The Spire","SacredBarkPlus","Spicy Shops","Spire Arcade","StS++","StSLib","Stuff the Spire","The Blue Laboratory","The Jungle","Uncapped","Wandering Minibosses","Wide Potions"],"gold_per_floor":[115,115,115,132,3,3,36,55,55,72,21,21,56,74,74,175,175,189,213,213,213,226,226,236,236,284,316,316,331,345,345,345,441,441,460,460,544,544,565,609,609,640,640,75,75,104,33,52,52,52],"floor_reached":51,"language":"ENG","playtime":3199,"items_purged":["Injury","ReplayTheSpireMod:Splinters"],"score":1185,"play_id":"881ba23f-ac3d-46d9-b908-4abfac1cf6c7","local_time":"20210209103523","is_ascension_mode":true,"campfire_choices":[{"data":"StuffTheSpire:Innocence","floor":6,"key":"SMITH"},{"data":"StSpp:MuscleMemory","floor":15,"key":"SMITH"},{"data":"Berserk","floor":23,"key":"SMITH"},{"data":"Shockwave","floor":25,"key":"SMITH"},{"data":"jedi:MakeshiftSword","floor":41,"key":"SMITH"},{"data":"wanderingMiniBosses:FinaleOfPromise","floor":45,"key":"SMITH"},{"data":"Bash","floor":49,"key":"SMITH"}],"circlet_count":0,"master_deck":["Strike_R","Strike_R","Defend_R","Defend_R","Defend_R","Bash+1","StSpp:MuscleMemory+1","StuffTheSpire:Innocence+1","StuffTheSpire:Incineration+1","Cleave+1","Run Through+1","Anger+1","Shockwave+1","Berserk+1","StuffTheSpire:Slingshot+1","Replay:Undeath\u0027s Touch+1","StuffTheSpire:Incineration+1","StSpp:PoisonousPunch+1","StuffTheSpire:Injection+1","Dash+1","Carnage+1","Demonic Infusion","wanderingMiniBosses:FinaleOfPromise+1","Anger+1","Pommel Strike+1","StSpp:MuscleMemory+1","jedi:MakeshiftSword+1","jedi:MakeshiftSword+1","Mind Blast+1","StuffTheSpire:Innocence+1","StuffTheSpire:Slingshot+1","jedi:MakeshiftSword+1"],"relics":["Black Blood","EVO:Axolotl","aspiration:Nostalgia","infinitespire:DarkRift","Molten Egg 2","infinitespire:Beetle Shell","Happy Flower","Magic Flower","Ginger","Potion Belt","aspiration:Stabinomicon","Anchor","Pondfish Scales","hubris:HollowSoul","wanderingMiniBosses:Blackblade","aspiration:HummingbirdHeart","CeramicFish","Pen Nib","hubris:DeckOfHolding","Frozen Egg 2","DollysMirror"],"acts_visited":["Exordium","TheCity","TheBeyond"],"potions_floor_usage":[13,27,27,39,40,40,40,40,50],"damage_taken":[{"damage":6,"enemies":"Jaw Worm","floor":1,"turns":5},{"damage":0,"enemies":"Small Slimes","floor":4,"turns":3},{"damage":14,"enemies":"Gremlin Nob","floor":7,"turns":4},{"damage":0,"enemies":"2 Louse","floor":8,"turns":2},{"damage":18,"enemies":"Red Slaver","floor":10,"turns":5},{"damage":5,"enemies":"3 Sentries","floor":13,"turns":4},{"damage":2,"enemies":"Looter","floor":14,"turns":3},{"damage":37,"enemies":"Slime Boss","floor":16,"turns":9},{"damage":11,"enemies":"Shell Parasite","floor":18,"turns":3},{"damage":15,"enemies":"Chosen","floor":22,"turns":5},{"damage":36,"enemies":"Snake Plant","floor":24,"turns":3},{"damage":5,"enemies":"Book of Stabbing","floor":27,"turns":5},{"damage":0,"enemies":"Snecko","floor":29,"turns":3},{"damage":1,"enemies":"Centurion and Healer","floor":30,"turns":5},{"damage":57,"enemies":"Pondfish","floor":33,"turns":6},{"damage":69,"enemies":"3 Shapes","floor":35,"turns":9},{"damage":0,"enemies":"Orb Walker","floor":39,"turns":2},{"damage":0,"enemies":"Reptomancer","floor":40,"turns":3},{"damage":22,"enemies":"R_Hoarder","floor":42,"turns":7},{"damage":14,"enemies":"Transient","floor":46,"turns":5},{"damage":2,"enemies":"Maw","floor":48,"turns":4},{"damage":8,"enemies":"hubris:GrandSnecko","floor":50,"turns":6}],"seed_played":"7471616389590449005","potions_obtained":[{"floor":4,"key":"blueLaboratory:AbyssPotion"},{"floor":7,"key":"FearPotion"},{"floor":14,"key":"SpeedPotion"},{"floor":18,"key":"blueLaboratory:FrostheartPotion"},{"floor":24,"key":"blueLaboratory:StoneskinPotion"},{"floor":27,"key":"blueLaboratory:PhilterOfMotion"},{"floor":33,"key":"blueLaboratory:HummingbirdPotion"},{"floor":35,"key":"Elixir"},{"floor":37,"key":"blueLaboratory:ImpenetrablePotion"},{"floor":37,"key":"infinitespire:BlackPotion"},{"floor":38,"key":"blueLaboratory:LimitlessPotion"},{"floor":38,"key":"blueLaboratory:SavagePotion"},{"floor":38,"key":"Block Potion"},{"floor":46,"key":"blueLaboratory:Moonshine"}],"is_trial":false,"path_per_floor":["M","?","?","M","$","R","E","M","T","M","$","?","E","M","R","B",null,"M","T","?","?","M","R","M","R","T","E","?","M","M","?","R_BF","B",null,"M","T","?","?","M","E","R","E","T","$","R","M","$","M","R","B",null],"character_chosen":"IRONCLAD","items_purchased":["Cleave+1","Anger+1","jedi:MakeshiftSword+1","Mind Blast+1","DollysMirror","jedi:MakeshiftSword+1"],"campfire_rested":0,"item_purchase_floors":[5,11,44,44,44,47],"current_hp_per_floor":[80,73,73,79,79,79,71,77,77,65,65,65,69,76,76,48,72,79,79,63,63,66,66,48,48,48,61,61,79,80,80,80,41,70,19,19,19,19,37,55,55,51,51,51,51,55,55,71,71,80],"gold":52,"neow_bonus":"NOSTALGIA","is_daily":false,"chose_seed":false,"campfire_upgraded":7,"win_rate":0.0,"timestamp":1612866923,"path_taken":["M","?","?","M","$","R","E","M","T","M","$","?","E","M","R","BOSS","M","?","?","?","?","R","M","R","T","E","?","M","M","?","R_BF","BOSS","M","?","?","?","?","E","R","E","T","?","R","M","?","M","R","BOSS"],"items_purchased_type":["Card","Card","Card","Card","Relic","Card"],"build_version":"2020-12-22","purchased_purges":2,"victory":true,"max_hp_per_floor":[80,80,80,80,80,80,80,80,80,80,80,80,80,80,80,80,80,80,80,80,80,80,80,80,80,80,80,80,80,80,80,80,80,80,80,80,80,80,80,80,80,80,80,80,80,80,80,80,80,80],"relic_stats":{"Happy Flower":[29],"counters":[22,101],"CeramicFish":72,"Black Blood":292,"Magic Flower":[86],"Pen Nib":[5],"Ginger":[6],"obtain_stats":[{"Potion Belt":19,"Happy Flower":9,"aspiration:Nostalgia":0,"CeramicFish":37,"Magic Flower":12,"Black Blood":17,"infinitespire:Beetle Shell":7,"hubris:HollowSoul":34,"Pen Nib":40,"aspiration:Stabinomicon":20,"aspiration:HummingbirdHeart":36,"EVO:Axolotl":0,"Ginger":13,"Frozen Egg 2":43,"Burning Blood":0,"infinitespire:DarkRift":0,"Anchor":26,"Pondfish Scales":27,"wanderingMiniBosses:Blackblade":35,"DollysMirror":44,"Molten Egg 2":3,"hubris:DeckOfHolding":42},{"Potion Belt":9,"Happy Flower":4,"aspiration:Nostalgia":0,"CeramicFish":16,"Magic Flower":5,"Black Blood":8,"infinitespire:Beetle Shell":3,"hubris:HollowSoul":15,"Pen Nib":18,"aspiration:Stabinomicon":9,"aspiration:HummingbirdHeart":16,"EVO:Axolotl":0,"Ginger":6,"Frozen Egg 2":19,"Burning Blood":0,"infinitespire:DarkRift":0,"Anchor":11,"Pondfish Scales":12,"wanderingMiniBosses:Blackblade":16,"DollysMirror":19,"Molten Egg 2":1,"hubris:DeckOfHolding":19},{"Potion Belt":38,"Happy Flower":14,"aspiration:Nostalgia":0,"CeramicFish":74,"Magic Flower":19,"Black Blood":35,"infinitespire:Beetle Shell":12,"hubris:HollowSoul":65,"Pen Nib":79,"aspiration:Stabinomicon":38,"aspiration:HummingbirdHeart":74,"EVO:Axolotl":0,"Ginger":23,"Frozen Egg 2":86,"Burning Blood":0,"infinitespire:DarkRift":0,"Anchor":46,"Pondfish Scales":51,"wanderingMiniBosses:Blackblade":74,"DollysMirror":86,"Molten Egg 2":5,"hubris:DeckOfHolding":86}]},"card_choices":[{"not_picked":["StSpp:TheBiggerTheyAre","Clothesline"],"picked":"StSpp:MuscleMemory","floor":1},{"not_picked":["Wild Strike+1","Intimidate"],"picked":"StuffTheSpire:Incineration+1","floor":4},{"not_picked":["Abandon","Armaments","jedi:hate+1"],"picked":"SKIP","floor":7},{"not_picked":["Abandon","jedi:controlledanger","conspire:ExplosiveBarrier"],"picked":"SKIP","floor":8},{"not_picked":["Body Slam+1","Wild Strike+1"],"picked":"Run Through+1","floor":10},{"not_picked":["Warcry","Reckless Charge+1"],"picked":"Shockwave","floor":13},{"not_picked":["jedi:hate+1","Immolate+1","Body Slam+1"],"picked":"SKIP","floor":14},{"not_picked":["StSpp:BladeOfBlood+1","StSpp:Turnabout"],"picked":"Berserk","floor":16},{"not_picked":["Iron Wave+1","Life Link","ReplayTheSpireMod:Strike From Hell+1"],"picked":"SKIP","floor":18},{"not_picked":["Run Through+1","Flame Barrier","True Grit"],"picked":"SKIP","floor":22},{"not_picked":["Perfected Strike+1","Hemokinesis+1","Havoc"],"picked":"SKIP","floor":24},{"not_picked":["StSpp:CounterStrike","Life Link"],"picked":"Replay:Undeath\u0027s Touch+1","floor":27},{"not_picked":["Inflame","Anger+1"],"picked":"StuffTheSpire:Incineration+1","floor":29},{"not_picked":["conspire:HitWhereItHurts+1","Combust","Heavy Blade+1"],"picked":"SKIP","floor":30},{"not_picked":["Demon Form","StSpp:Turnabout"],"picked":"Demonic Infusion","floor":33},{"not_picked":[],"picked":"wanderingMiniBosses:FinaleOfPromise","floor":35},{"not_picked":["Twin Strike+1","Body Slam+1"],"picked":"Anger+1","floor":35},{"not_picked":["Warcry+1","Anger+1"],"picked":"Pommel Strike+1","floor":37},{"not_picked":["Run Through+1","Inflame"],"picked":"StSpp:MuscleMemory+1","floor":39},{"not_picked":["Dropkick+1","Armaments"],"picked":"jedi:MakeshiftSword","floor":40},{"not_picked":["StSpp:Turnabout","Blood for Blood+1","ReplayTheSpireMod:Corrosion Curse"],"picked":"SKIP","floor":42},{"not_picked":["ReplayTheSpireMod:Strike From Hell+1","Run Through+1"],"picked":"StuffTheSpire:Slingshot+1","floor":46},{"not_picked":["Ghostly Armor+1","Perfected Strike+1","StSpp:TheBiggerTheyAre+1"],"picked":"SKIP","floor":48}],"player_experience":764743,"relics_obtained":[{"floor":7,"key":"infinitespire:Beetle Shell"},{"floor":9,"key":"Happy Flower"},{"floor":13,"key":"Ginger"},{"floor":19,"key":"Potion Belt"},{"floor":26,"key":"Anchor"},{"floor":27,"key":"Pondfish Scales"},{"floor":35,"key":"wanderingMiniBosses:Blackblade"},{"floor":36,"key":"aspiration:HummingbirdHeart"},{"floor":37,"key":"CeramicFish"},{"floor":40,"key":"Pen Nib"},{"floor":42,"key":"hubris:DeckOfHolding"},{"floor":43,"key":"Frozen Egg 2"}],"event_choices":[{"damage_healed":0,"gold_gain":0,"player_choice":"Gave Potion","damage_taken":0,"relics_obtained":["Magic Flower"],"max_hp_gain":0,"max_hp_loss":0,"event_name":"WeMeetAgain","floor":12,"gold_loss":0},{"damage_healed":0,"gold_gain":0,"player_choice":"Obtained Book","damage_taken":16,"max_hp_gain":0,"max_hp_loss":0,"event_name":"Cursed Tome","floor":20,"gold_loss":0},{"damage_healed":0,"gold_gain":0,"player_choice":"Read","damage_taken":0,"max_hp_gain":0,"max_hp_loss":0,"event_name":"The Library","floor":21,"gold_loss":0,"cards_obtained":["StuffTheSpire:Slingshot"]},{"damage_healed":0,"gold_gain":0,"player_choice":"Ignored","damage_taken":0,"max_hp_gain":0,"max_hp_loss":0,"event_name":"Vampires","floor":28,"gold_loss":0},{"damage_healed":0,"gold_gain":0,"player_choice":"Got Potions","damage_taken":0,"max_hp_gain":0,"max_hp_loss":0,"event_name":"Lab","floor":38,"gold_loss":0}],"is_beta":false,"boss_relics":[{"not_picked":["Kintsugi","Runic Pyramid"],"picked":"Black Blood"},{"not_picked":["Replay:Bronze Core","reliquary:RedCape"],"picked":"hubris:HollowSoul"}],"items_purged_floors":[5,44],"is_endless":false,"potions_floor_spawned":[4,7,14,18,24,27,33,35,46],"ascension_level":5}}