{"host":"a3wpq7kyokchzawk","time":1612845972,"event":{"mods":["BaseMod","Colored Map","Highlight Path","Minty Spire (QoL Compilation)","Permanent Neow","Potion Indicator Mod","Relic Stats","Weighted Paths"],"gold_per_floor":[110,121,132,143,143,155,184,184,209,224,243,243,243,243],"floor_reached":13,"language":"ENG","playtime":1146,"items_purged":[],"score":178,"play_id":"7bf18b8f-025c-485b-a714-1a0634741c2a","local_time":"20210209024612","is_ascension_mode":true,"campfire_choices":[{"floor":8.0,"key":"REST"},{"data":"Armaments","floor":12.0,"key":"SMITH"}],"circlet_count":0,"master_deck":["AscendersBane","Strike_R","Strike_R","Strike_R","Strike_R","Strike_R","Defend_R","Defend_R","Defend_R","Defend_R","Bash","True Grit","Feel No Pain","Sword Boomerang","Combust","Power Through","Armaments+1","Juggernaut"],"relics":["Burning Blood","StoneCalendar","Bag of Preparation"],"acts_visited":["Exordium"],"potions_floor_usage":[13],"damage_taken":[{"damage":15.0,"enemies":"Small Slimes","floor":1.0,"turns":5.0},{"damage":12.0,"enemies":"Jaw Worm","floor":2.0,"turns":3.0},{"damage":0.0,"enemies":"2 Louse","floor":3.0,"turns":4.0},{"damage":12.0,"enemies":"2 Fungi Beasts","floor":4.0,"turns":4.0},{"damage":25.0,"enemies":"3 Louse","floor":6.0,"turns":4.0},{"damage":35.0,"enemies":"3 Sentries","floor":7.0,"turns":11.0},{"damage":12.0,"enemies":"Blue Slaver","floor":10.0,"turns":5.0},{"damage":15.0,"enemies":"Gremlin Gang","floor":11.0,"turns":4.0},{"damage":51,"enemies":"Gremlin Nob","floor":13,"turns":4}],"seed_played":"1607876606365843967","potions_obtained":[{"floor":3.0,"key":"Regen Potion"},{"floor":4.0,"key":"EssenceOfSteel"},{"floor":10.0,"key":"Dexterity Potion"}],"is_trial":false,"path_per_floor":["M","M","M","M","?","M","E","R","T","M","M","R","E"],"character_chosen":"IRONCLAD","items_purchased":[],"campfire_rested":1,"item_purchase_floors":[],"current_hp_per_floor":[66,60,66,60,65,46,32,58,58,52,43,43,0,0],"gold":243,"neow_bonus":"TEN_PERCENT_HP_BONUS","is_daily":false,"chose_seed":false,"campfire_upgraded":1,"win_rate":0.0,"timestamp":1612845972,"path_taken":["M","M","M","M","?","M","E","R","T","M","M","R","E"],"items_purchased_type":[],"build_version":"2020-12-22","purchased_purges":0,"victory":false,"max_hp_per_floor":[82,82,82,82,87,87,87,87,87,87,87,87,87,87],"relic_stats":{"counters":[9,44],"StoneCalendar":[0],"Bag of Preparation":[6],"obtain_stats":[{"StoneCalendar":7,"Bag of Preparation":9,"Burning Blood":0},{"StoneCalendar":6,"Bag of Preparation":6,"Burning Blood":0},{"StoneCalendar":31,"Bag of Preparation":31,"Burning Blood":0}],"Burning Blood":48},"card_choices":[{"not_picked":["Clothesline","Headbutt"],"picked":"True Grit","floor":1.0},{"not_picked":["Infernal Blade","Iron Wave","Body Slam"],"picked":"SKIP","floor":2.0},{"not_picked":["Headbutt","Wild Strike"],"picked":"Feel No Pain","floor":3.0},{"not_picked":["Seeing Red","Wild Strike"],"picked":"Sword Boomerang","floor":4.0},{"not_picked":["Warcry","Havoc"],"picked":"Combust","floor":6.0},{"not_picked":["Entrench","Sever Soul"],"picked":"Power Through","floor":7.0},{"not_picked":["Power Through","Anger"],"picked":"Armaments","floor":10.0},{"not_picked":["True Grit","Twin Strike"],"picked":"Juggernaut","floor":11.0}],"player_experience":2673967,"relics_obtained":[{"floor":7.0,"key":"StoneCalendar"},{"floor":9.0,"key":"Bag of Preparation"}],"event_choices":[{"damage_healed":0.0,"max_hp_gain":5.0,"max_hp_loss":0.0,"gold_gain":0.0,"event_name":"Big Fish","player_choice":"Donut","floor":5.0,"gold_loss":0.0,"damage_taken":0.0}],"is_beta":false,"boss_relics":[],"items_purged_floors":[],"is_endless":false,"potions_floor_spawned":[3,4,10,11],"killed_by":"Gremlin Nob","ascension_level":20}}