{"host":"06e3yyzgn8o619wl","time":1612880991,"event":{"mods":["BaseMod","Block Reminder","Colored Map","Colored Powertips","DeckTracker","Minty Spire (QoL Compilation)","Permanent Neow","Relic Stats","StSLib"],"gold_per_floor":[111,286,299,312,12,12,44,44,44,58,58,70,70,70],"floor_reached":13,"language":"JPN","playtime":527,"items_purged":["Doubt"],"score":136,"play_id":"9b8b39c5-89db-4528-ae44-340f02742553","local_time":"20210209232951","is_ascension_mode":true,"campfire_choices":[{"data":"Eruption","floor":6,"key":"SMITH"},{"floor":8,"key":"DIG"},{"floor":11,"key":"REST"}],"circlet_count":0,"master_deck":["AscendersBane","Strike_P","Strike_P","Strike_P","Defend_P","Defend_P","Eruption+1","Vigilance","Nirvana+1","PathToVictory+1","FollowUp+1","BowlingBash","Meditate","PathToVictory","Adaptation","CutThroughFate"],"relics":["Astrolabe","Blood Vial","Shovel","Ice Cream","Sundial"],"acts_visited":["Exordium"],"potions_floor_usage":[10,13],"damage_taken":[{"damage":6,"enemies":"2 Louse","floor":1,"turns":3},{"damage":7,"enemies":"Jaw Worm","floor":3,"turns":2},{"damage":6,"enemies":"Cultist","floor":4,"turns":3},{"damage":17,"enemies":"3 Sentries","floor":7,"turns":6},{"damage":25,"enemies":"Gremlin Gang","floor":10,"turns":4},{"damage":18,"enemies":"Large Slime","floor":12,"turns":5},{"damage":31,"enemies":"Gremlin Nob","floor":13,"turns":2}],"seed_played":"-3390979733233152054","potions_obtained":[{"floor":1,"key":"PowerPotion"},{"floor":3,"key":"Energy Potion"},{"floor":12,"key":"Regen Potion"}],"is_trial":false,"path_per_floor":["M","?","M","M","$","R","E","R","T","M","R","M","E"],"character_chosen":"WATCHER","items_purchased":["Blood Vial","Adaptation"],"campfire_rested":1,"item_purchase_floors":[5,5],"current_hp_per_floor":[59,59,52,46,46,46,31,31,31,8,29,13,0,0],"gold":70,"neow_bonus":"BOSS_RELIC","is_daily":false,"chose_seed":false,"campfire_upgraded":1,"win_rate":0.0,"timestamp":1612880991,"path_taken":["M","?","M","M","$","R","E","R","T","M","R","M","E"],"items_purchased_type":["Relic","Card"],"build_version":"2020-12-22","purchased_purges":1,"victory":false,"max_hp_per_floor":[72,72,72,72,72,72,72,72,72,72,72,72,72,72],"relic_stats":{"Blood Vial":8,"Shovel":1,"counters":[7,25],"Sundial":[0],"Astrolabe":["Nirvana","PathToVictory","FollowUp"],"obtain_stats":[{"Blood Vial":5,"Ice Cream":8,"Shovel":7,"Sundial":9,"Astrolabe":0,"PureWater":0},{"Blood Vial":3,"Ice Cream":4,"Shovel":4,"Sundial":4,"Astrolabe":0,"PureWater":0},{"Blood Vial":8,"Ice Cream":14,"Shovel":14,"Sundial":14,"Astrolabe":0,"PureWater":0}]},"card_choices":[{"not_picked":["DeceiveReality","Nirvana"],"picked":"BowlingBash","floor":1},{"not_picked":["Protect","JustLucky"],"picked":"Meditate","floor":3},{"not_picked":["Evaluate","FollowUp"],"picked":"PathToVictory","floor":4},{"not_picked":["Crescendo","BowlingBash"],"picked":"CutThroughFate","floor":7},{"not_picked":["SashWhip","Evaluate","FlyingSleeves"],"picked":"SKIP","floor":10},{"not_picked":["Perseverance","Pray","Study"],"picked":"SKIP","floor":12}],"player_experience":179936,"relics_obtained":[{"floor":7,"key":"Shovel"},{"floor":8,"key":"Ice Cream"},{"floor":9,"key":"Sundial"}],"event_choices":[{"damage_healed":0,"gold_gain":175,"player_choice":"AGREE","damage_taken":0,"max_hp_gain":0,"max_hp_loss":0,"event_name":"Liars Game","floor":2,"gold_loss":0,"cards_obtained":["Doubt"]}],"is_beta":false,"boss_relics":[],"items_purged_floors":[5],"is_endless":false,"potions_floor_spawned":[1,3,12],"killed_by":"Gremlin Nob","ascension_level":12}}