{"host":"o3n4et6u1y1w2h5j","time":1612883173,"event":{"mods":["AchievementEnabler","BaseMod","Block Reminder","Minty Spire (QoL Compilation)","Rare Cards Sparkle","Relic Stats","StSLib"],"gold_per_floor":[15,29,29,29,47,47,82,82,82,82,45,63,82,111,111,209,209,220,220,220,237,255,255,255,132,132,152,177,196,196,226,226,330,330,350,250,261,261,261,293,293,324,324,150,170,220,253,253,253,253,253,253,53,78,78],"floor_reached":56,"language":"ENG","playtime":4226,"items_purged":["Decay","Normality","Shame"],"score":1489,"play_id":"33189045-d9d6-40af-9a7e-7856f6f86e13","local_time":"20210209070613","is_ascension_mode":true,"campfire_choices":[{"data":"True Grit","floor":6.0,"key":"SMITH"},{"data":"Disarm","floor":8.0,"key":"SMITH"},{"data":"Cleave","floor":10.0,"key":"SMITH"},{"data":"Feel No Pain","floor":15.0,"key":"SMITH"},{"data":"Barricade","floor":23.0,"key":"SMITH"},{"floor":30.0,"key":"REST"},{"data":"Feel No Pain","floor":32.0,"key":"SMITH"},{"floor":49,"key":"RECALL"},{"data":"Berserk","floor":52,"key":"SMITH"}],"circlet_count":0,"master_deck":["Bash","Burning Pact","Cleave+1","Sever Soul","Twin Strike","Exhume","True Grit+1","Disarm+1","Feel No Pain+1","Immolate","Feel No Pain+1","Barricade+1","Body Slam+1","Battle Trance","Shrug It Off","Dual Wield+1","Flame Barrier+1","Berserk+1","Evolve","Body Slam","Dark Embrace","Sever Soul","Berserk","Immolate","Flame Barrier","Feel No Pain+1","Sentinel+1","Madness","Madness"],"relics":["Burning Blood","Pocketwatch","Regal Pillow","Mango","Strawberry","Cursed Key","Question Card","Bottled Tornado","Orichalcum","Anchor","Pandora\u0027s Box","Pear","The Courier","Juzu Bracelet","DollysMirror","Lizard Tail","Boot","Centennial Puzzle"],"acts_visited":["Exordium","TheCity","TheBeyond","TheEnding"],"potions_floor_usage":[50,54,55,55,55],"damage_taken":[{"damage":0.0,"enemies":"2 Louse","floor":1.0,"turns":2.0},{"damage":2.0,"enemies":"Jaw Worm","floor":2.0,"turns":3.0},{"damage":0.0,"enemies":"Small Slimes","floor":5.0,"turns":2.0},{"damage":27.0,"enemies":"Gremlin Nob","floor":7.0,"turns":4.0},{"damage":2.0,"enemies":"3 Louse","floor":12.0,"turns":3.0},{"damage":6.0,"enemies":"Looter","floor":13.0,"turns":2.0},{"damage":4.0,"enemies":"Lagavulin","floor":14.0,"turns":6.0},{"damage":0.0,"enemies":"Slime Boss","floor":16.0,"turns":7.0},{"damage":20.0,"enemies":"Chosen","floor":18.0,"turns":6.0},{"damage":16.0,"enemies":"Shell Parasite","floor":21.0,"turns":7.0},{"damage":14.0,"enemies":"Snake Plant","floor":22.0,"turns":6.0},{"damage":10.0,"enemies":"Cultist and Chosen","floor":27.0,"turns":6.0},{"damage":29.0,"enemies":"Slavers","floor":28.0,"turns":6.0},{"damage":12.0,"enemies":"Centurion and Healer","floor":29.0,"turns":4.0},{"damage":33.0,"enemies":"Gremlin Leader","floor":31.0,"turns":7.0},{"damage":5.0,"enemies":"Collector","floor":33.0,"turns":9.0},{"damage":25.0,"enemies":"Orb Walker","floor":35.0,"turns":5.0},{"damage":38.0,"enemies":"3 Darklings","floor":37.0,"turns":3.0},{"damage":7.0,"enemies":"Giant Head","floor":40.0,"turns":10.0},{"damage":41.0,"enemies":"Nemesis","floor":42.0,"turns":7.0},{"damage":6.0,"enemies":"Maw","floor":45.0,"turns":7.0},{"damage":8.0,"enemies":"Mind Bloom Boss Battle","floor":46.0,"turns":5.0},{"damage":0.0,"enemies":"Giant Head","floor":47.0,"turns":6.0},{"damage":41,"enemies":"Donu and Deca","floor":50,"turns":7},{"damage":71,"enemies":"Shield and Spear","floor":54,"turns":9},{"damage":2,"enemies":"The Heart","floor":55,"turns":8}],"seed_played":"-1770194402484887568","potions_obtained":[{"floor":1.0,"key":"Strength Potion"},{"floor":2.0,"key":"SmokeBomb"},{"floor":12.0,"key":"BlessingOfTheForge"},{"floor":13.0,"key":"ElixirPotion"},{"floor":18.0,"key":"CultistPotion"},{"floor":28.0,"key":"SteroidPotion"},{"floor":31.0,"key":"LiquidMemories"},{"floor":42.0,"key":"GamblersBrew"},{"floor":45.0,"key":"FearPotion"},{"floor":47.0,"key":"Block Potion"},{"floor":54,"key":"SneckoOil"}],"is_trial":false,"path_per_floor":["M","M","?","?","M","R","E","R","T","R","$","M","M","E","R","B",null,"M","?","?","M","M","R","?","$","T","M","E","M","R","E","R","B",null,"M","$","M","?","?","E","?","E","T","$","M","?","E","?","R","B",null,"R","$","E","B",null],"character_chosen":"IRONCLAD","items_purchased":["Feel No Pain","Shrug It Off","Flame Barrier","DollysMirror","SkillPotion","GamblersBrew"],"campfire_rested":1,"item_purchase_floors":[11,25,44,44,53,53],"current_hp_per_floor":[80,80,80,80,80,80,59,59,73,73,73,77,77,86,86,92,101,87,87,87,77,69,69,69,69,69,65,42,36,81,54,54,55,101,82,82,50,50,88,97,97,62,62,62,62,60,66,54,54,19,98,98,98,33,37],"gold":78,"neow_bonus":"TRANSFORM_TWO_CARDS","is_daily":false,"chose_seed":false,"campfire_upgraded":7,"win_rate":0.0,"timestamp":1612883173,"path_taken":["M","M","?","?","M","R","E","R","T","R","?","M","?","E","R","BOSS","M","?","?","M","M","R","?","?","T","?","E","M","R","E","R","BOSS","M","$","M","?","?","E","?","E","T","$","M","?","E","?","R","BOSS","R","$","E","BOSS"],"items_purchased_type":["Card","Card","Card","Relic","Potion","Potion"],"build_version":"2020-12-22","purchased_purges":3,"victory":true,"max_hp_per_floor":[80,80,80,80,80,80,80,80,94,94,94,94,94,101,101,101,101,101,101,101,101,101,101,101,101,101,101,101,101,101,101,101,101,101,101,101,101,101,88,98,98,98,98,98,98,98,98,98,98,98,98,98,98,98,98],"relic_stats":{"Regal Pillow":15,"counters":[26,147],"Juzu Bracelet":1,"Orichalcum":[12],"Cursed Key":2,"Question Card":15,"Boot":[10],"Burning Blood":140,"Lizard Tail":0,"Centennial Puzzle":[3],"Pandora\u0027s Box":["Evolve","Body Slam","Dark Embrace","Sever Soul","Berserk","Immolate"],"obtain_stats":[{"Regal Pillow":7,"Pear":40,"Mango":9,"The Courier":41,"Juzu Bracelet":42,"Bottled Tornado":26,"Orichalcum":28,"Cursed Key":17,"Question Card":20,"Boot":47,"Burning Blood":0,"Anchor":31,"Lizard Tail":46,"Centennial Puzzle":54,"DollysMirror":44,"Strawberry":14,"Pandora\u0027s Box":34,"Pocketwatch":4},{"Regal Pillow":4,"Pear":19,"Mango":4,"The Courier":19,"Juzu Bracelet":20,"Bottled Tornado":11,"Orichalcum":13,"Cursed Key":8,"Question Card":9,"Boot":23,"Burning Blood":0,"Anchor":15,"Lizard Tail":22,"Centennial Puzzle":25,"DollysMirror":20,"Strawberry":7,"Pandora\u0027s Box":16,"Pocketwatch":2},{"Regal Pillow":11,"Pear":98,"Mango":11,"The Courier":98,"Juzu Bracelet":105,"Bottled Tornado":48,"Orichalcum":60,"Cursed Key":29,"Question Card":35,"Boot":123,"Burning Blood":0,"Anchor":71,"Lizard Tail":117,"Centennial Puzzle":139,"DollysMirror":105,"Strawberry":22,"Pandora\u0027s Box":80,"Pocketwatch":5}],"Pocketwatch":[171]},"card_choices":[{"not_picked":["Havoc","Clash"],"picked":"Sever Soul","floor":1.0},{"not_picked":["Cleave","Perfected Strike"],"picked":"Twin Strike","floor":2.0},{"not_picked":["Heavy Blade","Body Slam"],"picked":"True Grit","floor":5.0},{"not_picked":["Infernal Blade","Dual Wield"],"picked":"Disarm","floor":7.0},{"not_picked":["Thunderclap","Warcry"],"picked":"Immolate","floor":12.0},{"not_picked":["Sword Boomerang","Sever Soul"],"picked":"Feel No Pain","floor":13.0},{"not_picked":["Sword Boomerang","Armaments","Cleave"],"picked":"SKIP","floor":14.0},{"not_picked":["Limit Break","Bludgeon"],"picked":"Barricade","floor":16.0},{"not_picked":["Warcry+1","Inflame","Thunderclap"],"picked":"SKIP","floor":18.0},{"not_picked":["Warcry","Flex","Thunderclap+1"],"picked":"Body Slam+1","floor":21.0},{"not_picked":["Armaments","Havoc","Combust"],"picked":"Battle Trance","floor":22.0},{"not_picked":["Disarm+1","Clothesline","Twin Strike","Headbutt"],"picked":"SKIP","floor":27.0},{"not_picked":["Flex","Searing Blow","Shrug It Off"],"picked":"Dual Wield+1","floor":28.0},{"not_picked":["Carnage","Wild Strike","Twin Strike"],"picked":"Flame Barrier+1","floor":29.0},{"not_picked":["Hemokinesis","Shockwave","Armaments","Combust"],"picked":"SKIP","floor":31.0},{"not_picked":["Feed","Double Tap","Exhume"],"picked":"Berserk","floor":33.0},{"not_picked":["Rampage","Headbutt+1","Sword Boomerang","Havoc+1"],"picked":"SKIP","floor":35.0},{"not_picked":["Cleave","Flex","Shockwave","Perfected Strike"],"picked":"SKIP","floor":37.0},{"not_picked":["Clothesline+1","Perfected Strike","Bloodletting","True Grit"],"picked":"SKIP","floor":40.0},{"not_picked":["Clothesline+1","Perfected Strike","Bloodletting","True Grit"],"picked":"SKIP","floor":40.0},{"not_picked":["True Grit","Infernal Blade+1","Armaments","Shrug It Off"],"picked":"SKIP","floor":42.0},{"not_picked":["Cleave+1","Dual Wield","Exhume"],"picked":"Sentinel+1","floor":45.0},{"not_picked":["Rupture+1","Disarm+1","Sword Boomerang+1","True Grit+1"],"picked":"SKIP","floor":47.0},{"not_picked":["True Grit+1","Fire Breathing+1","Cleave","Headbutt+1"],"picked":"SKIP","floor":54}],"player_experience":75447,"relics_obtained":[{"floor":7.0,"key":"Regal Pillow"},{"floor":9.0,"key":"Mango"},{"floor":14.0,"key":"Strawberry"},{"floor":26.0,"key":"Bottled Tornado"},{"floor":28.0,"key":"Orichalcum"},{"floor":31.0,"key":"Anchor"},{"floor":40.0,"key":"Pear"},{"floor":42.0,"key":"Juzu Bracelet"},{"floor":46.0,"key":"Lizard Tail"},{"floor":47.0,"key":"Boot"},{"floor":54,"key":"Centennial Puzzle"}],"event_choices":[{"damage_healed":0.0,"max_hp_gain":0.0,"max_hp_loss":0.0,"gold_gain":0.0,"cards_transformed":["Strike_R"],"event_name":"Living Wall","player_choice":"Change","floor":3.0,"gold_loss":0.0,"damage_taken":0.0,"cards_obtained":["Exhume"]},{"damage_healed":0.0,"max_hp_gain":0.0,"max_hp_loss":0.0,"gold_gain":0.0,"event_name":"Big Fish","player_choice":"Box","floor":4.0,"gold_loss":0.0,"damage_taken":0.0,"relics_obtained":["Pocketwatch"],"cards_obtained":["Regret"]},{"cards_removed":["Regret"],"damage_healed":0.0,"max_hp_gain":0.0,"max_hp_loss":0.0,"gold_gain":0.0,"event_name":"Back to Basics","player_choice":"Elegance","floor":19.0,"gold_loss":0.0,"damage_taken":0.0},{"damage_healed":0.0,"max_hp_gain":0.0,"max_hp_loss":0.0,"gold_gain":0.0,"event_name":"The Mausoleum","player_choice":"Opened","floor":20.0,"gold_loss":0.0,"damage_taken":0.0,"relics_obtained":["Question Card"]},{"damage_healed":0.0,"max_hp_gain":0.0,"max_hp_loss":0.0,"gold_gain":0.0,"event_name":"Forgotten Altar","player_choice":"Smashed Altar","floor":24.0,"gold_loss":0.0,"damage_taken":0.0,"cards_obtained":["Decay"]},{"damage_healed":0.0,"max_hp_gain":0.0,"max_hp_loss":0.0,"gold_gain":0.0,"event_name":"Tomb of Lord Red Mask","player_choice":"Ignored","floor":38.0,"gold_loss":0.0,"damage_taken":0.0},{"damage_healed":88.0,"max_hp_gain":0.0,"max_hp_loss":13.0,"gold_gain":0.0,"event_name":"The Moai Head","player_choice":"Heal","floor":39.0,"gold_loss":0.0,"damage_taken":0.0},{"damage_healed":0.0,"max_hp_gain":0.0,"max_hp_loss":0.0,"gold_gain":0.0,"event_name":"WeMeetAgain","player_choice":"Gave Potion","floor":41.0,"gold_loss":0.0,"damage_taken":0.0,"relics_obtained":["The Courier"]},{"damage_healed":0.0,"max_hp_gain":0.0,"max_hp_loss":0.0,"gold_gain":0.0,"event_name":"MindBloom","player_choice":"Fight","floor":46.0,"gold_loss":0.0,"damage_taken":0.0},{"damage_healed":0.0,"max_hp_gain":0.0,"max_hp_loss":0.0,"gold_gain":0.0,"event_name":"Winding Halls","player_choice":"Embrace Madness","floor":48.0,"gold_loss":0.0,"damage_taken":12.0,"cards_obtained":["Madness","Madness"]}],"is_beta":false,"boss_relics":[{"not_picked":["Velvet Choker","Coffee Dripper"],"picked":"Cursed Key"},{"not_picked":["Mark of Pain","SacredBark"],"picked":"Pandora\u0027s Box"}],"items_purged_floors":[25,36,53],"is_endless":false,"potions_floor_spawned":[1,2,12,13,18,28,31,42,45,47,54],"ascension_level":3}}