{"host":"ttzdpsscxkem3xrs","time":1612901494,"event":{"mods":["BaseMod","Colored Map","Downfall","Minty Spire (QoL Compilation)","Replay The Spire","StSLib","The Cursed","The Hierophant"],"gold_per_floor":[94,57,57,69,69,59,59,35,86,80,80,93,105,105,105,85,85],"floor_reached":16,"language":"ENG","playtime":1991,"items_purged":[],"score":135,"play_id":"3ecec4a9-a94d-42a7-aa04-bd75eec102b2","local_time":"20210209121134","is_ascension_mode":true,"campfire_choices":[{"floor":7,"key":"REST"},{"floor":11,"key":"REST"},{"floor":15,"key":"REST"}],"circlet_count":0,"master_deck":["hierophant:Strike_Hierophant","hierophant:Strike_Hierophant","hierophant:Strike_Hierophant","hierophant:Punish","hierophant:Defend_Hierophant","hierophant:Defend_Hierophant","hierophant:Defend_Hierophant","hierophant:Defend_Hierophant","hierophant:ChurchCoffers","hierophant:HammerAndAnvil","hierophant:HammerAndAnvil","hierophant:HammerAndAnvil","hierophant:FlamingChariot","hierophant:Invocation","hierophant:DisplayOfPower","hierophant:DisplayOfPower+1","hierophant:Sermon"],"relics":["hierophant:PropheticMaskRelic","CaptainsWheel","ReplayTheSpireMod:Ninjato","Odd Mushroom","Boot","Molten Egg 2","Golden Idol"],"acts_visited":["Exordium"],"potions_floor_usage":[16,16],"damage_taken":[{"damage":2,"enemies":"Jaw Worm","floor":1,"turns":3},{"damage":0,"enemies":"2 Louse","floor":4,"turns":2},{"damage":20,"enemies":"3 Sentries","floor":6,"turns":6},{"damage":17,"enemies":"The Mushroom Lair","floor":8,"turns":5},{"damage":11,"enemies":"Replay:BlueRogue","floor":10,"turns":4},{"damage":0,"enemies":"Cultist","floor":12,"turns":2},{"damage":1,"enemies":"3 Louse","floor":13,"turns":3},{"damage":54,"enemies":"Hexaghost","floor":16,"turns":9}],"seed_played":"1590551515568395293","potions_obtained":[{"floor":6,"key":"Milkshake"},{"floor":8,"key":"SkillPotion"},{"floor":13,"key":"Milkshake"}],"is_trial":false,"path_per_floor":["M","$","?","M","?","E","R","?","T","E","R","M","M","?","R","B"],"character_chosen":"HIEROPHANT","items_purchased":["hierophant:HammerAndAnvil"],"campfire_rested":3,"item_purchase_floors":[2],"current_hp_per_floor":[66,66,59,59,59,39,59,42,42,31,51,51,50,33,53,0,0],"gold":85,"neow_bonus":"ONE_RARE_RELIC","is_daily":false,"chose_seed":false,"campfire_upgraded":0,"win_rate":0.0,"timestamp":1612901494,"path_taken":["M","$","?","M","?","E","R","?","T","E","R","M","?","?","R","BOSS"],"items_purchased_type":["Card"],"build_version":"2020-12-22","purchased_purges":0,"victory":false,"max_hp_per_floor":[68,68,68,68,68,68,68,68,68,68,68,68,68,68,68,68,68],"card_choices":[{"not_picked":["hierophant:Encroach","hierophant:Alms"],"picked":"hierophant:HammerAndAnvil","floor":1},{"not_picked":["hierophant:HammerAndAnvil","hierophant:Purify"],"picked":"hierophant:FlamingChariot","floor":4},{"not_picked":["hierophant:Patience","hierophant:FieryStrike"],"picked":"hierophant:Invocation","floor":6},{"not_picked":["hierophant:Smite","hierophant:HammerAndAnvil"],"picked":"hierophant:DisplayOfPower","floor":8},{"not_picked":["hierophant:ThreeLashes+1","hierophant:Doubloon"],"picked":"hierophant:DisplayOfPower+1","floor":10},{"not_picked":["hierophant:Sermon","hierophant:Encroach","hierophant:AuricBeam+1"],"picked":"SKIP","floor":12},{"not_picked":["hierophant:Determination","hierophant:Charity"],"picked":"hierophant:Sermon","floor":13}],"player_experience":1404839,"relics_obtained":[{"floor":6,"key":"ReplayTheSpireMod:Ninjato"},{"floor":8,"key":"Odd Mushroom"},{"floor":9,"key":"Boot"},{"floor":10,"key":"Molten Egg 2"}],"event_choices":[{"cards_removed":["hierophant:Strike_Hierophant"],"damage_healed":0,"gold_gain":0,"player_choice":"Card Removal","damage_taken":7,"max_hp_gain":0,"max_hp_loss":0,"event_name":"Golden Wing","floor":3,"gold_loss":0},{"damage_healed":0,"gold_gain":0,"player_choice":"Fought Mushrooms","damage_taken":0,"max_hp_gain":0,"max_hp_loss":0,"event_name":"Mushrooms","floor":8,"gold_loss":0},{"damage_healed":0,"gold_gain":0,"player_choice":"Take Damage","damage_taken":17,"relics_obtained":["Golden Idol"],"max_hp_gain":0,"max_hp_loss":0,"event_name":"Golden Idol","floor":14,"gold_loss":0}],"is_beta":false,"boss_relics":[],"items_purged_floors":[],"is_endless":false,"potions_floor_spawned":[6,8,13],"killed_by":"Hexaghost","ascension_level":5}}