{"host":"7s9cy3ihj997zbmc","time":1612843314,"event":{"mods":["Act Like it!","BaseMod","Card Filter","Custom Start","Downfall","Highlight Path","Minty Spire (QoL Compilation)","Permanent Neow","Quick Restart","Relic Filter","Relic Sorter","StSLib","SuperFastMode"],"gold_per_floor":[99,119,137,152,168,168,181,201,201,253,273,273,291,316,216,236,311,329,229,257,91,107,212,212,212,224,238,258,277,296,113,131,131,160,160,160,160,105,105,118,118,143,163,174,174,193,290,290,190,206,217,217,234,234,251,251,276,276,276,276],"floor_reached":58,"language":"ZHS","playtime":2225,"items_purged":["Slimebound:Strike_Slimebound","Slimebound:Defend_Slimebound","Slimebound:Strike_Slimebound"],"score":643,"play_id":"4b2bf81f-525d-431f-9d55-8f7b0d3a5a26","local_time":"20210209120154","is_ascension_mode":true,"campfire_choices":[{"data":"Apotheosis","floor":1.0,"key":"SMITH"},{"floor":12.0,"key":"RECALL"},{"data":"Slimebound:SpikyOuterGoop","floor":15.0,"key":"SMITH"},{"data":"Slimebound:TongueLash","floor":19.0,"key":"SMITH"},{"data":"Slimebound:SamplingLick","floor":25.0,"key":"SMITH"},{"data":"Slimebound:Split","floor":35.0,"key":"SMITH"},{"data":"Slimebound:HauntingLick","floor":39.0,"key":"SMITH"},{"data":"Slimebound:DuplicatedForm","floor":49.0,"key":"SMITH"},{"data":"Slimebound:RejuvenatingLick","floor":56.0,"key":"SMITH"}],"circlet_count":0,"master_deck":["Slimebound:Tackle","Slimebound:Defend_Slimebound","Slimebound:Defend_Slimebound","Slimebound:Defend_Slimebound","Slimebound:Split+1","Slimebound:CorrosiveSpit","Apotheosis+1","Slimebound:SamplingLick","Slimebound:Schlurp+1","Slimebound:SplitSpecialist+1","Slimebound:SamplingLick","Slimebound:TongueLash+1","Slimebound:SamplingLick+1","Slimebound:SpikyOuterGoop+1","Slimebound:HauntingLick+1","Slimebound:Gluttony","Slimebound:MassRepurpose","Slimebound:RejuvenatingLick","Slimebound:Dissolve","Slimebound:Recollect","Slimebound:RejuvenatingLick+1","Slimebound:AcidTongue+1","Slimebound:DouseInSlime","Slimebound:RejuvenatingLick","Slimebound:DuplicatedForm+1","Slimebound:SamplingLick+1"],"relics":["Slimebound:AbsorbEndCombat","Anchor","Pocketwatch","downfall:HeartBlessingRed","downfall:HeartBlessingBlue","Odd Mushroom","Sozu","Pen Nib","War Paint","StrikeDummy","Shuriken","Nunchaku","Philosopher\u0027s Stone","downfall:HeartBlessingGreen","Bronze Scales"],"acts_visited":["Exordium","TheCity","TheBeyond"],"potions_floor_usage":[],"damage_taken":[{"damage":4.0,"enemies":"Small Slimes","floor":2.0,"turns":4.0},{"damage":1.0,"enemies":"Cultist","floor":3.0,"turns":3.0},{"damage":6.0,"enemies":"Jaw Worm","floor":4.0,"turns":2.0},{"damage":0.0,"enemies":"Large Slime","floor":5.0,"turns":5.0},{"damage":8.0,"enemies":"Exordium Wildlife","floor":7.0,"turns":3.0},{"damage":2.0,"enemies":"Exordium Thugs","floor":8.0,"turns":4.0},{"damage":0.0,"enemies":"Blue Slaver","floor":11.0,"turns":3.0},{"damage":5.0,"enemies":"3 Louse","floor":13.0,"turns":4.0},{"damage":9.0,"enemies":"3 Sentries","floor":14.0,"turns":5.0},{"damage":0.0,"enemies":"Large Slime","floor":16.0,"turns":5.0},{"damage":8.0,"enemies":"2 Fungi Beasts","floor":18.0,"turns":4.0},{"damage":12.0,"enemies":"The Mushroom Lair","floor":20.0,"turns":4.0},{"damage":10.0,"enemies":"downfall:FleeingMerchant","floor":21.0,"turns":4.0},{"damage":10.0,"enemies":"Lots of Slimes","floor":22.0,"turns":5.0},{"damage":6.0,"enemies":"WA_ARCHETYPE_RETAIN","floor":23.0,"turns":5.0},{"damage":3.0,"enemies":"Chosen","floor":26.0,"turns":3.0},{"damage":11.0,"enemies":"Shell Parasite","floor":27.0,"turns":4.0},{"damage":23.0,"enemies":"Sentry and Sphere","floor":28.0,"turns":5.0},{"damage":15.0,"enemies":"Chosen and Byrds","floor":29.0,"turns":5.0},{"damage":12.0,"enemies":"Shelled Parasite and Fungi","floor":30.0,"turns":4.0},{"damage":0.0,"enemies":"downfall:FleeingMerchant","floor":31.0,"turns":4.0},{"damage":0.0,"enemies":"Centurion and Healer","floor":32.0,"turns":6.0},{"damage":2.0,"enemies":"Gremlin Leader","floor":34.0,"turns":4.0},{"damage":11.0,"enemies":"downfall:FleeingMerchant","floor":38.0,"turns":4.0},{"damage":0.0,"enemies":"Chosen and Byrds","floor":40.0,"turns":5.0},{"damage":6.0,"enemies":"Book of Stabbing","floor":42.0,"turns":3.0},{"damage":0.0,"enemies":"3 Cultists","floor":43.0,"turns":4.0},{"damage":19.0,"enemies":"Snake Plant","floor":44.0,"turns":4.0},{"damage":12.0,"enemies":"Centurion and Healer","floor":46.0,"turns":6.0},{"damage":15.0,"enemies":"IC_MUSHROOM_ARCHETYPE","floor":47.0,"turns":7.0},{"damage":0.0,"enemies":"Orb Walker","floor":50.0,"turns":2.0},{"damage":31.0,"enemies":"3 Darklings","floor":51.0,"turns":5.0},{"damage":32.0,"enemies":"Jaw Worm Horde","floor":53.0,"turns":4.0},{"damage":19.0,"enemies":"Writhing Mass","floor":55.0,"turns":2.0},{"damage":62,"enemies":"Reptomancer","floor":58,"turns":2}],"seed_played":"5706393250383299185","potions_obtained":[{"floor":2.0,"key":"Strength Potion"},{"floor":4.0,"key":"Block Potion"},{"floor":7.0,"key":"EntropicBrew"},{"floor":14.0,"key":"Guardian:BlockOnCardUsePotion"}],"is_trial":false,"path_per_floor":["R","M","M","M","M","?","M","M","T","T","M","R","M","E","R","M","?","M","R","?","$","M","B",null,"R","M","M","M","M","M","$","M","?","E","R","T","T","$","R","M","?","E","M","M","?","M","B",null,"R","M","M","$","M","?","M","R","T","E"],"character_chosen":"SLIMEBOUND","items_purchased":["Slimebound:Gluttony","Slimebound:RejuvenatingLick","Shuriken"],"campfire_rested":0,"item_purchase_floors":[21,31,38],"current_hp_per_floor":[59,59,59,55,59,59,53,53,53,53,55,55,56,50,50,56,56,54,64,58,54,52,50,69,69,68,64,45,36,28,36,44,44,50,50,50,50,43,43,49,37,35,41,24,24,18,11,74,74,74,62,62,51,51,51,51,51,0,0,0],"gold":276,"neow_bonus":"RANDOM_COLORLESS_2","is_daily":false,"chose_seed":false,"campfire_upgraded":8,"win_rate":0.0,"timestamp":1612843314,"path_taken":["R","M","M","M","M","?","M","?","T","T","M","R","M","E","R","M","?","M","R","?","?","M","BOSS","R","M","M","M","M","M","$","M","?","E","R","T","T","$","R","M","?","E","M","M","?","M","BOSS","R","M","M","$","M","?","M","R","T","E"],"items_purchased_type":["Card","Card","Relic"],"build_version":"2020-12-22","purchased_purges":3,"victory":false,"max_hp_per_floor":[59,59,59,59,59,59,59,59,59,59,59,59,59,59,59,59,59,59,69,69,69,69,69,69,69,69,69,69,69,69,69,69,69,69,69,69,69,69,69,69,74,74,74,74,74,74,74,74,74,74,74,74,74,74,74,74,74,74,74,74],"card_choices":[{"not_picked":["Secret Technique","The Bomb"],"picked":"Apotheosis","floor":0.0},{"not_picked":["Slimebound:SplitMire","Slimebound:SlimeSpikes"],"picked":"Slimebound:SamplingLick","floor":2.0},{"not_picked":["Slimebound:ViciousTackle","Slimebound:Prepare","Slimebound:PressTheAttack"],"picked":"SKIP","floor":3.0},{"not_picked":["Slimebound:SlimeBrawl","Slimebound:SlimeTap"],"picked":"Slimebound:Schlurp","floor":4.0},{"not_picked":["Slimebound:HauntingLick","Slimebound:GoopSpray"],"picked":"Slimebound:SplitSpecialist","floor":5.0},{"not_picked":["Slimebound:GrowthPunch","Slimebound:Dissolve"],"picked":"Slimebound:TongueLash","floor":7.0},{"not_picked":["Slimebound:CheckThePlaybook","Slimebound:LeechingTouch","Slimebound:LivingWall"],"picked":"SKIP","floor":8.0},{"not_picked":["Slimebound:GoopTackle","Slimebound:ServeAndProtect"],"picked":"Slimebound:SamplingLick","floor":11.0},{"not_picked":["Slimebound:ComboTackle","Slimebound:GoopTackle"],"picked":"Slimebound:SpikyOuterGoop","floor":13.0},{"not_picked":["Slimebound:SelfFormingGoo","Slimebound:LeechingTouch","Slimebound:SlimeTap"],"picked":"SKIP","floor":14.0},{"not_picked":["Slimebound:FinishingTackle","Slimebound:ItLooksTasty","Slimebound:SplitAcid"],"picked":"SKIP","floor":16.0},{"not_picked":["Slimebound:GoopTackle","Slimebound:PressTheAttack","Slimebound:RollThrough"],"picked":"SKIP","floor":18.0},{"not_picked":["Slimebound:GoopSpray","Slimebound:LeechingTouch"],"picked":"Slimebound:HauntingLick","floor":20.0},{"not_picked":["Slimebound:SlimeBrawl","Slimebound:RollThrough","Slimebound:LeechLife"],"picked":"SKIP","floor":21.0},{"not_picked":["Slimebound:GrowthPunch","Slimebound:ItLooksTasty","Slimebound:Nibble"],"picked":"SKIP","floor":22.0},{"not_picked":["Slimebound:CheckThePlaybook","Slimebound:MinionMaster"],"picked":"Slimebound:MassRepurpose","floor":23.0},{"not_picked":["Slimebound:SplitAcid","Slimebound:SplitSpecialist","Slimebound:ComboTackle"],"picked":"SKIP","floor":26.0},{"not_picked":["Slimebound:LivingWall+1","Slimebound:LeechingTouch","Slimebound:SplitBruiser+1"],"picked":"SKIP","floor":27.0},{"not_picked":["Slimebound:Schlurp","Slimebound:FinishingTackle"],"picked":"Slimebound:RejuvenatingLick","floor":28.0},{"not_picked":["Slimebound:SlimeSpikes","Slimebound:Equalize","Slimebound:SplitMire"],"picked":"SKIP","floor":29.0},{"not_picked":["Slimebound:GoopSpray+1","Slimebound:SplitMire"],"picked":"Slimebound:Dissolve","floor":30.0},{"not_picked":["Slimebound:Overexert","Slimebound:GoopTackle"],"picked":"Slimebound:Recollect","floor":31.0},{"not_picked":["Slimebound:LeechEnergy","Slimebound:GoopTackle"],"picked":"Slimebound:AcidTongue+1","floor":32.0},{"not_picked":["Slimebound:LevelUp","Slimebound:Recollect","Slimebound:Chomp"],"picked":"SKIP","floor":34.0},{"not_picked":["Slimebound:SlimeSpikes","Slimebound:Recollect"],"picked":"Slimebound:DouseInSlime","floor":38.0},{"not_picked":["Slimebound:Schlurp","Slimebound:Grow+1","Slimebound:DisruptingSlam"],"picked":"SKIP","floor":40.0},{"not_picked":["Slimebound:RollThrough","Slimebound:LevelUp"],"picked":"Slimebound:RejuvenatingLick","floor":42.0},{"not_picked":["Slimebound:BestDefense","Slimebound:GoopTackle","Slimebound:SlimeBarrage"],"picked":"SKIP","floor":43.0},{"not_picked":["Slimebound:GoopTackle","Slimebound:Chomp","Slimebound:SplitBruiser"],"picked":"SKIP","floor":44.0},{"not_picked":["Slimebound:SlimeSpikes","Slimebound:DouseInSlime","Slimebound:Recollect"],"picked":"SKIP","floor":46.0},{"not_picked":["Slimebound:Overexert","Slimebound:OozeBath"],"picked":"Slimebound:DuplicatedForm","floor":47.0},{"not_picked":["Slimebound:Recollect","Slimebound:FinishingTackle+1","Slimebound:GoopTackle+1"],"picked":"SKIP","floor":50.0},{"not_picked":["Slimebound:SplitBruiser","Slimebound:ComboTackle","Slimebound:LeechEnergy"],"picked":"SKIP","floor":51.0},{"not_picked":["Slimebound:ComboTackle+1","Slimebound:Repurpose+1","Slimebound:ItLooksTasty+1"],"picked":"SKIP","floor":53.0},{"not_picked":["Slimebound:LeechingTouch+1","Slimebound:ItLooksTasty"],"picked":"Slimebound:SamplingLick+1","floor":55.0}],"player_experience":401945,"relics_obtained":[{"floor":9.0,"key":"Anchor"},{"floor":14.0,"key":"Pocketwatch"},{"floor":20.0,"key":"Odd Mushroom"},{"floor":34.0,"key":"Pen Nib"},{"floor":36.0,"key":"War Paint"},{"floor":37.0,"key":"StrikeDummy"},{"floor":42.0,"key":"Nunchaku"},{"floor":57.0,"key":"Bronze Scales"}],"event_choices":[{"damage_healed":0.0,"max_hp_gain":0.0,"max_hp_loss":0.0,"gold_gain":0.0,"event_name":"Mushrooms","player_choice":"Fought Mushrooms","floor":20.0,"gold_loss":0.0,"damage_taken":0.0},{"cards_removed":["Slimebound:Strike_Slimebound"],"damage_healed":0.0,"max_hp_gain":0.0,"max_hp_loss":0.0,"gold_gain":0.0,"event_name":"Falling","player_choice":"Removed Attack","floor":54.0,"gold_loss":0.0,"damage_taken":0.0}],"is_beta":false,"boss_relics":[{"not_picked":["Calling Bell","bronze:MakeshiftBattery"],"picked":"Sozu"},{"not_picked":["Slimebound:TarBlob","Black Star"],"picked":"Philosopher\u0027s Stone"}],"items_purged_floors":[21,31,38],"is_endless":false,"potions_floor_spawned":[2,4,7,14,16,18,23,26,27,30,40,42,44,46,55],"killed_by":"Reptomancer","ascension_level":1}}