{"host":"vlqejv0notyktumz","time":1612910431,"event":{"mods":["AchievementEnabler","BaseMod","Colored Map","Colored Powertips","Downfall","Googly Eyes","Minty Spire (QoL Compilation)","StSLib"],"gold_per_floor":[209,16,16,31,44,44,77,77,77,77,94,94,108,122,122,226,226,237,237,248,29,29,29,61,61,135,146,146,146,146],"floor_reached":29,"language":"ENG","playtime":811,"items_purged":["Strike_G"],"score":368,"play_id":"268f7d75-d631-4a37-a375-2fc05621f0fa","local_time":"20210209164031","is_ascension_mode":true,"campfire_choices":[{"data":"Infinite Blades","floor":6,"key":"SMITH"},{"data":"Cloak And Dagger","floor":8,"key":"SMITH"},{"data":"Strike_G","floor":10,"key":"PURGE"},{"floor":15,"key":"REST"},{"floor":23,"key":"REST"},{"floor":25,"key":"REST"},{"floor":28,"key":"REST"}],"circlet_count":0,"master_deck":["AscendersBane","Defend_G","Defend_G","Defend_G","Defend_G","Defend_G","Survivor","Neutralize","Flying Knee","Infinite Blades+1","Cloak And Dagger+1","Flying Knee","Cloak And Dagger","Caltrops","Dodge and Roll","Parasite","Blur","Blade Dance","A Thousand Cuts","Deflect+1","Endless Agony","Accuracy"],"relics":["Ring of the Snake","StoneCalendar","Peace Pipe","Empty Cage","Happy Flower","Nunchaku","Eternal Feather"],"acts_visited":["Exordium","TheCity"],"potions_floor_usage":[11,16,20,20,22,22,27],"damage_taken":[{"damage":1,"enemies":"Small Slimes","floor":1,"turns":5},{"damage":1,"enemies":"Cultist","floor":4,"turns":4},{"damage":0,"enemies":"2 Louse","floor":5,"turns":3},{"damage":22,"enemies":"Gremlin Nob","floor":7,"turns":5},{"damage":0,"enemies":"Looter","floor":11,"turns":3},{"damage":22,"enemies":"Lots of Slimes","floor":13,"turns":6},{"damage":4,"enemies":"Exordium Wildlife","floor":14,"turns":6},{"damage":38,"enemies":"The Guardian","floor":16,"turns":13},{"damage":7,"enemies":"3 Byrds","floor":18,"turns":4},{"damage":5,"enemies":"Spheric Guardian","floor":20,"turns":6},{"damage":2,"enemies":"Snecko","floor":22,"turns":4},{"damage":56,"enemies":"Slavers","floor":24,"turns":7},{"damage":15,"enemies":"Sentry and Sphere","floor":27,"turns":5},{"damage":49,"enemies":"Cultist and Chosen","floor":29,"turns":6}],"seed_played":"2686863607655832579","potions_obtained":[{"floor":7,"key":"DistilledChaos"},{"floor":14,"key":"SpeedPotion"},{"floor":16,"key":"SpeedPotion"},{"floor":19,"key":"BlessingOfTheForge"},{"floor":19,"key":"Poison Potion"},{"floor":20,"key":"SmokeBomb"},{"floor":24,"key":"champ:CounterPotion"}],"is_trial":false,"path_per_floor":["M","$","?","M","M","R","E","R","T","R","M","?","M","M","R","B",null,"M","?","M","$","M","R","E","R","T","M","R","M"],"character_chosen":"THE_SILENT","items_purchased":["Infinite Blades","Cloak And Dagger","Accuracy","Happy Flower"],"campfire_rested":4,"item_purchase_floors":[2,2,21,21],"current_hp_per_floor":[62,62,62,61,61,61,39,39,39,39,39,56,34,30,51,13,56,49,49,44,44,42,63,7,28,28,13,46,0,0],"gold":146,"neow_bonus":"HUNDRED_GOLD","is_daily":false,"chose_seed":false,"campfire_upgraded":2,"win_rate":0.0,"timestamp":1612910431,"path_taken":["M","$","?","M","M","R","E","R","T","R","?","?","M","M","R","BOSS","M","?","M","$","M","R","E","R","T","?","R","M"],"items_purchased_type":["Card","Card","Card","Relic"],"build_version":"2020-12-22","purchased_purges":1,"victory":false,"max_hp_per_floor":[70,70,70,70,70,70,70,70,70,70,70,70,70,70,70,70,70,70,70,70,70,70,70,70,70,70,70,70,70,70],"card_choices":[{"not_picked":["Dodge and Roll","Deflect"],"picked":"Flying Knee","floor":1},{"not_picked":["Deadly Poison","Cloak And Dagger"],"picked":"Flying Knee","floor":4},{"not_picked":["Deadly Poison","Dagger Spray"],"picked":"Cloak And Dagger","floor":5},{"not_picked":["Riddle With Holes","Dagger Throw"],"picked":"Caltrops","floor":7},{"not_picked":["Outmaneuver","Quick Slash"],"picked":"Dodge and Roll","floor":11},{"not_picked":["Dodge and Roll","Masterful Stab"],"picked":"Blur","floor":13},{"not_picked":["Quick Slash","Acrobatics"],"picked":"Blade Dance","floor":14},{"not_picked":["Unload","Doppelganger"],"picked":"A Thousand Cuts","floor":16},{"not_picked":["Dagger Throw","Bane"],"picked":"Deflect+1","floor":18},{"not_picked":["Poisoned Stab","Crippling Poison"],"picked":"Endless Agony","floor":20},{"not_picked":["Crippling Poison+1","Outmaneuver","Riddle With Holes"],"picked":"SKIP","floor":24},{"not_picked":["Calculated Gamble","Deadly Poison","Acrobatics"],"picked":"SKIP","floor":27}],"player_experience":405918,"relics_obtained":[{"floor":7,"key":"StoneCalendar"},{"floor":9,"key":"Peace Pipe"},{"floor":24,"key":"Nunchaku"},{"floor":26,"key":"Eternal Feather"}],"event_choices":[{"cards_removed":["Strike_G"],"damage_healed":0,"gold_gain":0,"player_choice":"Purged","damage_taken":0,"max_hp_gain":0,"max_hp_loss":0,"event_name":"Purifier","floor":3,"gold_loss":0},{"damage_healed":17,"gold_gain":0,"player_choice":"Healed and dodged fight","damage_taken":0,"max_hp_gain":0,"max_hp_loss":0,"event_name":"Mushrooms","floor":12,"gold_loss":0,"cards_obtained":["Parasite"]},{"damage_healed":0,"gold_gain":0,"player_choice":"Got Potions","damage_taken":0,"max_hp_gain":0,"max_hp_loss":0,"event_name":"Lab","floor":19,"gold_loss":0}],"is_beta":false,"boss_relics":[{"not_picked":["Black Star","Coffee Dripper"],"picked":"Empty Cage"}],"items_purged_floors":[2],"is_endless":false,"potions_floor_spawned":[7,14,16,20,24],"killed_by":"Cultist and Chosen","ascension_level":10}}