{"host":"a3wpq7kyokchzawk","time":1612845513,"event":{"mods":["BaseMod","Colored Map","Highlight Path","Minty Spire (QoL Compilation)","Permanent Neow","Potion Indicator Mod","Relic Stats","Weighted Paths"],"gold_per_floor":[111,111,111,111,132,132,165,165,188,188,158,176,210,21,21,115,115,134,134,207,226,226,262,262,262,316,316,316,316],"floor_reached":28,"language":"ENG","playtime":1512,"items_purged":[],"score":480,"play_id":"201d3576-36ce-4fc7-9cf7-3d14efa3ba2e","local_time":"20210209023833","is_ascension_mode":true,"campfire_choices":[{"data":"Flame Barrier","floor":6.0,"key":"SMITH"},{"data":"Demon Form","floor":8.0,"key":"SMITH"},{"data":"Armaments","floor":15.0,"key":"SMITH"},{"floor":24.0,"key":"REST"}],"circlet_count":0,"master_deck":["AscendersBane","Strike_R","Strike_R","Strike_R","Strike_R","Defend_R","Defend_R","Defend_R","Defend_R","Bash+1","Flame Barrier+1","Twin Strike","Demon Form+1","Fire Breathing","Fiend Fire","Impervious","Armaments+1","Double Tap+1","Whirlwind"],"relics":["Burning Blood","Tiny Chest","Golden Idol","Mummified Hand","Juzu Bracelet","PreservedInsect","Boot","Busted Crown","Nilry\u0027s Codex","Bottled Tornado","Nunchaku"],"acts_visited":["Exordium","TheCity"],"potions_floor_usage":[],"damage_taken":[{"damage":10.0,"enemies":"Small Slimes","floor":1.0,"turns":4.0},{"damage":12.0,"enemies":"Jaw Worm","floor":5.0,"turns":3.0},{"damage":32.0,"enemies":"Gremlin Nob","floor":7.0,"turns":4.0},{"damage":6.0,"enemies":"Cultist","floor":12.0,"turns":3.0},{"damage":20.0,"enemies":"Lagavulin","floor":13.0,"turns":5.0},{"damage":22.0,"enemies":"Slime Boss","floor":16.0,"turns":10.0},{"damage":23.0,"enemies":"Chosen","floor":18.0,"turns":5.0},{"damage":16.0,"enemies":"Spheric Guardian","floor":21.0,"turns":5.0},{"damage":43.0,"enemies":"Book of Stabbing","floor":23.0,"turns":6.0},{"damage":29,"enemies":"Gremlin Leader","floor":28,"turns":2}],"seed_played":"6949789401157916343","potions_obtained":[{"floor":1.0,"key":"AttackPotion"},{"floor":7.0,"key":"Strength Potion"},{"floor":11.0,"key":"LiquidMemories"},{"floor":13.0,"key":"FairyPotion"},{"floor":16.0,"key":"DuplicationPotion"}],"is_trial":false,"path_per_floor":["M","?","?","?","M","R","E","R","T","T","?","M","E","$","R","B",null,"M","?","T","M","?","E","R","?","T","?","E"],"character_chosen":"IRONCLAD","items_purchased":["Impervious","Armaments"],"campfire_rested":1,"item_purchase_floors":[14,14],"current_hp_per_floor":[64,64,64,69,63,63,37,37,37,37,37,37,23,23,23,7,57,40,40,40,30,9,7,28,28,28,28,0,0],"gold":316,"neow_bonus":"RANDOM_COMMON_RELIC","is_daily":false,"chose_seed":false,"campfire_upgraded":3,"win_rate":0.0,"timestamp":1612845513,"path_taken":["M","?","?","?","M","R","E","R","T","?","?","M","E","?","R","BOSS","M","?","?","M","?","E","R","?","T","?","E"],"items_purchased_type":["Card","Card"],"build_version":"2020-12-22","purchased_purges":0,"victory":false,"max_hp_per_floor":[75,75,68,73,73,73,73,73,73,73,73,73,73,73,73,73,73,73,73,73,73,73,73,73,73,73,73,73,73],"relic_stats":{"Nunchaku":[0],"Busted Crown":6,"counters":[10,47],"Golden Idol":56,"Mummified Hand":[11],"Tiny Chest":2,"PreservedInsect":118,"Juzu Bracelet":2,"Boot":[6],"obtain_stats":[{"Nunchaku":26,"Busted Crown":17,"Golden Idol":3,"Mummified Hand":7,"Nilry\u0027s Codex":22,"Tiny Chest":0,"PreservedInsect":10,"Juzu Bracelet":9,"Bottled Tornado":23,"Boot":13,"Burning Blood":0},{"Nunchaku":9,"Busted Crown":6,"Golden Idol":1,"Mummified Hand":3,"Nilry\u0027s Codex":8,"Tiny Chest":0,"PreservedInsect":3,"Juzu Bracelet":3,"Bottled Tornado":9,"Boot":5,"Burning Blood":0},{"Nunchaku":45,"Busted Crown":29,"Golden Idol":4,"Mummified Hand":11,"Nilry\u0027s Codex":39,"Tiny Chest":0,"PreservedInsect":11,"Juzu Bracelet":11,"Bottled Tornado":45,"Boot":19,"Burning Blood":0}],"Burning Blood":54},"card_choices":[{"not_picked":["Feel No Pain","Pommel Strike"],"picked":"Flame Barrier","floor":1.0},{"not_picked":["True Grit","Anger"],"picked":"Twin Strike","floor":5.0},{"not_picked":["Clothesline","Entrench"],"picked":"Demon Form","floor":7.0},{"not_picked":["Clothesline","Twin Strike"],"picked":"Fire Breathing","floor":12.0},{"not_picked":["Wild Strike","Cleave"],"picked":"Fiend Fire","floor":13.0},{"not_picked":["Limit Break","Juggernaut"],"picked":"Double Tap","floor":16.0},{"not_picked":["Warcry"],"picked":"SKIP","floor":18.0},{"not_picked":["Flex"],"picked":"SKIP","floor":21.0},{"not_picked":[],"picked":"Whirlwind","floor":23.0}],"player_experience":2672455,"relics_obtained":[{"floor":7.0,"key":"Mummified Hand"},{"floor":9.0,"key":"Juzu Bracelet"},{"floor":10.0,"key":"PreservedInsect"},{"floor":13.0,"key":"Boot"},{"floor":22.0,"key":"Nilry\u0027s Codex"},{"floor":23.0,"key":"Bottled Tornado"},{"floor":26.0,"key":"Nunchaku"}],"event_choices":[{"damage_healed":0.0,"max_hp_gain":0.0,"max_hp_loss":0.0,"gold_gain":0.0,"event_name":"Living Wall","player_choice":"Grow","floor":2.0,"gold_loss":0.0,"damage_taken":0.0,"cards_upgraded":["Bash"]},{"damage_healed":0.0,"max_hp_gain":0.0,"max_hp_loss":7.0,"gold_gain":0.0,"event_name":"Golden Idol","player_choice":"Lose Max HP","floor":3.0,"gold_loss":0.0,"damage_taken":0.0,"relics_obtained":["Golden Idol"]},{"damage_healed":0.0,"max_hp_gain":5.0,"max_hp_loss":0.0,"gold_gain":0.0,"event_name":"Big Fish","player_choice":"Donut","floor":4.0,"gold_loss":0.0,"damage_taken":0.0},{"damage_healed":0.0,"max_hp_gain":0.0,"max_hp_loss":0.0,"gold_gain":0.0,"event_name":"The Woman in Blue","player_choice":"Bought 2 Potions","floor":11.0,"gold_loss":0.0,"damage_taken":0.0},{"cards_removed":["Strike_R"],"damage_healed":0.0,"max_hp_gain":0.0,"max_hp_loss":0.0,"gold_gain":0.0,"event_name":"Bonfire Elementals","player_choice":"Offered Basic","floor":19.0,"gold_loss":0.0,"damage_taken":0.0},{"damage_healed":0.0,"max_hp_gain":0.0,"max_hp_loss":0.0,"gold_gain":0.0,"event_name":"Cursed Tome","player_choice":"Obtained Book","floor":22.0,"gold_loss":0.0,"damage_taken":21.0},{"damage_healed":0.0,"max_hp_gain":0.0,"max_hp_loss":0.0,"gold_gain":0.0,"event_name":"The Mausoleum","player_choice":"Ignored","floor":25.0,"gold_loss":0.0,"damage_taken":0.0},{"damage_healed":0.0,"max_hp_gain":0.0,"max_hp_loss":0.0,"gold_gain":0.0,"event_name":"Accursed Blacksmith","player_choice":"Forge","floor":27.0,"gold_loss":0.0,"damage_taken":0.0,"cards_upgraded":["Double Tap"]}],"is_beta":false,"boss_relics":[{"not_picked":["Sozu","Pandora\u0027s Box"],"picked":"Busted Crown"}],"items_purged_floors":[],"is_endless":false,"potions_floor_spawned":[1,7,13,16],"killed_by":"Gremlin Leader","ascension_level":20}}