{"host":"rwmcmr2m88k7tuzm","time":1612895131,"event":{"mods":["A Magickal Journey","Aspiration","BaseMod","BetterRewards","Conspire","Downfall","Hubris","Infinite Spire","Minty Spire (QoL Compilation)","Quick Restart","Replay The Spire","Shop Mod","StSLib","SuperFastMode","The Hayseed","The Necromancer"],"gold_per_floor":[115,115,115,115,115,115,142,156,208,226,226,249,249,274,274,405,405,418,434,453,473,486,526,526,526,526,560,593,618,618,19,19,148,211,238,277,340,340,382,382,382,431,480,584,679,758,859,948,948,1172,1172,1271,1341,1353,939,1021,1021,1109,1218,1218,1218,1218,1317,1317,1217,1217,1437,1437,1579,1579,1705,1829,1829,1829,1829,1829,1829,1148,1256,1256,1375,661,661,847,847,934,1000,1100,1100,1197,1329,1329,491,491,545,545,545,245,245,245,388,388,429,429,489,541,618,618,678,678,678,768,705,45,72,72,218,218,283,325,363,409,461,533,533,613,613,388,460,460,503,463,463,474,474],"floor_reached":135,"language":"ENG","playtime":3135,"items_purged":["Strike_R","Defend_R","Strike_R+1","Defend_R+1","Strike_R+1","Strike_R+2","Defend_R+1"],"score":3289,"play_id":"ba674b40-10e2-4c98-89d7-8ed7af5387a1","local_time":"20210209182531","is_ascension_mode":false,"campfire_choices":[{"floor":6.0,"key":"REST"},{"floor":11.0,"key":"REST"},{"data":"Inflame","floor":15.0,"key":"SMITH"},{"floor":24.0,"key":"REST"},{"floor":30.0,"key":"REST"},{"data":"Whirlwind","floor":32.0,"key":"SMITH"},{"data":"Bash","floor":40.0,"key":"SMITH"},{"data":"Flex","floor":49.0,"key":"SMITH"},{"floor":57.0,"key":"REST"},{"data":"Reaper","floor":64.0,"key":"SMITH"},{"data":"Flex","floor":66.0,"key":"SMITH"},{"data":"Cleave","floor":74,"key":"SMITH"},{"data":"Juggernaut","floor":80,"key":"SMITH"},{"data":"Cleave","floor":83,"key":"SMITH"},{"data":"infinitespire:TheBestDefense","floor":92,"key":"SMITH"},{"data":"Replay:Undeath\u0027s Touch","floor":96,"key":"SMITH"},{"data":"Twin Strike","floor":100,"key":"SMITH"},{"floor":109,"key":"REST"},{"floor":112,"key":"REST"},{"data":"Offering","floor":126,"key":"SMITH"},{"data":"Defend_R+2","floor":134,"key":"SMITH"}],"circlet_count":1,"master_deck":["Strike_R+2","Defend_R+3","Bash+1","Twin Strike+1","ReplayTheSpireMod:Haul+1","Inflame+1","Replay:Undeath\u0027s Touch+1","Cleave+1","Offering+1","Pommel Strike+1","Flex+1","ReplayTheSpireMod:Black Plague+1","Cleave+1","Twin Strike+1","Flex+1","Uppercut+1","Whirlwind+1","Replay:Undeath\u0027s Touch+1","Replay:Undeath\u0027s Touch+1","Seeing Red+1","Twin Strike+1","Heavy Blade+1","Reaper+1","Juggernaut+1","infinitespire:TheBestDefense+1","Barricade+1","ReplayTheSpireMod:Black Plague+1","Offering+1","Rampage+1"],"relics":["Burning Blood","ReplayTheSpireMod:Shallot","Orichalcum","HandDrill","hubris:ToyBattleship","MerchantsRug","Charon\u0027s Ashes","Golden Idol","aspiration:BabyByrd","ReplayTheSpireMod:Lightbulb","ReplayFunnel","CaptainsWheel","Bird Faced Urn","Dream Catcher","Red Mask","hubris:EmptyBottle","Blue Doll","hubris:TinFlute","Tiny House","infinitespire:EvilPickle","TungstenRod","Replay:Bandana","Mummified Hand","MawBank","Juzu Bracelet","Anchor","infinitespire:CheckeredPen","Blue Candle","aspiration:Stabinomicon","aspiration:TomeofQuesting","Lantern","ClockworkSouvenir","Mercury Hourglass","Strawberry","Durian","aspiration:FrozenJewel","infinitespire:Magic Flask","hubris:Towel","Blood Vial","Chemical X","Bottled Tornado","infinitespire:WardingShard","hubris:Teleporter","Magic Flower","infinitespire:EvilPickle","Boot","Bronze Scales","King of Hearts","Simple Rune","DollysMirror","Potion Belt","Regal Pillow","hubris:Backtick","Replay:Antivirus Software","Vajra","Circlet","ReplayTheSpireMod:Ninjato","Toy Ornithopter","Champion Belt","Happy Flower"],"acts_visited":["Exordium","TheCity","TheBeyond","Exordium","TheCity","TheBeyond","Exordium","TheCity"],"potions_floor_usage":[84,84,84,84,91,91,108,108,125,125,125,135,135,135,135,135,135,135,135],"damage_taken":[{"damage":0.0,"enemies":"Small Slimes","floor":1.0,"turns":4.0},{"damage":0.0,"enemies":"2 Louse","floor":8.0,"turns":3.0},{"damage":0.0,"enemies":"Jaw Worm","floor":10.0,"turns":3.0},{"damage":0.0,"enemies":"Lots of Slimes","floor":12.0,"turns":5.0},{"damage":0.0,"enemies":"Large Slime","floor":14.0,"turns":3.0},{"damage":0.0,"enemies":"Slime Boss","floor":16.0,"turns":5.0},{"damage":6.0,"enemies":"Shell Parasite","floor":18.0,"turns":2.0},{"damage":6.0,"enemies":"Chosen","floor":19.0,"turns":4.0},{"damage":15.0,"enemies":"Centurion and Healer","floor":20.0,"turns":3.0},{"damage":18.0,"enemies":"Snake Plant","floor":21.0,"turns":3.0},{"damage":7.0,"enemies":"Chosen and Byrds","floor":22.0,"turns":3.0},{"damage":26.0,"enemies":"Nightmare","floor":23.0,"turns":7.0},{"damage":27.0,"enemies":"Slavers","floor":27.0,"turns":3.0},{"damage":8.0,"enemies":"Masked Bandits","floor":28.0,"turns":3.0},{"damage":6.0,"enemies":"Cultist and Chosen","floor":29.0,"turns":2.0},{"damage":28.0,"enemies":"Pondfish","floor":33.0,"turns":6.0},{"damage":6.0,"enemies":"Orb Walker","floor":35.0,"turns":1.0},{"damage":18.0,"enemies":"3 Shapes","floor":36.0,"turns":1.0},{"damage":6.0,"enemies":"Mind Bloom Boss Battle","floor":37.0,"turns":3.0},{"damage":5.0,"enemies":"Writhing Mass","floor":39.0,"turns":3.0},{"damage":7.0,"enemies":"Transient","floor":42.0,"turns":5.0},{"damage":34.0,"enemies":"Giant Head","floor":44.0,"turns":7.0},{"damage":5.0,"enemies":"Spire Growth","floor":45.0,"turns":2.0},{"damage":11.0,"enemies":"4 Shapes","floor":46.0,"turns":2.0},{"damage":16.0,"enemies":"Writhing Mass","floor":47.0,"turns":3.0},{"damage":0.0,"enemies":"Sphere and 2 Shapes","floor":48.0,"turns":2.0},{"damage":11.0,"enemies":"hubris:GrandSnecko","floor":50.0,"turns":4.0},{"damage":5.0,"enemies":"2 Louse","floor":52.0,"turns":1.0},{"damage":0.0,"enemies":"Cultist","floor":56.0,"turns":2.0},{"damage":0.0,"enemies":"Jaw Worm","floor":58.0,"turns":1.0},{"damage":0.0,"enemies":"3 Louse","floor":59.0,"turns":1.0},{"damage":5.0,"enemies":"Blue Slaver","floor":63.0,"turns":1.0},{"damage":5.0,"enemies":"Hexaghost","floor":67.0,"turns":2.0},{"damage":0,"enemies":"3 Byrds","floor":69,"turns":2},{"damage":5,"enemies":"Shell Parasite","floor":71,"turns":1},{"damage":5,"enemies":"conspire:HollyBat","floor":72,"turns":4},{"damage":0,"enemies":"Shelled Parasite and Fungi","floor":79,"turns":1},{"damage":5,"enemies":"Centurion and Healer","floor":81,"turns":1},{"damage":4,"enemies":"Pondfish","floor":84,"turns":4},{"damage":5,"enemies":"Orb Walker","floor":86,"turns":1},{"damage":5,"enemies":"Mind Bloom Boss Battle","floor":87,"turns":1},{"damage":6,"enemies":"3 Shapes","floor":88,"turns":1},{"damage":5,"enemies":"Writhing Mass","floor":90,"turns":1},{"damage":0,"enemies":"Giant Head","floor":91,"turns":3},{"damage":5,"enemies":"Sphere and 2 Shapes","floor":95,"turns":1},{"damage":93,"enemies":"Time Eater","floor":101,"turns":5},{"damage":5,"enemies":"2 Louse","floor":103,"turns":1},{"damage":0,"enemies":"Small Slimes","floor":105,"turns":1},{"damage":0,"enemies":"conspire:RoseBush","floor":106,"turns":1},{"damage":0,"enemies":"Lagavulin","floor":108,"turns":2},{"damage":6,"enemies":"Exordium Wildlife","floor":110,"turns":2},{"damage":0,"enemies":"3 Sentries","floor":113,"turns":2},{"damage":0,"enemies":"2 Fungi Beasts","floor":116,"turns":1},{"damage":5,"enemies":"Hexaghost","floor":118,"turns":2},{"damage":5,"enemies":"3 Byrds","floor":120,"turns":1},{"damage":45,"enemies":"conspire:MimicChest","floor":121,"turns":3},{"damage":0,"enemies":"Masked Bandits","floor":122,"turns":1},{"damage":5,"enemies":"Chosen","floor":123,"turns":1},{"damage":5,"enemies":"Snake Plant","floor":124,"turns":1},{"damage":9,"enemies":"Nightmare","floor":125,"turns":4},{"damage":5,"enemies":"Book of Stabbing","floor":127,"turns":1},{"damage":10,"enemies":"Gremlin Leader","floor":130,"turns":1},{"damage":5,"enemies":"Sentry and Sphere","floor":132,"turns":2},{"damage":235,"enemies":"infinitespire:LordOfFortification","floor":135,"turns":5}],"seed_played":"6394490043886684554","potions_obtained":[{"floor":10.0,"key":"BloodPotion"},{"floor":12.0,"key":"BlessingOfTheForge"},{"floor":14.0,"key":"Ancient Potion"},{"floor":23.0,"key":"Fire Potion"},{"floor":27.0,"key":"SpeedPotion"},{"floor":33.0,"key":"Elixir"},{"floor":34.0,"key":"Slimebound:ThreeZeroPotion"},{"floor":42.0,"key":"Explosive Potion"},{"floor":44.0,"key":"LiquidBronze"},{"floor":45.0,"key":"Fruit Juice"},{"floor":47.0,"key":"EntropicBrew"},{"floor":53.0,"key":"Regen Potion"},{"floor":53.0,"key":"Reflective Coating"},{"floor":87,"key":"Energy Potion"},{"floor":88,"key":"Death Potion"},{"floor":101,"key":"SmokeBomb"},{"floor":105,"key":"BloodPotion"},{"floor":106,"key":"Fire Potion"},{"floor":108,"key":"infinitespire:BlackPotion"},{"floor":116,"key":"Dexterity Potion"},{"floor":120,"key":"Strength Potion"},{"floor":130,"key":"AttackPotion"}],"is_trial":false,"path_per_floor":["M","?","?","?","?","R","T","M","T","M","R","M","?","M","R","B",null,"M","M","M","M","M","NM","R","?","T","E","?","M","R","$","R","B",null,"M","M","?","?","M","R","?","M","T","E","M","M","M","M","R","B",null,"M","?","?","$","M","R","M","M","T","?","?","M","R","$","R","B",null,"M","?","M","M","?","R","?","?","T","$","M","R","M","$","R","B",null,"M","?","M","?","M","E","R","$","T","M","R","?","$","?","R","B",null,"M","?","M","M","E","R","M","T","R","E","?","$","M","R","B",null,"M","?","?","M","M","NM","R","E","T","$","E","?","M","?","R","B"],"character_chosen":"IRONCLAD","items_purchased":["ReplayTheSpireMod:Shallot","Orichalcum","HandDrill","hubris:ToyBattleship","MerchantsRug","hubris:EmptyBottle","Blue Doll","hubris:TinFlute","BloodPotion","Juzu Bracelet","Anchor","Block Potion","ClockworkSouvenir","Mercury Hourglass","Strawberry","Durian","aspiration:FrozenJewel","Chemical X","Bottled Tornado","infinitespire:WardingShard","Magic Flower","DollysMirror","Potion Belt","Regal Pillow"],"campfire_rested":7,"item_purchase_floors":[0,0,0,0,0,31,31,31,31,55,55,55,78,78,78,82,82,93,93,93,98,115,115,115],"current_hp_per_floor":[50,47,27,27,8,32,32,38,38,44,68,74,74,80,80,80,80,80,80,71,59,58,54,78,78,78,59,59,61,80,80,80,76,85,85,73,75,75,78,78,78,79,79,53,81,78,68,76,76,73,95,95,73,55,55,61,89,95,95,95,95,91,92,92,92,92,95,95,95,95,95,95,95,95,83,83,83,90,96,96,102,107,107,107,107,107,107,107,107,107,107,107,107,107,107,107,107,107,107,107,65,107,107,107,107,107,107,107,107,107,107,107,107,107,107,107,107,107,107,77,92,102,107,107,107,107,107,107,107,107,107,107,107,0,0],"gold":474,"neow_bonus":"","is_daily":false,"chose_seed":false,"campfire_upgraded":14,"win_rate":0.0,"timestamp":1612895131,"path_taken":["M","?","?","?","?","R","?","?","T","M","R","?","?","M","R","BOSS","M","M","?","M","M","NM","R","?","T","E","?","?","R","$","R","BOSS","M","M","?","?","?","R","?","?","T","E","M","M","M","M","R","BOSS","M","?","?","?","M","R","M","M","T","?","?","M","R","$","R","BOSS","M","?","M","M","?","R","?","?","T","$","M","R","M","?","R","BOSS","M","?","M","?","M","E","R","$","T","M","R","?","$","?","R","BOSS","M","?","M","M","E","R","M","T","R","E","?","$","M","R","BOSS","M","?","?","M","M","NM","R","E","T","$","E","?","M","?","R","BOSS"],"items_purchased_type":["Relic","Relic","Relic","Relic","Relic","Relic","Relic","Relic","Potion","Relic","Relic","Potion","Relic","Relic","Relic","Relic","Relic","Relic","Relic","Relic","Relic","Relic","Relic","Relic"],"build_version":"2020-12-22","purchased_purges":7,"victory":false,"max_hp_per_floor":[80,80,80,80,80,80,80,80,80,80,80,80,80,80,80,80,80,80,80,80,80,80,80,80,80,80,80,80,80,80,80,80,80,85,85,85,85,85,85,85,85,85,85,85,95,95,95,95,95,95,95,95,95,95,95,95,95,95,95,95,95,95,95,95,95,95,95,95,95,95,95,95,95,95,95,95,95,102,102,102,102,107,107,107,107,107,107,107,107,107,107,107,107,107,107,107,107,107,107,107,107,107,107,107,107,107,107,107,107,107,107,107,107,107,107,107,107,107,107,107,107,107,107,107,107,107,107,107,107,107,107,107,107,107,107],"card_choices":[{"not_picked":["Heavy Blade","Sword Boomerang"],"picked":"Twin Strike","floor":1.0},{"not_picked":["infinitespire:SealOfDarkness+","hubris:Rewind"],"picked":"ReplayTheSpireMod:Haul","floor":5.0},{"not_picked":["Run Through","Clothesline"],"picked":"Inflame","floor":8.0},{"not_picked":["Iron Wave","Heavy Blade"],"picked":"Replay:Undeath\u0027s Touch","floor":10.0},{"not_picked":["Defy Death","Wild Strike","hubris:ReadiedAction"],"picked":"SKIP","floor":12.0},{"not_picked":["hubris:CleavingFinish","Havoc"],"picked":"Cleave","floor":14.0},{"not_picked":["conspire:HitWhereItHurts","Double Tap"],"picked":"Offering","floor":16.0},{"not_picked":["Perfected Strike+1","Run Through","Bloodletting+1"],"picked":"SKIP","floor":18.0},{"not_picked":["Iron Wave","Clash","True Grit"],"picked":"SKIP","floor":19.0},{"not_picked":["Wild Strike","Iron Wave","Heavy Blade"],"picked":"SKIP","floor":20.0},{"not_picked":["ReplayTheSpireMod:Stacked","Limit Break"],"picked":"Pommel Strike+1","floor":21.0},{"not_picked":["Replay:Undeath\u0027s Touch","Wild Strike+1"],"picked":"Flex","floor":22.0},{"not_picked":["ReplayTheSpireMod:??????????????????????","infinitespire:Gouge"],"picked":"ReplayTheSpireMod:Black Plague","floor":23.0},{"not_picked":["Immolate","Evolve"],"picked":"Cleave","floor":23.0},{"not_picked":["Clothesline","Run Through+1"],"picked":"Twin Strike+1","floor":27.0},{"not_picked":["Intimidate","Ghostly Armor"],"picked":"Flex","floor":28.0},{"not_picked":["Havoc+1","Thunderclap"],"picked":"Uppercut+1","floor":29.0},{"not_picked":["Ghostly Armor","Pommel Strike"],"picked":"Whirlwind","floor":30.0},{"not_picked":["Warcry+1","Iron Wave","hubris:ReadiedAction+1"],"picked":"SKIP","floor":35.0},{"not_picked":["Flex+1","Thunderclap","ReplayTheSpireMod:Muscle Training"],"picked":"SKIP","floor":36.0},{"not_picked":["Havoc","ReplayTheSpireMod:Strike From Hell"],"picked":"Replay:Undeath\u0027s Touch+1","floor":37.0},{"not_picked":["infinitespire:OneForAll","Corruption","hubris:CleavingFinish"],"picked":"SKIP","floor":39.0},{"not_picked":["hubris:ReadiedAction","Havoc+1","Anger"],"picked":"SKIP","floor":42.0},{"not_picked":["Feed","Spot Weakness"],"picked":"Replay:Undeath\u0027s Touch+1","floor":44.0},{"not_picked":["Heavy Blade+1","Iron Wave+1"],"picked":"Seeing Red","floor":45.0},{"not_picked":["Replay:Undeath\u0027s Touch","Sword Boomerang+1"],"picked":"Twin Strike+1","floor":46.0},{"not_picked":["Sword Boomerang","Anger+1"],"picked":"Heavy Blade+1","floor":47.0},{"not_picked":["Spot Weakness","Twin Strike+1","Massacre"],"picked":"SKIP","floor":48.0},{"not_picked":["conspire:Purge","hubris:StunningStrike"],"picked":"Reaper","floor":50.0},{"not_picked":["Anger","Power Through","Heavy Blade"],"picked":"SKIP","floor":52.0},{"not_picked":["Evolve","Second Wind","Havoc"],"picked":"SKIP","floor":56.0},{"not_picked":["Thunderclap","Havoc","Headbutt"],"picked":"SKIP","floor":58.0},{"not_picked":["Eclipse","ReplayTheSpireMod:Strike From Hell","Uppercut"],"picked":"SKIP","floor":59.0},{"not_picked":["Thunderclap","Perfected Strike","Intimidate"],"picked":"SKIP","floor":63.0},{"not_picked":["Warcry","Clothesline","Entrench"],"picked":"SKIP","floor":69},{"not_picked":["Evolve+1","Body Slam","Feel No Pain"],"picked":"SKIP","floor":71},{"not_picked":["Wild Strike","Uppercut+1","ReplayTheSpireMod:LeadingStrike"],"picked":"SKIP","floor":72},{"not_picked":["Warcry","hubris:ReadiedAction"],"picked":"Juggernaut","floor":79},{"not_picked":["Replay:Undeath\u0027s Touch+1","Run Through","Carnage+1"],"picked":"SKIP","floor":81},{"not_picked":["infinitespire:FutureSight","hubris:Fate"],"picked":"infinitespire:TheBestDefense","floor":85},{"not_picked":["Disarm","Replay:Undeath\u0027s Touch+1","Flame Barrier+1"],"picked":"SKIP","floor":86},{"not_picked":["hubris:ReadiedAction+1","Infernal Blade","Cleave"],"picked":"SKIP","floor":88},{"not_picked":["Body Slam","Havoc+1","Metallicize"],"picked":"SKIP","floor":90},{"not_picked":["Corruption","Disarm","Wild Strike"],"picked":"SKIP","floor":91},{"not_picked":["True Grit+1","Pommel Strike+1","Wild Strike"],"picked":"SKIP","floor":95},{"not_picked":["Double Tap","Demonic Infusion"],"picked":"Barricade","floor":101},{"not_picked":["Anger","Reckless Charge","Shrug It Off"],"picked":"SKIP","floor":103},{"not_picked":["Clash","True Grit","Hemogenesis"],"picked":"SKIP","floor":105},{"not_picked":["Double Tap","Abandon","Anger"],"picked":"SKIP","floor":106},{"not_picked":["Combust","ReplayTheSpireMod:LeadingStrike","conspire:Purge"],"picked":"SKIP","floor":108},{"not_picked":["Pommel Strike","ReplayTheSpireMod:Stacked","Whirlwind"],"picked":"SKIP","floor":110},{"not_picked":["Battle Trance","Anger","Power Through"],"picked":"SKIP","floor":113},{"not_picked":["Twin Strike","Anger","Clothesline"],"picked":"SKIP","floor":116},{"not_picked":["Impervious","Reaper"],"picked":"Offering","floor":118},{"not_picked":["ReplayTheSpireMod:LeadingStrike+1","True Grit","ReplayTheSpireMod:Stacked+1"],"picked":"SKIP","floor":120},{"not_picked":["hubris:ReadiedAction","Warcry","Perfected Strike"],"picked":"SKIP","floor":123},{"not_picked":["hubris:StunningStrike","Clothesline","Defy Death+1"],"picked":"SKIP","floor":124},{"not_picked":["hubris:ReadiedAction","ReplayTheSpireMod:LeadingStrike","Intimidate"],"picked":"SKIP","floor":125},{"not_picked":["Iron Wave+1","Pummel","Run Through"],"picked":"SKIP","floor":127},{"not_picked":["Double Tap","Sword Boomerang","Uppercut"],"picked":"SKIP","floor":130},{"not_picked":["Ghostly Armor","Perfected Strike","Heavy Blade"],"picked":"SKIP","floor":132}],"player_experience":249526,"relics_obtained":[{"floor":7.0,"key":"ReplayTheSpireMod:Lightbulb"},{"floor":9.0,"key":"ReplayFunnel"},{"floor":23.0,"key":"CaptainsWheel"},{"floor":26.0,"key":"Bird Faced Urn"},{"floor":27.0,"key":"Dream Catcher"},{"floor":28.0,"key":"Red Mask"},{"floor":37.0,"key":"TungstenRod"},{"floor":43.0,"key":"Replay:Bandana"},{"floor":44.0,"key":"Mummified Hand"},{"floor":53.0,"key":"MawBank"},{"floor":60.0,"key":"infinitespire:CheckeredPen"},{"floor":75,"key":"aspiration:Stabinomicon"},{"floor":76,"key":"aspiration:TomeofQuesting"},{"floor":77,"key":"Lantern"},{"floor":87,"key":"infinitespire:Magic Flask"},{"floor":91,"key":"Blood Vial"},{"floor":94,"key":"hubris:Teleporter"},{"floor":108,"key":"Boot"},{"floor":111,"key":"Bronze Scales"},{"floor":113,"key":"King of Hearts"},{"floor":121,"key":"Vajra"},{"floor":122,"key":"Circlet"},{"floor":125,"key":"ReplayTheSpireMod:Ninjato"},{"floor":127,"key":"Toy Ornithopter"},{"floor":128,"key":"Champion Belt"},{"floor":130,"key":"Happy Flower"}],"event_choices":[{"damage_healed":0.0,"max_hp_gain":0.0,"max_hp_loss":0.0,"gold_gain":0.0,"event_name":"Scrap Ooze","player_choice":"Success","floor":2.0,"gold_loss":0.0,"damage_taken":3.0,"relics_obtained":["Charon\u0027s Ashes"]},{"damage_healed":0.0,"max_hp_gain":0.0,"max_hp_loss":0.0,"gold_gain":0.0,"event_name":"Golden Idol","player_choice":"Take Damage","floor":3.0,"gold_loss":0.0,"damage_taken":20.0,"relics_obtained":["Golden Idol"]},{"damage_healed":0.0,"max_hp_gain":0.0,"max_hp_loss":0.0,"gold_gain":0.0,"event_name":"Accursed Blacksmith","player_choice":"Forge","floor":13.0,"gold_loss":0.0,"damage_taken":0.0,"cards_upgraded":["ReplayTheSpireMod:Haul"]},{"damage_healed":0.0,"max_hp_gain":0.0,"max_hp_loss":0.0,"gold_gain":0.0,"event_name":"Masked Bandits","player_choice":"Fought Bandits","floor":28.0,"gold_loss":0.0,"damage_taken":0.0},{"damage_healed":0.0,"max_hp_gain":0.0,"max_hp_loss":0.0,"gold_gain":0.0,"event_name":"MindBloom","player_choice":"Fight","floor":37.0,"gold_loss":0.0,"damage_taken":0.0},{"damage_healed":0.0,"max_hp_gain":0.0,"max_hp_loss":0.0,"gold_gain":0.0,"event_name":"Match and Keep!","player_choice":"0 cards matched","floor":38.0,"gold_loss":0.0,"damage_taken":0.0,"cards_obtained":[]},{"damage_healed":0.0,"max_hp_gain":0.0,"max_hp_loss":0.0,"gold_gain":0.0,"event_name":"SecretPortal","player_choice":"Ignored","floor":41.0,"gold_loss":0.0,"damage_taken":0.0},{"damage_healed":0.0,"max_hp_gain":0.0,"max_hp_loss":0.0,"gold_gain":0.0,"event_name":"Shining Light","player_choice":"Entered Light","floor":54.0,"gold_loss":0.0,"damage_taken":19.0,"cards_upgraded":["Strike_R","Seeing Red"]},{"damage_healed":0.0,"max_hp_gain":0.0,"max_hp_loss":0.0,"gold_gain":0.0,"event_name":"Transmorgrifier","player_choice":"Ignored","floor":61.0,"gold_loss":0.0,"damage_taken":0.0},{"damage_healed":0,"gold_gain":0,"player_choice":"Ignored","damage_taken":0,"max_hp_gain":0,"max_hp_loss":0,"event_name":"Ghosts","floor":70,"gold_loss":0},{"damage_healed":0,"gold_gain":0,"player_choice":"Simplicity","damage_taken":0,"max_hp_gain":0,"max_hp_loss":0,"event_name":"Back to Basics","floor":73,"gold_loss":0,"cards_upgraded":["Strike_R","Strike_R","Strike_R","Defend_R","Defend_R","Defend_R"]},{"damage_healed":0,"gold_gain":0,"player_choice":"Obtained Book","damage_taken":16,"max_hp_gain":0,"max_hp_loss":0,"event_name":"Cursed Tome","floor":75,"gold_loss":0},{"damage_healed":0,"gold_gain":0,"player_choice":"Relic","damage_taken":0,"max_hp_gain":0,"max_hp_loss":0,"event_name":"Wheel of Change","floor":76,"gold_loss":0},{"damage_healed":0,"gold_gain":0,"player_choice":"Fight","damage_taken":0,"max_hp_gain":0,"max_hp_loss":0,"event_name":"MindBloom","floor":87,"gold_loss":0},{"damage_healed":0,"gold_gain":0,"player_choice":"Leave","damage_taken":0,"max_hp_gain":0,"max_hp_loss":0,"event_name":"conspire:Investor","floor":97,"gold_loss":0},{"damage_healed":0,"gold_gain":0,"player_choice":"Bought 0 Potions","damage_taken":0,"max_hp_gain":0,"max_hp_loss":0,"event_name":"The Woman in Blue","floor":99,"gold_loss":0},{"damage_healed":0,"gold_gain":0,"player_choice":"Upgraded","damage_taken":0,"max_hp_gain":0,"max_hp_loss":0,"event_name":"Upgrade Shrine","floor":104,"gold_loss":0,"cards_upgraded":["Barricade"]},{"damage_healed":0,"gold_gain":0,"player_choice":"Paid Gold","damage_taken":0,"relics_obtained":["Simple Rune"],"max_hp_gain":0,"max_hp_loss":0,"event_name":"WeMeetAgain","floor":114,"gold_loss":63},{"damage_healed":0,"gold_gain":0,"player_choice":"Ignored","damage_taken":0,"max_hp_gain":0,"max_hp_loss":0,"event_name":"NoteForYourself","floor":117,"gold_loss":0},{"damage_healed":0,"gold_gain":0,"player_choice":"Fought Bandits","damage_taken":0,"max_hp_gain":0,"max_hp_loss":0,"event_name":"Masked Bandits","floor":122,"gold_loss":0},{"damage_healed":0,"gold_gain":0,"player_choice":"Read","damage_taken":0,"max_hp_gain":0,"max_hp_loss":0,"event_name":"The Library","floor":131,"gold_loss":0,"cards_obtained":["Rampage"]},{"damage_healed":0,"gold_gain":0,"player_choice":"Upgraded Two","damage_taken":0,"max_hp_gain":0,"max_hp_loss":0,"event_name":"Designer","floor":133,"gold_loss":40,"cards_upgraded":["Rampage","Strike_R"]}],"is_beta":false,"boss_relics":[{"not_picked":["Runic Dome","Replay:Bronze Core","Snecko Eye"]},{"not_picked":["hubris:CrackedHourglass","Replay:Wanted Poster"],"picked":"Tiny House"},{"not_picked":["Ooze Armor","hubris:RunicObelisk","hubris:VirtuousBlindfold"]},{"not_picked":["Replay:Ancient Bell","Ring of Chaos","ChewingGum"]},{"not_picked":["Fusion Hammer","Runic Pyramid","hubris:Stopwatch"]},{"not_picked":["Runic Cube","Ooze Armor","infinitespire:Cupcake"]},{"not_picked":["ReplayTheSpireMod:SealedPack","Painkiller Herb"],"picked":"hubris:Backtick"}],"items_purged_floors":[55,65,78,82,93,115,129],"is_endless":true,"potions_floor_spawned":[10,12,14,18,19,23,27,33,39,42,44,45,47,56,59,67,69,72,79,87,88,101,105,106,108,116,120,121,130,132],"killed_by":"infinitespire:LordOfFortification","ascension_level":0}}