{"host":"61ejhfsushs0xmcl","time":1612861821,"event":{"mods":["ATMod(°¢èªMod)","Act Like it!","BaseMod","Colored Map","Gold Saver","HumanHunterMod(¹ÖÎïÉ±ÈËmod)","Minty Spire (QoL Compilation)","MostiFishMod","Spicy Shops","StSLib","TestMod","[IsaacMod]ÒÔÈö¼âËþ","¡¾ÒÅÎï¿¨ÅÆ¡¿REMEMod","óô»ðÖ¸ÄÏ"],"gold_per_floor":[1617,1542,976,1025,1084,1223,1223,1241,1241,702,730,730,759,399,399,472,472,580,610,1009,1009,1063,617,659,676,698,742,770,797,838,882,194,300,300,329,550,565,1563,1602,1129,1190,940,988,1029,1063,626,660,666,666,786,792,792,411,246,335,467],"floor_reached":57,"language":"ZHS","playtime":2501,"items_purged":["Strike_R","Strike_R","Bash","Strike_R","Strike_R","Defend_R","Defend_R","Defend_R","Normality","Normality","AT_ChampionKick+1","Hemokinesis"],"score":4863,"play_id":"c0d47166-0074-44ef-8861-b5585d6d9c53","local_time":"20210209171021","is_ascension_mode":true,"campfire_choices":[{"data":"Spot Weakness","floor":7.0,"key":"SMITH"},{"data":"Feel No Pain","floor":12.0,"key":"SMITH"},{"floor":15.0,"key":"RECALL"}],"circlet_count":0,"master_deck":["AscendersBane","SuicideKing","Feel No Pain+1","Spot Weakness+1","Shockwave+1","AT_BodySlamDance+1","Offering+1","Entrench+1","Burning Pact+1","MostiFishMod:Chiaki+1","Seeing Red+1","REME_Scribble+1","Sentinel+1","AT_Dispersion+1","Master of Strategy+1","MostiFishMod:BrokenBlackCloak+1","Feel No Pain"],"relics":["Burning Blood","AT_ATBox","REME_ComplimentaryCards","testmod-TestBox","HushsDoor","SalivaCoin","testmod-Charity","BrkXgEgg","SynthV:TestCard","Centennial Puzzle","OrangePellets","AT_ArcaneBoots","Letter Opener","REME_LimitBreaker","Toxic Egg 2","REME_CardOfGreed","BookOfRevelations","JellyFishMachine","Red Mask","BionicSphere","Ancient Tea Set","Blood Vial","DoctorsRemote","AT_SeraphEmbrace","Civilization","Orrery","Philosopher\u0027s Stone","HowToJump","Lantern","Mercury Hourglass","AT_BellDemon","Oddly Smooth Stone","SatanicBible","Brimstone","Ornamental Fan","Lee\u0027s Waffle","AT_MibuBalloonWealth","Vajra","AT_RabadonDeathcap"],"acts_visited":["Exordium","TheCity","TheBeyond","TheEnding"],"potions_floor_usage":[56,56],"damage_taken":[{"damage":19.0,"enemies":"Small Slimes","floor":1.0,"turns":4.0},{"damage":13.0,"enemies":"Jaw Worm","floor":5.0,"turns":6.0},{"damage":60.0,"enemies":"3 Sentries","floor":6.0,"turns":29.0},{"damage":2.0,"enemies":"Cultist","floor":8.0,"turns":2.0},{"damage":5.0,"enemies":"Lots of Slimes","floor":11.0,"turns":2.0},{"damage":6.0,"enemies":"Looter","floor":13.0,"turns":2.0},{"damage":0.0,"enemies":"Slime Boss","floor":16.0,"turns":3.0},{"damage":8.0,"enemies":"3 Byrds","floor":18.0,"turns":3.0},{"damage":2.0,"enemies":"Masked Bandits","floor":19.0,"turns":2.0},{"damage":13.0,"enemies":"Chosen","floor":22.0,"turns":2.0},{"damage":8.0,"enemies":"Gremlin Leader","floor":24.0,"turns":1.0},{"damage":6.0,"enemies":"Snake Plant","floor":25.0,"turns":1.0},{"damage":8.0,"enemies":"REME_1_Revenger","floor":27.0,"turns":1.0},{"damage":8.0,"enemies":"Sentry and Sphere","floor":28.0,"turns":1.0},{"damage":8.0,"enemies":"Chosen and Byrds","floor":29.0,"turns":1.0},{"damage":13.0,"enemies":"Centurion and Healer","floor":30.0,"turns":1.0},{"damage":11.0,"enemies":"Gremlin Leader","floor":31.0,"turns":1.0},{"damage":15.0,"enemies":"Champ","floor":33.0,"turns":2.0},{"damage":11.0,"enemies":"3 Darklings","floor":35.0,"turns":1.0},{"damage":3.0,"enemies":"Orb Walker","floor":37.0,"turns":2.0},{"damage":2.0,"enemies":"Transient","floor":39.0,"turns":6.0},{"damage":6.0,"enemies":"Nemesis","floor":41.0,"turns":5.0},{"damage":20.0,"enemies":"4 Shapes","floor":44.0,"turns":2.0},{"damage":13.0,"enemies":"Writhing Mass","floor":45.0,"turns":1.0},{"damage":11.0,"enemies":"Maw","floor":47.0,"turns":1.0},{"damage":0.0,"enemies":"Awakened One","floor":50.0,"turns":5.0},{"damage":3.0,"enemies":"Time Eater","floor":51.0,"turns":2.0},{"damage":9,"enemies":"Shield and Spear","floor":55,"turns":1},{"damage":0,"enemies":"The Heart","floor":56,"turns":12}],"seed_played":"226316066873473099","potions_obtained":[{"floor":5.0,"key":"DistilledChaos"},{"floor":6.0,"key":"PowerPotion"},{"floor":19.0,"key":"EssenceOfSteel"},{"floor":25.0,"key":"SpeedPotion"},{"floor":30.0,"key":"ElixirPotion"},{"floor":47.0,"key":"PowerPotion"}],"is_trial":false,"path_per_floor":["M","?","$","?","M","E","R","M","T","$","M","R","M","$","R","B",null,"M","?","?","?","M","R","E","M","T","E","M","M","M","E","R","B",null,"M","?","M","?","M","R","E","R","T","M","M","$","M","?","R","B","B",null,"R","$","E","B",null],"character_chosen":"IRONCLAD","items_purchased":["Centennial Puzzle","OrangePellets","Feel No Pain","AT_SpeedBoots","Toxic Egg 2","REME_CardOfGreed","BookOfRevelations","Entrench+1","testmod-SpacePotion","BionicSphere","AT_ArchangelStaff","Civilization","Orrery","HowToJump","Lantern","Brimstone","Lee\u0027s Waffle","AT_MibuBalloonWealth","DuplicationPotion"],"campfire_rested":0,"item_purchase_floors":[3,3,3,3,10,10,14,17,23,23,32,32,32,40,40,46,53,54,54],"current_hp_per_floor":[58,58,58,59,60,26,26,32,32,32,36,36,40,40,40,47,89,104,110,111,111,112,112,113,115,116,117,120,123,126,130,130,133,156,162,163,176,177,195,195,209,209,210,210,218,218,227,218,218,242,256,270,282,282,292,310],"gold":467,"neow_bonus":"RANDOM_COLORLESS_2","is_daily":false,"chose_seed":false,"campfire_upgraded":2,"win_rate":0.0,"timestamp":1612861821,"path_taken":["M","?","$","?","?","E","R","M","T","$","M","R","M","$","R","BOSS","M","?","?","?","?","R","E","M","T","E","M","M","M","E","R","BOSS","M","?","?","?","M","R","E","R","T","?","M","$","?","?","R","BOSS","BOSS","R","$","E","BOSS"],"items_purchased_type":["Relic","Relic","Card","Relic","Relic","Relic","Relic","Card","Potion","Relic","Relic","Relic","Relic","Relic","Relic","Relic","Relic","Relic","Potion"],"build_version":"2020-12-22","purchased_purges":12,"victory":true,"max_hp_per_floor":[71,71,71,72,80,100,100,102,102,102,105,105,109,109,109,110,103,120,122,123,123,131,131,134,136,137,140,143,146,154,161,161,171,164,173,174,182,183,195,195,209,209,210,224,237,237,249,250,250,266,275,275,282,282,295,310],"card_choices":[{"not_picked":[],"picked":"SuicideKing","floor":0.0},{"not_picked":["Thunderclap","Dual Wield"],"picked":"Hemokinesis","floor":1.0},{"not_picked":["Armaments","Heavy Blade","Uppercut","Sword Boomerang","True Grit"],"picked":"SKIP","floor":5.0},{"not_picked":["Clothesline","Battle Trance","Warcry","Thunderclap"],"picked":"Spot Weakness","floor":6.0},{"not_picked":["Power Through","Iron Wave","Perfected Strike","Dropkick","Thunderclap"],"picked":"SKIP","floor":8.0},{"not_picked":["Body Slam","Infernal Blade+1","AT_IchimonjiDouble","Twin Strike"],"picked":"Shockwave+1","floor":11.0},{"not_picked":["Anger","Clash","Infernal Blade+1","Clothesline"],"picked":"AT_BodySlamDance+1","floor":13.0},{"not_picked":["MostiFishMod:FireWorks+1","Barricade+1","MostiFishMod:Mania+1","REME_Fury+1"],"picked":"Offering+1","floor":16.0},{"not_picked":["AT_BodySlamDance+1","MostiFishMod:#F4004+1","Heavy Blade","Clash","Perfected Strike"],"picked":"SKIP","floor":18.0},{"not_picked":["Dual Wield+1","Ghostly Armor+1","Thunderclap+1","Perfected Strike"],"picked":"Burning Pact+1","floor":22.0},{"not_picked":["Shrug It Off+1","Headbutt","REME_Cut","Power Through+1"],"picked":"MostiFishMod:Chiaki+1","floor":24.0},{"not_picked":["AT_BodySlamDance+1","Pummel","Power Through+1","Havoc+1","Shrug It Off+1"],"picked":"SKIP","floor":25.0},{"not_picked":["Uppercut","Armaments+1","Rupture","Anger","Heavy Blade"],"picked":"SKIP","floor":27.0},{"not_picked":["Heavy Blade","Dual Wield+1","MostiFishMod:#F4004+1","AT_BodySlamDance+1"],"picked":"Seeing Red+1","floor":28.0},{"not_picked":["True Grit+1","Flex+1","Barricade+1","Sword Boomerang"],"picked":"REME_Scribble+1","floor":29.0},{"not_picked":["AT_CaressingTears+1","Iron Wave","True Grit+1","Perfected Strike"],"picked":"Sentinel+1","floor":30.0},{"not_picked":["AT_BodySlamDance+1","Uppercut","Carnage+1","Twin Strike","Dual Wield+1"],"picked":"SKIP","floor":31.0},{"not_picked":["Feed+1","MostiFishMod:KnuckleDown+1","Exhume+1","MostiFishMod:404NotFound+1"],"picked":"AT_Dispersion+1","floor":33.0},{"not_picked":["Iron Wave","Perfected Strike","True Grit+1","Armaments+1","Shrug It Off+1"],"picked":"SKIP","floor":35.0},{"not_picked":["Heavy Blade","AT_IchimonjiDouble","Uppercut","Twin Strike","Wild Strike"],"picked":"SKIP","floor":37.0},{"not_picked":["Combust","Armaments+1","Searing Blow+1","AT_IchimonjiDouble","Thunderclap+1"],"picked":"SKIP","floor":39.0},{"not_picked":["Uppercut+1","Sword Boomerang+1","Corruption+1","Clash","Cleave+1"],"picked":"SKIP","floor":41.0},{"not_picked":["Shrug It Off+1","Perfected Strike","Metallicize+1","Pommel Strike","Cleave+1"],"picked":"SKIP","floor":44.0},{"not_picked":["Warcry+1","True Grit+1","Wild Strike","Thunderclap+1","Immolate+1"],"picked":"SKIP","floor":45.0},{"not_picked":["Clash","Reckless Charge","Cleave","Shrug It Off+1","Rage+1"],"picked":"SKIP","floor":47.0},{"not_picked":["Mind Blast","Secret Weapon+1","MostiFishMod:SupremeArchaeology+1","Good Instincts+1"],"picked":"Master of Strategy+1","floor":48.0},{"not_picked":["testmod-AutoReboundSystem+1","MostiFishMod:SupremeArchaeology+1","testmod-SubstituteBySubterfuge+1","Jack Of All Trades+1"],"picked":"MostiFishMod:BrokenBlackCloak+1","floor":48.0},{"not_picked":["MostiFishMod:BrandingRite+1","Clothesline","Battle Trance+1","AT_GerminateFire+1"],"picked":"Feel No Pain","floor":55}],"player_experience":862461,"relics_obtained":[{"floor":1.0,"key":"SynthV:TestCard"},{"floor":6.0,"key":"Letter Opener"},{"floor":9.0,"key":"REME_LimitBreaker"},{"floor":19.0,"key":"Red Mask"},{"floor":24.0,"key":"Ancient Tea Set"},{"floor":27.0,"key":"Blood Vial"},{"floor":31.0,"key":"DoctorsRemote"},{"floor":41.0,"key":"Mercury Hourglass"},{"floor":43.0,"key":"AT_BellDemon"},{"floor":44.0,"key":"Oddly Smooth Stone"},{"floor":45.0,"key":"SatanicBible"},{"floor":47.0,"key":"Ornamental Fan"},{"floor":55,"key":"Vajra"},{"floor":55,"key":"AT_RabadonDeathcap"}],"event_choices":[{"cards_removed":["Strike_R"],"damage_healed":0.0,"max_hp_gain":0.0,"max_hp_loss":0.0,"gold_gain":0.0,"event_name":"The Cleric","player_choice":"Card Removal","floor":2.0,"gold_loss":75.0,"damage_taken":0.0},{"damage_healed":0.0,"max_hp_gain":0.0,"max_hp_loss":0.0,"gold_gain":50.0,"event_name":"Golden Shrine","player_choice":"Pray","floor":4.0,"gold_loss":0.0,"damage_taken":0.0},{"damage_healed":0.0,"max_hp_gain":0.0,"max_hp_loss":0.0,"gold_gain":0.0,"event_name":"Masked Bandits","player_choice":"Fought Bandits","floor":19.0,"gold_loss":0.0,"damage_taken":0.0},{"damage_healed":0.0,"max_hp_gain":0.0,"max_hp_loss":0.0,"gold_gain":400.0,"event_name":"¶÷ÂåË¹µÄÅÌ×Ó","player_choice":"Sell","floor":20.0,"relics_lost":["DaveBox"],"gold_loss":0.0,"damage_taken":0.0},{"damage_healed":0.0,"max_hp_gain":0.0,"max_hp_loss":0.0,"gold_gain":0.0,"event_name":"Match and Keep!","player_choice":"0 cards matched","floor":21.0,"gold_loss":0.0,"damage_taken":0.0,"cards_obtained":[]},{"damage_healed":0.0,"max_hp_gain":0.0,"max_hp_loss":0.0,"gold_gain":222.0,"event_name":"Tomb of Lord Red Mask","player_choice":"Wore Mask","floor":36.0,"gold_loss":0.0,"damage_taken":0.0},{"damage_healed":0.0,"max_hp_gain":0.0,"max_hp_loss":0.0,"gold_gain":999.0,"event_name":"MindBloom","player_choice":"Gold","floor":38.0,"gold_loss":0.0,"damage_taken":0.0,"cards_obtained":["Normality","Normality"]},{"damage_healed":0.0,"max_hp_gain":0.0,"max_hp_loss":0.0,"gold_gain":0.0,"event_name":"SensoryStone","player_choice":"Memory 3","floor":48.0,"gold_loss":0.0,"damage_taken":10.0}],"is_beta":false,"boss_relics":[{"not_picked":["testmod-BloodSacrificeSpiritualization","testmod-Nine"],"picked":"JellyFishMachine"},{"not_picked":[]},{"not_picked":["Fusion Hammer","ExusiaiGun"],"picked":"Philosopher\u0027s Stone"},{"not_picked":[]}],"items_purged_floors":[3,10,14,14,17,23,32,34,40,42,46,53],"is_endless":false,"potions_floor_spawned":[5,6,19,25,27,30,35,39,45,47],"ascension_level":20}}