{"host":"fvfv74rwxn7g5wli","time":1612831088,"event":{"mods":["BaseMod","Better Third Choice","Colored Powertips","DeckTracker","Downfall","GifTheSpireLib","Minty Spire (QoL Compilation)","Potionbrewer","Quick Restart","Reliquary","StSLib","The Marked"],"gold_per_floor":[119,134,32,49,49,49,49,49,119,130,130,130,159,171,171,273,273,286,286,286,286,305,305,330,342,342,342,342,16,88,88,88,193,193,213,95,115,115,126,126,126,126,126,154,154,171,171,182,182,182],"floor_reached":51,"language":"ENG","playtime":1239,"items_purged":["Prepared"],"score":991,"play_id":"e63fcc17-86d8-4697-b0a9-fe9063de5cf8","local_time":"20210208163808","daily_mods":["SealedDeck","Specialized","Vintage","Heirloom","Time Dilation","Flight"],"is_ascension_mode":false,"campfire_choices":[{"data":"Endless Agony","floor":6,"key":"SMITH"},{"data":"Endless Agony","floor":8,"key":"SMITH"},{"data":"Endless Agony","floor":12,"key":"SMITH"},{"data":"Endless Agony","floor":15,"key":"SMITH"},{"data":"Grand Finale","floor":23,"key":"SMITH"},{"data":"Calculated Gamble","floor":27,"key":"SMITH"},{"data":"Endless Agony","floor":28,"key":"SMITH"},{"data":"Endless Agony","floor":32,"key":"SMITH"},{"data":"Prepared","floor":40,"key":"SMITH"},{"data":"Deflect","floor":41,"key":"SMITH"},{"data":"Slice","floor":42,"key":"SMITH"},{"data":"Blade Dance","floor":45,"key":"SMITH"},{"data":"Adrenaline","floor":47,"key":"SMITH"},{"data":"Slice","floor":49,"key":"SMITH"}],"circlet_count":0,"master_deck":["Endless Agony+1","Endless Agony+1","Endless Agony+1","Endless Agony+1","Endless Agony+1","Calculated Gamble+1","Prepared+1","Deflect+1","Backstab","Slice+1","Endless Agony+1","Slice+1","Grand Finale+1","Adrenaline+1","Decay","Blade Dance+1"],"relics":["Unceasing Top","Turnip","Bag of Preparation","The Courier","Eternal Feather","Pantograph","PreservedInsect","Girya","hexamod:BolsterEngine","Empty Cage","Lantern","Blue Candle","Bag of Marbles","Guardian:PocketSentry","Kunai","Shuriken","Oddly Smooth Stone","Bottled Lightning","Pear","Ancient Tea Set","WristBlade","Akabeko","reliquary:SilkGlove","reliquary:BoilingFlask","reliquary:TridentHead","Ancient Tea Set","potionbrewer:BottledElixir","reliquary:PrincelyHelmet","Regal Pillow"],"acts_visited":["Exordium","TheCity","TheBeyond"],"potions_floor_usage":[50,50],"damage_taken":[{"damage":0,"enemies":"Cultist","floor":1,"turns":1},{"damage":0,"enemies":"Small Slimes","floor":2,"turns":1},{"damage":0,"enemies":"Jaw Worm","floor":4,"turns":1},{"damage":0,"enemies":"Exordium Thugs","floor":10,"turns":1},{"damage":0,"enemies":"3 Sentries","floor":13,"turns":1},{"damage":0,"enemies":"Looter","floor":14,"turns":1},{"damage":0,"enemies":"Hexaghost","floor":16,"turns":1},{"damage":0,"enemies":"Spheric Guardian","floor":18,"turns":2},{"damage":0,"enemies":"Chosen","floor":22,"turns":1},{"damage":9,"enemies":"Slavers","floor":24,"turns":2},{"damage":5,"enemies":"Centurion and Healer","floor":25,"turns":2},{"damage":0,"enemies":"Collector","floor":33,"turns":1},{"damage":0,"enemies":"3 Darklings","floor":35,"turns":1},{"damage":0,"enemies":"Orb Walker","floor":37,"turns":1},{"damage":1,"enemies":"Transient","floor":39,"turns":4},{"damage":0,"enemies":"Giant Head","floor":44,"turns":1},{"damage":1,"enemies":"Maw","floor":46,"turns":1},{"damage":4,"enemies":"4 Shapes","floor":48,"turns":1},{"damage":61,"enemies":"Time Eater","floor":50,"turns":5}],"seed_played":"-2115920630935319300","potions_obtained":[{"floor":4,"key":"Explosive Potion"},{"floor":13,"key":"Strength Potion"},{"floor":16,"key":"hexamod:SoulburnPotion"},{"floor":20,"key":"CunningPotion"},{"floor":20,"key":"potionbrewer:StunPotion"},{"floor":22,"key":"Swift Potion"},{"floor":24,"key":"potionbrewer:NoxiousPotion"},{"floor":35,"key":"potionbrewer:ToxicPotion"},{"floor":39,"key":"potionbrewer:NoxiousPotion"}],"is_trial":true,"path_per_floor":["M","M","$","M","?","R","$","R","T","M","?","R","E","M","R","B",null,"M","?","?","$","M","R","E","M","T","R","R","$","T","?","R","B",null,"M","$","M","?","M","R","R","R","T","E","R","M","R","M","R","B",null],"character_chosen":"THE_SILENT","items_purchased":["Slice","Oddly Smooth Stone","Bottled Lightning","reliquary:SilkGlove"],"campfire_rested":0,"item_purchase_floors":[3,29,29,36],"current_hp_per_floor":[70,70,70,70,75,75,75,75,75,75,75,75,75,75,75,75,75,75,70,70,70,70,75,66,61,61,67,73,73,83,83,85,85,85,85,85,85,85,84,85,85,85,85,85,85,84,85,81,85,24],"gold":182,"neow_bonus":"","is_daily":false,"chose_seed":false,"campfire_upgraded":14,"win_rate":0.0,"timestamp":1612831088,"path_taken":["M","M","$","?","?","R","?","R","T","?","?","R","E","M","R","BOSS","M","?","?","$","M","R","E","?","T","R","R","$","?","?","R","BOSS","M","?","M","?","?","R","R","R","T","E","R","?","R","M","R","BOSS"],"items_purchased_type":["Card","Relic","Relic","Relic"],"build_version":"2020-12-22","purchased_purges":1,"victory":true,"max_hp_per_floor":[70,70,70,70,75,75,75,75,75,75,75,75,75,75,75,75,75,75,75,75,75,75,75,75,75,75,75,75,75,85,85,85,85,85,85,85,85,85,85,85,85,85,85,85,85,85,85,85,85,85],"card_choices":[{"not_picked":["Flying Knee","Predator","Tactician"],"picked":"SKIP","floor":13},{"not_picked":["Storm of Steel","After Image"],"picked":"Grand Finale","floor":16},{"not_picked":["Dagger Spray","Quick Slash","Infinite Blades"],"picked":"SKIP","floor":24},{"not_picked":["Venomology","Night Terror"],"picked":"Adrenaline","floor":33},{"not_picked":["Flying Knee","Heel Hook+1"],"picked":"Blade Dance","floor":44}],"player_experience":100247,"relics_obtained":[{"floor":1,"key":"Bag of Preparation"},{"floor":2,"key":"The Courier"},{"floor":4,"key":"Eternal Feather"},{"floor":9,"key":"Pantograph"},{"floor":10,"key":"PreservedInsect"},{"floor":13,"key":"Girya"},{"floor":14,"key":"hexamod:BolsterEngine"},{"floor":18,"key":"Lantern"},{"floor":22,"key":"Bag of Marbles"},{"floor":24,"key":"Guardian:PocketSentry"},{"floor":25,"key":"Kunai"},{"floor":26,"key":"Shuriken"},{"floor":30,"key":"Pear"},{"floor":35,"key":"Akabeko"},{"floor":37,"key":"reliquary:BoilingFlask"},{"floor":39,"key":"reliquary:TridentHead"},{"floor":43,"key":"reliquary:SculptingSteel"},{"floor":44,"key":"potionbrewer:BottledElixir"},{"floor":46,"key":"reliquary:PrincelyHelmet"},{"floor":48,"key":"Regal Pillow"}],"event_choices":[{"damage_healed":0,"gold_gain":0,"player_choice":"Donut","damage_taken":0,"max_hp_gain":5,"max_hp_loss":0,"event_name":"Big Fish","floor":5,"gold_loss":0},{"cards_removed":["Prepared"],"damage_healed":5,"gold_gain":0,"player_choice":"Offered Common","damage_taken":0,"max_hp_gain":0,"max_hp_loss":0,"event_name":"Bonfire Elementals","floor":11,"gold_loss":0},{"cards_removed":["Prepared"],"damage_healed":5,"gold_gain":0,"player_choice":"Offered Special","damage_taken":0,"max_hp_gain":0,"max_hp_loss":0,"event_name":"Bonfire Elementals","floor":11,"gold_loss":0},{"damage_healed":0,"gold_gain":0,"player_choice":"Got Potions","damage_taken":0,"max_hp_gain":0,"max_hp_loss":0,"event_name":"Lab","floor":20,"gold_loss":0},{"damage_healed":0,"gold_gain":0,"player_choice":"Gave Potion","damage_taken":0,"relics_obtained":["Ancient Tea Set"],"max_hp_gain":0,"max_hp_loss":0,"event_name":"WeMeetAgain","floor":31,"gold_loss":0},{"damage_healed":0,"gold_gain":0,"player_choice":"Cursed","damage_taken":0,"max_hp_gain":0,"max_hp_loss":0,"event_name":"Wheel of Change","floor":38,"gold_loss":0,"cards_obtained":["Decay"]}],"is_beta":false,"boss_relics":[{"not_picked":["Velvet Choker","reliquary:RedPaperclip"],"picked":"Empty Cage"},{"not_picked":["Coffee Dripper","Sozu"],"picked":"WristBlade"}],"items_purged_floors":[3],"is_endless":false,"potions_floor_spawned":[4,10,13,16,22,24,25,35,39,46],"ascension_level":0}}