{"host":"ptk1shuto3uimndw","time":1612859819,"event":{"mods":["AchievementEnabler","BaseMod","Bestiary","Colored Map","Colored Powertips","Curses Come First","Minty Spire (QoL Compilation)","Quick Restart","Rare Cards Sparkle","Relic Stats","StSLib","Uncapped"],"gold_per_floor":[112,112,112,131,146,160,194,194,194,226,226,281,308,20,20,93,93,103,103,0,18,34,34,59,59,59,59,59],"floor_reached":27,"language":"ENG","playtime":920,"items_purged":["Strike_B"],"score":423,"play_id":"f5f91fbb-cb68-40a8-bc95-dc9661032be6","local_time":"20210209093659","is_ascension_mode":true,"campfire_choices":[{"floor":11.0,"key":"REST"},{"floor":15.0,"key":"REST"},{"data":"Seek","floor":23,"key":"SMITH"},{"data":"Echo Form","floor":25,"key":"SMITH"}],"circlet_count":0,"master_deck":["AscendersBane","Strike_B","Defend_B","Defend_B","Defend_B","Defend_B","Zap","Dualcast","Ball Lightning","Streamline","Self Repair","Coolheaded","Coolheaded","Seek+1","Electrodynamics","Cold Snap","Echo Form+1","Reinforced Body","Echo Form"],"relics":["Cracked Core","Centennial Puzzle","Juzu Bracelet","Blue Candle","Ginger","Orichalcum","Meat on the Bone","Black Star","Anchor","Nunchaku","Frozen Egg 2"],"acts_visited":["Exordium","TheCity"],"potions_floor_usage":[24,24,27],"damage_taken":[{"damage":4.0,"enemies":"Jaw Worm","floor":1.0,"turns":4.0},{"damage":3.0,"enemies":"2 Louse","floor":4.0,"turns":2.0},{"damage":0.0,"enemies":"Cultist","floor":5.0,"turns":2.0},{"damage":16.0,"enemies":"Exordium Wildlife","floor":6.0,"turns":4.0},{"damage":23.0,"enemies":"Gremlin Nob","floor":7.0,"turns":4.0},{"damage":37.0,"enemies":"3 Sentries","floor":10.0,"turns":8.0},{"damage":28.0,"enemies":"Lagavulin Event","floor":12.0,"turns":5.0},{"damage":17.0,"enemies":"Lagavulin","floor":13.0,"turns":7.0},{"damage":20.0,"enemies":"The Guardian","floor":16.0,"turns":14.0},{"damage":29,"enemies":"2 Thieves","floor":18,"turns":3},{"damage":10,"enemies":"Shell Parasite","floor":21,"turns":9},{"damage":41,"enemies":"Snake Plant","floor":22,"turns":7},{"damage":22,"enemies":"Slavers","floor":24,"turns":3},{"damage":37,"enemies":"Gremlin Leader","floor":27,"turns":6}],"seed_played":"757152205504461604","potions_obtained":[{"floor":5.0,"key":"SkillPotion"},{"floor":7.0,"key":"FearPotion"},{"floor":10.0,"key":"FocusPotion"},{"floor":16.0,"key":"Explosive Potion"},{"floor":18,"key":"DistilledChaos"},{"floor":24,"key":"SpeedPotion"}],"is_trial":false,"path_per_floor":["M","?","?","M","M","M","E","?","T","E","R","?","E","$","R","B",null,"M","?","?","M","M","R","E","R","T","E"],"character_chosen":"DEFECT","items_purchased":["Electrodynamics","Cold Snap"],"campfire_rested":2,"item_purchase_floors":[14,14],"current_hp_per_floor":[60,60,60,57,57,41,25,48,48,18,39,18,8,8,29,28,60,43,43,43,59,44,44,34,34,34,0,0],"gold":59,"neow_bonus":"RANDOM_COMMON_RELIC","is_daily":false,"chose_seed":false,"campfire_upgraded":2,"win_rate":0.0,"timestamp":1612859819,"path_taken":["M","?","?","M","M","M","E","?","T","E","R","?","E","$","R","BOSS","M","?","?","M","M","R","E","R","T","E"],"items_purchased_type":["Card","Card"],"build_version":"2020-12-22","purchased_purges":1,"victory":false,"max_hp_per_floor":[71,71,71,71,71,71,71,71,71,71,71,71,71,71,71,71,71,71,71,71,71,71,71,71,71,71,71,71],"relic_stats":{"Centennial Puzzle":[39],"Nunchaku":[0],"counters":[14,78],"Blue Candle":[0],"Juzu Bracelet":1,"Black Star":1,"Ginger":[4],"Orichalcum":[96],"obtain_stats":[{"Centennial Puzzle":0,"Anchor":24,"Nunchaku":24,"Blue Candle":9,"Juzu Bracelet":7,"Black Star":17,"Ginger":10,"Orichalcum":12,"Frozen Egg 2":26,"Cracked Core":0,"Meat on the Bone":13},{"Centennial Puzzle":0,"Anchor":13,"Nunchaku":13,"Blue Candle":5,"Juzu Bracelet":5,"Black Star":9,"Ginger":6,"Orichalcum":7,"Frozen Egg 2":13,"Cracked Core":0,"Meat on the Bone":8},{"Centennial Puzzle":0,"Anchor":72,"Nunchaku":72,"Blue Candle":16,"Juzu Bracelet":16,"Black Star":50,"Ginger":24,"Orichalcum":29,"Frozen Egg 2":72,"Cracked Core":0,"Meat on the Bone":36}],"Meat on the Bone":60},"card_choices":[{"not_picked":["Cold Snap","Rebound"],"picked":"Ball Lightning","floor":1.0},{"not_picked":["Double Energy","Tempest"],"picked":"Streamline","floor":4.0},{"not_picked":["Auto Shields","Leap","Hello World"],"picked":"SKIP","floor":5.0},{"not_picked":["Loop","Conserve Battery"],"picked":"Self Repair","floor":6.0},{"not_picked":["Rebound","Blizzard"],"picked":"Coolheaded","floor":7.0},{"not_picked":["Force Field","Reprogram","Rip and Tear"],"picked":"SKIP","floor":10.0},{"not_picked":["Hologram","Redo"],"picked":"Coolheaded","floor":12.0},{"not_picked":["Chill","Force Field"],"picked":"Seek","floor":13.0},{"not_picked":["Fission","Multi-Cast"],"picked":"Echo Form","floor":16.0},{"not_picked":["Go for the Eyes","Force Field"],"picked":"Reinforced Body","floor":18},{"not_picked":["Storm+1","Darkness","Stack"],"picked":"SKIP","floor":21},{"not_picked":["Go for the Eyes","Barrage","Rebound"],"picked":"SKIP","floor":22},{"not_picked":["Redo","Go for the Eyes"],"picked":"Echo Form","floor":24}],"player_experience":247852,"relics_obtained":[{"floor":7.0,"key":"Juzu Bracelet"},{"floor":9.0,"key":"Blue Candle"},{"floor":10.0,"key":"Ginger"},{"floor":12.0,"key":"Orichalcum"},{"floor":13.0,"key":"Meat on the Bone"},{"floor":24,"key":"Anchor"},{"floor":24,"key":"Nunchaku"},{"floor":26,"key":"Frozen Egg 2"}],"event_choices":[{"cards_removed":["Strike_B"],"damage_healed":0.0,"max_hp_gain":0.0,"max_hp_loss":0.0,"gold_gain":0.0,"event_name":"Living Wall","player_choice":"Forget","floor":2.0,"gold_loss":0.0,"damage_taken":0.0},{"cards_removed":["Strike_B"],"damage_healed":0.0,"max_hp_gain":0.0,"max_hp_loss":0.0,"gold_gain":0.0,"event_name":"Bonfire Elementals","player_choice":"Offered Basic","floor":3.0,"gold_loss":0.0,"damage_taken":0.0},{"damage_healed":23.0,"max_hp_gain":0.0,"max_hp_loss":0.0,"gold_gain":0.0,"event_name":"Big Fish","player_choice":"Banana","floor":8.0,"gold_loss":0.0,"damage_taken":0.0},{"damage_healed":0.0,"max_hp_gain":0.0,"max_hp_loss":0.0,"gold_gain":0.0,"event_name":"Dead Adventurer","player_choice":"Searched \u00272\u0027 times","floor":12.0,"gold_loss":0.0,"damage_taken":0.0},{"damage_healed":0,"gold_gain":0,"player_choice":"Ignored","damage_taken":0,"max_hp_gain":0,"max_hp_loss":0,"event_name":"Vampires","floor":19,"gold_loss":0},{"damage_healed":0,"gold_gain":0,"player_choice":"Paid Fearfully","damage_taken":0,"max_hp_gain":0,"max_hp_loss":0,"event_name":"Masked Bandits","floor":20,"gold_loss":103}],"is_beta":false,"boss_relics":[{"not_picked":["Tiny House","Sozu"],"picked":"Black Star"}],"items_purged_floors":[14],"is_endless":false,"potions_floor_spawned":[5,7,10,16,18,22,24],"killed_by":"Gremlin Leader","ascension_level":14}}