{"host":"swn8ychr123rw3gf","time":1612876152,"event":{"mods":["BaseMod","Minty Spire (QoL Compilation)","StSLib"],"gold_per_floor":[113,113,129,207,132,132,152,152,152,152,152,152],"floor_reached":11,"language":"ZHS","playtime":237,"items_purged":["Defend_G"],"score":116,"play_id":"693263e7-03b6-479c-a49c-06f15fe5a72a","local_time":"20210209210912","is_ascension_mode":true,"campfire_choices":[{"data":"Accuracy","floor":6,"key":"SMITH"},{"data":"Caltrops","floor":8,"key":"SMITH"},{"data":"Reflex","floor":10,"key":"SMITH"}],"circlet_count":0,"master_deck":["AscendersBane","Strike_G","Strike_G","Strike_G","Defend_G","Defend_G","Defend_G","Defend_G","Survivor","Neutralize+1","Adrenaline","Riddle With Holes","Accuracy+1","Reflex+1","Caltrops+1"],"relics":["Ring of the Snake","Molten Egg 2","Blue Candle"],"acts_visited":["Exordium"],"potions_floor_usage":[],"damage_taken":[{"damage":1,"enemies":"Cultist","floor":1,"turns":3},{"damage":1,"enemies":"2 Louse","floor":3,"turns":3},{"damage":7,"enemies":"Small Slimes","floor":7,"turns":3},{"damage":34,"enemies":"Lagavulin","floor":11,"turns":9}],"seed_played":"-347368911613639286","potions_obtained":[{"floor":1,"key":"Ancient Potion"}],"is_trial":false,"path_per_floor":["M","?","M","T","$","R","M","R","T","R","E"],"character_chosen":"THE_SILENT","items_purchased":[],"campfire_rested":0,"item_purchase_floors":[],"current_hp_per_floor":[58,58,57,57,57,57,50,50,50,50,16,16],"gold":152,"neow_bonus":"TRANSFORM_TWO_CARDS","is_daily":false,"chose_seed":false,"campfire_upgraded":3,"win_rate":0.0,"timestamp":1612876152,"path_taken":["M","?","?","?","$","R","M","R","T","R","E"],"items_purchased_type":[],"build_version":"2020-12-22","purchased_purges":1,"victory":false,"max_hp_per_floor":[60,60,60,60,60,60,60,60,60,60,60,60],"card_choices":[{"not_picked":["Backflip","Deadly Poison"],"picked":"Accuracy","floor":1},{"not_picked":["Poisoned Stab","Flying Knee"],"picked":"Reflex","floor":3},{"not_picked":["Setup","Dagger Throw+1"],"picked":"Caltrops","floor":7}],"player_experience":453651,"relics_obtained":[{"floor":4,"key":"Molten Egg 2"},{"floor":9,"key":"Blue Candle"}],"event_choices":[{"damage_healed":0,"gold_gain":0,"player_choice":"Upgraded","damage_taken":0,"max_hp_gain":0,"max_hp_loss":0,"event_name":"Upgrade Shrine","floor":2,"gold_loss":0,"cards_upgraded":["Neutralize"]}],"is_beta":false,"boss_relics":[],"items_purged_floors":[5],"is_endless":false,"potions_floor_spawned":[1],"killed_by":"Lagavulin","ascension_level":18}}