{"host":"kh6fvhxn285ncg0o","time":1612839567,"event":{"mods":["Act Like it!","BaseMod","Colored Map","Friendly Minions","Keyboard Shortcuts","Minty Spire (QoL Compilation)","Quick Restart","Relic Stats","StSLib","SuperFastMode","UnlockEverythingMod"],"gold_per_floor":[118,118,43,62,62,62,88,100,100,135,145,173,190,205,205,280,280,296,211,223,242,192,227,239,189,263,263,263,263],"floor_reached":28,"language":"KOR","playtime":617,"items_purged":["Strike_R","Strike_R","Bash"],"score":570,"play_id":"6ee62365-e896-4ebf-8b12-c65ee6debc9f","local_time":"20210209115927","is_ascension_mode":true,"campfire_choices":[{"data":"Clash","floor":6.0,"key":"SMITH"},{"data":"Pommel Strike","floor":15.0,"key":"SMITH"},{"data":"Pommel Strike","floor":27.0,"key":"SMITH"}],"circlet_count":0,"master_deck":["AscendersBane","Strike_R","Strike_R","Defend_R","Defend_R","Defend_R","Defend_R","Second Wind","Clash+1","Shockwave","Body Slam","Pommel Strike+1","Fiend Fire","Battle Trance","Pommel Strike+1"],"relics":["Burning Blood","NeowsBlessing","MealTicket","Matryoshka","Kunai","Smiling Mask","Sundial","StrikeDummy","Coffee Dripper","Vajra","Shuriken","Strawberry","The Courier"],"acts_visited":["Exordium","TheCity"],"potions_floor_usage":[],"damage_taken":[{"damage":0.0,"enemies":"Small Slimes","floor":1.0,"turns":1.0},{"damage":0.0,"enemies":"Cultist","floor":4.0,"turns":1.0},{"damage":0.0,"enemies":"Lagavulin","floor":7.0,"turns":1.0},{"damage":4.0,"enemies":"Jaw Worm","floor":8.0,"turns":3.0},{"damage":29.0,"enemies":"Gremlin Nob","floor":10.0,"turns":4.0},{"damage":5.0,"enemies":"Gremlin Gang","floor":11.0,"turns":5.0},{"damage":27.0,"enemies":"3 Sentries","floor":12.0,"turns":9.0},{"damage":11.0,"enemies":"Exordium Thugs","floor":13.0,"turns":4.0},{"damage":16.0,"enemies":"Large Slime","floor":14.0,"turns":4.0},{"damage":26.0,"enemies":"Hexaghost","floor":16.0,"turns":9.0},{"damage":24.0,"enemies":"Shell Parasite","floor":18.0,"turns":4.0},{"damage":27.0,"enemies":"2 Thieves","floor":20.0,"turns":4.0},{"damage":5.0,"enemies":"Centurion and Healer","floor":21.0,"turns":6.0},{"damage":8.0,"enemies":"Gremlin Leader","floor":23.0,"turns":4.0},{"damage":14.0,"enemies":"Snake Plant","floor":24.0,"turns":3.0},{"damage":50,"enemies":"Slavers","floor":28,"turns":5}],"seed_played":"2121608775075662185","potions_obtained":[{"floor":1.0,"key":"SpeedPotion"},{"floor":7.0,"key":"Energy Potion"},{"floor":11.0,"key":"FairyPotion"},{"floor":18.0,"key":"Dexterity Potion"},{"floor":21.0,"key":"Fire Potion"}],"is_trial":false,"path_per_floor":["M","?","$","M","T","R","E","M","T","E","M","E","M","M","R","B",null,"M","?","M","M","$","E","M","$","T","R","E"],"character_chosen":"IRONCLAD","items_purchased":[],"campfire_rested":0,"item_purchase_floors":[],"current_hp_per_floor":[74,74,74,75,75,75,75,75,75,52,53,32,27,17,17,19,61,43,43,22,23,38,36,28,43,50,50,0,0],"gold":263,"neow_bonus":"THREE_ENEMY_KILL","is_daily":false,"chose_seed":false,"campfire_upgraded":3,"win_rate":0.0,"timestamp":1612839567,"path_taken":["M","?","?","M","?","R","E","?","T","E","M","E","M","M","R","BOSS","M","?","M","M","$","E","M","$","T","R","E"],"items_purchased_type":[],"build_version":"2020-12-22","purchased_purges":3,"victory":false,"max_hp_per_floor":[75,75,75,75,75,75,75,75,75,75,75,75,75,75,75,75,75,75,75,75,75,75,75,75,75,82,82,82,82],"relic_stats":{"counters":[16,67],"Sundial":[18],"Shuriken":[1],"MealTicket":30,"Kunai":[14],"Smiling Mask":125,"obtain_stats":[{"NeowsBlessing":0,"Vajra":19,"The Courier":26,"Smiling Mask":9,"Burning Blood":0,"Matryoshka":7,"Sundial":10,"Shuriken":23,"Strawberry":26,"MealTicket":5,"Coffee Dripper":17,"Kunai":9,"StrikeDummy":12},{"NeowsBlessing":0,"Vajra":11,"The Courier":15,"Smiling Mask":4,"Burning Blood":0,"Matryoshka":3,"Sundial":5,"Shuriken":14,"Strawberry":15,"MealTicket":2,"Coffee Dripper":10,"Kunai":4,"StrikeDummy":7},{"NeowsBlessing":0,"Vajra":45,"The Courier":62,"Smiling Mask":6,"Burning Blood":0,"Matryoshka":3,"Sundial":10,"Shuriken":59,"Strawberry":62,"MealTicket":2,"Coffee Dripper":41,"Kunai":6,"StrikeDummy":24}],"Burning Blood":77},"card_choices":[{"not_picked":["Hemokinesis","Entrench"],"picked":"Second Wind","floor":1.0},{"not_picked":["Thunderclap","Pommel Strike"],"picked":"Shockwave","floor":4.0},{"not_picked":["Inflame","Anger"],"picked":"Body Slam","floor":7.0},{"not_picked":["Thunderclap","Sword Boomerang","Pommel Strike"],"picked":"SKIP","floor":8.0},{"not_picked":["Reckless Charge","Juggernaut"],"picked":"Pommel Strike","floor":10.0},{"not_picked":["Cleave","Infernal Blade","Headbutt"],"picked":"SKIP","floor":11.0},{"not_picked":["Blood for Blood","Demon Form","Thunderclap"],"picked":"SKIP","floor":12.0},{"not_picked":["Inflame","Clash","Pommel Strike"],"picked":"SKIP","floor":14.0},{"not_picked":["Barricade","Brutality"],"picked":"Fiend Fire","floor":16.0},{"not_picked":["Clash","Spot Weakness","Pummel"],"picked":"SKIP","floor":18.0},{"not_picked":["Seeing Red","Wild Strike","Headbutt"],"picked":"SKIP","floor":20.0},{"not_picked":["Flex","Disarm"],"picked":"Battle Trance","floor":21.0},{"not_picked":["Clash","Heavy Blade","Ghostly Armor"],"picked":"SKIP","floor":23.0},{"not_picked":["Headbutt","Searing Blow"],"picked":"Pommel Strike","floor":24.0}],"player_experience":1340670,"relics_obtained":[{"floor":5.0,"key":"MealTicket"},{"floor":7.0,"key":"Matryoshka"},{"floor":9.0,"key":"Kunai"},{"floor":9.0,"key":"Smiling Mask"},{"floor":10.0,"key":"Sundial"},{"floor":12.0,"key":"StrikeDummy"},{"floor":23.0,"key":"Shuriken"},{"floor":26.0,"key":"Strawberry"},{"floor":26.0,"key":"The Courier"}],"event_choices":[{"damage_healed":0.0,"max_hp_gain":0.0,"max_hp_loss":0.0,"gold_gain":0.0,"cards_transformed":["Strike_R"],"event_name":"Transmorgrifier","player_choice":"Transformed","floor":2.0,"gold_loss":0.0,"damage_taken":0.0,"cards_obtained":["Clash"]},{"damage_healed":0.0,"max_hp_gain":0.0,"max_hp_loss":0.0,"gold_gain":0.0,"event_name":"Addict","player_choice":"Obtained Relic","floor":19.0,"gold_loss":85.0,"damage_taken":0.0,"relics_obtained":["Vajra"]}],"is_beta":false,"boss_relics":[{"not_picked":["SlaversCollar","Empty Cage"],"picked":"Coffee Dripper"}],"items_purged_floors":[3,22,25],"is_endless":false,"potions_floor_spawned":[1,7,11,18,21],"killed_by":"Slavers","ascension_level":20}}