{"host":"aycoqeinteywlvmx","time":1612896733,"event":{"mods":["2.2 Compatiblity","AchievementEnabler","Act Like it!","BaseMod","Beaked The Cultist","Challenge The Spire","Colored Map","Colored Powertips","Conspire","Custom Start","Duelist Mod","GifTheSpireLib","Gremlin Mod","GungeonMod","Halation","Hermit","Hubris","Infinite Spire","Jorbs\u0027s Wanderer Trilogy","Mad Scientist","Minty Spire (QoL Compilation)","Prisma Mod","READ ME - Snecko Mod","Relic Stats","Replay The Spire","StSLib","The Bladedancer","The Cursed","The Hayseed","The Mystic","The Necromancer","The Poker Player","The Runesmith","TheBandit","Yuri Mod"],"gold_per_floor":[118,39,39,59,59,86,103,130,154,172,191,201,217,235,235,336,336,348,348,348],"floor_reached":19,"language":"ENG","playtime":832,"items_purged":[],"score":208,"play_id":"08c09c10-7696-4658-a849-73f2caa69db6","local_time":"20210209195213","is_ascension_mode":false,"campfire_choices":[{"data":"hermit:CursedWeapon","floor":15.0,"key":"SMITH"}],"circlet_count":0,"master_deck":["hermit:Strike_Hermit","hermit:Strike_Hermit","hermit:Strike_Hermit","hermit:Strike_Hermit","hermit:Defend_Hermit","hermit:Defend_Hermit","hermit:Defend_Hermit","hermit:Defend_Hermit","hermit:Snapshot","hermit:Covet","hermit:Quickdraw","hermit:Combo+1","hermit:Deadeye","hermit:Snipe","hermit:Headshot","hermit:GoldenBullet","hermit:Virtue","hermit:CursedWeapon+1","hermit:Dive","hermit:Deadeye","hermit:Determination"],"relics":["hermit:Momento","NeowsBlessing","Bronze Scales","Boot","DemoMod:GlassGuonStoneRelic","conspire:RunicOctahedron"],"acts_visited":[],"potions_floor_usage":[],"damage_taken":[{"damage":0.0,"enemies":"Cultist","floor":1.0,"turns":1.0},{"damage":0.0,"enemies":"2 Louse","floor":4.0,"turns":1.0},{"damage":0.0,"enemies":"Lagavulin","floor":6.0,"turns":1.0},{"damage":7.0,"enemies":"Jaw Worm","floor":7.0,"turns":3.0},{"damage":31.0,"enemies":"Gremlin Nob","floor":8.0,"turns":4.0},{"damage":4.0,"enemies":"Large Slime","floor":10.0,"turns":4.0},{"damage":3.0,"enemies":"Gremlin Gang","floor":11.0,"turns":4.0},{"damage":0.0,"enemies":"Looter","floor":12.0,"turns":2.0},{"damage":2.0,"enemies":"Large Slime","floor":13.0,"turns":4.0},{"damage":3.0,"enemies":"3 Louse","floor":14.0,"turns":2.0},{"damage":29.0,"enemies":"Fading Forest","floor":16.0,"turns":11.0},{"damage":2.0,"enemies":"Chosen","floor":18.0,"turns":3.0},{"damage":0,"enemies":"Replay:Snechameleon","floor":19,"turns":1}],"seed_played":"-5615698012086021861","potions_obtained":[{"floor":4.0,"key":"SkillPotion"},{"floor":6.0,"key":"Adrenaline Potion"},{"floor":10.0,"key":"Energy Potion"},{"floor":13.0,"key":"PowerPotion"}],"is_trial":false,"path_per_floor":["M","$","?","M","$","E","M","E","T","M","M","M","M","M","R","B",null,"M","M"],"character_chosen":"HERMIT","items_purchased":["hermit:Combo"],"campfire_rested":0,"item_purchase_floors":[2],"current_hp_per_floor":[75,75,75,75,75,75,68,37,37,33,30,30,28,25,25,6,75,73,73,73],"gold":348,"neow_bonus":"THREE_ENEMY_KILL","is_daily":false,"chose_seed":false,"campfire_upgraded":1,"win_rate":0.0,"timestamp":1612896733,"path_taken":["M","$","?","M","$","E","M","E","T","M","?","M","M","M","R","BOSS","M","M"],"items_purchased_type":["Card"],"build_version":"2020-12-22","purchased_purges":0,"victory":false,"max_hp_per_floor":[75,75,75,75,75,75,75,75,75,75,75,75,75,75,75,75,75,75,75,75],"relic_stats":{"counters":[13,40],"Bronze Scales":[52],"Boot":[5],"obtain_stats":[{"NeowsBlessing":0,"Bronze Scales":6,"conspire:RunicOctahedron":17,"DemoMod:GlassGuonStoneRelic":4,"Boot":8,"hermit:Momento":0},{"NeowsBlessing":0,"Bronze Scales":3,"conspire:RunicOctahedron":11,"DemoMod:GlassGuonStoneRelic":2,"Boot":5,"hermit:Momento":0},{"NeowsBlessing":0,"Bronze Scales":3,"conspire:RunicOctahedron":37,"DemoMod:GlassGuonStoneRelic":2,"Boot":10,"hermit:Momento":0}]},"card_choices":[{"not_picked":["hermit:TrackingShot","hermit:CalledShot"],"picked":"hermit:Quickdraw","floor":1.0},{"not_picked":["hermit:Dive","hermit:BodyArmor"],"picked":"hermit:Deadeye","floor":4.0},{"not_picked":["hermit:FullyLoaded","hermit:Feint"],"picked":"hermit:Snipe","floor":6.0},{"not_picked":["hermit:Feint","hermit:ItchyTrigger"],"picked":"hermit:Headshot","floor":7.0},{"not_picked":["hermit:FullyLoaded","hermit:Ricochet"],"picked":"hermit:GoldenBullet","floor":8.0},{"not_picked":["hermit:DeadOrAlive","hermit:ItchyTrigger"],"picked":"hermit:Virtue","floor":10.0},{"not_picked":["hermit:Enervate","hermit:Maintenance"],"picked":"hermit:CursedWeapon","floor":11.0},{"not_picked":["hermit:Snipe","hermit:DeadMansHand"],"picked":"hermit:Dive","floor":12.0},{"not_picked":["hermit:BodyArmor","hermit:Feint","hermit:Snipe"],"picked":"SKIP","floor":13.0},{"not_picked":["hermit:LowProfile","hermit:BodyArmor"],"picked":"hermit:Deadeye","floor":14.0},{"not_picked":["hermit:Vantage","hermit:HighCaliber+1"],"picked":"hermit:Determination","floor":18.0}],"player_experience":212512,"relics_obtained":[{"floor":6.0,"key":"Bronze Scales"},{"floor":8.0,"key":"Boot"}],"event_choices":[{"damage_healed":0.0,"max_hp_gain":0.0,"max_hp_loss":0.0,"gold_gain":0.0,"event_name":"Accursed Blacksmith","player_choice":"Forge","floor":3.0,"gold_loss":0.0,"damage_taken":0.0,"cards_upgraded":["hermit:Combo"]}],"is_beta":false,"boss_relics":[{"not_picked":["halation:CatFaceCupcake","halation:Yufonium"],"picked":"conspire:RunicOctahedron"}],"items_purged_floors":[],"is_endless":false,"potions_floor_spawned":[4,6,10,13],"killed_by":"Replay:Snechameleon","ascension_level":0}}