{"host":"vit9b6u76k1y61sh","time":1612856568,"event":{"mods":["BaseMod","Block Reminder","Colored Powertips","Highlight Path","Minty Spire (QoL Compilation)","Rare Cards Sparkle","Relic Sorter","Relic Stats","StSLib"],"gold_per_floor":[114,127,127,77,93,119,119,119,119],"floor_reached":8,"language":"ENG","playtime":195,"items_purged":[],"score":62,"play_id":"197d6edf-c1e7-4ddf-a79c-24ad6ef97ed7","local_time":"20210209024248","is_ascension_mode":true,"campfire_choices":[{"data":"Bash","floor":7,"key":"SMITH"}],"circlet_count":0,"master_deck":["Strike_R","Strike_R","Strike_R","Strike_R","Defend_R","Defend_R","Defend_R","Defend_R","Bash+1","Dual Wield","Brutality"],"relics":["Burning Blood","NeowsBlessing","Regal Pillow","Question Card"],"acts_visited":["Exordium"],"potions_floor_usage":[1],"damage_taken":[{"damage":0,"enemies":"Jaw Worm","floor":1,"turns":1},{"damage":0,"enemies":"2 Louse","floor":2,"turns":1},{"damage":0,"enemies":"Small Slimes","floor":5,"turns":1},{"damage":52,"enemies":"Gremlin Nob","floor":6,"turns":6},{"damage":15,"enemies":"Lagavulin","floor":8,"turns":3}],"seed_played":"-710279306084922621","potions_obtained":[{"floor":1,"key":"Fruit Juice"},{"floor":6,"key":"GamblersBrew"}],"is_trial":false,"path_per_floor":["M","M","?","?","M","E","R","E"],"character_chosen":"IRONCLAD","items_purchased":[],"campfire_rested":0,"item_purchase_floors":[],"current_hp_per_floor":[85,85,73,73,79,33,33,18,18],"gold":119,"neow_bonus":"THREE_ENEMY_KILL","is_daily":false,"chose_seed":false,"campfire_upgraded":1,"win_rate":0.0,"timestamp":1612856568,"path_taken":["M","M","?","?","M","E","R","E"],"items_purchased_type":[],"build_version":"2020-12-22","purchased_purges":0,"victory":false,"max_hp_per_floor":[85,85,85,85,85,85,85,85,85],"relic_stats":{"Regal Pillow":0,"counters":[5,12],"Question Card":0,"obtain_stats":[{"Regal Pillow":3,"NeowsBlessing":0,"Question Card":6,"Burning Blood":0},{"Regal Pillow":2,"NeowsBlessing":0,"Question Card":4,"Burning Blood":0},{"Regal Pillow":2,"NeowsBlessing":0,"Question Card":9,"Burning Blood":0}],"Burning Blood":12},"card_choices":[{"not_picked":["Armaments","Anger"],"picked":"Dual Wield","floor":1},{"not_picked":["Pommel Strike","Warcry","Clash"],"picked":"SKIP","floor":2},{"not_picked":["Twin Strike","Battle Trance","Heavy Blade"],"picked":"SKIP","floor":5},{"not_picked":["Wild Strike","Immolate"],"picked":"Brutality","floor":6}],"player_experience":158028,"relics_obtained":[{"floor":6,"key":"Question Card"}],"event_choices":[{"damage_healed":0,"gold_gain":0,"player_choice":"Success","damage_taken":12,"relics_obtained":["Regal Pillow"],"max_hp_gain":0,"max_hp_loss":0,"event_name":"Scrap Ooze","floor":3,"gold_loss":0},{"cards_removed":["Strike_R"],"damage_healed":0,"gold_gain":0,"player_choice":"Card Removal","damage_taken":0,"max_hp_gain":0,"max_hp_loss":0,"event_name":"The Cleric","floor":4,"gold_loss":50}],"is_beta":false,"boss_relics":[],"items_purged_floors":[],"is_endless":false,"potions_floor_spawned":[1,6],"killed_by":"Lagavulin","ascension_level":2}}