{"host":"zsnmfqgcm92hlreo","time":1612856201,"event":{"mods":["AchievementEnabler","BaseMod","Bestiary","Block Reminder","Colored Map","Colored Powertips","Minty Spire (QoL Compilation)","Permanent Neow","Quick Restart","Relic Stats","StSLib","Weighted Paths"],"gold_per_floor":[112,112,127,127,52,82,82,109,133,133,133],"floor_reached":10,"language":"ENG","playtime":263,"items_purged":["Regret"],"score":148,"play_id":"704b1e32-9873-42a8-9ce2-7610fcac970a","local_time":"20210209013641","is_ascension_mode":true,"campfire_choices":[{"floor":7,"key":"REST"}],"circlet_count":0,"master_deck":["AscendersBane","Strike_R","Strike_R","Strike_R","Strike_R","Strike_R","Defend_R","Defend_R","Defend_R","Defend_R","Bash","Carnage","Twin Strike","Dropkick","Sword Boomerang"],"relics":["Mark of Pain","Boot","Blood Vial","Omamori","Ancient Tea Set"],"acts_visited":["Exordium"],"potions_floor_usage":[8],"damage_taken":[{"damage":7.0,"enemies":"Jaw Worm","floor":1.0,"turns":3.0},{"damage":4,"enemies":"2 Louse","floor":3,"turns":2},{"damage":31,"enemies":"Lagavulin","floor":6,"turns":6},{"damage":20,"enemies":"3 Sentries","floor":8,"turns":9},{"damage":34,"enemies":"Gremlin Nob","floor":10,"turns":3}],"seed_played":"-6845285309880476695","potions_obtained":[{"floor":3,"key":"DuplicationPotion"}],"is_trial":false,"path_per_floor":["M","?","M","?","$","E","R","E","T","E"],"character_chosen":"IRONCLAD","items_purchased":[],"campfire_rested":1,"item_purchase_floors":[],"current_hp_per_floor":[61,61,57,57,57,26,48,30,30,0,0],"gold":133,"neow_bonus":"BOSS_RELIC","is_daily":false,"chose_seed":false,"campfire_upgraded":0,"win_rate":0.0,"timestamp":1612856201,"path_taken":["M","?","M","?","$","E","R","E","T","E"],"items_purchased_type":[],"build_version":"2020-12-22","purchased_purges":1,"victory":false,"max_hp_per_floor":[75,75,75,75,75,75,75,75,75,75,75],"relic_stats":{"Blood Vial":4,"counters":[5,23],"Boot":[19],"obtain_stats":[{"Blood Vial":6,"Mark of Pain":0,"Omamori":8,"Boot":4,"Ancient Tea Set":9,"Burning Blood":0},{"Blood Vial":3,"Mark of Pain":0,"Omamori":4,"Boot":2,"Ancient Tea Set":4,"Burning Blood":0},{"Blood Vial":11,"Mark of Pain":0,"Omamori":20,"Boot":5,"Ancient Tea Set":20,"Burning Blood":0}]},"card_choices":[{"not_picked":["Anger","Iron Wave"],"picked":"Carnage","floor":1.0},{"not_picked":["Seeing Red","Thunderclap"],"picked":"Twin Strike","floor":3},{"not_picked":["Sword Boomerang","Clash"],"picked":"Dropkick","floor":6},{"not_picked":["Sever Soul","Reckless Charge"],"picked":"Sword Boomerang","floor":8}],"player_experience":1059694,"relics_obtained":[{"floor":6,"key":"Blood Vial"},{"floor":8,"key":"Omamori"},{"floor":9,"key":"Ancient Tea Set"}],"event_choices":[{"damage_healed":0,"gold_gain":0,"player_choice":"Fled","damage_taken":0,"max_hp_gain":0,"max_hp_loss":0,"event_name":"Scrap Ooze","floor":2,"gold_loss":0},{"damage_healed":0,"gold_gain":0,"player_choice":"Box","damage_taken":0,"relics_obtained":["Boot"],"max_hp_gain":0,"max_hp_loss":0,"event_name":"Big Fish","floor":4,"gold_loss":0,"cards_obtained":["Regret"]}],"is_beta":false,"boss_relics":[],"items_purged_floors":[5],"is_endless":false,"potions_floor_spawned":[3],"killed_by":"Gremlin Nob","ascension_level":20}}