{"host":"w4b7hmige5bnqipq","time":1612871380,"event":{"mods":["2.2 Compatiblity","BaseMod","Colored Map","DeckTracker","Keyboard Shortcuts","Minty Spire (QoL Compilation)","Permanent Neow","Rare Cards Sparkle","SuperFastMode","everything is the same but u backflip on backflip","slay the spire mod where everything is the same but ironclad has a cowboy hat"],"gold_per_floor":[10,285,296,70,81,81,95,95,118,141,141,241,271,289,289,368,368,341,341,351,301,317,349,349,374,401,124,152,170,170,202,202,274,274,290,310,325,262,277,302,302,333,411,411,259,55,89,121,121,121,121,121,20,55,55],"floor_reached":56,"language":"KOR","playtime":2982,"items_purged":["Regret","Strike_B","Strike_B","Defend_B","Defend_B"],"score":2428,"play_id":"45e658c6-0e5c-47a2-bb10-f195176dbb5c","local_time":"20210209204940","is_ascension_mode":true,"campfire_choices":[{"data":"Defragment","floor":6.0,"key":"SMITH"},{"data":"Go for the Eyes","floor":8.0,"key":"SMITH"},{"floor":11.0,"key":"REST"},{"data":"Capacitor","floor":15.0,"key":"SMITH"},{"data":"Double Energy","floor":24.0,"key":"SMITH"},{"data":"Fusion","floor":30.0,"key":"SMITH"},{"data":"Creative AI","floor":32.0,"key":"SMITH"},{"data":"Amplify","floor":41.0,"key":"SMITH"},{"floor":44.0,"key":"RECALL"},{"data":"Coolheaded","floor":49.0,"key":"SMITH"},{"data":"Enlightenment","floor":52.0,"key":"SMITH"}],"circlet_count":0,"master_deck":["AscendersBane","Strike_B+1","Strike_B+1","Defend_B","Defend_B","Zap+1","Dualcast","Capacitor+1","Glacier","Defragment+1","Go for the Eyes+1","Amplify+1","Glacier","Aggregate","Buffer+1","Double Energy+1","Conserve Battery+1","Compile Driver","Skim","Biased Cognition","Creative AI+1","Fusion+1","Electrodynamics","Chill+1","Core Surge","Coolheaded+1","Buffer+1","Enlightenment+1","Fusion+1","Hologram+1"],"relics":["Cracked Core","Bird Faced Urn","Membership Card","Orichalcum","Odd Mushroom","Whetstone","Runic Pyramid","Boot","WingedGreaves","OrangePellets","TungstenRod","Calipers","Bottled Tornado","Runic Dome","Nunchaku","Emotion Chip","Sundial","DollysMirror","Bag of Preparation","Blood Vial","Pen Nib","ClockworkSouvenir","Happy Flower"],"acts_visited":["Exordium","TheCity","TheBeyond","TheEnding"],"potions_floor_usage":[55],"damage_taken":[{"damage":10.0,"enemies":"Small Slimes","floor":1.0,"turns":4.0},{"damage":3.0,"enemies":"Cultist","floor":3.0,"turns":3.0},{"damage":0.0,"enemies":"Jaw Worm","floor":5.0,"turns":5.0},{"damage":0.0,"enemies":"3 Louse","floor":7.0,"turns":5.0},{"damage":38.0,"enemies":"The Mushroom Lair","floor":10.0,"turns":7.0},{"damage":1.0,"enemies":"Lagavulin","floor":13.0,"turns":9.0},{"damage":9.0,"enemies":"Red Slaver","floor":14.0,"turns":4.0},{"damage":15.0,"enemies":"The Guardian","floor":16.0,"turns":18.0},{"damage":10.0,"enemies":"2 Thieves","floor":18.0,"turns":5.0},{"damage":3.0,"enemies":"Chosen","floor":20.0,"turns":7.0},{"damage":0.0,"enemies":"Centurion and Healer","floor":22.0,"turns":11.0},{"damage":29.0,"enemies":"Gremlin Leader","floor":23.0,"turns":14.0},{"damage":24.0,"enemies":"Slavers","floor":25.0,"turns":12.0},{"damage":13.0,"enemies":"Book of Stabbing","floor":28.0,"turns":9.0},{"damage":7.0,"enemies":"Snake Plant","floor":29.0,"turns":6.0},{"damage":22.0,"enemies":"Slavers","floor":31.0,"turns":10.0},{"damage":0.0,"enemies":"Champ","floor":33.0,"turns":16.0},{"damage":0.0,"enemies":"3 Darklings","floor":35.0,"turns":6.0},{"damage":0.0,"enemies":"Orb Walker","floor":36.0,"turns":6.0},{"damage":0.0,"enemies":"3 Darklings","floor":37.0,"turns":5.0},{"damage":0.0,"enemies":"Jaw Worm Horde","floor":39.0,"turns":5.0},{"damage":0.0,"enemies":"Nemesis","floor":40.0,"turns":9.0},{"damage":0.0,"enemies":"Giant Head","floor":42.0,"turns":9.0},{"damage":0.0,"enemies":"Reptomancer","floor":47.0,"turns":8.0},{"damage":0.0,"enemies":"Nemesis","floor":48.0,"turns":11.0},{"damage":0.0,"enemies":"Donu and Deca","floor":50.0,"turns":12.0},{"damage":45.0,"enemies":"Shield and Spear","floor":54.0,"turns":11.0},{"damage":2,"enemies":"The Heart","floor":55,"turns":12}],"seed_played":"-6143127432949509067","potions_obtained":[{"floor":1.0,"key":"FairyPotion"},{"floor":3.0,"key":"Energy Potion"},{"floor":18.0,"key":"Weak Potion"},{"floor":25.0,"key":"DuplicationPotion"},{"floor":31.0,"key":"PowerPotion"}],"is_trial":false,"path_per_floor":["M","?","M","$","M","R","M","R","T","?","R","?","E","M","R","B",null,"M","?","M","?","M","E","R","E","T","$","E","M","R","E","R","B",null,"M","M","M","$","M","E","R","E","T","R","$","$","E","E","R","B",null,"R","$","E","B",null],"character_chosen":"DEFECT","items_purchased":["Membership Card","Defragment","OrangePellets","TungstenRod","DollysMirror","Bag of Preparation","Enlightenment","ClockworkSouvenir","FocusPotion"],"campfire_rested":1,"item_purchase_floors":[4,4,27,27,45,46,46,53,53],"current_hp_per_floor":[54,54,53,53,57,57,61,61,61,27,48,48,53,50,50,39,63,59,59,64,64,71,50,50,34,34,34,31,38,38,42,42,71,71,71,71,71,71,71,71,71,71,71,71,71,71,71,71,71,71,71,71,71,48,71],"gold":55,"neow_bonus":"ONE_RARE_RELIC","is_daily":false,"chose_seed":false,"campfire_upgraded":9,"win_rate":0.0,"timestamp":1612871380,"path_taken":["M","?","M","$","M","R","?","R","T","?","R","?","E","M","R","BOSS","M","?","M","?","M","E","R","E","T","$","E","?","R","E","R","BOSS","M","M","?","?","M","E","R","E","T","R","$","$","E","E","R","BOSS","R","$","E","BOSS"],"items_purchased_type":["Relic","Card","Relic","Relic","Relic","Relic","Card","Relic","Potion"],"build_version":"2020-12-22","purchased_purges":5,"victory":true,"max_hp_per_floor":[71,71,71,71,71,71,71,71,71,71,71,71,71,71,71,71,71,71,71,71,71,71,71,71,71,71,71,71,71,71,71,71,71,71,71,71,71,71,71,71,71,71,71,71,71,71,71,71,71,71,71,71,71,71,71],"card_choices":[{"not_picked":["Beam Cell","Recycle"],"picked":"Capacitor","floor":1.0},{"not_picked":["Conserve Battery","Coolheaded"],"picked":"Glacier","floor":3.0},{"not_picked":["Chaos","Hologram"],"picked":"Go for the Eyes","floor":5.0},{"not_picked":["Capacitor","Stack"],"picked":"Amplify","floor":7.0},{"not_picked":["Static Discharge","Tempest"],"picked":"Glacier","floor":10.0},{"not_picked":["Stack","Gash","Auto Shields"],"picked":"SKIP","floor":13.0},{"not_picked":["Sunder","Stack"],"picked":"Aggregate","floor":14.0},{"not_picked":["Machine Learning","Amplify"],"picked":"Buffer","floor":16.0},{"not_picked":["Rebound","Skim"],"picked":"Double Energy","floor":18.0},{"not_picked":["Aggregate","Cold Snap"],"picked":"Conserve Battery+1","floor":20.0},{"not_picked":["Compile Driver","Conserve Battery","Steam"],"picked":"SKIP","floor":22.0},{"not_picked":["Conserve Battery","Steam"],"picked":"Compile Driver","floor":22.0},{"not_picked":["Streamline","Redo"],"picked":"Skim","floor":23.0},{"not_picked":["Hologram","Darkness"],"picked":"Biased Cognition","floor":25.0},{"not_picked":["Consume","Defragment"],"picked":"Creative AI","floor":28.0},{"not_picked":["Glacier","BootSequence+1"],"picked":"Fusion","floor":29.0},{"not_picked":["Redo","Fusion","Hello World"],"picked":"SKIP","floor":31.0},{"not_picked":["Redo","Fusion","Hello World"],"picked":"SKIP","floor":31.0},{"not_picked":["Creative AI","Multi-Cast"],"picked":"Electrodynamics","floor":33.0},{"not_picked":["Leap","Static Discharge+1"],"picked":"Chill+1","floor":35.0},{"not_picked":["Storm","Streamline","Rebound"],"picked":"SKIP","floor":36.0},{"not_picked":["Stack","Steam"],"picked":"Core Surge","floor":37.0},{"not_picked":["Lockon","Auto Shields+1","Aggregate+1"],"picked":"SKIP","floor":39.0},{"not_picked":["Force Field","Streamline","Gash"],"picked":"SKIP","floor":40.0},{"not_picked":["Hologram","Redo"],"picked":"Coolheaded","floor":42.0},{"not_picked":["Cold Snap","Streamline+1"],"picked":"Fusion+1","floor":47.0},{"not_picked":["Barrage","Turbo+1","BootSequence+1"],"picked":"SKIP","floor":48.0},{"not_picked":["Storm+1","Hologram+1","Beam Cell"],"picked":"SKIP","floor":54.0},{"not_picked":["Storm+1","Beam Cell"],"picked":"Hologram+1","floor":54.0}],"player_experience":726292,"relics_obtained":[{"floor":9.0,"key":"Orichalcum"},{"floor":10.0,"key":"Odd Mushroom"},{"floor":13.0,"key":"Whetstone"},{"floor":23.0,"key":"Boot"},{"floor":25.0,"key":"WingedGreaves"},{"floor":28.0,"key":"Calipers"},{"floor":31.0,"key":"Bottled Tornado"},{"floor":40.0,"key":"Nunchaku"},{"floor":42.0,"key":"Emotion Chip"},{"floor":43.0,"key":"Sundial"},{"floor":47.0,"key":"Blood Vial"},{"floor":48.0,"key":"Pen Nib"},{"floor":54.0,"key":"Happy Flower"}],"event_choices":[{"damage_healed":0.0,"max_hp_gain":0.0,"max_hp_loss":0.0,"gold_gain":275.0,"event_name":"Golden Shrine","player_choice":"Desecrate","floor":2.0,"gold_loss":0.0,"damage_taken":0.0,"cards_obtained":["Regret"]},{"damage_healed":0.0,"max_hp_gain":0.0,"max_hp_loss":0.0,"gold_gain":0.0,"event_name":"Mushrooms","player_choice":"Fought Mushrooms","floor":10.0,"gold_loss":0.0,"damage_taken":0.0},{"damage_healed":0.0,"max_hp_gain":0.0,"max_hp_loss":0.0,"gold_gain":100.0,"event_name":"Wheel of Change","player_choice":"Gold","floor":12.0,"gold_loss":0.0,"damage_taken":0.0},{"damage_healed":0.0,"max_hp_gain":0.0,"max_hp_loss":0.0,"gold_gain":0.0,"event_name":"Vampires","player_choice":"Ignored","floor":19.0,"gold_loss":0.0,"damage_taken":0.0},{"damage_healed":0.0,"max_hp_gain":0.0,"max_hp_loss":0.0,"gold_gain":0.0,"event_name":"Designer","player_choice":"Upgraded Two","floor":21.0,"gold_loss":50.0,"damage_taken":0.0,"cards_upgraded":["Zap","Buffer"]}],"is_beta":false,"boss_relics":[{"not_picked":["Nuclear Battery","Philosopher\u0027s Stone"],"picked":"Runic Pyramid"},{"not_picked":["SacredBark","Fusion Hammer"],"picked":"Runic Dome"}],"items_purged_floors":[4,27,38,45,46],"is_endless":false,"potions_floor_spawned":[1,3,10,16,18,25,28,31,33,35,37,40,47,54],"ascension_level":15}}