{"host":"ydh61a5ftgdajrbo","time":1612867635,"event":{"mods":["BaseMod","Colored Map","DeckTracker","Downfall","HololiveMod","Minty Spire (QoL Compilation)","Prisma Mod","Reimu¡]³Õ???¡^","Spire Arcade","StSLib","The Cursed","The Gatherer","The Jungle","The Mystic","The Servant 0.9.4","WarShipGirlsR/??¤Ö¤kR mod","[GremlinLeader]The Maniac"],"gold_per_floor":[111,129,129,149,163,197,222,222,222,222,247,247,271,286,286,406,469,488,311,311,311,51,51,69,109,109,132,132,15,31,31,31,31,31],"floor_reached":33,"language":"ZHS","playtime":1666,"items_purged":["Injury","Shame"],"score":319,"play_id":"49aa9805-36a3-4820-a9c1-35cd15caf185","local_time":"20210209184715","is_ascension_mode":false,"campfire_choices":[{"floor":8,"key":"REST"},{"data":"PrismaMod:IllyaBride","floor":10,"key":"SMITH"},{"data":"PrismaMod:IllyaHassanGift","floor":12,"key":"SMITH"},{"data":"PrismaMod:IllyaUberPoisonChannel","floor":15,"key":"SMITH"},{"data":"PrismaMod:IllyaUberPoisonChannel","floor":23,"key":"SMITH"},{"floor":28,"key":"REST"},{"data":"PrismaMod:IllyaRussianRoulette","floor":32,"key":"SMITH"}],"circlet_count":0,"master_deck":["PrismaMod:IllyaCommonAttack","PrismaMod:IllyaCommonDefend","PrismaMod:IllyaCommonAttack","PrismaMod:IllyaCommonDefend","PrismaMod:IllyaCommonAttack+1","PrismaMod:IllyaCommonDefend","PrismaMod:IllyaCommonAttack","PrismaMod:IllyaCommonDefend","PrismaMod:IllyaCommonAttack","PrismaMod:IllyaCommonDefend","PrismaMod:IllyaUncommonAttack","PrismaMod:IllyaUncommonDefend","PrismaMod:IllyaBlindPoisonToss","PrismaMod:IllyaCheapChannelPoison","PrismaMod:IllyaGun","PrismaMod:IllyaHassanGift+1","PrismaMod:IllyaUncommonAOEAttack","PrismaMod:IllyaBride+1","PrismaMod:IllyaCommonEvoke","PrismaMod:IllyaUberPoisonChannel+1","PrismaMod:IllyaCarnivalDefend","PrismaMod:IllyaRussianRoulette+1","PrismaMod:IllyaPoisonBomb","PrismaMod:IllyaUberPoisonChannel+1","PrismaMod:IllyaDualEvoke","PrismaMod:IllyaStunPoison+1"],"relics":["PrismaMod:PrismaRuby","Golden Idol","The Courier","Slimebound:PreparedRelic","Tiny House","theJungle:BirthdayCake","theJungle:SneckoAutograph","Bottled Lightning","Tiny Chest","Singing Bowl","Meat on the Bone","Membership Card"],"acts_visited":["Exordium","Exordium"],"potions_floor_usage":[],"damage_taken":[{"damage":0.0,"enemies":"Cultist","floor":1.0,"turns":3.0},{"damage":0.0,"enemies":"Jaw Worm","floor":2.0,"turns":4.0},{"damage":0,"enemies":"Small Slimes","floor":4,"turns":4},{"damage":16,"enemies":"Gremlin Gang","floor":5,"turns":7},{"damage":25,"enemies":"3 Sentries","floor":6,"turns":9},{"damage":14,"enemies":"Exordium Thugs","floor":7,"turns":4},{"damage":0,"enemies":"Red Slaver","floor":11,"turns":4},{"damage":0,"enemies":"2 Fungi Beasts","floor":13,"turns":4},{"damage":0,"enemies":"Looter","floor":14,"turns":4},{"damage":5,"enemies":"The Guardian","floor":16,"turns":8},{"damage":10,"enemies":"Shell Parasite","floor":18,"turns":5},{"damage":9,"enemies":"theJungle:Flameango_and_Byrd","floor":24,"turns":4},{"damage":58,"enemies":"theJungle:Cassacara","floor":25,"turns":7},{"damage":11,"enemies":"theJungle:Lyon","floor":27,"turns":5},{"damage":14,"enemies":"theJungle:SlimyTreeVines","floor":30,"turns":5},{"damage":82,"enemies":"theJungle:TotemBoss","floor":33,"turns":6}],"seed_played":"-9196515490937248476","potions_obtained":[{"floor":2.0,"key":"SpeedPotion"},{"floor":4,"key":"EssenceOfSteel"},{"floor":6,"key":"SmokeBomb"}],"is_trial":false,"path_per_floor":["M","M","?","M","M","E","M","R","T","R","M","R","M","M","R","B",null,"M","$","?","?","$","R","M","E","T","M","R","$","M","?","R","B"],"character_chosen":"ILLYA","items_purchased":["PrismaMod:IllyaUberPoisonChannel","Tiny Chest","PrismaMod:IllyaDualEvoke","Membership Card"],"campfire_rested":2,"item_purchase_floors":[19,22,22,29],"current_hp_per_floor":[82,82,82,82,66,41,27,51,51,51,51,51,51,51,51,46,87,77,77,97,97,97,97,88,32,32,35,68,68,60,75,75,0,0],"gold":31,"neow_bonus":"TEN_PERCENT_HP_BONUS","is_daily":false,"chose_seed":false,"campfire_upgraded":5,"win_rate":0.0,"timestamp":1612867635,"path_taken":["M","?","?","M","M","E","M","R","T","R","M","R","M","M","R","BOSS","M","$","?","?","$","R","M","E","T","M","R","?","M","?","R","BOSS"],"items_purchased_type":["Card","Relic","Card","Relic"],"build_version":"2020-12-22","purchased_purges":2,"victory":false,"max_hp_per_floor":[82,82,82,82,82,82,82,82,82,82,82,82,82,82,82,82,87,87,87,107,107,107,107,107,109,109,111,111,111,111,111,111,111,111],"card_choices":[{"not_picked":["PrismaMod:IllyaCommandSeal","PrismaMod:IllyaMinorReinForce"],"picked":"PrismaMod:IllyaBlindPoisonToss","floor":1.0},{"not_picked":["PrismaMod:IllyaAlice","PrismaMod:IllyaFriendMaker"],"picked":"PrismaMod:IllyaCheapChannelPoison","floor":2.0},{"not_picked":["PrismaMod:IllyaCheapChannelDefend","PrismaMod:IllyaUncommonAttack"],"picked":"PrismaMod:IllyaGun","floor":4},{"not_picked":["PrismaMod:IllyaAOECommonAttack","PrismaMod:IllyaFriendMaker"],"picked":"PrismaMod:IllyaHassanGift","floor":5},{"not_picked":["PrismaMod:IllyaCheapChannelDefend","PrismaMod:IllyaAlice"],"picked":"PrismaMod:IllyaUncommonAOEAttack","floor":6},{"not_picked":["PrismaMod:IllyaCheapChannelPoison","PrismaMod:IllyaFriendMaker"],"picked":"PrismaMod:IllyaBride","floor":7},{"not_picked":["PrismaMod:IllyaPoisonTippedWeapons","PrismaMod:IllyaAOECommonAttack","PrismaMod:IllyaCheapChannelPoison"],"picked":"SKIP","floor":11},{"not_picked":["PrismaMod:IllyaUncommonDefend","PrismaMod:IllyaUncommonEvoke"],"picked":"PrismaMod:IllyaCommonEvoke","floor":13},{"not_picked":["PrismaMod:IllyaSaphire","PrismaMod:IllyaPartialInstallAssassin"],"picked":"PrismaMod:IllyaUberPoisonChannel","floor":14},{"not_picked":["PrismaMod:IllyaInstallAvenger","PrismaMod:IllyaInstallRider"],"picked":"PrismaMod:IllyaCarnivalDefend","floor":16},{"not_picked":["PrismaMod:IllyaFriendMaker","PrismaMod:IllyaPartialInstallAssassin"],"picked":"PrismaMod:IllyaRussianRoulette","floor":17},{"not_picked":["PrismaMod:IllyaFeed","PrismaMod:IllyaFriendMaker"],"picked":"PrismaMod:IllyaPoisonBomb","floor":18},{"not_picked":["PrismaMod:IllyaFeed","PrismaMod:IllyaUpgradeOrbs+1","PrismaMod:IllyaGrailKun+1"],"picked":"SKIP","floor":24},{"not_picked":["PrismaMod:IllyaAlice","PrismaMod:IllyaBride","PrismaMod:IllyaGrail"],"picked":"Singing Bowl","floor":25},{"not_picked":["PrismaMod:IllyaAOECommonAttack+1","PrismaMod:IllyaTestament","PrismaMod:IllyaPoisonTippedWeapons"],"picked":"Singing Bowl","floor":27},{"not_picked":["PrismaMod:IllyaAlice","PrismaMod:IllyaCarnivalAttack"],"picked":"PrismaMod:IllyaStunPoison+1","floor":30}],"player_experience":371959,"relics_obtained":[{"floor":6,"key":"The Courier"},{"floor":9,"key":"Slimebound:PreparedRelic"},{"floor":25,"key":"Singing Bowl"},{"floor":26,"key":"Meat on the Bone"}],"event_choices":[{"damage_healed":0.0,"max_hp_gain":0.0,"max_hp_loss":0.0,"gold_gain":0.0,"event_name":"Golden Idol","player_choice":"Take Wound","floor":3.0,"gold_loss":0.0,"damage_taken":0.0,"relics_obtained":["Golden Idol"],"cards_obtained":["Injury"]}],"is_beta":false,"boss_relics":[{"not_picked":["Sozu","Hololive_TopUpMoneyS"],"picked":"Tiny House"}],"items_purged_floors":[19,22],"is_endless":false,"potions_floor_spawned":[2,4,6,7,11,27],"killed_by":"theJungle:TotemBoss","ascension_level":0}}