{"host":"Jinnai","time":1612879615,"event":{"mods":["BaseMod","Bestiary","Block Reminder","Colored Map","Colored Powertips","Curses Come First","Highlight Path","Minty Spire (QoL Compilation)","Permanent Neow","Potion Indicator Mod","Quick Restart","Relic Stats","StSLib","ojb\u0027s Info Mod"],"gold_per_floor":[118,128,138,150,50,50,66,66,66,91,91,106,106,124,124,222,222,241,241,255,155,171,171,184,194,217,232,232,232],"floor_reached":28,"language":"ENG","playtime":886,"items_purged":["Defend_B","Strike_B"],"score":226,"play_id":"38767505-2ef9-4594-8c1d-5a507802cb37","local_time":"20210209090655","is_ascension_mode":false,"campfire_choices":[{"data":"Hologram","floor":11,"key":"SMITH"},{"floor":15,"key":"REST"},{"data":"Leap","floor":23,"key":"SMITH"}],"circlet_count":0,"master_deck":["Strike_B","Strike_B","Defend_B","Defend_B","Zap","Dualcast","Rebound","Gash","Gash","Hologram+1","Leap+1","Auto Shields"],"relics":["Cracked Core","Pear","Bag of Preparation","Runic Dome"],"acts_visited":["Exordium","TheCity"],"potions_floor_usage":[10,16,28],"damage_taken":[{"damage":5,"enemies":"2 Louse","floor":1,"turns":2},{"damage":6,"enemies":"Cultist","floor":2,"turns":3},{"damage":0,"enemies":"Small Slimes","floor":3,"turns":2},{"damage":6,"enemies":"2 Fungi Beasts","floor":4,"turns":3},{"damage":13,"enemies":"Red Slaver","floor":7,"turns":3},{"damage":14,"enemies":"3 Sentries","floor":10,"turns":5},{"damage":4,"enemies":"Gremlin Gang","floor":12,"turns":3},{"damage":15,"enemies":"Exordium Wildlife","floor":14,"turns":4},{"damage":26,"enemies":"The Guardian","floor":16,"turns":11},{"damage":6,"enemies":"Chosen","floor":18,"turns":4},{"damage":20,"enemies":"2 Thieves","floor":20,"turns":4},{"damage":23,"enemies":"Shelled Parasite and Fungi","floor":22,"turns":4},{"damage":27,"enemies":"Cultist and Chosen","floor":24,"turns":6},{"damage":18,"enemies":"Snake Plant","floor":25,"turns":4},{"damage":4,"enemies":"Centurion and Healer","floor":27,"turns":7},{"damage":19,"enemies":"Snecko","floor":28,"turns":4}],"seed_played":"749998900400816752","potions_obtained":[{"floor":1,"key":"FocusPotion"},{"floor":3,"key":"Block Potion"},{"floor":12,"key":"EssenceOfSteel"},{"floor":20,"key":"FairyPotion"}],"is_trial":false,"path_per_floor":["M","M","M","M","$","?","M","$","T","E","R","M","?","M","R","B",null,"M","?","M","$","M","R","M","M","T","M","M"],"character_chosen":"DEFECT","items_purchased":["Gash"],"campfire_rested":1,"item_purchase_floors":[5],"current_hp_per_floor":[70,64,64,58,58,58,45,45,55,41,41,37,37,22,47,21,85,79,79,59,59,36,36,9,18,18,14,0,0],"gold":232,"neow_bonus":"TRANSFORM_CARD","is_daily":false,"chose_seed":false,"campfire_upgraded":2,"win_rate":0.0,"timestamp":1612879615,"path_taken":["M","M","M","M","$","?","M","$","T","E","R","?","?","M","R","BOSS","M","?","M","$","M","R","M","M","T","M","M"],"items_purchased_type":["Card"],"build_version":"2020-12-18","purchased_purges":2,"victory":false,"max_hp_per_floor":[75,75,75,75,75,75,75,75,85,85,85,85,85,85,85,85,85,85,85,85,85,85,85,85,85,85,85,85,85],"relic_stats":{"counters":[16,69],"Bag of Preparation":[20],"obtain_stats":[{"Runic Dome":17,"Pear":9,"Bag of Preparation":10,"Cracked Core":0},{"Runic Dome":9,"Pear":5,"Bag of Preparation":6,"Cracked Core":0},{"Runic Dome":36,"Pear":13,"Bag of Preparation":18,"Cracked Core":0}]},"card_choices":[{"not_picked":["Sunder","Tempest","Reinforced Body"],"picked":"SKIP","floor":1},{"not_picked":["BootSequence","Double Energy","Ball Lightning"],"picked":"SKIP","floor":2},{"not_picked":["Rebound","Sweeping Beam","Beam Cell"],"picked":"SKIP","floor":3},{"not_picked":["Sunder","Loop","Sweeping Beam"],"picked":"SKIP","floor":4},{"not_picked":["Doom and Gloom","Coolheaded"],"picked":"Gash","floor":7},{"not_picked":["Steam","Aggregate"],"picked":"Hologram","floor":10},{"not_picked":["Conserve Battery","Skim","Fusion"],"picked":"SKIP","floor":12},{"not_picked":["Conserve Battery","FTL"],"picked":"Leap","floor":14},{"not_picked":["Ball Lightning","Turbo","Coolheaded+1"],"picked":"SKIP","floor":18},{"not_picked":["Cold Snap","BootSequence","Streamline"],"picked":"SKIP","floor":20},{"not_picked":["Turbo+1","Coolheaded","Sweeping Beam+1"],"picked":"SKIP","floor":22},{"not_picked":["Lockon+1","Heatsinks","Go for the Eyes"],"picked":"SKIP","floor":24},{"not_picked":["Consume","Defragment"],"picked":"Auto Shields","floor":25},{"not_picked":["Hologram+1","Tempest","Recycle"],"picked":"SKIP","floor":27}],"player_experience":1685165,"relics_obtained":[{"floor":9,"key":"Pear"},{"floor":10,"key":"Bag of Preparation"}],"event_choices":[{"damage_healed":0,"gold_gain":0,"player_choice":"Bought 0 Potions","damage_taken":0,"max_hp_gain":0,"max_hp_loss":0,"event_name":"The Woman in Blue","floor":6,"gold_loss":0},{"damage_healed":0,"gold_gain":0,"player_choice":"Ignored","damage_taken":0,"max_hp_gain":0,"max_hp_loss":0,"event_name":"Liars Game","floor":13,"gold_loss":0},{"cards_removed":["Strike_B"],"damage_healed":0,"gold_gain":0,"player_choice":"Elegance","damage_taken":0,"max_hp_gain":0,"max_hp_loss":0,"event_name":"Back to Basics","floor":19,"gold_loss":0}],"is_beta":true,"boss_relics":[{"not_picked":["Ectoplasm","Cursed Key"],"picked":"Runic Dome"}],"items_purged_floors":[5,21],"is_endless":false,"potions_floor_spawned":[1,3,12,20],"killed_by":"Snecko","ascension_level":0}}