{"host":"j4g6ia6asvpyu2b0","time":1612896157,"event":{"mods":["BaseMod","Colored Map","Infinite Spire","Minty Spire (QoL Compilation)","Permanent Neow","Quick Restart","Relic Stats","StSLib","Unceasing Turn Reminder"],"gold_per_floor":[119,135,135,135,135,135,160,160,239,239,264,282,207,220,220,322,322,341,166,91,108,118,118,149,166,166,191,191,222,232,250,250,347,347,364,1363,1363,1363],"floor_reached":37,"language":"ENG","playtime":1003,"items_purged":["Strike_R","Strike_R"],"score":484,"play_id":"39ba7bd0-5ec0-4172-b5ac-df2db7d988ab","local_time":"20210209114237","is_ascension_mode":true,"campfire_choices":[{"data":"Searing Blow+1","floor":6.0,"key":"SMITH"},{"floor":8.0,"key":"REST"},{"data":"Searing Blow+2","floor":10.0,"key":"SMITH"},{"data":"Berserk","floor":15.0,"key":"SMITH"},{"data":"Armaments","floor":23,"key":"SMITH"},{"data":"Bash","floor":28,"key":"SMITH"},{"data":"Searing Blow+3","floor":32,"key":"SMITH"}],"circlet_count":0,"master_deck":["Strike_R","Defend_R","Defend_R+1","Defend_R","Defend_R+1","Bash+1","Searing Blow+4","Twin Strike","Berserk+1","Armaments+1","Reaper","Flame Barrier","Pommel Strike+1","Pommel Strike+1","Disarm","Spot Weakness","Shrug It Off+1","Evolve+1","Limit Break","Normality","Normality"],"relics":["Burning Blood","War Paint","Ginger","Question Card","infinitespire:Joker Card","Coffee Dripper","Regal Pillow","Du-Vu Doll","Akabeko","Black Star"],"acts_visited":["Exordium","TheCity","TheBeyond"],"potions_floor_usage":[22,24,29],"damage_taken":[{"damage":6.0,"enemies":"2 Louse","floor":1.0,"turns":2.0},{"damage":1.0,"enemies":"Jaw Worm","floor":2.0,"turns":3.0},{"damage":35.0,"enemies":"3 Sentries","floor":7.0,"turns":9.0},{"damage":32.0,"enemies":"Lagavulin","floor":11.0,"turns":6.0},{"damage":0.0,"enemies":"Cultist","floor":12.0,"turns":3.0},{"damage":5.0,"enemies":"Red Slaver","floor":14.0,"turns":3.0},{"damage":13.0,"enemies":"The Guardian","floor":16.0,"turns":7.0},{"damage":0.0,"enemies":"Chosen","floor":18.0,"turns":3.0},{"damage":20,"enemies":"2 Thieves","floor":21,"turns":4},{"damage":0,"enemies":"Snecko","floor":22,"turns":2},{"damage":8,"enemies":"Slavers","floor":24,"turns":6},{"damage":6,"enemies":"Snake Plant","floor":25,"turns":3},{"damage":26,"enemies":"Nightmare","floor":27,"turns":10},{"damage":36,"enemies":"Slavers","floor":29,"turns":5},{"damage":0,"enemies":"Cultist and Chosen","floor":30,"turns":3},{"damage":0,"enemies":"Centurion and Healer","floor":31,"turns":3},{"damage":52,"enemies":"Collector","floor":33,"turns":8},{"damage":6,"enemies":"Orb Walker","floor":35,"turns":5},{"damage":22,"enemies":"3 Darklings","floor":37,"turns":4}],"seed_played":"1563169070878912467","potions_obtained":[{"floor":2.0,"key":"LiquidBronze"},{"floor":11.0,"key":"SneckoOil"},{"floor":18.0,"key":"DistilledChaos"},{"floor":24,"key":"SpeedPotion"},{"floor":31,"key":"Block Potion"}],"is_trial":false,"path_per_floor":["M","M","?","?","?","R","E","R","T","R","E","M","$","M","R","B",null,"M","$","?","M","M","R","E","M","T","NM","R","E","M","M","R","B",null,"M","?","M"],"character_chosen":"IRONCLAD","items_purchased":["Flame Barrier"],"campfire_rested":1,"item_purchase_floors":[19],"current_hp_per_floor":[80,80,47,40,40,40,11,35,35,35,9,15,15,16,16,9,80,80,80,80,66,76,76,80,80,80,63,63,53,79,80,80,66,80,80,80,58,58],"gold":1363,"neow_bonus":"THREE_CARDS","is_daily":false,"chose_seed":false,"campfire_upgraded":6,"win_rate":0.0,"timestamp":1612896157,"path_taken":["M","M","?","?","?","R","E","R","T","R","E","M","$","?","R","BOSS","M","$","?","M","M","R","E","M","T","NM","R","E","M","M","R","BOSS","M","?","M"],"items_purchased_type":["Card"],"build_version":"2020-12-22","purchased_purges":2,"victory":false,"max_hp_per_floor":[80,80,80,80,80,80,80,80,80,80,80,80,80,80,80,80,80,80,80,80,80,80,80,80,80,80,80,80,80,80,80,80,80,80,80,80,80,80],"relic_stats":{"Regal Pillow":0,"counters":[19,89],"Black Star":0,"Ginger":[6],"War Paint":["Defend_R","Defend_R"],"Question Card":18,"obtain_stats":[{"Du-Vu Doll":27,"Regal Pillow":24,"infinitespire:Joker Card":11,"Coffee Dripper":17,"Black Star":34,"Ginger":7,"War Paint":3,"Question Card":9,"Burning Blood":0,"Akabeko":29},{"Du-Vu Doll":13,"Regal Pillow":11,"infinitespire:Joker Card":4,"Coffee Dripper":7,"Black Star":17,"Ginger":3,"War Paint":2,"Question Card":3,"Burning Blood":0,"Akabeko":14},{"Du-Vu Doll":61,"Regal Pillow":48,"infinitespire:Joker Card":20,"Coffee Dripper":33,"Black Star":80,"Ginger":14,"War Paint":5,"Question Card":14,"Burning Blood":0,"Akabeko":66}],"Burning Blood":74},"card_choices":[{"not_picked":["True Grit","Fire Breathing"],"picked":"Searing Blow","floor":0.0},{"not_picked":["True Grit","Clothesline","Uppercut"],"picked":"SKIP","floor":1.0},{"not_picked":["Body Slam","Bloodletting"],"picked":"Twin Strike","floor":2.0},{"not_picked":["Clash","Dark Embrace","Reckless Charge"],"picked":"SKIP","floor":7.0},{"not_picked":["Headbutt","Thunderclap","Clash"],"picked":"Berserk","floor":11.0},{"not_picked":["Pommel Strike","Warcry","Fire Breathing"],"picked":"Armaments","floor":12.0},{"not_picked":["Body Slam","Limit Break","Shockwave","Evolve"],"picked":"SKIP","floor":14.0},{"not_picked":["Brutality","Berserk","Exhume"],"picked":"Reaper","floor":16.0},{"not_picked":["Perfected Strike","Clothesline","Disarm","Havoc"],"picked":"SKIP","floor":18.0},{"not_picked":["Power Through","Wild Strike","Battle Trance+1"],"picked":"Pommel Strike+1","floor":21},{"not_picked":["Intimidate+1","Battle Trance+1","Combust"],"picked":"Pommel Strike+1","floor":22},{"not_picked":["Intimidate+1","Seeing Red+1","Dual Wield","Rupture"],"picked":"SKIP","floor":24},{"not_picked":["True Grit","Heavy Blade","Pummel"],"picked":"Disarm","floor":25},{"not_picked":["Anger","Uppercut","Twin Strike"],"picked":"Spot Weakness","floor":27},{"not_picked":["Rampage","Sword Boomerang","Clash","Carnage+1"],"picked":"SKIP","floor":29},{"not_picked":["Warcry","Rupture","Dropkick"],"picked":"Shrug It Off+1","floor":30},{"not_picked":["Warcry+1","Twin Strike","Perfected Strike"],"picked":"Evolve+1","floor":31},{"not_picked":["Feed","Immolate","Reaper"],"picked":"Limit Break","floor":33},{"not_picked":["Hemokinesis","Wild Strike","Thunderclap","Armaments"],"picked":"SKIP","floor":35}],"player_experience":1206556,"relics_obtained":[{"floor":7.0,"key":"Ginger"},{"floor":9.0,"key":"Question Card"},{"floor":11.0,"key":"infinitespire:Joker Card"},{"floor":24,"key":"Regal Pillow"},{"floor":27,"key":"Du-Vu Doll"},{"floor":29,"key":"Akabeko"}],"event_choices":[{"damage_healed":0.0,"max_hp_gain":0.0,"max_hp_loss":0.0,"gold_gain":0.0,"event_name":"Scrap Ooze","player_choice":"Success","floor":3.0,"gold_loss":0.0,"damage_taken":33.0,"relics_obtained":["War Paint"]},{"cards_removed":["Strike_R"],"damage_healed":0.0,"max_hp_gain":0.0,"max_hp_loss":0.0,"gold_gain":0.0,"event_name":"Golden Wing","player_choice":"Card Removal","floor":4.0,"gold_loss":0.0,"damage_taken":7.0},{"damage_healed":0.0,"max_hp_gain":0.0,"max_hp_loss":0.0,"gold_gain":0.0,"event_name":"Living Wall","player_choice":"Grow","floor":5.0,"gold_loss":0.0,"damage_taken":0.0,"cards_upgraded":["Searing Blow"]},{"cards_removed":["Strike_R"],"damage_healed":0.0,"max_hp_gain":0.0,"max_hp_loss":0.0,"gold_gain":0.0,"event_name":"Beggar","player_choice":"Gave Gold","floor":20.0,"gold_loss":75.0,"damage_taken":0.0},{"damage_healed":0,"gold_gain":999,"player_choice":"Gold","damage_taken":0,"max_hp_gain":0,"max_hp_loss":0,"event_name":"MindBloom","floor":36,"gold_loss":0,"cards_obtained":["Normality","Normality"]}],"is_beta":false,"boss_relics":[{"not_picked":["SacredBark","Black Blood"],"picked":"Coffee Dripper"},{"not_picked":["infinitespire:Burning Sword","SlaversCollar"],"picked":"Black Star"}],"items_purged_floors":[13,19],"is_endless":false,"potions_floor_spawned":[2,11,18,21,24,31],"killed_by":"3 Darklings","ascension_level":1}}