{"host":"ydg0vn0pu4pubmdt","time":1612885588,"event":{"mods":["AchievementEnabler","BaseMod","Colored Map","Gold Saver","Minty Spire (QoL Compilation)","Quick Restart","SuperFastMode"],"gold_per_floor":[1227,713,731,577,577,577,597,607,607,607,636,647,747,778,778,851,851,867,885,332,332,348,383,383,398,398,426,14,14,27,27,27,99,99,116,126,126,145,25,60,108,142,168,1,18,18,51,71,71,71],"floor_reached":51,"language":"KOR","playtime":1241,"items_purged":["Strike_P","Strike_P","Defend_P","Defend_P"],"score":1717,"play_id":"c265df48-818c-40e0-84a2-b2f6698ed483","local_time":"20210210004628","is_ascension_mode":true,"campfire_choices":[{"data":"Eruption","floor":6.0,"key":"SMITH"},{"data":"Adaptation","floor":10.0,"key":"SMITH"},{"data":"FlurryOfBlows","floor":15.0,"key":"SMITH"},{"data":"Adaptation","floor":24.0,"key":"SMITH"},{"floor":29.0,"key":"REST"},{"data":"MentalFortress","floor":32,"key":"SMITH"},{"data":"Tantrum","floor":46,"key":"SMITH"},{"data":"Master of Strategy","floor":49,"key":"SMITH"}],"circlet_count":0,"master_deck":["AscendersBane","Eruption+1","Vigilance","InnerPeace","Indignation","Adaptation+1","EmptyBody","Adaptation+1","MentalFortress+1","Master of Strategy+1","Tantrum+1"],"relics":["PureWater","TungstenRod","Pantograph","The Courier","Whetstone","SlaversCollar","Shuriken","CeramicFish","Ornamental Fan","Yang","Centennial Puzzle","TeardropLocket","Sundial","Empty Cage","Lizard Tail","Torii","Juzu Bracelet","TheAbacus","Pen Nib"],"acts_visited":["Exordium","TheCity","TheBeyond"],"potions_floor_usage":[50,50],"damage_taken":[{"damage":7.0,"enemies":"Small Slimes","floor":1.0,"turns":3.0},{"damage":0.0,"enemies":"2 Louse","floor":3.0,"turns":2.0},{"damage":0.0,"enemies":"Cultist","floor":7.0,"turns":2.0},{"damage":0.0,"enemies":"Blue Slaver","floor":8.0,"turns":2.0},{"damage":0.0,"enemies":"3 Sentries","floor":11.0,"turns":3.0},{"damage":0.0,"enemies":"2 Fungi Beasts","floor":12.0,"turns":2.0},{"damage":7.0,"enemies":"Lagavulin","floor":14.0,"turns":4.0},{"damage":28.0,"enemies":"Hexaghost","floor":16.0,"turns":4.0},{"damage":7.0,"enemies":"Shell Parasite","floor":18.0,"turns":3.0},{"damage":0.0,"enemies":"Spheric Guardian","floor":19.0,"turns":3.0},{"damage":16.0,"enemies":"Snake Plant","floor":22.0,"turns":3.0},{"damage":0.0,"enemies":"Book of Stabbing","floor":23.0,"turns":2.0},{"damage":0.0,"enemies":"Snecko","floor":25.0,"turns":2.0},{"damage":5.0,"enemies":"Gremlin Leader","floor":27.0,"turns":2.0},{"damage":0.0,"enemies":"3 Cultists","floor":30.0,"turns":3.0},{"damage":0,"enemies":"Automaton","floor":33,"turns":1},{"damage":0,"enemies":"3 Shapes","floor":35,"turns":1},{"damage":0,"enemies":"3 Darklings","floor":36,"turns":1},{"damage":0,"enemies":"Sphere and 2 Shapes","floor":38,"turns":1},{"damage":0,"enemies":"Giant Head","floor":40,"turns":1},{"damage":0,"enemies":"2 Orb Walkers","floor":41,"turns":1},{"damage":0,"enemies":"Reptomancer","floor":42,"turns":1},{"damage":0,"enemies":"Jaw Worm Horde","floor":45,"turns":1},{"damage":0,"enemies":"Giant Head","floor":47,"turns":1},{"damage":0,"enemies":"3 Darklings","floor":48,"turns":1},{"damage":0,"enemies":"Donu and Deca","floor":50,"turns":1}],"seed_played":"5044037286668921420","potions_obtained":[{"floor":1.0,"key":"Swift Potion"},{"floor":14.0,"key":"EssenceOfSteel"},{"floor":19.0,"key":"DuplicationPotion"},{"floor":25.0,"key":"BottledMiracle"},{"floor":30.0,"key":"Swift Potion"},{"floor":41,"key":"PowerPotion"}],"is_trial":false,"path_per_floor":["M","$","M","$","?","R","M","M","T","R","E","M","?","E","R","B",null,"M","M","$","T","M","E","R","M","T","E","$","R","M","?","R","B",null,"M","M","?","M","$","E","?","E","T","$","M","R","E","M","R","B",null],"character_chosen":"WATCHER","items_purchased":["InnerPeace","EmptyFist","TungstenRod","SteroidPotion","FlurryOfBlows","Adaptation","Shuriken","MentalFortress","Master of Strategy","TeardropLocket","Sundial","Tantrum","TheAbacus"],"campfire_rested":1,"item_purchase_floors":[2,2,2,2,4,20,20,20,20,28,28,44,44],"current_hp_per_floor":[58,58,58,58,58,58,58,58,58,58,58,58,58,51,51,37,58,51,51,51,51,35,35,35,35,35,30,30,49,49,65,65,65,65,65,65,65,65,65,65,65,65,65,65,65,65,65,65,65,65],"gold":71,"neow_bonus":"REMOVE_TWO","is_daily":false,"chose_seed":false,"campfire_upgraded":7,"win_rate":0.0,"timestamp":1612885588,"path_taken":["M","$","M","$","?","R","M","M","T","R","E","M","?","E","R","BOSS","M","M","$","?","M","E","R","M","T","E","$","R","M","?","R","BOSS","M","M","?","M","$","E","?","E","T","?","M","R","E","M","R","BOSS"],"items_purchased_type":["Card","Card","Relic","Potion","Card","Card","Relic","Card","Card","Relic","Relic","Card","Relic"],"build_version":"2020-12-22","purchased_purges":4,"victory":true,"max_hp_per_floor":[65,65,65,65,65,65,65,65,65,65,65,65,65,65,65,65,65,65,65,65,65,65,65,65,65,65,65,65,65,65,65,65,65,65,65,65,65,65,65,65,65,65,65,65,65,65,65,65,65,65],"card_choices":[{"not_picked":["Wireheading","Wallop","CrushJoints"],"picked":"SKIP","floor":1.0},{"not_picked":["JustLucky","Wireheading","BattleHymn"],"picked":"SKIP","floor":3.0},{"not_picked":["DeceiveReality","BattleHymn"],"picked":"Indignation","floor":7.0},{"not_picked":["EmptyBody","ClearTheMind"],"picked":"Adaptation","floor":8.0},{"not_picked":["FlurryOfBlows","EmptyFist","Crescendo"],"picked":"SKIP","floor":11.0},{"not_picked":["FlurryOfBlows","ThirdEye","Halt"],"picked":"SKIP","floor":12.0},{"not_picked":["Sanctity","FollowUp"],"picked":"EmptyBody","floor":14.0},{"not_picked":["SignatureMove","CrushJoints","Crescendo"],"picked":"SKIP","floor":18.0},{"not_picked":["ThirdEye","Weave","BattleHymn"],"picked":"SKIP","floor":19.0},{"not_picked":["CrushJoints","FlurryOfBlows","WindmillStrike"],"picked":"SKIP","floor":22.0},{"not_picked":["Swivel","Collect","Establishment"],"picked":"SKIP","floor":23.0},{"not_picked":["FlyingSleeves","PathToVictory+1","CrushJoints"],"picked":"SKIP","floor":25.0},{"not_picked":["MasterReality","CrushJoints","Collect"],"picked":"SKIP","floor":27.0},{"not_picked":["SashWhip","EmptyBody","Conclude"],"picked":"SKIP","floor":30.0},{"not_picked":["WindmillStrike+1","FlyingSleeves+1","SashWhip"],"picked":"SKIP","floor":35},{"not_picked":["Conclude+1","CutThroughFate","EmptyBody"],"picked":"SKIP","floor":36},{"not_picked":["SignatureMove","FollowUp","PathToVictory"],"picked":"SKIP","floor":38},{"not_picked":["TalkToTheHand","InnerPeace","CarveReality"],"picked":"SKIP","floor":40},{"not_picked":["Blasphemy","FlurryOfBlows","Crescendo+1"],"picked":"SKIP","floor":42},{"not_picked":["CutThroughFate","ThirdEye","Indignation"],"picked":"SKIP","floor":45},{"not_picked":["EmptyMind+1","ForeignInfluence","Tantrum"],"picked":"SKIP","floor":47},{"not_picked":["Vengeance","Protect","Nirvana"],"picked":"SKIP","floor":48}],"player_experience":525633,"relics_obtained":[{"floor":9.0,"key":"Pantograph"},{"floor":11.0,"key":"The Courier"},{"floor":14.0,"key":"Whetstone"},{"floor":21.0,"key":"CeramicFish"},{"floor":23.0,"key":"Ornamental Fan"},{"floor":26.0,"key":"Yang"},{"floor":27.0,"key":"Centennial Puzzle"},{"floor":41,"key":"Lizard Tail"},{"floor":42,"key":"Torii"},{"floor":43,"key":"Juzu Bracelet"},{"floor":47,"key":"Pen Nib"}],"event_choices":[{"cards_removed":["Defend_P"],"damage_healed":0.0,"max_hp_gain":0.0,"max_hp_loss":0.0,"gold_gain":0.0,"event_name":"Living Wall","player_choice":"Forget","floor":5.0,"gold_loss":0.0,"damage_taken":0.0},{"damage_healed":0.0,"max_hp_gain":0.0,"max_hp_loss":0.0,"gold_gain":100.0,"event_name":"Golden Shrine","player_choice":"Pray","floor":13.0,"gold_loss":0.0,"damage_taken":0.0},{"damage_healed":21,"gold_gain":0,"player_choice":"Heal","damage_taken":0,"max_hp_gain":0,"max_hp_loss":0,"event_name":"The Library","floor":31,"gold_loss":0},{"cards_removed":["FlurryOfBlows"],"damage_healed":0,"gold_gain":0,"player_choice":"Removed Attack","damage_taken":0,"max_hp_gain":0,"max_hp_loss":0,"event_name":"Falling","floor":37,"gold_loss":0},{"damage_healed":0,"gold_gain":0,"player_choice":"Fight","damage_taken":0,"max_hp_gain":0,"max_hp_loss":0,"event_name":"Mysterious Sphere","floor":41,"gold_loss":0}],"is_beta":false,"boss_relics":[{"not_picked":["Busted Crown","Coffee Dripper"],"picked":"SlaversCollar"},{"not_picked":["Philosopher\u0027s Stone","Runic Dome"],"picked":"Empty Cage"}],"items_purged_floors":[2,4,20,39],"is_endless":false,"potions_floor_spawned":[1,7,14,19,25,30,40,41,47],"ascension_level":13}}