{"host":"vlqejv0notyktumz","time":1612896350,"event":{"mods":["AchievementEnabler","BaseMod","Colored Map","Colored Powertips","Downfall","Googly Eyes","Minty Spire (QoL Compilation)","StSLib"],"gold_per_floor":[119,133,34,34,49,82,82,109,109,109,109,127,142,67,67,166,166,166,166,28,28,28,28,28,28,28,28,28,28,28,28,28,28,28,28,28,28,28,28,28,28,28],"floor_reached":41,"language":"ENG","playtime":1417,"items_purged":["Strike_G","Strike_G"],"score":608,"play_id":"815b595a-ec5c-4983-bb6d-e06593be409a","local_time":"20210209124550","is_ascension_mode":true,"campfire_choices":[{"floor":7,"key":"REST"},{"floor":10,"key":"REST"},{"floor":15,"key":"REST"},{"floor":23,"key":"REST"},{"data":"Adrenaline","floor":25,"key":"SMITH"},{"data":"A Thousand Cuts","floor":32,"key":"SMITH"},{"floor":40,"key":"REST"}],"circlet_count":0,"master_deck":["AscendersBane","Strike_G","Defend_G+1","Defend_G","Defend_G+1","Defend_G","Defend_G","Survivor","Neutralize","Doppelganger","Terror","Poisoned Stab","Bane","Dagger Throw","Cloak And Dagger","A Thousand Cuts+1","Outmaneuver","All Out Attack","Envenom+1","Dash","Adrenaline+1","Dagger Throw","Footwork+1","Acrobatics+1","Slice+1","Deadly Poison+1","Blade Dance","Phantasmal Killer","Prepared","Escape Plan","Bandage Up","Cloak And Dagger","Footwork+1"],"relics":["Ring of the Snake","Blue Candle","FossilizedHelix","Frozen Egg 2","Tough Bandages","Matryoshka","Ectoplasm","War Paint","PreservedInsect","Smiling Mask","Bottled Flame","WristBlade"],"acts_visited":["Exordium","TheCity","TheBeyond"],"potions_floor_usage":[6,12,29,31,33,41],"damage_taken":[{"damage":0,"enemies":"Cultist","floor":1,"turns":5},{"damage":1,"enemies":"Small Slimes","floor":2,"turns":4},{"damage":0,"enemies":"2 Louse","floor":5,"turns":3},{"damage":44,"enemies":"3 Sentries","floor":6,"turns":13},{"damage":35,"enemies":"Lagavulin","floor":8,"turns":8},{"damage":0,"enemies":"Looter","floor":12,"turns":4},{"damage":0,"enemies":"Blue Slaver","floor":13,"turns":4},{"damage":29,"enemies":"The Guardian","floor":16,"turns":12},{"damage":8,"enemies":"3 Byrds","floor":18,"turns":5},{"damage":2,"enemies":"Shell Parasite","floor":21,"turns":5},{"damage":26,"enemies":"Snake Plant","floor":22,"turns":5},{"damage":12,"enemies":"Sentry and Sphere","floor":24,"turns":6},{"damage":16,"enemies":"Centurion and Healer","floor":29,"turns":7},{"damage":0,"enemies":"Shelled Parasite and Fungi","floor":30,"turns":6},{"damage":0,"enemies":"Snecko","floor":31,"turns":4},{"damage":23,"enemies":"Collector","floor":33,"turns":8},{"damage":0,"enemies":"3 Shapes","floor":35,"turns":4},{"damage":18,"enemies":"3 Darklings","floor":38,"turns":4},{"damage":1,"enemies":"Maw","floor":39,"turns":6},{"damage":0,"enemies":"Reptomancer","floor":41,"turns":3}],"seed_played":"-5699558791167391090","potions_obtained":[{"floor":2,"key":"Regen Potion"},{"floor":6,"key":"FearPotion"},{"floor":8,"key":"BlessingOfTheForge"},{"floor":21,"key":"Strength Potion"},{"floor":24,"key":"LiquidBronze"},{"floor":30,"key":"Regen Potion"},{"floor":31,"key":"champ:CounterPotion"},{"floor":39,"key":"Fire Potion"}],"is_trial":false,"path_per_floor":["M","M","$","?","M","E","R","E","T","R","?","M","M","$","R","B",null,"M","?","$","M","M","R","M","R","T","?","T","M","M","M","R","B",null,"M","?","?","M","M","R","E"],"character_chosen":"THE_SILENT","items_purchased":["Bane","Dagger Throw","Footwork+1"],"campfire_rested":5,"item_purchase_floors":[3,3,20],"current_hp_per_floor":[63,62,62,59,59,30,51,16,16,37,37,37,37,37,58,29,60,52,52,52,50,24,45,33,33,33,56,56,40,40,52,52,29,60,60,60,60,46,49,70,70,70],"gold":28,"neow_bonus":"ONE_RANDOM_RARE_CARD","is_daily":false,"chose_seed":false,"campfire_upgraded":2,"win_rate":0.0,"timestamp":1612896350,"path_taken":["M","M","$","?","M","E","R","E","T","R","?","?","M","$","R","BOSS","M","?","$","M","M","R","M","R","T","?","?","M","?","M","R","BOSS","M","?","?","M","M","R","E"],"items_purchased_type":["Card","Card","Card"],"build_version":"2020-12-22","purchased_purges":2,"victory":false,"max_hp_per_floor":[70,70,70,70,70,70,70,70,70,70,70,70,70,70,70,70,70,70,70,70,70,70,70,70,70,70,70,70,70,70,70,70,70,70,70,70,70,70,70,70,70,70],"card_choices":[{"not_picked":["Sucker Punch","Slice"],"picked":"Terror","floor":1},{"not_picked":["All Out Attack","Deflect"],"picked":"Poisoned Stab","floor":2},{"not_picked":["Dodge and Roll","Acrobatics"],"picked":"Cloak And Dagger","floor":5},{"not_picked":["Catalyst","Quick Slash"],"picked":"A Thousand Cuts","floor":6},{"not_picked":["Bouncing Flask","Acrobatics"],"picked":"Outmaneuver","floor":8},{"not_picked":["Dagger Throw","Deadly Poison"],"picked":"Bane","floor":12},{"not_picked":["Slice","Distraction"],"picked":"All Out Attack","floor":13},{"not_picked":["Venomology","Malaise"],"picked":"Envenom+1","floor":16},{"not_picked":["Bane","Deflect"],"picked":"Dash","floor":18},{"not_picked":["Slice","Backstab"],"picked":"Acrobatics+1","floor":21},{"not_picked":["Quick Slash+1","PiercingWail"],"picked":"Slice+1","floor":22},{"not_picked":["Acrobatics","Bouncing Flask","Finisher+1"],"picked":"SKIP","floor":24},{"not_picked":["Predator","Quick Slash"],"picked":"Deadly Poison+1","floor":29},{"not_picked":["Slice","Underhanded Strike"],"picked":"Blade Dance","floor":30},{"not_picked":["All Out Attack","Acrobatics","Terror+1"],"picked":"SKIP","floor":31},{"not_picked":["Malaise","Unload"],"picked":"Phantasmal Killer","floor":33},{"not_picked":["Acrobatics+1","Flying Knee"],"picked":"Prepared","floor":35},{"not_picked":["Dodge and Roll","Backstab+1"],"picked":"Cloak And Dagger","floor":38},{"not_picked":["Terror","Bane+1"],"picked":"Footwork+1","floor":39}],"player_experience":404501,"relics_obtained":[{"floor":6,"key":"FossilizedHelix"},{"floor":8,"key":"Frozen Egg 2"},{"floor":9,"key":"Tough Bandages"},{"floor":26,"key":"War Paint"},{"floor":26,"key":"PreservedInsect"},{"floor":28,"key":"Smiling Mask"},{"floor":28,"key":"Bottled Flame"}],"event_choices":[{"damage_healed":0,"gold_gain":0,"player_choice":"Success","damage_taken":3,"relics_obtained":["Blue Candle"],"max_hp_gain":0,"max_hp_loss":0,"event_name":"Scrap Ooze","floor":4,"gold_loss":0},{"damage_healed":0,"gold_gain":0,"player_choice":"Gave Potion","damage_taken":0,"relics_obtained":["Matryoshka"],"max_hp_gain":0,"max_hp_loss":0,"event_name":"WeMeetAgain","floor":11,"gold_loss":0},{"damage_healed":0,"gold_gain":0,"cards_transformed":["Strike_G","Strike_G"],"player_choice":"Became Test Subject","damage_taken":0,"max_hp_gain":0,"max_hp_loss":0,"event_name":"Drug Dealer","floor":19,"gold_loss":0,"cards_obtained":["Adrenaline","Dagger Throw"]},{"damage_healed":23,"gold_gain":0,"player_choice":"Heal","damage_taken":0,"max_hp_gain":0,"max_hp_loss":0,"event_name":"The Library","floor":27,"gold_loss":0},{"cards_removed":["Bane"],"damage_healed":0,"gold_gain":0,"player_choice":"Removed Attack","damage_taken":0,"max_hp_gain":0,"max_hp_loss":0,"event_name":"Falling","floor":36,"gold_loss":0},{"damage_healed":0,"gold_gain":0,"player_choice":"2 cards matched","damage_taken":0,"max_hp_gain":0,"max_hp_loss":0,"event_name":"Match and Keep!","floor":37,"gold_loss":0,"cards_obtained":["Escape Plan","Bandage Up"]}],"is_beta":false,"boss_relics":[{"not_picked":["Calling Bell","Fusion Hammer"],"picked":"Ectoplasm"},{"not_picked":["Snecko Eye","Coffee Dripper"],"picked":"WristBlade"}],"items_purged_floors":[14,20],"is_endless":false,"potions_floor_spawned":[2,6,8,21,24,30,31,39],"killed_by":"Reptomancer","ascension_level":10}}