{"host":"2okas1s8lto464g9","time":1612877446,"event":{"mods":["BaseMod","Minty Spire (QoL Compilation)","StSLib"],"gold_per_floor":[17,35,46,63,63,63,79,108,108,118,118,129,129,158,158,158,158],"floor_reached":16,"language":"ZHS","playtime":572,"items_purged":[],"score":167,"play_id":"4d8ea3a9-c699-43f2-934d-5f7afec257da","local_time":"20210209213046","is_ascension_mode":true,"campfire_choices":[{"data":"Eruption","floor":6,"key":"SMITH"},{"floor":11,"key":"DIG"},{"floor":15,"key":"DIG"}],"circlet_count":0,"master_deck":["Strike_P","Strike_P","Strike_P","Strike_P","Defend_P","Defend_P+1","Defend_P","Eruption+1","Vigilance","Consecrate","Halt+1","Sanctity","Vengeance","Judgement","Adaptation"],"relics":["PureWater","Shovel","Thread and Needle","Meat on the Bone","StrikeDummy","Gremlin Horn","War Paint"],"acts_visited":["Exordium"],"potions_floor_usage":[4],"damage_taken":[{"damage":0,"enemies":"Small Slimes","floor":1,"turns":3},{"damage":2,"enemies":"Cultist","floor":2,"turns":3},{"damage":6,"enemies":"2 Louse","floor":3,"turns":3},{"damage":5,"enemies":"Exordium Thugs","floor":4,"turns":3},{"damage":4,"enemies":"Red Slaver","floor":7,"turns":3},{"damage":29,"enemies":"Lagavulin","floor":8,"turns":5},{"damage":0,"enemies":"Blue Slaver","floor":10,"turns":2},{"damage":0,"enemies":"Looter","floor":12,"turns":2},{"damage":0,"enemies":"3 Sentries","floor":14,"turns":4},{"damage":41,"enemies":"Slime Boss","floor":16,"turns":3}],"seed_played":"-6349381473273800096","potions_obtained":[{"floor":1,"key":"FearPotion"},{"floor":3,"key":"SpeedPotion"},{"floor":14,"key":"SneckoOil"}],"is_trial":false,"path_per_floor":["M","M","M","M","$","R","M","E","T","M","R","M","?","E","R","B"],"character_chosen":"WATCHER","items_purchased":[],"campfire_rested":0,"item_purchase_floors":[],"current_hp_per_floor":[72,70,64,59,59,59,55,26,26,38,38,38,38,38,38,0,0],"gold":158,"neow_bonus":"ONE_RARE_RELIC","is_daily":false,"chose_seed":false,"campfire_upgraded":1,"win_rate":0.0,"timestamp":1612877446,"path_taken":["M","M","M","M","$","R","M","E","T","M","R","M","?","E","R","BOSS"],"items_purchased_type":[],"build_version":"2020-12-22","purchased_purges":0,"victory":false,"max_hp_per_floor":[72,72,72,72,72,72,72,72,72,72,72,72,72,72,72,72,72],"card_choices":[{"not_picked":["PathToVictory","EmptyBody"],"picked":"Consecrate","floor":1},{"not_picked":["Consecrate","Weave"],"picked":"Halt","floor":2},{"not_picked":["Consecrate","Evaluate"],"picked":"Sanctity","floor":3},{"not_picked":["ClearTheMind","SashWhip"],"picked":"Vengeance","floor":4},{"not_picked":["Crescendo","JustLucky"],"picked":"Judgement","floor":7},{"not_picked":["Protect","BowlingBash","FlurryOfBlows"],"picked":"SKIP","floor":8},{"not_picked":["FlyingSleeves","Protect","BowlingBash"],"picked":"SKIP","floor":10},{"not_picked":["Meditate","Nirvana"],"picked":"Adaptation","floor":12},{"not_picked":["Consecrate","WindmillStrike","Conclude"],"picked":"SKIP","floor":14}],"player_experience":472795,"relics_obtained":[{"floor":8,"key":"Thread and Needle"},{"floor":9,"key":"Meat on the Bone"},{"floor":11,"key":"StrikeDummy"},{"floor":14,"key":"Gremlin Horn"},{"floor":15,"key":"War Paint"}],"event_choices":[{"cards_removed":["Defend_P"],"damage_healed":0,"gold_gain":0,"player_choice":"Card Removal","damage_taken":0,"max_hp_gain":0,"max_hp_loss":0,"event_name":"Wheel of Change","floor":13,"gold_loss":0}],"is_beta":false,"boss_relics":[],"items_purged_floors":[],"is_endless":false,"potions_floor_spawned":[1,3,14],"killed_by":"Slime Boss","ascension_level":4}}