{"host":"4udtejx3ummmwg8f","time":1612849506,"event":{"mods":["BaseMod","Minty Spire (QoL Compilation)"],"gold_per_floor":[115,129,146,161,161,191,209,209,209,235,235,137,167,182,182,281,281,296,315,315,315,330,349,349,382,382,382,382,394,425,165,165,267,317,328,378,378,393,16,16,42,59,141,161,178,178,204,222,222,318,318,330,330,341,354,369,404,404,423,423,146,146,164,178,205,205,308,308,334,346,457,469,496,508,536,548,590,602,625,671,683,714,726,840,852,880,908,934,946,977,989,1012,1044,1091,684,703,718,728,746,746,844,844,844],"floor_reached":102,"language":"ENG","playtime":9130,"items_purged":["Regret","Defend_R"],"score":2752,"play_id":"198ef4d4-3162-4e86-bc45-c980d348408a","local_time":"20210209161506","daily_mods":["Heirloom"],"is_ascension_mode":true,"campfire_choices":[{"data":"Armaments","floor":8.0,"key":"SMITH"},{"data":"Shockwave","floor":15.0,"key":"SMITH"},{"floor":24.0,"key":"REST"},{"floor":27.0,"key":"REST"},{"floor":32.0,"key":"REST"},{"data":"Hemokinesis","floor":40.0,"key":"SMITH"},{"data":"Searing Blow+1","floor":46.0,"key":"SMITH"},{"data":"Searing Blow+2","floor":49.0,"key":"SMITH"},{"floor":58.0,"key":"REST"},{"floor":62.0,"key":"REST"},{"floor":66.0,"key":"REST"},{"floor":74.0,"key":"REST"},{"floor":76.0,"key":"REST"},{"floor":78.0,"key":"REST"},{"floor":83.0,"key":"REST"},{"floor":91.0,"key":"REST"},{"floor":100.0,"key":"REST"}],"circlet_count":0,"master_deck":["Strike_R","Strike_R+1","Strike_R","Strike_R+1","Defend_R","Defend_R","Bash","Hemokinesis+1","Entrench","Armaments+1","Ghostly Armor","Dropkick","Impervious","Perfected Strike","Perfected Strike","Shockwave+1","Whirlwind","Exhume","Reckless Charge","Flex+1","Warcry","Shockwave","Iron Wave+1","Headbutt+1","Heavy Blade+1","Metallicize+1","Demon Form+1","Armaments+1","Flex+1","Rampage+1","Havoc+1","Metallicize+1","Searing Blow+3","Anger+1","Power Through+1","Evolve+1","Rage+1","Combust+1","Reaper","Power Through","Pommel Strike","Battle Trance","Rupture+1","Combust+1","Disarm","Berserk+1","Perfected Strike","Bloodletting","Perfected Strike","Brutality+1","CurseOfTheBell","Iron Wave","Necronomicurse","Sword Boomerang+1","Perfected Strike","Flame Barrier+1","Cleave","Wild Strike+1","Feed","Thunderclap+1","Inflame+1","Blood for Blood+1","Pain","Pummel","Clothesline+1","Hemokinesis+1","Limit Break","Inflame+1","Feed","Pommel Strike+1","Flex","Disarm","Sword Boomerang+1","Pommel Strike+1","Double Tap"],"relics":["Burning Blood","Thread and Needle","Paper Frog","Akabeko","Darkstone Periapt","CaptainsWheel","Potion Belt","HornCleat","Black Star","Self Forming Clay","Frozen Egg 2","Blue Candle","Mummified Hand","PreservedInsect","Pantograph","Kunai","Tiny House","Incense Burner","InkBottle","Whetstone","Bottled Flame","Meat on the Bone","Art of War","Toy Ornithopter","Fusion Hammer","Bronze Scales","Membership Card","Bottled Tornado","Calling Bell","MawBank","Ornamental Fan","StoneCalendar","Necronomicon","Cursed Key","WarpedTongs","ClockworkSouvenir","Dream Catcher","Unceasing Top","Busted Crown"],"acts_visited":["Exordium","TheCity","TheBeyond","TheCity","TheBeyond"],"potions_floor_usage":[],"damage_taken":[{"damage":2.0,"enemies":"Cultist","floor":1.0,"turns":3.0},{"damage":2.0,"enemies":"2 Louse","floor":2.0,"turns":2.0},{"damage":2.0,"enemies":"Jaw Worm","floor":3.0,"turns":3.0},{"damage":3.0,"enemies":"Looter","floor":4.0,"turns":3.0},{"damage":10.0,"enemies":"Lagavulin","floor":6.0,"turns":4.0},{"damage":5.0,"enemies":"Exordium Wildlife","floor":7.0,"turns":3.0},{"damage":22.0,"enemies":"Gremlin Nob","floor":10.0,"turns":5.0},{"damage":2.0,"enemies":"3 Sentries","floor":13.0,"turns":8.0},{"damage":0.0,"enemies":"Blue Slaver","floor":14.0,"turns":4.0},{"damage":31.0,"enemies":"The Guardian","floor":16.0,"turns":8.0},{"damage":0.0,"enemies":"3 Byrds","floor":18.0,"turns":6.0},{"damage":0.0,"enemies":"Chosen","floor":19.0,"turns":4.0},{"damage":0.0,"enemies":"Snake Plant","floor":22.0,"turns":5.0},{"damage":21.0,"enemies":"Centurion and Healer","floor":23.0,"turns":7.0},{"damage":23.0,"enemies":"Gremlin Leader","floor":25.0,"turns":7.0},{"damage":0.0,"enemies":"Sentry and Sphere","floor":29.0,"turns":4.0},{"damage":37.0,"enemies":"Slavers","floor":30.0,"turns":5.0},{"damage":48.0,"enemies":"Automaton","floor":33.0,"turns":10.0},{"damage":20.0,"enemies":"3 Darklings","floor":35.0,"turns":6.0},{"damage":22.0,"enemies":"Mind Bloom Boss Battle","floor":36.0,"turns":7.0},{"damage":2.0,"enemies":"Orb Walker","floor":38.0,"turns":4.0},{"damage":11.0,"enemies":"Nemesis","floor":41.0,"turns":7.0},{"damage":5.0,"enemies":"Transient","floor":42.0,"turns":5.0},{"damage":0.0,"enemies":"3 Darklings","floor":44.0,"turns":8.0},{"damage":7.0,"enemies":"Spire Growth","floor":45.0,"turns":6.0},{"damage":32.0,"enemies":"Giant Head","floor":47.0,"turns":8.0},{"damage":0.0,"enemies":"Maw","floor":48.0,"turns":8.0},{"damage":38.0,"enemies":"Time Eater","floor":50.0,"turns":9.0},{"damage":14.0,"enemies":"Jaw Worm","floor":52.0,"turns":3.0},{"damage":0.0,"enemies":"2 Louse","floor":54.0,"turns":2.0},{"damage":0.0,"enemies":"Cultist","floor":55.0,"turns":2.0},{"damage":2.0,"enemies":"2 Fungi Beasts","floor":56.0,"turns":2.0},{"damage":2.0,"enemies":"Lagavulin","floor":57.0,"turns":4.0},{"damage":0.0,"enemies":"Red Slaver","floor":59.0,"turns":2.0},{"damage":0.0,"enemies":"Looter","floor":63.0,"turns":2.0},{"damage":11.0,"enemies":"3 Louse","floor":64.0,"turns":2.0},{"damage":25.0,"enemies":"3 Sentries","floor":65.0,"turns":4.0},{"damage":9.0,"enemies":"The Guardian","floor":67.0,"turns":7.0},{"damage":51.0,"enemies":"2 Thieves","floor":69.0,"turns":4.0},{"damage":0.0,"enemies":"Shell Parasite","floor":73.0,"turns":2.0},{"damage":18.0,"enemies":"Centurion and Healer","floor":75.0,"turns":3.0},{"damage":3.0,"enemies":"Gremlin Leader","floor":77.0,"turns":4.0},{"damage":2.0,"enemies":"Snecko","floor":79.0,"turns":3.0},{"damage":3.0,"enemies":"Slavers","floor":80.0,"turns":4.0},{"damage":16.0,"enemies":"Snake Plant","floor":82.0,"turns":2.0},{"damage":22.0,"enemies":"Automaton","floor":84.0,"turns":6.0},{"damage":3.0,"enemies":"3 Shapes","floor":86.0,"turns":3.0},{"damage":5.0,"enemies":"Orb Walker","floor":87.0,"turns":3.0},{"damage":1.0,"enemies":"Spire Growth","floor":88.0,"turns":2.0},{"damage":24.0,"enemies":"3 Darklings","floor":90.0,"turns":4.0},{"damage":4.0,"enemies":"4 Shapes","floor":92.0,"turns":3.0},{"damage":26.0,"enemies":"Sphere and 2 Shapes","floor":93.0,"turns":3.0},{"damage":7.0,"enemies":"Reptomancer","floor":94.0,"turns":3.0},{"damage":8.0,"enemies":"Maw","floor":96.0,"turns":5.0},{"damage":13.0,"enemies":"Transient","floor":97.0,"turns":5.0},{"damage":27.0,"enemies":"Spire Growth","floor":98.0,"turns":3.0},{"damage":27.0,"enemies":"4 Shapes","floor":99.0,"turns":1.0},{"damage":93.0,"enemies":"Awakened One","floor":101.0,"turns":7.0}],"seed_played":"1709612179797639029","potions_obtained":[{"floor":2.0,"key":"LiquidMemories"},{"floor":3.0,"key":"SteroidPotion"},{"floor":7.0,"key":"Dexterity Potion"},{"floor":10.0,"key":"BlessingOfTheForge"},{"floor":14.0,"key":"SkillPotion"},{"floor":18.0,"key":"ElixirPotion"},{"floor":19.0,"key":"Ancient Potion"},{"floor":29.0,"key":"FearPotion"},{"floor":34.0,"key":"ColorlessPotion"},{"floor":35.0,"key":"Weak Potion"},{"floor":38.0,"key":"Ancient Potion"},{"floor":42.0,"key":"Swift Potion"},{"floor":47.0,"key":"Energy Potion"},{"floor":50.0,"key":"Energy Potion"},{"floor":52.0,"key":"Dexterity Potion"},{"floor":55.0,"key":"Ancient Potion"},{"floor":57.0,"key":"DistilledChaos"},{"floor":59.0,"key":"PowerPotion"},{"floor":64.0,"key":"GamblersBrew"},{"floor":65.0,"key":"AttackPotion"},{"floor":69.0,"key":"GamblersBrew"},{"floor":73.0,"key":"LiquidMemories"},{"floor":79.0,"key":"CultistPotion"},{"floor":80.0,"key":"Block Potion"},{"floor":84.0,"key":"Weak Potion"},{"floor":86.0,"key":"Weak Potion"},{"floor":92.0,"key":"GamblersBrew"},{"floor":93.0,"key":"AttackPotion"},{"floor":94.0,"key":"FairyPotion"},{"floor":96.0,"key":"ElixirPotion"},{"floor":99.0,"key":"SteroidPotion"},{"floor":101.0,"key":"Weak Potion"}],"is_trial":true,"path_per_floor":["M","M","M","M","?","E","M","R","T","E","?","$","E","M","R","B",null,"M","M","?","?","M","M","R","E","T","R","?","M","E","$","R","B",null,"M","?","?","M","$","R","E","M","T","M","M","R","E","M","R","B",null,"M","?","M","M","M","E","R","M","T","$","R","M","M","E","R","B",null,"M","?","?","?","M","R","M","R","E","R","M","E","$","M","R","B",null,"M","M","M","?","M","R","M","M","E","$","M","M","M","M","R","B",null],"character_chosen":"IRONCLAD","items_purchased":["Perfected Strike","Kunai","Metallicize+1","InkBottle","Membership Card","Bottled Tornado","Inflame+1","Feed","ClockworkSouvenir","Dream Catcher","Unceasing Top"],"campfire_rested":12,"item_purchase_floors":[12,31,39,39,61,61,95,95,95,95,95],"current_hp_per_floor":[80,80,80,80,73,69,70,70,70,54,60,60,64,70,70,45,86,86,86,92,92,92,77,92,75,75,92,92,92,61,61,88,50,97,83,81,81,85,85,85,80,81,81,87,86,86,60,76,76,65,97,89,89,95,97,97,97,97,97,97,97,97,97,92,90,97,97,103,58,58,58,48,66,98,91,109,109,109,109,109,109,99,109,109,109,112,112,115,121,103,121,121,101,110,110,111,104,83,79,116,71,124,124],"gold":844,"neow_bonus":"","is_daily":false,"chose_seed":false,"campfire_upgraded":5,"win_rate":0.0,"timestamp":1612849506,"path_taken":["M","?","M","M","?","E","M","R","T","E","?","?","E","M","R","BOSS","M","M","?","?","M","M","R","E","T","R","?","M","E","?","R","BOSS","M","?","?","M","$","R","E","M","T","M","M","R","E","M","R","BOSS","M","?","M","M","M","E","R","M","T","$","R","M","?","E","R","BOSS","M","?","?","?","M","R","M","R","E","R","M","E","$","?","R","BOSS","M","M","M","?","M","R","M","M","E","?","M","M","?","M","R","BOSS"],"items_purchased_type":["Card","Relic","Card","Relic","Relic","Relic","Card","Card","Relic","Relic","Relic"],"build_version":"2020-12-22","purchased_purges":2,"victory":false,"max_hp_per_floor":[80,80,80,80,80,80,80,80,80,80,86,86,86,86,86,86,86,86,86,92,92,92,92,92,92,92,92,92,92,92,92,92,92,97,97,97,97,97,97,97,97,97,97,97,97,97,97,97,97,97,97,97,97,97,97,97,97,97,97,97,97,97,97,97,97,97,97,103,103,103,103,109,109,109,109,109,109,109,109,109,109,109,109,109,109,112,112,115,121,121,121,121,121,121,121,124,124,124,124,124,124,124,124],"card_choices":[{"not_picked":["True Grit","Headbutt"],"picked":"Hemokinesis","floor":1.0},{"not_picked":["Sword Boomerang","Clash"],"picked":"Entrench","floor":2.0},{"not_picked":["Combust","Sever Soul"],"picked":"Armaments","floor":3.0},{"not_picked":["Whirlwind","Twin Strike"],"picked":"Ghostly Armor","floor":4.0},{"not_picked":["Pommel Strike","Dark Embrace"],"picked":"Dropkick","floor":6.0},{"not_picked":["Intimidate","Clash"],"picked":"Impervious","floor":7.0},{"not_picked":["Second Wind","Clash"],"picked":"Perfected Strike","floor":10.0},{"not_picked":["Pommel Strike","Dual Wield"],"picked":"Shockwave","floor":13.0},{"not_picked":["Armaments","Bloodletting"],"picked":"Whirlwind","floor":14.0},{"not_picked":["Impervious","Brutality"],"picked":"Exhume","floor":16.0},{"not_picked":["Clash","Clothesline+1"],"picked":"Reckless Charge","floor":18.0},{"not_picked":["Blood for Blood","Reckless Charge"],"picked":"Flex+1","floor":19.0},{"not_picked":["Dark Embrace","Sentinel"],"picked":"Shockwave","floor":22.0},{"not_picked":["Seeing Red","Clash+1"],"picked":"Iron Wave+1","floor":23.0},{"not_picked":["Thunderclap","Fiend Fire"],"picked":"Headbutt+1","floor":25.0},{"not_picked":["Thunderclap+1","Sentinel"],"picked":"Heavy Blade+1","floor":29.0},{"not_picked":["Feel No Pain+1","Flex"],"picked":"Metallicize+1","floor":30.0},{"not_picked":["Limit Break","Immolate"],"picked":"Demon Form+1","floor":33.0},{"not_picked":["Clothesline","Dual Wield"],"picked":"Armaments+1","floor":34.0},{"not_picked":["Clash+1","Shrug It Off"],"picked":"Flex+1","floor":35.0},{"not_picked":["Evolve+1","Blood for Blood"],"picked":"Rampage+1","floor":36.0},{"not_picked":["Twin Strike","Heavy Blade+1"],"picked":"Havoc+1","floor":38.0},{"not_picked":["Rampage","Pommel Strike"],"picked":"Searing Blow+1","floor":41.0},{"not_picked":["Armaments","Perfected Strike+1"],"picked":"Anger+1","floor":42.0},{"not_picked":["Twin Strike","Sever Soul+1"],"picked":"Power Through+1","floor":44.0},{"not_picked":["Bloodletting","Exhume"],"picked":"Evolve+1","floor":45.0},{"not_picked":["Bludgeon","Wild Strike"],"picked":"Rage+1","floor":47.0},{"not_picked":["Cleave","Thunderclap"],"picked":"Combust+1","floor":48.0},{"not_picked":["Corruption+1","Juggernaut+1"],"picked":"Reaper","floor":50.0},{"not_picked":["Shrug It Off","Sentinel"],"picked":"Power Through","floor":52.0},{"not_picked":["Warcry","Iron Wave"],"picked":"Battle Trance","floor":54.0},{"not_picked":["Body Slam","Armaments"],"picked":"Rupture+1","floor":55.0},{"not_picked":["Sword Boomerang","Seeing Red"],"picked":"Combust+1","floor":56.0},{"not_picked":["Carnage","Clothesline"],"picked":"Disarm","floor":57.0},{"not_picked":["Sword Boomerang","Hemokinesis"],"picked":"Berserk+1","floor":59.0},{"not_picked":["Clash","Havoc"],"picked":"Perfected Strike","floor":63.0},{"not_picked":["Evolve+1","Pommel Strike"],"picked":"Bloodletting","floor":64.0},{"not_picked":["Headbutt","Combust+1"],"picked":"Perfected Strike","floor":65.0},{"not_picked":["Reaper","Offering"],"picked":"Brutality+1","floor":67.0},{"not_picked":["Body Slam","Hemokinesis"],"picked":"Iron Wave","floor":69.0},{"not_picked":["Reckless Charge","Sever Soul+1"],"picked":"Sword Boomerang+1","floor":73.0},{"not_picked":["Cleave","Warcry"],"picked":"Perfected Strike","floor":75.0},{"not_picked":["Inflame+1","Spot Weakness"],"picked":"Flame Barrier+1","floor":77.0},{"not_picked":["Combust+1","Evolve+1"],"picked":"Cleave","floor":79.0},{"not_picked":["True Grit","Sword Boomerang","Headbutt"],"picked":"SKIP","floor":80.0},{"not_picked":["Warcry","Perfected Strike+1"],"picked":"Wild Strike+1","floor":82.0},{"not_picked":["Corruption+1","Impervious"],"picked":"Feed","floor":84.0},{"not_picked":["Shrug It Off","Wild Strike+1"],"picked":"Thunderclap+1","floor":86.0},{"not_picked":["Armaments","Clothesline"],"picked":"Inflame+1","floor":87.0},{"not_picked":["Armaments+1","Feel No Pain+1"],"picked":"Blood for Blood+1","floor":88.0},{"not_picked":["Twin Strike+1","Sword Boomerang+1"],"picked":"Pummel","floor":90.0},{"not_picked":["Pommel Strike+1","Anger+1"],"picked":"Clothesline+1","floor":92.0},{"not_picked":["Twin Strike","Thunderclap+1"],"picked":"Hemokinesis+1","floor":93.0},{"not_picked":["Infernal Blade+1","Thunderclap"],"picked":"Limit Break","floor":94.0},{"not_picked":["Havoc","Headbutt"],"picked":"Pommel Strike+1","floor":96.0},{"not_picked":["Pommel Strike","Dark Embrace+1"],"picked":"Flex","floor":97.0},{"not_picked":["Feel No Pain+1","Pummel"],"picked":"Disarm","floor":98.0},{"not_picked":["Second Wind","Armaments"],"picked":"Sword Boomerang+1","floor":99.0},{"not_picked":["Clothesline+1","Perfected Strike"],"picked":"Pommel Strike+1","floor":100.0},{"not_picked":["Feed","Fiend Fire"],"picked":"Double Tap","floor":101.0}],"player_experience":121879,"relics_obtained":[{"floor":6.0,"key":"Akabeko"},{"floor":9.0,"key":"Darkstone Periapt"},{"floor":10.0,"key":"CaptainsWheel"},{"floor":13.0,"key":"HornCleat"},{"floor":25.0,"key":"Frozen Egg 2"},{"floor":25.0,"key":"Blue Candle"},{"floor":26.0,"key":"Mummified Hand"},{"floor":30.0,"key":"PreservedInsect"},{"floor":30.0,"key":"Pantograph"},{"floor":36.0,"key":"Incense Burner"},{"floor":41.0,"key":"Whetstone"},{"floor":41.0,"key":"Bottled Flame"},{"floor":43.0,"key":"Meat on the Bone"},{"floor":47.0,"key":"Art of War"},{"floor":47.0,"key":"Toy Ornithopter"},{"floor":60.0,"key":"Bronze Scales"},{"floor":68.0,"key":"MawBank"},{"floor":68.0,"key":"Ornamental Fan"},{"floor":68.0,"key":"StoneCalendar"},{"floor":72.0,"key":"Necronomicon"}],"event_choices":[{"damage_healed":0.0,"max_hp_gain":0.0,"max_hp_loss":0.0,"gold_gain":0.0,"event_name":"Scrap Ooze","player_choice":"Success","floor":5.0,"gold_loss":0.0,"damage_taken":7.0,"relics_obtained":["Paper Frog"]},{"damage_healed":0.0,"max_hp_gain":0.0,"max_hp_loss":0.0,"gold_gain":0.0,"event_name":"Big Fish","player_choice":"Box","floor":11.0,"gold_loss":0.0,"damage_taken":0.0,"relics_obtained":["Potion Belt"],"cards_obtained":["Regret"]},{"damage_healed":0.0,"max_hp_gain":0.0,"max_hp_loss":0.0,"gold_gain":0.0,"event_name":"The Mausoleum","player_choice":"Opened","floor":20.0,"gold_loss":0.0,"damage_taken":0.0,"relics_obtained":["Self Forming Clay"],"cards_obtained":["Writhe"]},{"damage_healed":0.0,"max_hp_gain":0.0,"max_hp_loss":0.0,"gold_gain":0.0,"cards_transformed":["Strike_R","Defend_R"],"event_name":"Drug Dealer","player_choice":"Became Test Subject","floor":21.0,"gold_loss":0.0,"damage_taken":0.0,"cards_obtained":["Shockwave","Warcry"]},{"cards_removed":["Writhe"],"damage_healed":0.0,"max_hp_gain":0.0,"max_hp_loss":0.0,"gold_gain":0.0,"event_name":"Back to Basics","player_choice":"Elegance","floor":28.0,"gold_loss":0.0,"damage_taken":0.0},{"damage_healed":0.0,"max_hp_gain":0.0,"max_hp_loss":0.0,"gold_gain":0.0,"event_name":"MindBloom","player_choice":"Fight","floor":36.0,"gold_loss":0.0,"damage_taken":0.0},{"cards_removed":["Shockwave"],"damage_healed":0.0,"max_hp_gain":0.0,"max_hp_loss":0.0,"gold_gain":0.0,"event_name":"Falling","player_choice":"Removed Skill","floor":37.0,"gold_loss":0.0,"damage_taken":0.0},{"damage_healed":0.0,"max_hp_gain":0.0,"max_hp_loss":0.0,"gold_gain":0.0,"event_name":"Match and Keep!","player_choice":"1 cards matched","floor":53.0,"gold_loss":0.0,"damage_taken":0.0,"cards_obtained":["Pommel Strike"]},{"damage_healed":0.0,"max_hp_gain":0.0,"max_hp_loss":0.0,"gold_gain":0.0,"event_name":"Vampires","player_choice":"Ignored","floor":70.0,"gold_loss":0.0,"damage_taken":0.0},{"damage_healed":0.0,"max_hp_gain":0.0,"max_hp_loss":0.0,"gold_gain":99.0,"event_name":"Nest","player_choice":"Stole From Cult","floor":71.0,"gold_loss":0.0,"damage_taken":0.0},{"damage_healed":0.0,"max_hp_gain":0.0,"max_hp_loss":0.0,"gold_gain":0.0,"event_name":"Cursed Tome","player_choice":"Obtained Book","floor":72.0,"gold_loss":0.0,"damage_taken":16.0},{"damage_healed":0.0,"max_hp_gain":0.0,"max_hp_loss":0.0,"gold_gain":0.0,"event_name":"Accursed Blacksmith","player_choice":"Rummage","floor":89.0,"gold_loss":0.0,"damage_taken":0.0,"relics_obtained":["WarpedTongs"],"cards_obtained":["Pain"]}],"is_beta":false,"boss_relics":[{"not_picked":["Coffee Dripper","Snecko Eye"],"picked":"Black Star"},{"not_picked":["Empty Cage","Runic Dome"],"picked":"Tiny House"},{"not_picked":["Runic Pyramid","Velvet Choker"],"picked":"Fusion Hammer"},{"not_picked":["Sozu","Empty Cage"],"picked":"Calling Bell"},{"not_picked":["Runic Cube","Runic Dome"],"picked":"Cursed Key"},{"not_picked":["Coffee Dripper","Pandora\u0027s Box"],"picked":"Busted Crown"}],"items_purged_floors":[12,39],"is_endless":true,"potions_floor_spawned":[2,3,7,10,14,18,19,29,35,38,42,47,50,52,55,57,59,64,65,69,73,79,80,84,86,92,93,94,96,99,101],"ascension_level":1}}