{"host":"36t3qd3wjvajtu1z","time":1612909284,"event":{"mods":["2.2 Compatiblity","AchievementEnabler","BaseMod","Bestiary","Block Reminder","Colored Powertips","Curses Come First","Highlight Path","Minty Spire (QoL Compilation)","Permanent Neow","Quick Restart","Random Character Button","Rare Cards Sparkle","Relic Stats","Slay-I","StSLib","Unknown Chances"],"gold_per_floor":[113,133,146,146,157,157,182,182,182,182,195,215,242,259,259,336,336,350,367,367,40,51,51,88,109,109,109,109,134,34,68,68,154,154,164,190,199,199,209,243,243,263,289,301,313,325,349,388,400,412,412],"floor_reached":50,"language":"ENG","playtime":3547,"items_purged":["Underhanded Strike","Defend_G"],"score":1074,"play_id":"b2bc1e86-898f-4591-b6ba-f06e6a1f84ee","local_time":"20210209142124","is_ascension_mode":true,"campfire_choices":[{"data":"Predator","floor":6.0,"key":"SMITH"},{"data":"Neutralize","floor":10.0,"key":"SMITH"},{"data":"Caltrops","floor":15.0,"key":"SMITH"},{"data":"Envenom","floor":23.0,"key":"SMITH"},{"data":"Phantasmal Killer","floor":28.0,"key":"SMITH"},{"data":"Bouncing Flask","floor":32.0,"key":"SMITH"},{"floor":41.0,"key":"REST"},{"floor":44,"key":"REST"},{"data":"After Image","floor":46,"key":"SMITH"},{"floor":49,"key":"REST"}],"circlet_count":0,"master_deck":["AscendersBane","Strike_G","Strike_G","Strike_G","Defend_G","Defend_G","Defend_G","Defend_G","Survivor","Neutralize+1","Dramatic Entrance","Predator+1","Backstab","Backflip","Caltrops+1","Masterful Stab","Adrenaline","Poisoned Stab","Blade Dance","Envenom+1","Noxious Fumes","Flash of Steel","PiercingWail","Phantasmal Killer+1","Dash+1","Bouncing Flask+1","After Image+1","Terror","Malaise","Backflip","Deflect+1"],"relics":["Ring of the Snake","Snake Skull","Blue Candle","TungstenRod","WristBlade","Lee\u0027s Waffle","CeramicFish","Ornamental Fan","White Beast Statue","Bag of Preparation","InkBottle","MawBank"],"acts_visited":["Exordium","TheCity","TheBeyond"],"potions_floor_usage":[42,48,50],"damage_taken":[{"damage":0.0,"enemies":"Small Slimes","floor":1.0,"turns":4.0},{"damage":1.0,"enemies":"Cultist","floor":2.0,"turns":4.0},{"damage":0.0,"enemies":"2 Louse","floor":3.0,"turns":2.0},{"damage":8.0,"enemies":"Large Slime","floor":5.0,"turns":5.0},{"damage":1.0,"enemies":"Gremlin Nob","floor":7.0,"turns":3.0},{"damage":0.0,"enemies":"Exordium Thugs","floor":11.0,"turns":4.0},{"damage":0.0,"enemies":"2 Fungi Beasts","floor":12.0,"turns":2.0},{"damage":10.0,"enemies":"Lagavulin","floor":13.0,"turns":4.0},{"damage":0.0,"enemies":"Blue Slaver","floor":14.0,"turns":2.0},{"damage":26.0,"enemies":"The Guardian","floor":16.0,"turns":15.0},{"damage":1.0,"enemies":"Chosen","floor":18.0,"turns":3.0},{"damage":11.0,"enemies":"Shell Parasite","floor":19.0,"turns":3.0},{"damage":0.0,"enemies":"Snake Plant","floor":22.0,"turns":2.0},{"damage":30.0,"enemies":"Gremlin Leader","floor":24.0,"turns":5.0},{"damage":0.0,"enemies":"Sentry and Sphere","floor":25.0,"turns":2.0},{"damage":4.0,"enemies":"Shelled Parasite and Fungi","floor":29.0,"turns":3.0},{"damage":0.0,"enemies":"Book of Stabbing","floor":31.0,"turns":2.0},{"damage":20.0,"enemies":"Champ","floor":33.0,"turns":8.0},{"damage":8.0,"enemies":"3 Shapes","floor":35.0,"turns":8.0},{"damage":13.0,"enemies":"Orb Walker","floor":36.0,"turns":4.0},{"damage":28.0,"enemies":"3 Darklings","floor":39.0,"turns":3.0},{"damage":16.0,"enemies":"Reptomancer","floor":40.0,"turns":6.0},{"damage":2,"enemies":"Jaw Worm Horde","floor":42,"turns":3},{"damage":14,"enemies":"4 Shapes","floor":47,"turns":4},{"damage":0,"enemies":"Transient","floor":48,"turns":6},{"damage":95,"enemies":"Awakened One","floor":50,"turns":10}],"seed_played":"-8907030243805641358","potions_obtained":[{"floor":3.0,"key":"FearPotion"},{"floor":5.0,"key":"DistilledChaos"},{"floor":7.0,"key":"EssenceOfSteel"},{"floor":16.0,"key":"Explosive Potion"},{"floor":18.0,"key":"Fire Potion"},{"floor":25.0,"key":"GhostInAJar"},{"floor":29.0,"key":"FearPotion"},{"floor":31.0,"key":"SneckoOil"},{"floor":33.0,"key":"AttackPotion"},{"floor":35.0,"key":"Strength Potion"},{"floor":36.0,"key":"Dexterity Potion"},{"floor":39.0,"key":"Energy Potion"},{"floor":40.0,"key":"PowerPotion"},{"floor":42,"key":"FearPotion"},{"floor":47,"key":"ColorlessPotion"},{"floor":48,"key":"Fruit Juice"}],"is_trial":false,"path_per_floor":["M","M","M","?","M","R","E","?","T","R","M","M","E","M","R","B",null,"M","M","?","$","M","R","E","M","T","T","R","M","$","E","R","B",null,"M","M","?","?","M","E","R","M","T","R","?","R","M","M","R","B"],"character_chosen":"THE_SILENT","items_purchased":["Flash of Steel","Lee\u0027s Waffle"],"campfire_rested":3,"item_purchase_floors":[21,21],"current_hp_per_floor":[59,58,58,63,55,55,54,54,54,54,54,54,44,44,44,18,58,57,46,46,78,78,78,48,48,48,48,48,44,44,44,44,24,65,57,44,60,60,32,16,39,37,37,60,60,60,46,51,75,0,0],"gold":412,"neow_bonus":"RANDOM_COLORLESS","is_daily":false,"chose_seed":false,"campfire_upgraded":7,"win_rate":0.0,"timestamp":1612909284,"path_taken":["M","M","M","?","M","R","E","?","T","R","?","M","E","M","R","BOSS","M","M","?","$","?","R","E","M","T","?","R","M","$","E","R","BOSS","M","M","?","?","M","E","R","?","T","R","?","R","M","M","R","BOSS"],"items_purchased_type":["Card","Relic"],"build_version":"2020-12-22","purchased_purges":2,"victory":false,"max_hp_per_floor":[66,66,66,71,71,71,71,71,71,71,71,71,71,71,71,71,71,71,71,71,78,78,78,78,78,78,78,78,78,78,78,78,78,78,78,78,78,78,78,78,78,78,78,78,78,78,78,83,83,83,83],"relic_stats":{"Lee\u0027s Waffle":32,"counters":[26,117],"Ornamental Fan":[124],"Blue Candle":[0],"CeramicFish":81,"Snake Skull":[180],"Bag of Preparation":[18],"MawBank":84,"obtain_stats":[{"Lee\u0027s Waffle":21,"WristBlade":17,"Ornamental Fan":26,"Blue Candle":9,"CeramicFish":24,"Snake Skull":7,"Bag of Preparation":31,"MawBank":43,"TungstenRod":13,"White Beast Statue":27,"InkBottle":40,"Ring of the Snake":0},{"Lee\u0027s Waffle":12,"WristBlade":10,"Ornamental Fan":15,"Blue Candle":5,"CeramicFish":14,"Snake Skull":5,"Bag of Preparation":17,"MawBank":23,"TungstenRod":8,"White Beast Statue":15,"InkBottle":22,"Ring of the Snake":0},{"Lee\u0027s Waffle":51,"WristBlade":45,"Ornamental Fan":60,"Blue Candle":18,"CeramicFish":58,"Snake Skull":18,"Bag of Preparation":65,"MawBank":97,"TungstenRod":28,"White Beast Statue":60,"InkBottle":94,"Ring of the Snake":0}],"TungstenRod":43,"InkBottle":[11],"Ring of the Snake":[52]},"card_choices":[{"not_picked":["Swift Strike","Mind Blast"],"picked":"Dramatic Entrance","floor":0.0},{"not_picked":["Skewer","Terror"],"picked":"Predator","floor":1.0},{"not_picked":["Slice","PiercingWail"],"picked":"Backstab","floor":2.0},{"not_picked":["Crippling Poison","Calculated Gamble"],"picked":"Backflip","floor":3.0},{"not_picked":["Infinite Blades","Slice"],"picked":"Caltrops","floor":5.0},{"not_picked":["Dodge and Roll","Distraction"],"picked":"Masterful Stab","floor":7.0},{"not_picked":["Poisoned Stab","Deflect"],"picked":"Adrenaline","floor":11.0},{"not_picked":["Expertise","Bane"],"picked":"Poisoned Stab","floor":12.0},{"not_picked":["Dodge and Roll","Infinite Blades","Choke"],"picked":"SKIP","floor":13.0},{"not_picked":["Dodge and Roll","Infinite Blades","Choke"],"picked":"SKIP","floor":13.0},{"not_picked":["Quick Slash","Choke"],"picked":"Blade Dance","floor":14.0},{"not_picked":["Burst","Adrenaline"],"picked":"Envenom","floor":16.0},{"not_picked":["Outmaneuver","Accuracy"],"picked":"Noxious Fumes","floor":18.0},{"not_picked":["Dodge and Roll","Quick Slash"],"picked":"Finisher","floor":19.0},{"not_picked":["Prepared","Dagger Spray"],"picked":"PiercingWail","floor":22.0},{"not_picked":["Outmaneuver","Flying Knee"],"picked":"Phantasmal Killer","floor":24.0},{"not_picked":["Outmaneuver+1","Flying Knee"],"picked":"Dash+1","floor":25.0},{"not_picked":["Finisher","Dodge and Roll"],"picked":"Bouncing Flask","floor":29.0},{"not_picked":["Quick Slash","Underhanded Strike","A Thousand Cuts"],"picked":"SKIP","floor":31.0},{"not_picked":["Night Terror","Doppelganger"],"picked":"After Image","floor":33.0},{"not_picked":["Predator","Eviscerate+1"],"picked":"Terror","floor":36.0},{"not_picked":["Underhanded Strike+1","Dagger Throw","Outmaneuver"],"picked":"SKIP","floor":39.0},{"not_picked":["Corpse Explosion","Reflex+1"],"picked":"Malaise","floor":40.0},{"not_picked":["Deflect","Crippling Poison"],"picked":"Backflip","floor":42},{"not_picked":["Bane","Quick Slash","Deadly Poison"],"picked":"SKIP","floor":47},{"not_picked":["Phantasmal Killer","Dagger Throw+1"],"picked":"Deflect+1","floor":48}],"player_experience":451137,"relics_obtained":[{"floor":7.0,"key":"Snake Skull"},{"floor":9.0,"key":"Blue Candle"},{"floor":13.0,"key":"TungstenRod"},{"floor":24.0,"key":"CeramicFish"},{"floor":26.0,"key":"Ornamental Fan"},{"floor":27.0,"key":"White Beast Statue"},{"floor":31.0,"key":"Bag of Preparation"},{"floor":40.0,"key":"InkBottle"},{"floor":43,"key":"MawBank"}],"event_choices":[{"damage_healed":0.0,"max_hp_gain":5.0,"max_hp_loss":0.0,"gold_gain":0.0,"event_name":"Big Fish","player_choice":"Donut","floor":4.0,"gold_loss":0.0,"damage_taken":0.0},{"cards_removed":["Strike_G"],"damage_healed":0.0,"max_hp_gain":0.0,"max_hp_loss":0.0,"gold_gain":0.0,"event_name":"Purifier","player_choice":"Purged","floor":8.0,"gold_loss":0.0,"damage_taken":0.0},{"damage_healed":0.0,"max_hp_gain":0.0,"max_hp_loss":0.0,"gold_gain":0.0,"cards_transformed":["Strike_G"],"event_name":"Transmorgrifier","player_choice":"Transformed","floor":20.0,"gold_loss":0.0,"damage_taken":0.0,"cards_obtained":["Underhanded Strike"]},{"damage_healed":16.0,"max_hp_gain":0.0,"max_hp_loss":0.0,"gold_gain":0.0,"event_name":"Winding Halls","player_choice":"Writhe","floor":37.0,"gold_loss":0.0,"damage_taken":0.0,"cards_obtained":["Writhe"]},{"cards_removed":["Writhe"],"damage_healed":0.0,"max_hp_gain":0.0,"max_hp_loss":0.0,"gold_gain":0.0,"event_name":"Fountain of Cleansing","player_choice":"Removed Curses","floor":38.0,"gold_loss":0.0,"damage_taken":0.0},{"cards_removed":["Finisher"],"damage_healed":0,"gold_gain":0,"player_choice":"Removed Attack","damage_taken":0,"max_hp_gain":0,"max_hp_loss":0,"event_name":"Falling","floor":45,"gold_loss":0}],"is_beta":false,"boss_relics":[{"not_picked":["Runic Pyramid","Tiny House"],"picked":"WristBlade"},{"not_picked":["Coffee Dripper","Runic Dome","Snecko Eye"]}],"items_purged_floors":[21,30],"is_endless":false,"potions_floor_spawned":[3,5,7,16,18,25,29,31,33,35,36,39,40,42,47,48],"killed_by":"Awakened One","ascension_level":19}}