{"host":"2e5gbsni44p3458r","time":1612869786,"event":{"mods":["BaseMod","Colored Map","Downfall","Hermit","Minty Spire (QoL Compilation)","Replay The Spire","StSLib","The Cursed"],"gold_per_floor":[349,349,365,365,379,379,379,398,510,530,330,387,403,10,25,128,128,128,128,128,19,39,55,125,125,400,410,263,263,263,263,263,290,300,399,399,299,299,311,336,336,354,378,407,407,434,434,154,154,187,205,205,205,234,32,32,32,32],"floor_reached":59,"language":"ENG","playtime":3907,"items_purged":["TheCursedMod:Strike_TheCursed","TheCursedMod:Strike_TheCursed","Pride","Overencumbered"],"score":1620,"play_id":"bbdc2b51-eb43-46d1-8209-0f946ca99b86","local_time":"20210209202306","is_ascension_mode":true,"campfire_choices":[{"floor":1.0,"key":"RECALL"},{"floor":11.0,"key":"REST"},{"data":"TheCursedMod:ForbiddenAlchemy","floor":18,"key":"SMITH"},{"data":"TheCursedMod:SpitefulPlan","floor":25,"key":"SMITH"},{"data":"TheCursedMod:CircleOfAbyss","floor":29,"key":"SMITH"},{"data":"TheCursedMod:Hemoplague","floor":32,"key":"SMITH"},{"data":"TheCursedMod:VoidForm","floor":37,"key":"SMITH"},{"data":"TheCursedMod:LuckyCharm","floor":45,"key":"SMITH"},{"data":"TheCursedMod:CleanUpWorkshop","floor":47,"key":"SMITH"},{"floor":56,"key":"REST"}],"circlet_count":0,"master_deck":["TheCursedMod:Strike_TheCursed+1","TheCursedMod:Strike_TheCursed+1","TheCursedMod:Defend_TheCursed","TheCursedMod:Defend_TheCursed","TheCursedMod:Defend_TheCursed+1","TheCursedMod:Defend_TheCursed","TheCursedMod:CursedWand","TheCursedMod:CleanUpWorkshop+1","TheCursedMod:Dregs","downfall:Malfunctioning","TheCursedMod:AbyssShockwave","TheCursedMod:Evocation","TheCursedMod:Hemoplague+1","TheCursedMod:LuckyCharm+1","TheCursedMod:CircleOfAmplification","TheCursedMod:ReleasedStrength","TheCursedMod:CursedSpellbook","TheCursedMod:ShockAndAwe","TheCursedMod:HellfireBreathing","TheCursedMod:HellfireBreathing","TheCursedMod:AshesToAshes","TheCursedMod:ForbiddenAlchemy+1","AbeCurse","TheCursedMod:Mangle","TheCursedMod:CircleOfCorruption","TheCursedMod:SpitefulPlan+1","TheCursedMod:Mangle","Regret","TheCursedMod:CircleOfAbyss+1","TheCursedMod:VoidForm+1","TheCursedMod:CircleOfAbyss+1","TheCursedMod:VoidForm+1","TheCursedMod:LuckyCharm+1","TheCursedMod:Obscuration+1","TheCursedMod:CleanUpWorkshop+1","TheCursedMod:SmokeScreen+1"],"relics":["TheCursedMod:BlackMagic101","Bag of Marbles","PreservedInsect","downfall:HeartBlessingRed","downfall:HeartBlessingBlue","TheCursedMod:Tack","Blue Candle","Abe\u0027s Treasure","Oddly Smooth Stone","ReplayTheSpireMod:Ring of Challenge","Ring of Searing","Replay:Ringing Soul","Singing Bowl","Tiny Chest","TheCursedMod:OminousMark","downfall:HeartBlessingGreen","Nunchaku","Onion Ring","Blue Doll","Lizard Tail","Pen Nib","DollysMirror","Happy Flower","Vajra"],"acts_visited":["Exordium","TheCity","TheBeyond","TheEnding"],"potions_floor_usage":[16,16,21,21,21,22,22,22,22,22,28,33,33,33,33,33,33,35,35,35,39,39,44,46,46,46,46,46,46,46,46,49,49,49,49,49,52,52,52,52,52,52,54,54,57,58,58,58,58,58,58,58,58,58,58],"damage_taken":[{"damage":0.0,"enemies":"Cultist","floor":3.0,"turns":4.0},{"damage":0.0,"enemies":"Jaw Worm","floor":5.0,"turns":3.0},{"damage":0.0,"enemies":"Small Slimes","floor":8.0,"turns":1.0},{"damage":11.0,"enemies":"Exordium Thugs","floor":10.0,"turns":4.0},{"damage":16.0,"enemies":"Lagavulin Event","floor":12.0,"turns":5.0},{"damage":0.0,"enemies":"3 Louse","floor":13.0,"turns":2.0},{"damage":2.0,"enemies":"downfall:FleeingMerchant","floor":14.0,"turns":4.0},{"damage":2.0,"enemies":"Blue Slaver","floor":15.0,"turns":2.0},{"damage":20,"enemies":"DF_ARCHETYPE_STREAMLINE","floor":16,"turns":9},{"damage":16,"enemies":"downfall:FleeingMerchant","floor":21,"turns":4},{"damage":14,"enemies":"Shell Parasite","floor":22,"turns":5},{"damage":0,"enemies":"3 Byrds","floor":23,"turns":2},{"damage":0,"enemies":"Snake Plant","floor":27,"turns":2},{"damage":0,"enemies":"downfall:FleeingMerchant","floor":28,"turns":3},{"damage":7,"enemies":"Book of Stabbing","floor":33,"turns":4},{"damage":6,"enemies":"Centurion and Healer","floor":34,"turns":3},{"damage":27,"enemies":"SI_MIRROR_ARCHETYPE","floor":35,"turns":8},{"damage":18,"enemies":"3 Shapes","floor":39,"turns":4},{"damage":0,"enemies":"3 Darklings","floor":42,"turns":1},{"damage":15,"enemies":"Nemesis","floor":44,"turns":5},{"damage":15,"enemies":"R_Hoarder","floor":46,"turns":5},{"damage":1,"enemies":"Writhing Mass","floor":49,"turns":1},{"damage":2,"enemies":"Giant Head","floor":50,"turns":5},{"damage":0,"enemies":"Sphere and 2 Shapes","floor":51,"turns":2},{"damage":11,"enemies":"WA_ARCHETYPE_DIVINITY","floor":52,"turns":6},{"damage":17,"enemies":"downfall:CharBossMerchant","floor":54,"turns":4},{"damage":34,"enemies":"downfall:NeowBoss","floor":57,"turns":7},{"damage":9,"enemies":"downfall:NeowBossFinal","floor":58,"turns":4}],"seed_played":"1716911849561172250","potions_obtained":[{"floor":2.0,"key":"AttackPotion"},{"floor":2.0,"key":"Energy Potion"},{"floor":2.0,"key":"EntropicBrew"},{"floor":5.0,"key":"SkillPotion"},{"floor":10.0,"key":"LiquidBronze"},{"floor":16,"key":"Swift Potion"},{"floor":23,"key":"Weak Potion"},{"floor":27,"key":"Death Potion"},{"floor":35,"key":"Slimebound:ThreeZeroPotion"},{"floor":44,"key":"bronze:BurnAndBuffPotion"}],"is_trial":false,"path_per_floor":["R","?","M","?","M","?","T","M","?","M","R","?","M","$","M","B",null,"R","?","?","$","M","M","T","R","?","M","$","R","PTL","PTL","R","E","M","B",null,"R","?","M","T","T","M","T","E","R","E","R","$","M","E","M","B",null,"E","$","R","B","B",null],"character_chosen":"THE_CURSED","items_purchased":["Blue Candle","TheCursedMod:HellfireBreathing","TheCursedMod:CircleOfCorruption","TheCursedMod:SpitefulPlan","TheCursedMod:CircleOfAbyss","Singing Bowl","DollysMirror","ColorlessPotion"],"campfire_rested":2,"item_purchase_floors":[14,14,21,21,28,28,48,55],"current_hp_per_floor":[54,54,54,54,54,47,47,47,17,6,41,25,25,23,21,1,85,85,85,85,69,55,55,55,55,58,58,61,61,61,61,61,56,52,28,98,98,101,85,85,85,88,88,75,75,63,63,66,65,65,68,57,119,104,104,121,87,78],"gold":32,"neow_bonus":"TWO_FIFTY_GOLD","is_daily":false,"chose_seed":false,"campfire_upgraded":7,"win_rate":0.0,"timestamp":1612869786,"path_taken":["R","?","?","?","M","?","T","?","?","?","R","?","M","$","M","BOSS","R","?","?","$","M","M","T","R","?","M","$","R","PTL","PTL","R","E","M","BOSS","R","?","?","?","?","M","T","E","R","E","R","$","M","E","M","BOSS","E","$","R","BOSS","BOSS"],"items_purchased_type":["Relic","Card","Card","Card","Card","Relic","Relic","Potion"],"build_version":"2020-12-22","purchased_purges":4,"victory":true,"max_hp_per_floor":[75,75,75,75,75,75,75,75,75,75,85,85,85,85,85,85,85,85,85,85,85,85,85,85,85,88,88,91,91,91,91,91,93,95,98,98,98,101,103,103,103,106,106,108,108,111,111,114,114,116,119,119,119,121,121,121,121,121],"card_choices":[{"not_picked":["TheCursedMod:Torture","TheCursedMod:Wield","TheCursedMod:CursedArmor"],"picked":"SKIP","floor":3.0},{"not_picked":["TheCursedMod:AshesToAshes","TheCursedMod:EmpowerCircles"],"picked":"TheCursedMod:AbyssShockwave","floor":5.0},{"not_picked":["TheCursedMod:SurpriseAttack","TheCursedMod:Obscuration"],"picked":"TheCursedMod:Evocation","floor":8.0},{"not_picked":["TheCursedMod:Stigma","TheCursedMod:Stretching"],"picked":"TheCursedMod:Hemoplague","floor":9.0},{"not_picked":["TheCursedMod:TacticalStrike","TheCursedMod:Obscuration"],"picked":"TheCursedMod:LuckyCharm","floor":9.0},{"not_picked":["TheCursedMod:Obscuration","TheCursedMod:RavingStaff"],"picked":"TheCursedMod:CircleOfAmplification","floor":10.0},{"not_picked":["TheCursedMod:CursedBoomerang","TheCursedMod:CircleOfFlame"],"picked":"TheCursedMod:ReleasedStrength","floor":12.0},{"not_picked":["TheCursedMod:AshesToAshes","TheCursedMod:SmokeScreen"],"picked":"TheCursedMod:CursedSpellbook","floor":13.0},{"not_picked":["TheCursedMod:VitalStrike","TheCursedMod:WearCloak"],"picked":"TheCursedMod:ShockAndAwe","floor":14.0},{"not_picked":["TheCursedMod:SpitefulPray","TheCursedMod:CursedSpellbook"],"picked":"TheCursedMod:AshesToAshes","floor":15.0},{"not_picked":["TheCursedMod:ParallelWorld","TheCursedMod:UltimatePain"],"picked":"TheCursedMod:ForbiddenAlchemy","floor":16},{"not_picked":["TheCursedMod:Neurasthenia","TheCursedMod:SpitefulStrike"],"picked":"TheCursedMod:Mangle","floor":21},{"not_picked":["TheCursedMod:BlessingInDisguise","TheCursedMod:CursedMace+1"],"picked":"TheCursedMod:Mangle","floor":22},{"not_picked":["TheCursedMod:CircleOfFlame","TheCursedMod:WearCloak","TheCursedMod:StingEye"],"picked":"SKIP","floor":23},{"not_picked":["TheCursedMod:CursedArmor","TheCursedMod:DoubleShield","TheCursedMod:SpitefulPlan"],"picked":"SKIP","floor":27},{"not_picked":["TheCursedMod:RavingStaff","TheCursedMod:TacticalStrike","TheCursedMod:Stretching+1"],"picked":"SKIP","floor":28},{"not_picked":["TheCursedMod:ShockAndAwe","TheCursedMod:Obscuration","TheCursedMod:Stretching+1"],"picked":"Singing Bowl","floor":33},{"not_picked":["TheCursedMod:CircleOfCorruption","TheCursedMod:CursedShiv","TheCursedMod:ManaBullet"],"picked":"Singing Bowl","floor":34},{"not_picked":["TheCursedMod:ShockAndAwe","TheCursedMod:CircleOfAbyss"],"picked":"TheCursedMod:VoidForm","floor":35},{"not_picked":["TheCursedMod:CursedAmulet+1","TheCursedMod:CircleOfFlame+1","TheCursedMod:RavingStaff+1"],"picked":"Singing Bowl","floor":39},{"not_picked":["TheCursedMod:ReleasedKnowledge","TheCursedMod:FleshFromBone"],"picked":"TheCursedMod:LuckyCharm+1","floor":42},{"not_picked":["TheCursedMod:HellfireBreathing","TheCursedMod:SmokeScreen","TheCursedMod:SpitefulPray+1"],"picked":"Singing Bowl","floor":44},{"not_picked":["TheCursedMod:CursedMace+1","TheCursedMod:CursedBlade"],"picked":"TheCursedMod:Obscuration+1","floor":46},{"not_picked":["TheCursedMod:SurpriseAttack","TheCursedMod:CircleOfAmplification+1","TheCursedMod:Neurasthenia"],"picked":"Singing Bowl","floor":50},{"not_picked":["TheCursedMod:CursedShiv","TheCursedMod:TroublousMinions+1"],"picked":"TheCursedMod:SmokeScreen+1","floor":51},{"not_picked":["TheCursedMod:FuryStrike","TheCursedMod:SurpriseAttack","TheCursedMod:Stretching+1"],"picked":"Singing Bowl","floor":54}],"player_experience":813349,"relics_obtained":[{"floor":9.0,"key":"PreservedInsect"},{"floor":12.0,"key":"TheCursedMod:Tack"},{"floor":20,"key":"ReplayTheSpireMod:Ring of Challenge"},{"floor":20,"key":"Ring of Searing"},{"floor":24,"key":"Replay:Ringing Soul"},{"floor":33,"key":"Tiny Chest"},{"floor":40,"key":"Nunchaku"},{"floor":41,"key":"Onion Ring"},{"floor":43,"key":"Blue Doll"},{"floor":44,"key":"Lizard Tail"},{"floor":46,"key":"Pen Nib"},{"floor":50,"key":"Happy Flower"},{"floor":54,"key":"Vajra"}],"event_choices":[{"damage_healed":0.0,"max_hp_gain":0.0,"max_hp_loss":0.0,"gold_gain":0.0,"event_name":"Lab","player_choice":"Got Potions","floor":2.0,"gold_loss":0.0,"damage_taken":0.0},{"damage_healed":0.0,"max_hp_gain":0.0,"max_hp_loss":0.0,"gold_gain":0.0,"event_name":"Scrap Ooze","player_choice":"Success","floor":6.0,"gold_loss":0.0,"damage_taken":7.0,"relics_obtained":["Bag of Marbles"]},{"damage_healed":0,"gold_gain":0,"player_choice":"Stole Relic","damage_taken":0,"relics_obtained":["Oddly Smooth Stone"],"max_hp_gain":0,"max_hp_loss":0,"event_name":"Addict","floor":19,"gold_loss":0,"cards_obtained":["Pride"]}],"is_beta":false,"boss_relics":[{"not_picked":["Replay:Ancient Bell","Replay:Wanted Poster"],"picked":"Abe\u0027s Treasure"},{"not_picked":["Runic Dome","Calling Bell"],"picked":"TheCursedMod:OminousMark"}],"items_purged_floors":[14,28,48,55],"is_endless":false,"potions_floor_spawned":[5,10,16,23,27,35,44,50],"ascension_level":3}}