{"host":"2dp3t1i5s6bd92af","time":1612882726,"event":{"mods":["ATMod(ªü½@Mod)","BaseMod","Colored Powertips","Hermit","Minty Spire (QoL Compilation)","Reliquary","StSLib"],"gold_per_floor":[115,390,410,410,424,460,460,499,579,579,600,600,600,615,615,719,719,732,732,732,752,367,367,367,367,367,402,402,327,352,371,371,481,481,494,506,506,524,556,556,590,590,665,416,416,441,441,167,167,177],"floor_reached":51,"language":"ZHS","playtime":2459,"items_purged":["Regret","hermit:Defend_Hermit","hermit:Defend_Hermit"],"score":803,"play_id":"47deb2a2-cbe1-4043-849c-7d7448450e89","local_time":"20210209225846","is_ascension_mode":false,"campfire_choices":[{"data":"1","floor":7.0,"key":"LIFT"},{"floor":10.0,"key":"REST"},{"data":"hermit:Maintenance","floor":12,"key":"SMITH"},{"data":"hermit:Showdown","floor":15,"key":"SMITH"},{"data":"2","floor":23,"key":"LIFT"},{"data":"3","floor":25,"key":"LIFT"},{"floor":32,"key":"DIG"},{"floor":40,"key":"DIG"},{"floor":42,"key":"DIG"},{"floor":45,"key":"DIG"},{"floor":47,"key":"DIG"},{"floor":49,"key":"DIG"}],"circlet_count":0,"master_deck":["hermit:Strike_Hermit","hermit:Strike_Hermit","hermit:Strike_Hermit","hermit:Strike_Hermit","hermit:Defend_Hermit","hermit:Defend_Hermit","hermit:Covet","AT_Dispersion","hermit:Showdown+1","hermit:Maintenance+1","hermit:Scavenge","hermit:BigShot","hermit:Gestalt","hermit:EternalForm","AT_EmpoweredMortalDraw","hermit:EyeOfTheStorm","Ghostly","Ghostly","Ghostly","Ghostly","Ghostly","hermit:RoundhouseKick","hermit:Malice+1","hermit:Scavenge","hermit:Maintenance+1"],"relics":["hermit:Momento","AT_ATBox","Girya","Shovel","reliquary:SharkskinSheath","Bronze Scales","Bottled Flame","AT_MortalBlade","Nilry\u0027s Codex","Toolbox","Juzu Bracelet","Bird Faced Urn","AT_SunfireAegis","Ice Cream","reliquary:KinkedSpring","AT_ChloranthyRing","AT_PhaseBoots","FossilizedHelix","hermit:Spyglass","Sling","AT_RabadonDeathcap","Lantern","reliquary:BrokenClock","Happy Flower"],"acts_visited":["Exordium","TheCity","TheBeyond"],"potions_floor_usage":[33,33,35],"damage_taken":[{"damage":3.0,"enemies":"Jaw Worm","floor":1.0,"turns":4.0},{"damage":7.0,"enemies":"Cultist","floor":3.0,"turns":4.0},{"damage":3.0,"enemies":"2 Louse","floor":5.0,"turns":3.0},{"damage":11.0,"enemies":"Lagavulin","floor":6.0,"turns":7.0},{"damage":26.0,"enemies":"3 Sentries","floor":8.0,"turns":9.0},{"damage":3.0,"enemies":"Blue Slaver","floor":11.0,"turns":5.0},{"damage":1,"enemies":"3 Louse","floor":14,"turns":4},{"damage":2,"enemies":"Hexaghost","floor":16,"turns":10},{"damage":2,"enemies":"2 Thieves","floor":18,"turns":2},{"damage":12,"enemies":"3 Byrds","floor":21,"turns":3},{"damage":18,"enemies":"Slavers","floor":27,"turns":3},{"damage":2,"enemies":"Centurion and Healer","floor":30,"turns":5},{"damage":2,"enemies":"Sentry and Sphere","floor":31,"turns":3},{"damage":0,"enemies":"Champ","floor":33,"turns":9},{"damage":0,"enemies":"3 Darklings","floor":35,"turns":2},{"damage":0,"enemies":"3 Shapes","floor":36,"turns":1},{"damage":8,"enemies":"3 Darklings","floor":38,"turns":5},{"damage":0,"enemies":"Spire Growth","floor":39,"turns":4},{"damage":6,"enemies":"Giant Head","floor":41,"turns":9},{"damage":1,"enemies":"Transient","floor":46,"turns":5},{"damage":2,"enemies":"Awakened One","floor":50,"turns":12}],"seed_played":"-5006792110917377204","potions_obtained":[{"floor":3.0,"key":"hermit:Eclipse"},{"floor":8.0,"key":"FearPotion"},{"floor":11.0,"key":"BlessingOfTheForge"},{"floor":14,"key":"SpeedPotion"},{"floor":33,"key":"BlessingOfTheForge"},{"floor":35,"key":"Fruit Juice"},{"floor":36,"key":"LiquidMemories"},{"floor":46,"key":"LiquidMemories"}],"is_trial":false,"path_per_floor":["M","?","M","?","M","E","R","E","T","R","M","R","?","M","R","B",null,"M","?","?","M","$","R","?","R","T","E","?","?","M","M","R","B",null,"M","M","?","M","M","R","E","R","T","$","R","M","R","$","R","B",null],"character_chosen":"HERMIT","items_purchased":["Toolbox","Juzu Bracelet","Sling","reliquary:BrokenClock"],"campfire_rested":1,"item_purchase_floors":[22,22,44,48],"current_hp_per_floor":[51,51,44,41,38,27,27,1,1,23,20,20,20,19,19,17,75,73,57,57,45,45,45,45,45,45,33,33,33,37,35,35,37,37,42,42,42,36,42,42,40,40,40,40,40,41,41,41,41,41],"gold":177,"neow_bonus":"ONE_RARE_RELIC","is_daily":false,"chose_seed":false,"campfire_upgraded":2,"win_rate":0.0,"timestamp":1612882726,"path_taken":["M","?","?","?","M","E","R","E","T","R","M","R","?","M","R","BOSS","M","?","?","M","$","R","?","R","T","E","?","?","M","M","R","BOSS","M","M","?","M","M","R","E","R","T","$","R","M","R","?","R","BOSS"],"items_purchased_type":["Relic","Relic","Relic","Relic"],"build_version":"2020-12-22","purchased_purges":3,"victory":true,"max_hp_per_floor":[75,75,75,75,75,75,75,75,75,75,75,75,75,75,75,75,75,75,75,75,75,75,75,75,75,75,75,37,37,37,37,37,37,37,42,42,42,42,42,42,42,42,42,42,42,42,42,42,42,42],"card_choices":[{"not_picked":["hermit:WideOpen","hermit:HoleUp"],"picked":"hermit:Showdown","floor":1.0},{"not_picked":["hermit:Headshot","hermit:TrackingShot"],"picked":"hermit:Maintenance","floor":3.0},{"not_picked":["hermit:Horror","hermit:Roulette"],"picked":"hermit:Scavenge","floor":5.0},{"not_picked":["hermit:Feint","hermit:SprayPray","hermit:Ricochet"],"picked":"SKIP","floor":6.0},{"not_picked":["hermit:Manifest","hermit:BodyArmor","hermit:Spite"],"picked":"SKIP","floor":8.0},{"not_picked":["hermit:ItchyTrigger","hermit:Manifest"],"picked":"hermit:BigShot","floor":11.0},{"not_picked":["hermit:Horror","hermit:Spite"],"picked":"hermit:Gestalt","floor":14},{"not_picked":["hermit:Roughhouse","hermit:FatalDesire"],"picked":"hermit:EternalForm","floor":16},{"not_picked":["hermit:Snipe","hermit:CalledShot","hermit:Manifest"],"picked":"SKIP","floor":18},{"not_picked":["hermit:BigShot+1","hermit:EyeOfTheStorm","hermit:Ricochet+1"],"picked":"SKIP","floor":21},{"not_picked":["hermit:Virtue","hermit:DeadMansHand","hermit:Horror"],"picked":"SKIP","floor":27},{"not_picked":["hermit:CalledShot","hermit:TrackingShot","hermit:Enervate"],"picked":"SKIP","floor":30},{"not_picked":["hermit:HoleUp","hermit:Dive+1","hermit:Snipe+1"],"picked":"SKIP","floor":31},{"not_picked":["hermit:Dissolve","hermit:OverwhelmingPower"],"picked":"hermit:RoundhouseKick","floor":33},{"not_picked":["hermit:Quickdraw","hermit:Dive+1"],"picked":"hermit:Malice+1","floor":35},{"not_picked":["hermit:FlashPowder","hermit:SprayPray+1","hermit:Quickdraw"],"picked":"SKIP","floor":36},{"not_picked":["hermit:WideOpen+1","hermit:HoleUp","hermit:Headshot"],"picked":"SKIP","floor":38},{"not_picked":["hermit:Virtue+1","hermit:Coalescence","hermit:BodyArmor"],"picked":"SKIP","floor":39},{"not_picked":["hermit:Vantage+1","hermit:Dive+1"],"picked":"hermit:Scavenge","floor":41},{"not_picked":["hermit:CalledShot+1","hermit:Glare"],"picked":"hermit:Maintenance+1","floor":46}],"player_experience":446924,"relics_obtained":[{"floor":6.0,"key":"reliquary:SharkskinSheath"},{"floor":8.0,"key":"Bronze Scales"},{"floor":9.0,"key":"Bottled Flame"},{"floor":19,"key":"Nilry\u0027s Codex"},{"floor":26,"key":"Bird Faced Urn"},{"floor":27,"key":"AT_SunfireAegis"},{"floor":32,"key":"Ice Cream"},{"floor":40,"key":"AT_ChloranthyRing"},{"floor":41,"key":"AT_SpeedBoots"},{"floor":42,"key":"FossilizedHelix"},{"floor":43,"key":"hermit:Spyglass"},{"floor":45,"key":"AT_RabadonDeathcap"},{"floor":47,"key":"Lantern"},{"floor":49,"key":"Happy Flower"}],"event_choices":[{"damage_healed":0.0,"max_hp_gain":0.0,"max_hp_loss":0.0,"gold_gain":275.0,"event_name":"Golden Shrine","player_choice":"Desecrate","floor":2.0,"gold_loss":0.0,"damage_taken":0.0,"cards_obtained":["Regret"]},{"damage_healed":0.0,"max_hp_gain":0.0,"max_hp_loss":0.0,"gold_gain":0.0,"event_name":"Scrap Ooze","player_choice":"Success","floor":4.0,"gold_loss":0.0,"damage_taken":3.0,"relics_obtained":["Shovel"]},{"damage_healed":0,"gold_gain":0,"player_choice":"Ignored","damage_taken":0,"max_hp_gain":0,"max_hp_loss":0,"event_name":"Liars Game","floor":13,"gold_loss":0},{"damage_healed":0,"gold_gain":0,"player_choice":"Obtained Book","damage_taken":16,"max_hp_gain":0,"max_hp_loss":0,"event_name":"Cursed Tome","floor":19,"gold_loss":0},{"damage_healed":0,"gold_gain":0,"player_choice":"Read","damage_taken":0,"max_hp_gain":0,"max_hp_loss":0,"event_name":"The Library","floor":20,"gold_loss":0,"cards_obtained":["hermit:EyeOfTheStorm"]},{"damage_healed":0,"gold_gain":0,"player_choice":"Ignored","damage_taken":0,"max_hp_gain":0,"max_hp_loss":0,"event_name":"Vampires","floor":24,"gold_loss":0},{"damage_healed":0,"gold_gain":0,"player_choice":"Became a Ghost","damage_taken":0,"max_hp_gain":0,"max_hp_loss":38,"event_name":"Ghosts","floor":28,"gold_loss":0,"cards_obtained":["Ghostly","Ghostly","Ghostly","Ghostly","Ghostly"]},{"cards_removed":["hermit:Snapshot"],"damage_healed":0,"gold_gain":0,"player_choice":"Gave Gold","damage_taken":0,"max_hp_gain":0,"max_hp_loss":0,"event_name":"Beggar","floor":29,"gold_loss":75},{"damage_healed":0,"gold_gain":0,"player_choice":"Bought 0 Potions","damage_taken":0,"max_hp_gain":0,"max_hp_loss":0,"event_name":"The Woman in Blue","floor":37,"gold_loss":0}],"is_beta":false,"boss_relics":[{"not_picked":["reliquary:Craggleroot","hermit:ClaspedLocket"],"picked":"AT_MortalBlade"},{"not_picked":["Tiny House","Empty Cage"],"picked":"reliquary:KinkedSpring"}],"items_purged_floors":[22,44,48],"is_endless":false,"potions_floor_spawned":[3,8,11,14,33,35,36,38,46],"ascension_level":0}}