{"host":"zxkjcgzis4pm3za5","time":1612842719,"event":{"mods":["AchievementEnabler","BaseMod","Colored Map","Colored Powertips","Minty Spire (QoL Compilation)","Quick Restart","RNG Fix","Random Character Button","Relic Sorter","Relic Stats","StSLib"],"gold_per_floor":[114,130,146,71,71,71,71],"floor_reached":6,"language":"ENG","playtime":278,"items_purged":[],"score":70,"play_id":"bd6a460d-59af-461a-a3c6-19fd568a26cd","local_time":"20210209092159","is_ascension_mode":true,"campfire_choices":[],"circlet_count":0,"master_deck":["AscendersBane","Strike_P","Strike_P","Strike_P","Defend_P","Defend_P","Defend_P","Defend_P","Eruption","Vigilance","Consecrate","CrushJoints","Crescendo","Pain"],"relics":["PureWater","Boot","WarpedTongs"],"acts_visited":["Exordium"],"potions_floor_usage":[],"damage_taken":[{"damage":0,"enemies":"Small Slimes","floor":1,"turns":3},{"damage":0,"enemies":"2 Louse","floor":2,"turns":3},{"damage":0,"enemies":"Jaw Worm","floor":3,"turns":3},{"damage":61,"enemies":"Gremlin Nob","floor":6,"turns":5}],"seed_played":"-1720916348462862539","potions_obtained":[{"floor":2,"key":"PowerPotion"}],"is_trial":false,"path_per_floor":["M","M","M","?","?","E"],"character_chosen":"WATCHER","items_purchased":[],"campfire_rested":0,"item_purchase_floors":[],"current_hp_per_floor":[61,61,61,61,61,0,0],"gold":71,"neow_bonus":"RANDOM_COMMON_RELIC","is_daily":false,"chose_seed":false,"campfire_upgraded":0,"win_rate":0.0,"timestamp":1612842719,"path_taken":["M","M","M","?","?","E"],"items_purchased_type":[],"build_version":"2020-12-22","purchased_purges":0,"victory":false,"max_hp_per_floor":[68,68,68,68,68,68,68],"relic_stats":{"counters":[4,14],"Boot":[3],"obtain_stats":[{"PureWater":0,"Boot":0,"WarpedTongs":5},{"PureWater":0,"Boot":0,"WarpedTongs":3},{"PureWater":0,"Boot":0,"WarpedTongs":9}],"WarpedTongs":[5]},"card_choices":[{"not_picked":["FlyingSleeves","Sanctity"],"picked":"Consecrate","floor":1},{"not_picked":["FlyingSleeves","ClearTheMind"],"picked":"CrushJoints","floor":2},{"not_picked":["Evaluate","ThirdEye"],"picked":"Crescendo","floor":3}],"player_experience":338550,"relics_obtained":[],"event_choices":[{"cards_removed":["Strike_P"],"damage_healed":0,"gold_gain":0,"player_choice":"Card Removal","damage_taken":0,"max_hp_gain":0,"max_hp_loss":0,"event_name":"The Cleric","floor":4,"gold_loss":75},{"damage_healed":0,"gold_gain":0,"player_choice":"Rummage","damage_taken":0,"relics_obtained":["WarpedTongs"],"max_hp_gain":0,"max_hp_loss":0,"event_name":"Accursed Blacksmith","floor":5,"gold_loss":0,"cards_obtained":["Pain"]}],"is_beta":false,"boss_relics":[],"items_purged_floors":[],"is_endless":false,"potions_floor_spawned":[2],"killed_by":"Gremlin Nob","ascension_level":19}}