{"host":"mal0jdk4f6ubgyb8","time":1612851980,"event":{"mods":["100% Spire Juice","Act Like it!","Aspiration","BaseMod","CapriCore","Gensokyo","KinomotoSakuraMod(ƒæ÷Æ±æ”£)","Luminous","Marisa£®ÏF”Í°°ƒß¿Ì…≥£©","Minty Spire (QoL Compilation)","Pale of the Ancients","Quick Restart","Reimu£®≤©¿ˆ¡È√Œ£©","Relic Stats","Reliquary","Remilia£®¿Ÿ√◊¿Ú—«£©","Replay The Spire","StSLib","The Immortal","WarShipGirlsR/’ΩΩ¢…Ÿ≈ÆR mod","Yakumo Yukari mod","Youmu£®ªÍ∆«—˝√Œ£©","Yuyuko"],"gold_per_floor":[113,113,132,132,132,132,144,176,188,188,213,163,198,373,394,394,394,394,394,394],"floor_reached":18,"language":"ZHS","playtime":584,"items_purged":[],"score":126,"play_id":"aca2c825-ce67-4593-8d59-c206ec63192b","local_time":"20210209142620","is_ascension_mode":true,"campfire_choices":[{"data":"MokouMod:Overheat","floor":17.0,"key":"SMITH"}],"circlet_count":0,"master_deck":["MokouMod:Strike","MokouMod:Strike","MokouMod:Strike","MokouMod:Strike","MokouMod:Strike","MokouMod:Defend","MokouMod:Defend","MokouMod:Defend","MokouMod:HeatSpark","MokouMod:IndiscriminateIgnition","MokouMod:WarmUp","MokouMod:Overheat+1","MokouMod:FlickeringFlame","Doubt","MokouMod:SubterraneanCore"],"relics":["MokouMod:PhoenixFeather","NeowsBlessing","reliquary:BoilingFlask","Lantern","Golden Idol","Lantern","CrazyTorch:ReiMu"],"acts_visited":["Exordium"],"potions_floor_usage":[18],"damage_taken":[{"damage":0.0,"enemies":"2 Louse","floor":1.0,"turns":1.0},{"damage":0.0,"enemies":"Jaw Worm","floor":3.0,"turns":1.0},{"damage":0.0,"enemies":"Cultist","floor":7.0,"turns":1.0},{"damage":46.0,"enemies":"Lagavulin","floor":8.0,"turns":7.0},{"damage":0.0,"enemies":"2 Fungi Beasts","floor":9.0,"turns":3.0},{"damage":19.0,"enemies":"3 Sentries","floor":13.0,"turns":9.0},{"damage":6.0,"enemies":"Blue Slaver","floor":15.0,"turns":6.0},{"damage":56,"enemies":"Slime Boss","floor":18,"turns":8}],"seed_played":"-8247026559427749639","potions_obtained":[{"floor":7.0,"key":"PanachePotion"},{"floor":8.0,"key":"GrandPatriotsElixir:ReiMu"},{"floor":9.0,"key":"DuplicationPotion"},{"floor":15.0,"key":"Languid Potion"}],"is_trial":false,"path_per_floor":["M","?","M","T","PTL","PTL","M","E","M","?","T","?","E","?","M","?","R","B"],"character_chosen":"MKU","items_purchased":[],"campfire_rested":0,"item_purchase_floors":[],"current_hp_per_floor":[75,75,75,75,75,75,75,29,29,11,11,11,13,13,7,18,18,0,0,0],"gold":394,"neow_bonus":"THREE_ENEMY_KILL","is_daily":false,"chose_seed":false,"campfire_upgraded":1,"win_rate":0.0,"timestamp":1612851980,"path_taken":["M","?","M","?","PTL","PTL","?","E","M","?","T","?","E","?","M","?","R","BOSS"],"items_purchased_type":[],"build_version":"2020-12-22","purchased_purges":0,"victory":false,"max_hp_per_floor":[75,75,75,75,75,75,75,75,75,75,75,75,75,75,75,75,75,75,75,75],"relic_stats":{"counters":[8,36],"Golden Idol":11,"obtain_stats":[{"Lantern":8,"NeowsBlessing":0,"Golden Idol":10,"reliquary:BoilingFlask":4,"MokouMod:PhoenixFeather":0,"CrazyTorch:ReiMu":16,"reliquary:SculptingSteel":13},{"Lantern":4,"NeowsBlessing":0,"Golden Idol":5,"reliquary:BoilingFlask":2,"MokouMod:PhoenixFeather":0,"CrazyTorch:ReiMu":7,"reliquary:SculptingSteel":6},{"Lantern":10,"NeowsBlessing":0,"Golden Idol":13,"reliquary:BoilingFlask":2,"MokouMod:PhoenixFeather":0,"CrazyTorch:ReiMu":28,"reliquary:SculptingSteel":22}]},"card_choices":[{"not_picked":["MokouMod:FlamingFireTalons","MokouMod:AdaptivePyromancy"],"picked":"MokouMod:IndiscriminateIgnition","floor":1.0},{"not_picked":["MokouMod:SubterraneanCore","MokouMod:ShiftIgnition"],"picked":"MokouMod:WarmUp","floor":3.0},{"not_picked":["MokouMod:FujiyamaVolcano","MokouMod:ResoluteFlare"],"picked":"MokouMod:Overheat","floor":7.0},{"not_picked":["MokouMod:ShiftIgnition","MokouMod:ThermalPressure","MokouMod:BlazingComet"],"picked":"SKIP","floor":8.0},{"not_picked":["MokouMod:IcarusDive","MokouMod:Wildfire"],"picked":"MokouMod:FlickeringFlame","floor":9.0},{"not_picked":["MokouMod:BlazingComet","MokouMod:Singe","MokouMod:HeatFactory"],"picked":"SKIP","floor":13.0},{"not_picked":["MokouMod:EternalBurstReactor","MokouMod:IndiscriminateIgnition"],"picked":"MokouMod:SubterraneanCore","floor":15.0}],"player_experience":365571,"relics_obtained":[{"floor":4.0,"key":"reliquary:BoilingFlask"},{"floor":8.0,"key":"Lantern"},{"floor":13.0,"key":"reliquary:SculptingSteel"}],"event_choices":[{"damage_healed":0.0,"max_hp_gain":0.0,"max_hp_loss":0.0,"gold_gain":0.0,"event_name":"Golden Idol","player_choice":"Take Damage","floor":10.0,"gold_loss":0.0,"damage_taken":18.0,"relics_obtained":["Golden Idol"]},{"cards_removed":["MokouMod:Defend"],"damage_healed":0.0,"max_hp_gain":0.0,"max_hp_loss":0.0,"gold_gain":0.0,"event_name":"The Cleric","player_choice":"Card Removal","floor":12.0,"gold_loss":50.0,"damage_taken":0.0},{"damage_healed":0.0,"max_hp_gain":0.0,"max_hp_loss":0.0,"gold_gain":175.0,"event_name":"Liars Game","player_choice":"AGREE","floor":14.0,"gold_loss":0.0,"damage_taken":0.0,"cards_obtained":["Doubt"]},{"damage_healed":0.0,"max_hp_gain":0.0,"max_hp_loss":0.0,"gold_gain":0.0,"event_name":"Scrap Ooze","player_choice":"Success","floor":16.0,"gold_loss":0.0,"damage_taken":7.0,"relics_obtained":["CrazyTorch:ReiMu"]}],"is_beta":false,"boss_relics":[],"items_purged_floors":[],"is_endless":false,"potions_floor_spawned":[7,8,9,15],"killed_by":"Slime Boss","ascension_level":1}}