{"host":"btkahjvw3wdsn6lk","time":1612871254,"event":{"mods":["ATMod(°¢èªMod)","Act Like it!","BaseMod","CapriCore","Conspire","Dota2Spire","Gensokyo","Highlight Path","Minty Spire (QoL Compilation)","Quick Restart","Replay The Spire","RumiaBox-Â¶Ã×æ«µÄÉñÃØºÐ×Ó","Spicy Shops","StSLib","Yuyuko","¡¾ÒÅÎï¿¨ÅÆ¡¿REMEMod"],"gold_per_floor":[114,114,44,56,56,81,81,116,116,7,27,53,53,53,53,453,453,494,535,535,546,646,646,707,707,734,734,136,159,190,213,213,540,540,566,566,566,592,400,539,539,555,555,686,722,353,371,599,599,811,811,811,104,536,748],"floor_reached":56,"language":"ZHS","playtime":4409,"items_purged":["REME_CurseOfMatryoshka","Living to Die","REME_ProfessionalPlagiarism"],"score":2136,"play_id":"ceb16043-9ce9-4620-b085-10500ef85819","local_time":"20210209194734","is_ascension_mode":true,"campfire_choices":[{"data":"After Image","floor":7.0,"key":"SMITH"},{"data":"AT_FamilyPortrait","floor":13.0,"key":"SMITH"},{"data":"Unborn Light","floor":15.0,"key":"PURGE"},{"data":"Postpone Bloom","floor":23.0,"key":"SMITH"},{"data":"Postpone Bloom","floor":25.0,"key":"SMITH"},{"floor":27.0,"key":"REST"},{"floor":32.0,"key":"RECALL"},{"data":"Lunch","floor":41.0,"key":"SMITH"},{"data":"The Way to Death","floor":49.0,"key":"SMITH"},{"data":"Monster Cherry Tree","floor":52.0,"key":"SMITH"}],"circlet_count":0,"master_deck":["Dreamy Sakura","Dreamy Sakura","Dreamy Sakura","Dreamy Sakura","Dreamy Sakura","AT_FamilyPortrait+1","After Image+1","Cerasus Subhirtella","Postpone Bloom+1","The Inky Sakura","Gauzy Sakura+1","Postpone Bloom+1","Monster Cherry Tree+1","Cerasus Subhirtella","The Way to Death+1","Jack Of All Trades","Postpone Bloom","Lunch+1","Supernatural Nether+1","Showy Withering","Sakura Sakura"],"relics":["Coronal","Yuyuko\u0027s fan","AT_ATBox","REME_ComplimentaryCards","Dota2Spire:EyeOfSkadi","AT_ChloranthyRing","AT_LudenTempest","Replay:Accelerometer","Dota2Spire:ShivaGuard","Replay:PocketPolymizer","EasyGame_NEW","Gremlin Food","ReplayTheSpireMod:TigerMarble","Dota2Spire:BlackKingBar","Replay:Bandana","ReplayTheSpireMod:CursedCoin","AT_SunfireAegis","ReplayTheSpireMod:ShopPack","AT_TheCollector","AddBug","Dota2Spire:EyeOfSkadi","Dota2Spire:ArmletOfMordiggian","Gremlin Horn","REME_IWantAll","Medical Kit","AT_TheCollector","Sundial","Ghost Lamp","ClockworkSouvenir","Snack Pack","Lizard Tail","Replay:WaspNest"],"acts_visited":["Exordium","TheCity","TheCity","TheEnding"],"potions_floor_usage":[55,55,55],"damage_taken":[{"damage":4.0,"enemies":"Gensokyo:2_Kodama","floor":1.0,"turns":3.0},{"damage":14.0,"enemies":"Gensokyo:Gryphon","floor":4.0,"turns":5.0},{"damage":7.0,"enemies":"Gensokyo:Cirno","floor":6.0,"turns":7.0},{"damage":4.0,"enemies":"Gensokyo:Mamizou","floor":8.0,"turns":4.0},{"damage":2.0,"enemies":"Gensokyo:Python","floor":11.0,"turns":2.0},{"damage":4.0,"enemies":"Gensokyo:Aya","floor":12.0,"turns":4.0},{"damage":10.0,"enemies":"Gensokyo:Kokoro","floor":16.0,"turns":10.0},{"damage":3.0,"enemies":"2 Thieves","floor":18.0,"turns":3.0},{"damage":4.0,"enemies":"conspire:MimicChest","floor":19.0,"turns":4.0},{"damage":1.0,"enemies":"3 Byrds","floor":21.0,"turns":1.0},{"damage":4.0,"enemies":"Book of Stabbing","floor":24.0,"turns":4.0},{"damage":3.0,"enemies":"Centurion and Healer","floor":29.0,"turns":3.0},{"damage":2.0,"enemies":"Snake Plant","floor":30.0,"turns":2.0},{"damage":1.0,"enemies":"Shelled Parasite and Fungi","floor":31.0,"turns":2.0},{"damage":6.0,"enemies":"Pondfish","floor":33.0,"turns":6.0},{"damage":9.0,"enemies":"Gensokyo:AncientGuardian","floor":35.0,"turns":3.0},{"damage":1.0,"enemies":"Gensokyo:3_Bats","floor":38.0,"turns":1.0},{"damage":4.0,"enemies":"Gensokyo:Kasen","floor":40.0,"turns":4.0},{"damage":4.0,"enemies":"Gensokyo:Dusk_and_Dawn","floor":42.0,"turns":4.0},{"damage":16.0,"enemies":"Gensokyo:Marisa","floor":44.0,"turns":4.0},{"damage":9.0,"enemies":"Gensokyo:SeedOfUnknown","floor":45.0,"turns":2.0},{"damage":4.0,"enemies":"Gensokyo:AtlasGolem","floor":47.0,"turns":4.0},{"damage":3.0,"enemies":"Gensokyo:4_Bats","floor":48.0,"turns":2.0},{"damage":10.0,"enemies":"Gensokyo:Scarlet_Devils","floor":50.0,"turns":5.0},{"damage":44.0,"enemies":"Shield and Spear","floor":54.0,"turns":5.0},{"damage":19,"enemies":"The Heart","floor":55,"turns":6}],"seed_played":"-2565405840725868407","potions_obtained":[{"floor":4.0,"key":"Languid Potion"},{"floor":12.0,"key":"Reflective Coating"},{"floor":16.0,"key":"REME_GoldPotion"},{"floor":18.0,"key":"Pckles"},{"floor":21.0,"key":"LiquidBronze"},{"floor":24.0,"key":"SpeedPotion"},{"floor":30.0,"key":"Swift Potion"},{"floor":48.0,"key":"Firefly"}],"is_trial":false,"path_per_floor":["M","?","?","M","?","E","R","E","T","COS","M","E","R","?","R","B",null,"M","?","?","M","?","R","E","R","T","R","$","M","M","M","R","B",null,"M","?","?","M","COS","E","R","M","T","E","M","$","M","M","R","B",null,"R","$","E","B",null],"character_chosen":"YUYOKO","items_purchased":["ReplayTheSpireMod:CursedCoin","AT_SunfireAegis","ReplayTheSpireMod:ShopPack","AT_TheCollector","Fruit Juice","Medical Kit","Sundial","Showy Withering","Ghost Lamp","ClockworkSouvenir","Block Potion"],"campfire_rested":1,"item_purchase_floors":[28,28,28,28,28,46,53,53,53,53,53],"current_hp_per_floor":[42,24,24,40,40,38,38,41,41,41,39,41,41,41,41,35,45,42,41,41,42,42,42,41,41,41,45,50,47,48,49,49,44,50,52,52,52,54,54,51,51,50,50,49,42,42,51,53,53,50,55,55,55,28,47],"gold":748,"neow_bonus":"RANDOM_EVENT","is_daily":false,"chose_seed":false,"campfire_upgraded":7,"win_rate":0.0,"timestamp":1612871254,"path_taken":["M","?","?","M","?","E","R","E","T","COS","M","E","R","?","R","BOSS","M","?","?","M","?","R","E","R","T","R","$","M","?","M","R","BOSS","M","?","?","M","COS","E","R","M","T","E","M","$","?","M","R","BOSS","R","$","E","BOSS"],"items_purchased_type":["Relic","Relic","Relic","Relic","Potion","Relic","Relic","Card","Relic","Relic","Potion"],"build_version":"2020-12-22","purchased_purges":3,"victory":true,"max_hp_per_floor":[45,45,45,45,45,45,45,45,45,45,45,45,45,45,45,45,45,45,45,45,45,45,45,45,45,45,45,50,50,50,50,50,50,50,55,55,55,55,55,55,55,55,55,55,55,55,55,55,55,55,55,55,55,55,55],"card_choices":[{"not_picked":["Spear of Papilio","City of Death"],"picked":"Cerasus Subhirtella","floor":1.0},{"not_picked":["Gauzy Sakura","End of Faramita"],"picked":"Postpone Bloom","floor":4.0},{"not_picked":["Phantom Village","Gone"],"picked":"The Inky Sakura","floor":6.0},{"not_picked":["Monster Cherry Tree","Phantom Gift","Unstable Ward"],"picked":"SKIP","floor":8.0},{"not_picked":["Linger over Flower","Fondling of Papilio","Phantom Gift"],"picked":"SKIP","floor":11.0},{"not_picked":["Ghostdom Sakura","Sweet of Phantom"],"picked":"Gauzy Sakura","floor":12.0},{"not_picked":["Infinite Reviving","Revive The Butterflies"],"picked":"Snowing Sakura","floor":16.0},{"not_picked":["Childlike","Dancing Butterflies","End of Faramita+1"],"picked":"SKIP","floor":18.0},{"not_picked":["Unborn Light+1","Stifle"],"picked":"Monster Cherry Tree","floor":21.0},{"not_picked":["Dark Wind+1","Snowing Sakura","Triple Snow+1"],"picked":"SKIP","floor":24.0},{"not_picked":["REME_ProfessionalPlagiarism","REME_BuildACard"],"picked":"REME_BodyOfCthun","floor":28.0},{"not_picked":["ReplayTheSpireMod:Necrogeddon","The Bomb"],"picked":"Jack Of All Trades","floor":28.0},{"not_picked":["REME_BuildACard","Crow Ritual"],"picked":"REME_ProfessionalPlagiarism","floor":28.0},{"not_picked":["Unborn Light","Dancing Soul+1","Gone+1"],"picked":"SKIP","floor":29.0},{"not_picked":["Spear of Papilio","Dancing Butterflies","All Wander"],"picked":"SKIP","floor":30.0},{"not_picked":["Dancing Butterflies","End of Faramita"],"picked":"Postpone Bloom","floor":31.0},{"not_picked":["Unstable Ward","Phantom Gift","Unreal+1"],"picked":"SKIP","floor":35.0},{"not_picked":["Redemption of Death+1","Dancing Butterflies","Unborn Light"],"picked":"SKIP","floor":38.0},{"not_picked":["Reverse The Screen+1","Unreal"],"picked":"Lunch","floor":40.0},{"not_picked":["Song of Papilio+1","Death Dancing+1"],"picked":"Supernatural Nether+1","floor":40.0},{"not_picked":["Unborn Light+1","Gather the Spring","Childlike"],"picked":"SKIP","floor":42.0},{"not_picked":["The Way to Death","Death Dancing","Phantom Butterflies"],"picked":"SKIP","floor":44.0},{"not_picked":["Reverse The Screen","Unstable Ward","Unpaved Way+1"],"picked":"SKIP","floor":45.0},{"not_picked":["Death Dancing","Wandering Soul+1","Dark Wind"],"picked":"SKIP","floor":47.0},{"not_picked":["All Wander+1","Unborn Light","Suicide+1"],"picked":"SKIP","floor":48.0},{"not_picked":["Lunch","Monster Cherry Tree+1"],"picked":"Sakura Sakura","floor":54.0}],"player_experience":399099,"relics_obtained":[{"floor":6.0,"key":"AT_LudenTempest"},{"floor":8.0,"key":"Replay:Accelerometer"},{"floor":9.0,"key":"Dota2Spire:ShivaGuard"},{"floor":12.0,"key":"Replay:PocketPolymizer"},{"floor":19.0,"key":"Dota2Spire:BlackKingBar"},{"floor":24.0,"key":"Replay:Bandana"},{"floor":35.0,"key":"Dota2Spire:EyeOfSkadi"},{"floor":40.0,"key":"Dota2Spire:ArmletOfMordiggian"},{"floor":43.0,"key":"Gremlin Horn"},{"floor":44.0,"key":"REME_IWantAll"},{"floor":47.0,"key":"AT_TheCollector"},{"floor":54.0,"key":"Replay:WaspNest"}],"event_choices":[{"damage_healed":0.0,"max_hp_gain":0.0,"max_hp_loss":0.0,"gold_gain":100.0,"event_name":"Golden Shrine","player_choice":"Pray","floor":22.0,"gold_loss":0.0,"damage_taken":0.0}],"is_beta":false,"boss_relics":[{"not_picked":["AT_MortalBlade","Replay:Wanted Poster"],"picked":"EasyGame_NEW"},{"not_picked":["Replay:Ancient Bell","REME_DuelDisc"],"picked":"AddBug"}],"items_purged_floors":[28,46,46],"is_endless":false,"potions_floor_spawned":[4,12,16,18,21,24,30,38,40,48],"ascension_level":3}}