{"host":"8z0h4areh8sio1k0","time":1612837728,"event":{"mods":["10 clothes from DAL","Act Like it!","Aspiration","BaseMod","Colored Map","Conspire","Crowbot","Hubris","Library of Ruina Extra","Mimic Mod","Minty Spire (QoL Compilation)","Replay The Spire","StSLib","TestMod","The Blue Laboratory","The Fake Hero","The Hierophant","TheWitcherMod","[Fun]BeWhatYouAte","【功能Mod】精心准备","【遗物Mod】死灵法师NEW","老伊莉雅"],"gold_per_floor":[115,132,65,75,250,250,303,318,318,318,318,318,268,278,278,375,375,390,400,420,435,435,435,469,469,469,419,439,457,457,457,457],"floor_reached":31,"language":"ZHS","playtime":1141,"items_purged":[],"score":247,"play_id":"7eb0a4a7-c56c-437d-bfea-ef7552f1acef","local_time":"20210209102848","is_ascension_mode":false,"campfire_choices":[{"data":"PrismaMod:ChloeRhongomyniad","floor":6,"key":"SMITH"},{"data":"PrismaMod:ChloeCheapDefend","floor":10,"key":"SMITH"},{"data":"PrismaMod:ChloeCheapAttack","floor":12,"key":"SMITH"},{"data":"PrismaMod:ChloeCheapAttackTwo","floor":15,"key":"SMITH"},{"data":"PrismaMod:ChloeDoubleRelicSpeed","floor":23,"key":"SMITH"},{"data":"PrismaMod:ChloeRitsuka","floor":25,"key":"SMITH"},{"floor":30,"key":"REST"}],"circlet_count":0,"master_deck":["PrismaMod:ChloeCommonAttack","PrismaMod:ChloeCommonAttack+1","PrismaMod:ChloeCommonAttack","PrismaMod:ChloeCommonDefend","PrismaMod:ChloeCommonDefend","PrismaMod:ChloeCommonDefend","PrismaMod:ChloeCommonDefend","PrismaMod:ChloeCheapAttack+1","PrismaMod:ChloeCheapDefend+1","PrismaMod:ChloeExhaustOne","PrismaMod:ChloeCommonAOEAttack","PrismaMod:ChloeEyeOfTheEuryale","PrismaMod:ChloeRhongomyniad+1","Doubt","PrismaMod:ChloeCheapAttackTwo+1","PrismaMod:ChloeDoubleRelicSpeed+1","PrismaMod:ChloeMaid","PrismaMod:ChloeExcalibur+1","PrismaMod:ChloeRuleBreaker","PrismaMod:ChloeRitsuka+1","PrismaMod:ChloeGaeBolg+1"],"relics":["PrismaMod:PrismaTraceOn","testmod-TestBox","testmod-Muramasa","NeowsBlessing","Quantum Egg","hubris:ScarierMask","Gremlin Food","Oddly Smooth Stone"],"acts_visited":["Exordium","TheCity"],"potions_floor_usage":[19,31],"damage_taken":[{"damage":0,"enemies":"Cultist","floor":1,"turns":1},{"damage":0,"enemies":"Small Slimes","floor":2,"turns":1},{"damage":0,"enemies":"2 Louse","floor":4,"turns":1},{"damage":6,"enemies":"Exordium Wildlife","floor":8,"turns":3},{"damage":4,"enemies":"conspire:2 RoseBushes","floor":14,"turns":3},{"damage":32,"enemies":"Hexaghost","floor":16,"turns":8},{"damage":2,"enemies":"2 Thieves","floor":18,"turns":3},{"damage":17,"enemies":"Spheric Guardian","floor":19,"turns":4},{"damage":9,"enemies":"Shelled Parasite and Fungi","floor":20,"turns":6},{"damage":0,"enemies":"Centurion and Healer","floor":21,"turns":2},{"damage":24,"enemies":"conspire:Head Lice","floor":24,"turns":5},{"damage":13,"enemies":"3 Cultists","floor":28,"turns":6},{"damage":0,"enemies":"Cultist and Chosen","floor":29,"turns":4},{"damage":40,"enemies":"conspire:HollyBat","floor":31,"turns":6}],"seed_played":"-3408757893449956491","potions_obtained":[{"floor":4,"key":"ColorlessPotion"},{"floor":8,"key":"Dexterity Potion"},{"floor":16,"key":"blueLaboratory:AbyssPotion"},{"floor":20,"key":"Doom Potion"},{"floor":21,"key":"Reflective Coating"},{"floor":29,"key":"Explosive Potion"}],"is_trial":false,"path_per_floor":["M","M","$","M","?","R","?","M","T","R","?","R","?","M","R","B",null,"M","M","M","M","?","R","E","R","T","?","M","M","R","M"],"character_chosen":"CHLOE","items_purchased":["PrismaMod:ChloeEyeOfTheEuryale"],"campfire_rested":1,"item_purchase_floors":[3],"current_hp_per_floor":[75,75,75,75,75,75,75,69,69,69,69,69,69,65,65,33,75,73,56,47,47,47,47,23,23,23,23,10,10,32,0,0],"gold":457,"neow_bonus":"THREE_ENEMY_KILL","is_daily":false,"chose_seed":false,"campfire_upgraded":6,"win_rate":0.0,"timestamp":1612837728,"path_taken":["M","M","$","?","?","R","?","?","T","R","?","R","?","M","R","BOSS","M","M","M","M","?","R","E","R","T","?","M","M","R","M"],"items_purchased_type":["Card"],"build_version":"2020-12-22","purchased_purges":0,"victory":false,"max_hp_per_floor":[75,75,75,75,75,75,75,75,75,75,75,75,75,75,75,75,75,75,75,75,75,75,75,75,75,75,75,75,75,75,75,75],"card_choices":[{"not_picked":["PrismaMod:ChloeCheapDefendTwo","PrismaMod:ChloeCheapAttackTwo"],"picked":"PrismaMod:ChloeExhaustOne","floor":1},{"not_picked":["PrismaMod:ChloeChristmas","PrismaMod:ChloeExhaustOne"],"picked":"PrismaMod:ChloeCommonAOEAttack","floor":2},{"not_picked":["PrismaMod:ChloeMordred","PrismaMod:ChloeCommonAOEAttack"],"picked":"PrismaMod:ChloeRhongomyniad","floor":4},{"not_picked":["PrismaMod:ChloeHalloween","PrismaMod:ChloeUncommonAOEAttack"],"picked":"PrismaMod:ChloeCheapAttackTwo","floor":8},{"not_picked":["PrismaMod:ChloeDiscardRecovery","PrismaMod:ChloeCheapAttack","PrismaMod:ChloeCheapAttackTwo"],"picked":"SKIP","floor":14},{"not_picked":["PrismaMod:ChloeGreatTracePools","PrismaMod:ChloeAnyPowerTrace"],"picked":"PrismaMod:ChloeDoubleRelicSpeed","floor":16},{"not_picked":["PrismaMod:ChloeDiscardRecovery","PrismaMod:ChloeBetterTracePools","PrismaMod:ChloeCheapAttack"],"picked":"SKIP","floor":18},{"not_picked":["PrismaMod:ChloeCheapDefend","PrismaMod:ChloeCheapAttackTwo"],"picked":"PrismaMod:ChloeMaid","floor":19},{"not_picked":["PrismaMod:ChloeDemonicTutor","PrismaMod:ChloeCommonAOEAttack","PrismaMod:ChloeMaid"],"picked":"SKIP","floor":20},{"not_picked":["PrismaMod:ChloeCheapAttackTwo","PrismaMod:ChloeCheapAttack"],"picked":"PrismaMod:ChloeExcalibur+1","floor":21},{"not_picked":["PrismaMod:ChloeCheapAttackTwo","PrismaMod:ChloeEyeOfTheEuryale","PrismaMod:ChloeUncommonDefend"],"picked":"SKIP","floor":24},{"not_picked":["PrismaMod:ChloeDiscardRecovery+1","PrismaMod:ChloeExcalibur+1"],"picked":"PrismaMod:ChloeGaeBolg+1","floor":28},{"not_picked":["PrismaMod:ChloeCheapDefend","PrismaMod:ChloeExhaustOne","PrismaMod:ChloeDemonicTutor"],"picked":"SKIP","floor":29}],"player_experience":545006,"relics_obtained":[{"floor":9,"key":"Quantum Egg"},{"floor":24,"key":"Gremlin Food"},{"floor":26,"key":"Oddly Smooth Stone"}],"event_choices":[{"damage_healed":0,"gold_gain":175,"player_choice":"AGREE","damage_taken":0,"max_hp_gain":0,"max_hp_loss":0,"event_name":"Liars Game","floor":5,"gold_loss":0,"cards_obtained":["Doubt"]},{"damage_healed":0,"gold_gain":53,"player_choice":"Gained Gold","damage_taken":0,"max_hp_gain":0,"max_hp_loss":0,"event_name":"Golden Wing","floor":7,"gold_loss":0},{"cards_removed":["PrismaMod:ChloeCommonAttack"],"damage_healed":0,"gold_gain":0,"player_choice":"Card Removal","damage_taken":0,"max_hp_gain":0,"max_hp_loss":0,"event_name":"The Cleric","floor":13,"gold_loss":50},{"damage_healed":0,"gold_gain":0,"cards_transformed":["PrismaMod:ChloeCommonAttack","PrismaMod:ChloeCommonDefend"],"player_choice":"Became Test Subject","damage_taken":0,"max_hp_gain":0,"max_hp_loss":0,"event_name":"Drug Dealer","floor":22,"gold_loss":0,"cards_obtained":["PrismaMod:ChloeRuleBreaker","PrismaMod:ChloeRitsuka"]},{"damage_healed":0,"gold_gain":0,"player_choice":"Bet on Owner","damage_taken":0,"max_hp_gain":0,"max_hp_loss":0,"event_name":"The Joust","floor":27,"gold_loss":50}],"is_beta":false,"boss_relics":[{"not_picked":["testmod-Nine","Replay:Drink Me"],"picked":"hubris:ScarierMask"}],"items_purged_floors":[],"is_endless":false,"potions_floor_spawned":[4,8,16,20,21,29],"killed_by":"conspire:HollyBat","ascension_level":0}}