{"host":"am551fa6890rb9vo","time":1612858975,"event":{"mods":["BaseMod","DeckTracker","Minty Spire (QoL Compilation)","Morshu Shopkeeper - ENHANCED","Rare Cards Sparkle","Relic Stats","Smile Girya","StSLib","The IronCluck","everything is the same but u backflip on backflip","slay the spire mod where everything is the same but ironclad has a cowboy hat"],"gold_per_floor":[20,20,20,20,40,76,88,125,184,221,233,245,257,257],"floor_reached":13,"language":"ENG","playtime":853,"items_purged":[],"score":83,"play_id":"37b23035-bae9-4eb6-bee6-f36721eed7db","local_time":"20210209082255","is_ascension_mode":false,"campfire_choices":[{"floor":7,"key":"REST"},{"data":"Judgement","floor":11,"key":"SMITH"}],"circlet_count":0,"master_deck":["Strike_P","Strike_P","Defend_P","Defend_P","Defend_P","Defend_P","Eruption","Vigilance","Judgement+1","CrushJoints","Fasting2","Crescendo","ClearTheMind","DeceiveReality","SashWhip"],"relics":["PureWater","Golden Idol","MawBank","MealTicket"],"acts_visited":["Exordium"],"potions_floor_usage":[],"damage_taken":[{"damage":0,"enemies":"2 Louse","floor":1,"turns":2},{"damage":5,"enemies":"Small Slimes","floor":5,"turns":3},{"damage":28,"enemies":"3 Sentries","floor":6,"turns":11},{"damage":12,"enemies":"Cultist","floor":8,"turns":3},{"damage":0,"enemies":"3 Louse","floor":10,"turns":3},{"damage":43,"enemies":"Lagavulin","floor":13,"turns":6}],"seed_played":"5833973564275633666","potions_obtained":[{"floor":6,"key":"GamblersBrew"},{"floor":8,"key":"GamblersBrew"}],"is_trial":false,"path_per_floor":["M","?","?","?","M","E","R","M","T","M","R","?","E"],"character_chosen":"WATCHER","items_purchased":[],"campfire_rested":1,"item_purchase_floors":[],"current_hp_per_floor":[72,54,54,54,49,21,42,30,30,30,30,30,0,0],"gold":257,"neow_bonus":"THREE_RARE_CARDS","is_daily":false,"chose_seed":false,"campfire_upgraded":1,"win_rate":0.0,"timestamp":1612858975,"path_taken":["M","?","?","?","M","E","R","M","T","?","R","?","E"],"items_purchased_type":[],"build_version":"2020-12-22","purchased_purges":0,"victory":false,"max_hp_per_floor":[72,72,72,72,72,72,72,72,72,72,72,72,72,72],"relic_stats":{"counters":[6,28],"Golden Idol":21,"MealTicket":0,"MawBank":84,"obtain_stats":[{"Golden Idol":2,"MealTicket":9,"PureWater":0,"MawBank":6},{"Golden Idol":1,"MealTicket":4,"PureWater":0,"MawBank":3},{"Golden Idol":2,"MealTicket":19,"PureWater":0,"MawBank":16}]},"card_choices":[{"not_picked":["Devotion","DevaForm"],"picked":"Judgement","floor":0},{"not_picked":["JustLucky","Evaluate"],"picked":"CrushJoints","floor":1},{"not_picked":["WindmillStrike","EmptyFist"],"picked":"Crescendo","floor":5},{"not_picked":["Consecrate","Perseverance"],"picked":"ClearTheMind","floor":6},{"not_picked":["SashWhip","Halt"],"picked":"DeceiveReality","floor":8},{"not_picked":["PathToVictory","Crescendo"],"picked":"SashWhip","floor":10}],"player_experience":42326,"relics_obtained":[{"floor":6,"key":"MawBank"},{"floor":9,"key":"MealTicket"}],"event_choices":[{"damage_healed":0,"gold_gain":0,"player_choice":"Take Damage","damage_taken":18,"relics_obtained":["Golden Idol"],"max_hp_gain":0,"max_hp_loss":0,"event_name":"Golden Idol","floor":2,"gold_loss":0},{"damage_healed":0,"gold_gain":0,"cards_transformed":["Strike_P"],"player_choice":"Change","damage_taken":0,"max_hp_gain":0,"max_hp_loss":0,"event_name":"Living Wall","floor":3,"gold_loss":0,"cards_obtained":["Fasting2"]},{"damage_healed":0,"gold_gain":0,"player_choice":"Ignored","damage_taken":0,"max_hp_gain":0,"max_hp_loss":0,"event_name":"NoteForYourself","floor":4,"gold_loss":0},{"cards_removed":["Strike_P"],"damage_healed":0,"gold_gain":0,"player_choice":"Purged","damage_taken":0,"max_hp_gain":0,"max_hp_loss":0,"event_name":"Purifier","floor":12,"gold_loss":0}],"is_beta":false,"boss_relics":[],"items_purged_floors":[],"is_endless":false,"potions_floor_spawned":[6,8],"killed_by":"Lagavulin","ascension_level":0}}