{"host":"dcj2yvrgcvh5dl2s","time":1612874232,"event":{"mods":["BaseMod","Bestiary","Better Note","Block Reminder","Colored Powertips","Curses Come First","DeckTracker","Minty Spire (QoL Compilation)","Quick Restart","Rare Cards Sparkle","Relic Stats","StSLib"],"gold_per_floor":[113,123,70,89,14,14,45,45,71,71,42,61,2,2,2,2,2],"floor_reached":16,"language":"ENG","playtime":285,"items_purged":["Defend_R"],"score":196,"play_id":"2f4ca25b-686a-49ee-ba87-de0030ffdc30","local_time":"20210209223712","is_ascension_mode":true,"campfire_choices":[{"data":"Perfected Strike","floor":6,"key":"SMITH"},{"floor":8,"key":"REST"},{"data":"Flex","floor":15,"key":"SMITH"}],"circlet_count":0,"master_deck":["AscendersBane","Strike_R","Strike_R","Strike_R","Strike_R","Strike_R","Defend_R","Defend_R","Defend_R","Bash","Dropkick","Carnage","Flex","Perfected Strike+1","Infernal Blade+1","Body Slam","Flex+1"],"relics":["Burning Blood","NeowsBlessing","Centennial Puzzle","Bag of Preparation"],"acts_visited":["Exordium"],"potions_floor_usage":[],"damage_taken":[{"damage":0,"enemies":"Cultist","floor":1,"turns":1},{"damage":0,"enemies":"Small Slimes","floor":2,"turns":1},{"damage":0,"enemies":"Jaw Worm","floor":4,"turns":1},{"damage":40,"enemies":"Lagavulin","floor":7,"turns":5},{"damage":15,"enemies":"3 Louse","floor":12,"turns":3},{"damage":79,"enemies":"Hexaghost","floor":16,"turns":8}],"seed_played":"3261224520840393359","potions_obtained":[{"floor":2,"key":"Explosive Potion"}],"is_trial":false,"path_per_floor":["M","M","$","M","$","R","E","R","T","?","$","M","$","?","R","B"],"character_chosen":"IRONCLAD","items_purchased":["Flex","Body Slam","Flex"],"campfire_rested":1,"item_purchase_floors":[3,11,13],"current_hp_per_floor":[74,75,75,75,75,75,41,63,63,63,63,54,54,75,75,0,0],"gold":2,"neow_bonus":"THREE_ENEMY_KILL","is_daily":false,"chose_seed":false,"campfire_upgraded":2,"win_rate":0.0,"timestamp":1612874232,"path_taken":["M","?","?","M","$","R","E","R","T","?","$","M","?","?","R","BOSS"],"items_purchased_type":["Card","Card","Card"],"build_version":"2020-12-22","purchased_purges":1,"victory":false,"max_hp_per_floor":[75,75,75,75,75,75,75,75,75,75,75,75,75,75,75,75,75],"relic_stats":{"Centennial Puzzle":[6],"counters":[6,19],"Bag of Preparation":[4],"obtain_stats":[{"Centennial Puzzle":7,"NeowsBlessing":0,"Bag of Preparation":9,"Burning Blood":0},{"Centennial Puzzle":4,"NeowsBlessing":0,"Bag of Preparation":4,"Burning Blood":0},{"Centennial Puzzle":8,"NeowsBlessing":0,"Bag of Preparation":8,"Burning Blood":0}],"Burning Blood":19},"card_choices":[{"not_picked":["Iron Wave","Sever Soul"],"picked":"Dropkick","floor":1},{"not_picked":["Wild Strike","Combust"],"picked":"Carnage","floor":2},{"not_picked":["Iron Wave","Searing Blow"],"picked":"Perfected Strike","floor":4},{"not_picked":["Warcry","Second Wind"],"picked":"Infernal Blade","floor":7},{"not_picked":["True Grit","Searing Blow","Headbutt"],"picked":"SKIP","floor":12}],"player_experience":2345837,"relics_obtained":[{"floor":7,"key":"Centennial Puzzle"},{"floor":9,"key":"Bag of Preparation"}],"event_choices":[{"damage_healed":0,"gold_gain":0,"player_choice":"Grow","damage_taken":0,"max_hp_gain":0,"max_hp_loss":0,"event_name":"Living Wall","floor":10,"gold_loss":0,"cards_upgraded":["Infernal Blade"]},{"damage_healed":25,"gold_gain":0,"player_choice":"Banana","damage_taken":0,"max_hp_gain":0,"max_hp_loss":0,"event_name":"Big Fish","floor":14,"gold_loss":0}],"is_beta":false,"boss_relics":[],"items_purged_floors":[5],"is_endless":false,"potions_floor_spawned":[2],"killed_by":"Hexaghost","ascension_level":20}}