{"host":"1focbxb2e8qu7ccd","time":1612837763,"event":{"mods":["AchievementEnabler","BaseMod","Bestiary","Highlight Path","Minty Spire (QoL Compilation)","Relic Stats"],"gold_per_floor":[110,33,48,48,48,48,91,91,91,122,147,166,166,181,181,275,275,298,311,329,329,329],"floor_reached":21,"language":"ENG","playtime":1065,"items_purged":[],"score":482,"play_id":"3e0926ff-ebe1-4704-95ca-2b342f8b1ec9","local_time":"20210208212923","is_ascension_mode":true,"campfire_choices":[{"data":"Demon Form","floor":6,"key":"SMITH"},{"data":"Cleave","floor":8,"key":"SMITH"},{"floor":15,"key":"REST"}],"circlet_count":0,"master_deck":["AscendersBane","Bash","Demon Form+1","Pommel Strike","Headbutt","Offering","Cleave+1","Impervious","Twin Strike","Shrug It Off","Reaper","Hemokinesis","Ghostly Armor","Brutality","Uppercut","Seeing Red","Sentinel","Perfected Strike","Perfected Strike","Flame Barrier","Feel No Pain+1"],"relics":["Burning Blood","Paper Frog","Golden Idol","Bottled Flame","Bottled Tornado","Letter Opener","Pandora\u0027s Box"],"acts_visited":["Exordium","TheCity"],"potions_floor_usage":[19,20],"damage_taken":[{"damage":9,"enemies":"Small Slimes","floor":1,"turns":4},{"damage":7,"enemies":"Cultist","floor":3,"turns":4},{"damage":36,"enemies":"3 Sentries","floor":7,"turns":7},{"damage":10,"enemies":"Lagavulin","floor":10,"turns":5},{"damage":12,"enemies":"Jaw Worm","floor":11,"turns":2},{"damage":17,"enemies":"Blue Slaver","floor":12,"turns":4},{"damage":6,"enemies":"Exordium Thugs","floor":14,"turns":4},{"damage":6,"enemies":"Slime Boss","floor":16,"turns":7},{"damage":43,"enemies":"2 Thieves","floor":18,"turns":4},{"damage":21,"enemies":"Shell Parasite","floor":19,"turns":4},{"damage":6,"enemies":"Cultist and Chosen","floor":20,"turns":5},{"damage":47,"enemies":"Shelled Parasite and Fungi","floor":21,"turns":6}],"seed_played":"-3048924383334521331","potions_obtained":[{"floor":1,"key":"LiquidMemories"},{"floor":14,"key":"BloodPotion"},{"floor":19,"key":"Dexterity Potion"}],"is_trial":false,"path_per_floor":["M","?","M","?","?","R","E","R","T","E","M","M","?","M","R","B",null,"M","M","M","M"],"character_chosen":"IRONCLAD","items_purchased":[],"campfire_rested":1,"item_purchase_floors":[],"current_hp_per_floor":[65,65,64,64,64,64,34,34,34,30,24,13,13,13,33,33,59,36,34,46,0,0],"gold":329,"neow_bonus":"ONE_RANDOM_RARE_CARD","is_daily":false,"chose_seed":false,"campfire_upgraded":2,"win_rate":0.0,"timestamp":1612837763,"path_taken":["M","?","?","?","?","R","E","R","T","E","M","?","?","M","R","BOSS","M","M","M","M"],"items_purchased_type":[],"build_version":"2020-12-22","purchased_purges":0,"victory":false,"max_hp_per_floor":[75,75,75,68,68,68,68,68,68,68,68,68,68,68,68,68,68,68,68,68,68,68],"relic_stats":{"counters":[12,56],"Golden Idol":58,"Pandora\u0027s Box":["Hemokinesis","Ghostly Armor","Brutality","Uppercut","Seeing Red","Sentinel","Perfected Strike","Perfected Strike"],"Letter Opener":[9],"obtain_stats":[{"Bottled Flame":7,"Golden Idol":4,"Pandora\u0027s Box":17,"Letter Opener":10,"Bottled Tornado":9,"Burning Blood":0,"Paper Frog":2},{"Bottled Flame":3,"Golden Idol":2,"Pandora\u0027s Box":8,"Letter Opener":4,"Bottled Tornado":3,"Burning Blood":0,"Paper Frog":1},{"Bottled Flame":15,"Golden Idol":8,"Pandora\u0027s Box":37,"Letter Opener":20,"Bottled Tornado":15,"Burning Blood":0,"Paper Frog":4}],"Burning Blood":66},"card_choices":[{"not_picked":["Power Through","Blood for Blood"],"picked":"Pommel Strike","floor":1},{"not_picked":["Uppercut","Wild Strike"],"picked":"Headbutt","floor":3},{"not_picked":["Pummel","Shockwave"],"picked":"Cleave","floor":7},{"not_picked":["Rupture","Intimidate"],"picked":"Impervious","floor":10},{"not_picked":["Armaments","Flex"],"picked":"Twin Strike","floor":11},{"not_picked":["Body Slam","Heavy Blade"],"picked":"Shrug It Off","floor":12},{"not_picked":["Warcry","Bloodletting","Wild Strike"],"picked":"SKIP","floor":14},{"not_picked":["Impervious","Juggernaut"],"picked":"Reaper","floor":16},{"not_picked":["Headbutt","Clash"],"picked":"Flame Barrier","floor":18},{"not_picked":["Armaments","Headbutt","Clash"],"picked":"SKIP","floor":19},{"not_picked":["Havoc","Intimidate"],"picked":"Feel No Pain+1","floor":20}],"player_experience":914360,"relics_obtained":[{"floor":7,"key":"Bottled Flame"},{"floor":9,"key":"Bottled Tornado"},{"floor":10,"key":"Letter Opener"}],"event_choices":[{"damage_healed":0,"gold_gain":0,"player_choice":"Paid Gold","damage_taken":0,"relics_obtained":["Paper Frog"],"max_hp_gain":0,"max_hp_loss":0,"event_name":"WeMeetAgain","floor":2,"gold_loss":77},{"damage_healed":0,"gold_gain":0,"player_choice":"Lose Max HP","damage_taken":0,"relics_obtained":["Golden Idol"],"max_hp_gain":0,"max_hp_loss":7,"event_name":"Golden Idol","floor":4,"gold_loss":0},{"damage_healed":0,"gold_gain":0,"player_choice":"1 cards matched","damage_taken":0,"max_hp_gain":0,"max_hp_loss":0,"event_name":"Match and Keep!","floor":5,"gold_loss":0,"cards_obtained":["Offering"]},{"cards_removed":["Strike_R"],"damage_healed":0,"gold_gain":0,"player_choice":"Purged","damage_taken":0,"max_hp_gain":0,"max_hp_loss":0,"event_name":"Purifier","floor":13,"gold_loss":0}],"is_beta":false,"boss_relics":[{"not_picked":["Black Star","Ectoplasm"],"picked":"Pandora\u0027s Box"}],"items_purged_floors":[],"is_endless":false,"potions_floor_spawned":[1,14,16,19],"killed_by":"Shelled Parasite and Fungi","ascension_level":20}}