{"host":"mi0eibewekhugwl1","time":1612879731,"event":{"mods":["AchievementEnabler","BaseMod","Colored Map","Colored Powertips","DeckTracker","Keyboard Shortcuts","Minty Spire (QoL Compilation)","Quick Restart","Rare Cards Sparkle","Relic Stats","StSLib","SuperFastMode","everything is the same but u backflip on backflip"],"gold_per_floor":[111,111,126,146,163,191,191,205,205,237,252,287,54,54,54,125,125,143,143,43,59,77,77,95,17,17,35,35,54,54,65,65,142,142,158,170,170,170],"floor_reached":37,"language":"KOR","playtime":838,"items_purged":["Strike_R","Strike_R"],"score":790,"play_id":"9aa567ff-40e3-4ff3-8ad6-6d2e4f1fd019","local_time":"20210209230851","is_ascension_mode":true,"campfire_choices":[{"data":"Inflame","floor":7,"key":"SMITH"},{"floor":15,"key":"REST"},{"data":"Evolve","floor":28,"key":"SMITH"},{"data":"Inflame","floor":30,"key":"SMITH"},{"data":"Double Tap","floor":32,"key":"SMITH"}],"circlet_count":0,"master_deck":["AscendersBane","Strike_R","Strike_R+1","Defend_R+1","Defend_R","Defend_R","Defend_R","Bash","Inflame+1","Hemokinesis","Shrug It Off","Wild Strike","Flame Barrier","Blood for Blood","Sword Boomerang","Reaper","Evolve+1","Inflame+1","Power Through","Pommel Strike","Double Tap+1","Demon Form","Battle Trance+1"],"relics":["Black Blood","NeowsBlessing","Bronze Scales","Gremlin Horn","Mummified Hand","Eternal Feather","Medical Kit","Philosopher\u0027s Stone","FaceOfCleric","The Courier"],"acts_visited":["Exordium","TheCity","TheBeyond"],"potions_floor_usage":[5,33,33],"damage_taken":[{"damage":0,"enemies":"Cultist","floor":1,"turns":1},{"damage":0,"enemies":"Small Slimes","floor":3,"turns":2},{"damage":0,"enemies":"Jaw Worm","floor":4,"turns":1},{"damage":5,"enemies":"3 Louse","floor":5,"turns":3},{"damage":26,"enemies":"Lagavulin","floor":6,"turns":7},{"damage":10,"enemies":"Blue Slaver","floor":8,"turns":3},{"damage":13,"enemies":"3 Sentries","floor":10,"turns":6},{"damage":10,"enemies":"Exordium Wildlife","floor":11,"turns":4},{"damage":23,"enemies":"Lagavulin","floor":12,"turns":5},{"damage":30,"enemies":"Hexaghost","floor":16,"turns":9},{"damage":30,"enemies":"2 Thieves","floor":18,"turns":4},{"damage":2,"enemies":"Chosen","floor":21,"turns":3},{"damage":17,"enemies":"Centurion and Healer","floor":22,"turns":5},{"damage":27,"enemies":"Snecko","floor":24,"turns":6},{"damage":5,"enemies":"Chosen and Byrds","floor":27,"turns":5},{"damage":23,"enemies":"Cultist and Chosen","floor":29,"turns":7},{"damage":44,"enemies":"Snake Plant","floor":31,"turns":4},{"damage":62,"enemies":"Champ","floor":33,"turns":11},{"damage":12,"enemies":"Orb Walker","floor":35,"turns":2},{"damage":43,"enemies":"3 Darklings","floor":36,"turns":6},{"damage":80,"enemies":"Transient","floor":37,"turns":6}],"seed_played":"3776105732391731495","potions_obtained":[{"floor":1,"key":"Fire Potion"},{"floor":10,"key":"Strength Potion"},{"floor":16,"key":"Strength Potion"},{"floor":31,"key":"Dexterity Potion"},{"floor":35,"key":"SteroidPotion"}],"is_trial":false,"path_per_floor":["M","?","M","M","M","E","R","M","T","E","M","E","$","?","R","B",null,"M","?","$","M","M","?","M","$","T","M","R","M","R","M","R","B",null,"M","M","M"],"character_chosen":"IRONCLAD","items_purchased":["Medical Kit","Inflame"],"campfire_rested":1,"item_purchase_floors":[13,25],"current_hp_per_floor":[74,51,57,63,64,44,44,40,40,33,29,12,12,5,36,12,59,49,49,49,63,64,64,54,54,54,64,73,67,78,41,53,22,66,77,47,0,0],"gold":170,"neow_bonus":"THREE_ENEMY_KILL","is_daily":false,"chose_seed":false,"campfire_upgraded":4,"win_rate":0.0,"timestamp":1612879731,"path_taken":["M","?","M","M","M","E","R","M","T","E","M","E","$","?","R","BOSS","M","?","$","M","M","?","?","?","T","M","R","M","R","M","R","BOSS","M","M","M"],"items_purchased_type":["Relic","Card"],"build_version":"2020-12-22","purchased_purges":2,"victory":false,"max_hp_per_floor":[75,75,75,75,75,75,75,75,75,75,75,75,75,75,75,75,75,75,75,75,75,75,75,76,76,76,77,77,78,78,79,79,80,80,81,82,82,82],"relic_stats":{"Gremlin Horn":[9,9],"FaceOfCleric":7,"counters":[21,100],"Mummified Hand":[42],"Bronze Scales":[243],"Black Blood":132,"Eternal Feather":41,"Medical Kit":[29],"obtain_stats":[{"NeowsBlessing":0,"Gremlin Horn":9,"FaceOfCleric":23,"Mummified Hand":10,"Bronze Scales":6,"Black Blood":34,"Eternal Feather":12,"Philosopher\u0027s Stone":17,"The Courier":26,"Medical Kit":13,"Burning Blood":0},{"NeowsBlessing":0,"Gremlin Horn":6,"FaceOfCleric":13,"Mummified Hand":7,"Bronze Scales":5,"Black Blood":18,"Eternal Feather":9,"Philosopher\u0027s Stone":10,"The Courier":14,"Medical Kit":9,"Burning Blood":0},{"NeowsBlessing":0,"Gremlin Horn":17,"FaceOfCleric":53,"Mummified Hand":23,"Bronze Scales":14,"Black Blood":86,"Eternal Feather":32,"Philosopher\u0027s Stone":41,"The Courier":59,"Medical Kit":32,"Burning Blood":0}]},"card_choices":[{"not_picked":["Bloodletting","Havoc","Thunderclap"],"picked":"SKIP","floor":1},{"not_picked":["Burning Pact","Headbutt","Warcry"],"picked":"SKIP","floor":3},{"not_picked":["Sword Boomerang","Headbutt"],"picked":"Inflame","floor":4},{"not_picked":["Entrench","Clothesline"],"picked":"Hemokinesis","floor":5},{"not_picked":["Body Slam","Pummel"],"picked":"Shrug It Off","floor":6},{"not_picked":["Burning Pact","Havoc"],"picked":"Wild Strike","floor":8},{"not_picked":["True Grit","Barricade"],"picked":"Flame Barrier","floor":10},{"not_picked":["Wild Strike","Perfected Strike"],"picked":"Blood for Blood","floor":11},{"not_picked":["Whirlwind","Perfected Strike"],"picked":"Sword Boomerang","floor":12},{"not_picked":["Feed","Fiend Fire"],"picked":"Reaper","floor":16},{"not_picked":["Thunderclap","Heavy Blade","Anger"],"picked":"SKIP","floor":18},{"not_picked":["Armaments","Hemokinesis"],"picked":"Evolve","floor":21},{"not_picked":["Iron Wave","True Grit","Headbutt"],"picked":"SKIP","floor":22},{"not_picked":["True Grit","Havoc","Heavy Blade+1"],"picked":"SKIP","floor":24},{"not_picked":["Wild Strike+1","Iron Wave"],"picked":"Power Through","floor":27},{"not_picked":["Combust","Armaments"],"picked":"Pommel Strike","floor":29},{"not_picked":["Havoc","Feel No Pain"],"picked":"Double Tap","floor":31},{"not_picked":["Bludgeon","Impervious"],"picked":"Demon Form","floor":33},{"not_picked":["Anger","Clash","Headbutt"],"picked":"SKIP","floor":35},{"not_picked":["Feel No Pain+1","Hemokinesis"],"picked":"Battle Trance+1","floor":36}],"player_experience":1791512,"relics_obtained":[{"floor":6,"key":"Bronze Scales"},{"floor":9,"key":"Gremlin Horn"},{"floor":10,"key":"Mummified Hand"},{"floor":12,"key":"Eternal Feather"},{"floor":26,"key":"The Courier"}],"event_choices":[{"damage_healed":0,"gold_gain":0,"player_choice":"Entered Light","damage_taken":23,"max_hp_gain":0,"max_hp_loss":0,"event_name":"Shining Light","floor":2,"gold_loss":0,"cards_upgraded":["Defend_R","Strike_R"]},{"cards_removed":["Strike_R"],"damage_healed":0,"gold_gain":0,"player_choice":"Card Removal","damage_taken":7,"max_hp_gain":0,"max_hp_loss":0,"event_name":"Golden Wing","floor":14,"gold_loss":0},{"damage_healed":0,"gold_gain":0,"player_choice":"Ignored","damage_taken":0,"max_hp_gain":0,"max_hp_loss":0,"event_name":"Cursed Tome","floor":19,"gold_loss":0},{"damage_healed":0,"gold_gain":0,"player_choice":"Trade","damage_taken":0,"relics_obtained":["FaceOfCleric"],"max_hp_gain":0,"max_hp_loss":0,"event_name":"FaceTrader","floor":23,"gold_loss":0}],"is_beta":false,"boss_relics":[{"not_picked":["Runic Dome","SlaversCollar"],"picked":"Philosopher\u0027s Stone"},{"not_picked":["Coffee Dripper","Astrolabe"],"picked":"Black Blood"}],"items_purged_floors":[13,20],"is_endless":false,"potions_floor_spawned":[1,10,16,21,22,29,31,35],"killed_by":"Transient","ascension_level":20}}