{"host":"coame8l8goqx0svj","time":1612908988,"event":{"mods":["BaseMod","Downfall","Minty Spire (QoL Compilation)","StSLib"],"gold_per_floor":[99,99,99,99,549,215,215,215,250,250,268,268,55,67,87,187,187,187,198,218,168,181,181,181,181],"floor_reached":23,"language":"ENG","playtime":1505,"items_purged":["bronze:Strike"],"score":215,"play_id":"6b124236-6348-4056-8b0b-a02b96b290bb","local_time":"20210209231628","is_ascension_mode":true,"campfire_choices":[{"data":"bronze:Replicate","floor":1.0,"key":"SMITH"},{"data":"bronze:Repulsor","floor":18,"key":"SMITH"}],"circlet_count":0,"master_deck":["bronze:Defend","bronze:Defend","bronze:Defend","bronze:Replicate+1","bronze:Goto","bronze:Shield","bronze:Iterate","bronze:Terminator","downfall:Icky","downfall:Icky","bronze:ShipIt","expansioncontent:StudyTheSpire","bronze:AlphaBuild","bronze:Repulsor+1","bronze:Iterate+1","bronze:Assembly","bronze:Constructor","bronze:Branch+1","bronze:Assembly","bronze:DigitalCarnage+1","bronze:Backtrace+1","bronze:DelayedSlice+1","bronze:DarkDash+1","bronze:Constructor","bronze:BronzeOrb+1"],"relics":["bronze:BronzeCore","downfall:HeartsMalice","Molten Egg 2","Darkstone Periapt","Astrolabe"],"acts_visited":["Exordium","TheCity"],"potions_floor_usage":[16,16,16,23],"damage_taken":[{"damage":0.0,"enemies":"Small Slimes","floor":2.0,"turns":1.0},{"damage":0.0,"enemies":"Cultist","floor":3.0,"turns":1.0},{"damage":0.0,"enemies":"2 Louse","floor":4.0,"turns":1.0},{"damage":5.0,"enemies":"downfall:FleeingMerchant","floor":6.0,"turns":4.0},{"damage":37.0,"enemies":"Lagavulin","floor":9.0,"turns":7.0},{"damage":4.0,"enemies":"Red Slaver","floor":11.0,"turns":2.0},{"damage":4.0,"enemies":"downfall:FleeingMerchant","floor":13.0,"turns":4.0},{"damage":0.0,"enemies":"3 Louse","floor":14.0,"turns":2.0},{"damage":14.0,"enemies":"Exordium Thugs","floor":15.0,"turns":4.0},{"damage":3,"enemies":"SI_SHIV_ARCHETYPE","floor":16,"turns":10},{"damage":12,"enemies":"Chosen","floor":19,"turns":3},{"damage":23,"enemies":"Spheric Guardian","floor":20,"turns":4},{"damage":44,"enemies":"Snecko","floor":22,"turns":6},{"damage":30,"enemies":"Book of Stabbing","floor":23,"turns":3}],"seed_played":"-4023661707587105662","potions_obtained":[{"floor":9.0,"key":"ColorlessPotion"},{"floor":10.0,"key":"hexamod:SoulburnPotion"},{"floor":10.0,"key":"bronze:CleanCodePotion"},{"floor":11.0,"key":"Block Potion"},{"floor":20,"key":"Ancient Potion"},{"floor":22,"key":"ColorlessPotion"}],"is_trial":false,"path_per_floor":["R","M","M","M","?","$","T","?","E","?","M","?","$","M","M","B",null,"R","M","M","?","M","E"],"character_chosen":"THE_AUTOMATON","items_purchased":["expansioncontent:StudyTheSpire","bronze:AlphaBuild","bronze:Assembly","bronze:Constructor"],"campfire_rested":0,"item_purchase_floors":[6,6,13,13],"current_hp_per_floor":[70,70,70,70,70,65,65,65,28,28,24,24,20,20,6,3,70,70,58,35,63,19,0,0,0],"gold":181,"neow_bonus":"THREE_ENEMY_KILL","is_daily":false,"chose_seed":false,"campfire_upgraded":2,"win_rate":0.0,"timestamp":1612908988,"path_taken":["R","M","M","M","?","$","T","?","E","?","?","?","$","M","M","BOSS","R","M","M","?","M","E"],"items_purchased_type":["Card","Card","Card","Card"],"build_version":"2020-12-22","purchased_purges":1,"victory":false,"max_hp_per_floor":[70,70,70,70,70,70,70,70,70,70,70,70,70,70,70,70,70,70,70,70,70,70,70,70,70],"card_choices":[{"not_picked":["bronze:Overheat","bronze:DelayedGuard"],"picked":"bronze:Shield","floor":2.0},{"not_picked":["bronze:WildBeam","bronze:DelayedSlice"],"picked":"bronze:Iterate","floor":3.0},{"not_picked":["bronze:Separator","bronze:Refactor"],"picked":"bronze:Terminator","floor":4.0},{"not_picked":["bronze:Overheat","bronze:Iterate"],"picked":"bronze:ShipIt","floor":6.0},{"not_picked":["bronze:WhirlingStrike+1","bronze:Fortify+1"],"picked":"bronze:Repulsor","floor":9.0},{"not_picked":["bronze:Deprecate","bronze:Frontload"],"picked":"bronze:Iterate+1","floor":11.0},{"not_picked":["bronze:Separator+1","bronze:Turbo","bronze:DelayedGuard"],"picked":"SKIP","floor":13.0},{"not_picked":["bronze:Separator+1","bronze:Backtrace+1"],"picked":"bronze:Branch+1","floor":14.0},{"not_picked":["bronze:WildBeam+1","bronze:ForLoop","bronze:Invalidate"],"picked":"SKIP","floor":15.0},{"not_picked":["bronze:FindAndReplace","bronze:InfiniteLoop+1"],"picked":"bronze:Assembly","floor":16},{"not_picked":["bronze:FineTuning","bronze:CutThrough+1"],"picked":"bronze:DarkDash+1","floor":19},{"not_picked":["bronze:BuggyMess","bronze:Overheat+1"],"picked":"bronze:Constructor","floor":20},{"not_picked":["bronze:BugBarrage+1","bronze:OilSpill+1"],"picked":"bronze:BronzeOrb+1","floor":22}],"player_experience":1775631,"relics_obtained":[{"floor":7.0,"key":"Molten Egg 2"},{"floor":9.0,"key":"Darkstone Periapt"}],"event_choices":[{"cards_removed":["downfall:Icky"],"damage_healed":0.0,"max_hp_gain":0.0,"max_hp_loss":0.0,"gold_gain":0.0,"event_name":"The Cleric","player_choice":"Card Removal","floor":8.0,"gold_loss":0.0,"damage_taken":0.0},{"damage_healed":0.0,"max_hp_gain":0.0,"max_hp_loss":0.0,"gold_gain":0.0,"event_name":"Lab","player_choice":"Got Potions","floor":10.0,"gold_loss":0.0,"damage_taken":0.0}],"is_beta":false,"boss_relics":[{"not_picked":["Cursed Key","Empty Cage"],"picked":"Astrolabe"}],"items_purged_floors":[6],"is_endless":false,"potions_floor_spawned":[9,11,14,15,20,22],"killed_by":"Book of Stabbing","ascension_level":3}}