{"host":"fdq5pmhluajjrf8d","time":1612910448,"event":{"mods":["BaseMod","Minty Spire (QoL Compilation)"],"gold_per_floor":[116,127,127,127,142,168,5,5,5,70,70,84,84,121,121,205,514,543,382,382,382],"floor_reached":20,"language":"ENG","playtime":689,"items_purged":[],"score":360,"play_id":"e7f3cfb2-dead-4193-876a-e6a790a86386","local_time":"20210209174048","is_ascension_mode":true,"campfire_choices":[{"floor":8,"key":"REST"},{"floor":11,"key":"REST"},{"data":"Zap","floor":13,"key":"SMITH"},{"floor":15,"key":"REST"}],"circlet_count":0,"master_deck":["AscendersBane","Strike_B","Strike_B","Strike_B","Strike_B","Defend_B","Defend_B","Defend_B","Defend_B","Zap+1","Dualcast","Capacitor","Ball Lightning","Multi-Cast","Echo Form","CurseOfTheBell","Defragment"],"relics":["Cracked Core","Emotion Chip","CeramicFish","Regal Pillow","Darkstone Periapt","InkBottle","DataDisk","Calling Bell","Potion Belt","Cables","Old Coin","Happy Flower"],"acts_visited":["Exordium","TheCity"],"potions_floor_usage":[6,12,14,18,18,20],"damage_taken":[{"damage":1,"enemies":"Cultist","floor":1,"turns":3},{"damage":4,"enemies":"Small Slimes","floor":2,"turns":3},{"damage":2,"enemies":"2 Louse","floor":5,"turns":3},{"damage":30,"enemies":"3 Sentries","floor":6,"turns":5},{"damage":36,"enemies":"Gremlin Nob","floor":10,"turns":4},{"damage":6,"enemies":"Looter","floor":12,"turns":2},{"damage":20,"enemies":"Lagavulin","floor":14,"turns":5},{"damage":72,"enemies":"Hexaghost","floor":16,"turns":9},{"damage":20,"enemies":"Chosen","floor":18,"turns":5},{"damage":45,"enemies":"Shell Parasite","floor":20,"turns":4}],"seed_played":"2363443885978217692","potions_obtained":[{"floor":1,"key":"EssenceOfSteel"},{"floor":2,"key":"LiquidBronze"},{"floor":10,"key":"LiquidMemories"},{"floor":12,"key":"SkillPotion"},{"floor":16,"key":"DistilledChaos"},{"floor":18,"key":"AttackPotion"}],"is_trial":false,"path_per_floor":["M","M","?","?","M","E","$","R","T","?","R","M","R","E","R","B",null,"M","$","M"],"character_chosen":"DEFECT","items_purchased":["Regal Pillow","Happy Flower"],"campfire_rested":3,"item_purchase_floors":[7,19],"current_hp_per_floor":[70,66,66,55,53,23,23,61,61,25,63,57,57,37,75,3,65,45,45,0,0],"gold":382,"neow_bonus":"TEN_PERCENT_HP_BONUS","is_daily":false,"chose_seed":false,"campfire_upgraded":1,"win_rate":0.0,"timestamp":1612910448,"path_taken":["M","M","?","?","M","E","$","R","T","?","R","M","R","E","R","BOSS","M","$","M"],"items_purchased_type":["Relic","Relic"],"build_version":"2020-12-22","purchased_purges":0,"victory":false,"max_hp_per_floor":[78,78,78,78,78,78,78,78,78,78,78,78,78,78,78,78,84,84,84,84,84],"card_choices":[{"not_picked":["Genetic Algorithm","Gash"],"picked":"Capacitor","floor":1},{"not_picked":["Stack","Leap","Rebound"],"picked":"SKIP","floor":2},{"not_picked":["Genetic Algorithm","Conserve Battery"],"picked":"Ball Lightning","floor":5},{"not_picked":["Steam Power","BootSequence","Rip and Tear"],"picked":"SKIP","floor":6},{"not_picked":["Stack","Doom and Gloom","Turbo"],"picked":"SKIP","floor":12},{"not_picked":["Auto Shields","Undo"],"picked":"Multi-Cast","floor":14},{"not_picked":["All For One","Fission"],"picked":"Echo Form","floor":16},{"not_picked":["Lockon","Hologram"],"picked":"Defragment","floor":18}],"player_experience":1977214,"relics_obtained":[{"floor":6,"key":"CeramicFish"},{"floor":9,"key":"Darkstone Periapt"},{"floor":10,"key":"InkBottle"},{"floor":14,"key":"DataDisk"},{"floor":17,"key":"Potion Belt"},{"floor":17,"key":"Cables"},{"floor":17,"key":"Old Coin"}],"event_choices":[{"damage_healed":0,"gold_gain":0,"player_choice":"Ignored","damage_taken":0,"max_hp_gain":0,"max_hp_loss":0,"event_name":"Golden Wing","floor":3,"gold_loss":0},{"damage_healed":0,"gold_gain":0,"player_choice":"Success","damage_taken":11,"relics_obtained":["Emotion Chip"],"max_hp_gain":0,"max_hp_loss":0,"event_name":"Scrap Ooze","floor":4,"gold_loss":0},{"damage_healed":0,"gold_gain":0,"player_choice":"Searched \u00272\u0027 times","damage_taken":0,"max_hp_gain":0,"max_hp_loss":0,"event_name":"Dead Adventurer","floor":10,"gold_loss":0}],"is_beta":false,"boss_relics":[{"not_picked":["SlaversCollar","Empty Cage"],"picked":"Calling Bell"}],"items_purged_floors":[],"is_endless":false,"potions_floor_spawned":[1,2,10,12,16,18],"killed_by":"Shell Parasite","ascension_level":20}}