{"host":"8ki4rp59nppvqwda","time":1612911063,"event":{"mods":["AlwaysNeverKeys","BaseMod","Hermit","Minty Spire (QoL Compilation)","Robot Space Explorer","SacredBarkPlus","StSLib","The Cursed","The Necromancer","The Trickster"],"gold_per_floor":[366,377,60,60,80,80,80,97,150,150,225,125,150,173,173,277,277,277,277],"floor_reached":18,"language":"ENG","playtime":608,"items_purged":["hermit:Defend_Hermit","hermit:Strike_Hermit"],"score":184,"play_id":"ceb90e63-b4d3-4056-a888-5b76baa40594","local_time":"20210209175103","is_ascension_mode":true,"campfire_choices":[{"data":"hermit:BigShot","floor":6.0,"key":"SMITH"},{"data":"hermit:Snapshot","floor":10,"key":"SMITH"},{"floor":15,"key":"REST"}],"circlet_count":0,"master_deck":["hermit:Strike_Hermit","hermit:Strike_Hermit","hermit:Strike_Hermit","hermit:Defend_Hermit","hermit:Defend_Hermit","hermit:Defend_Hermit","hermit:Snapshot+1","hermit:Covet","hermit:BigShot+1","hermit:Midnight","hermit:Ricochet","hermit:HeroicBravado","hermit:Dissolve","hermit:LowProfile"],"relics":["hermit:Momento","Ornamental Fan","Bag of Marbles","Lantern","Bronze Scales","Philosopher\u0027s Stone"],"acts_visited":["Exordium","TheCity"],"potions_floor_usage":[13,16],"damage_taken":[{"damage":7.0,"enemies":"Small Slimes","floor":1.0,"turns":3.0},{"damage":1.0,"enemies":"Cultist","floor":2.0,"turns":4.0},{"damage":0.0,"enemies":"2 Louse","floor":5.0,"turns":2.0},{"damage":0,"enemies":"Exordium Wildlife","floor":8,"turns":1},{"damage":15,"enemies":"3 Sentries","floor":13,"turns":6},{"damage":40,"enemies":"Hexaghost","floor":16,"turns":8},{"damage":25,"enemies":"3 Byrds","floor":18,"turns":3}],"seed_played":"-3651092279920008695","potions_obtained":[{"floor":1.0,"key":"Strength Potion"},{"floor":2.0,"key":"Block Potion"},{"floor":8,"key":"AttackPotion"},{"floor":13,"key":"EssenceOfSteel"}],"is_trial":false,"path_per_floor":["M","M","$","?","M","R","$","M","T","R","?","$","E","T","R","B",null,"M"],"character_chosen":"HERMIT","items_purchased":["Ornamental Fan"],"campfire_rested":1,"item_purchase_floors":[3],"current_hp_per_floor":[47,46,46,46,46,46,46,46,46,46,35,35,20,20,42,2,75,50,50],"gold":277,"neow_bonus":"TWO_FIFTY_GOLD","is_daily":false,"chose_seed":false,"campfire_upgraded":2,"win_rate":0.0,"timestamp":1612911063,"path_taken":["M","M","$","?","M","R","$","?","T","R","?","$","E","?","R","BOSS","M"],"items_purchased_type":["Relic"],"build_version":"2020-12-22","purchased_purges":2,"victory":false,"max_hp_per_floor":[75,75,75,75,75,75,75,75,75,75,75,75,75,75,75,75,75,75,75],"card_choices":[{"not_picked":["hermit:ShadowCloak","hermit:Feint"],"picked":"hermit:BigShot","floor":1.0},{"not_picked":["hermit:LowProfile","hermit:SprayPray"],"picked":"hermit:Midnight","floor":2.0},{"not_picked":["hermit:NoHoldsBarred","hermit:TrackingShot"],"picked":"hermit:Ricochet","floor":5.0},{"not_picked":["hermit:SprayPray","hermit:Vantage","hermit:FullyLoaded"],"picked":"SKIP","floor":8},{"not_picked":["hermit:Enervate","hermit:GhostlyPresence"],"picked":"hermit:HeroicBravado","floor":13},{"not_picked":["hermit:FinalCanter","hermit:Roughhouse"],"picked":"hermit:Dissolve","floor":16},{"not_picked":["hermit:Scavenge","hermit:Determination+1"],"picked":"hermit:LowProfile","floor":18}],"player_experience":1303174,"relics_obtained":[{"floor":9,"key":"Bag of Marbles"},{"floor":13,"key":"Lantern"},{"floor":14,"key":"Bronze Scales"}],"event_choices":[{"damage_healed":0.0,"max_hp_gain":0.0,"max_hp_loss":0.0,"gold_gain":0.0,"event_name":"The Woman in Blue","player_choice":"Bought 0 Potions","floor":4.0,"gold_loss":0.0,"damage_taken":0.0},{"damage_healed":0,"gold_gain":75,"player_choice":"Gather Gold","damage_taken":11,"max_hp_gain":0,"max_hp_loss":0,"event_name":"World of Goop","floor":11,"gold_loss":0}],"is_beta":false,"boss_relics":[{"not_picked":["Cursed Key","hermit:DentedPlate"],"picked":"Philosopher\u0027s Stone"}],"items_purged_floors":[3,12],"is_endless":false,"potions_floor_spawned":[1,2,8,13],"killed_by":"3 Byrds","ascension_level":3}}