{"host":"zxo0hh95ci93qotr","time":1612856535,"event":{"mods":["AchievementEnabler","BaseMod","Googly Eyes","Minty Spire (QoL Compilation)","StSLib"],"gold_per_floor":[109,129,204,8,8,8,42,65,65,83,48,21,55,33,33,158,158,128,128],"floor_reached":18,"language":"ENG","playtime":605,"items_purged":["Dualcast"],"score":222,"play_id":"5d099cba-ef64-4758-9f01-c24652803a3b","local_time":"20210209014215","is_ascension_mode":true,"campfire_choices":[{"data":"Streamline","floor":6,"key":"SMITH"},{"data":"Genetic Algorithm","floor":15,"key":"SMITH"}],"circlet_count":0,"master_deck":["Strike_B+1","Strike_B","Strike_B+1","Defend_B","Defend_B","Defend_B","Zap","Streamline+1","Hologram","Chill","Dark Shackles","Conserve Battery","Genetic Algorithm+1","Cold Snap","Defragment","Fusion","Coolheaded","Buffer"],"relics":["Cracked Core","NeowsBlessing","Golden Idol","The Courier","Whetstone","Question Card","Empty Cage"],"acts_visited":["Exordium","TheCity"],"potions_floor_usage":[13,16,16],"damage_taken":[{"damage":0,"enemies":"2 Louse","floor":1,"turns":1},{"damage":0,"enemies":"Jaw Worm","floor":2,"turns":1},{"damage":0,"enemies":"Gremlin Nob","floor":7,"turns":1},{"damage":0,"enemies":"Cultist","floor":8,"turns":3},{"damage":2,"enemies":"Lots of Slimes","floor":10,"turns":4},{"damage":3,"enemies":"3 Sentries","floor":13,"turns":8},{"damage":15,"enemies":"Hexaghost","floor":16,"turns":11},{"damage":11,"enemies":"2 Thieves","floor":18,"turns":2}],"seed_played":"1015573803188195668","potions_obtained":[{"floor":2,"key":"ColorlessPotion"},{"floor":8,"key":"FocusPotion"},{"floor":10,"key":"Swift Potion"}],"is_trial":false,"path_per_floor":["M","M","?","$","?","R","E","M","T","M","?","$","E","$","R","B",null,"M"],"character_chosen":"DEFECT","items_purchased":["Chill","Dark Shackles","Defragment","Coolheaded"],"campfire_rested":0,"item_purchase_floors":[4,4,12,14],"current_hp_per_floor":[75,75,64,64,46,46,46,46,46,44,62,62,59,59,59,44,75,64,64],"gold":128,"neow_bonus":"THREE_ENEMY_KILL","is_daily":false,"chose_seed":false,"campfire_upgraded":2,"win_rate":0.0,"timestamp":1612856535,"path_taken":["M","M","?","$","?","R","E","M","T","M","?","$","E","?","R","BOSS","M"],"items_purchased_type":["Card","Card","Card","Card"],"build_version":"2020-12-22","purchased_purges":1,"victory":false,"max_hp_per_floor":[75,75,75,75,75,75,75,75,75,75,75,75,75,75,75,75,75,75,75],"card_choices":[{"not_picked":["Leap","Doom and Gloom"],"picked":"Streamline","floor":1},{"not_picked":["Sweeping Beam","Beam Cell"],"picked":"Hologram","floor":2},{"not_picked":["Doom and Gloom","Sweeping Beam"],"picked":"Conserve Battery","floor":7},{"not_picked":["Hologram","Compile Driver"],"picked":"Genetic Algorithm","floor":8},{"not_picked":["Turbo","Gash"],"picked":"Cold Snap","floor":10},{"not_picked":["Compile Driver","Echo Form"],"picked":"Fusion","floor":13},{"not_picked":["Amplify","All For One","Multi-Cast"],"picked":"Buffer","floor":16}],"player_experience":210304,"relics_obtained":[{"floor":7,"key":"The Courier"},{"floor":9,"key":"Whetstone"},{"floor":13,"key":"Question Card"}],"event_choices":[{"damage_healed":0,"gold_gain":75,"player_choice":"Gather Gold","damage_taken":11,"max_hp_gain":0,"max_hp_loss":0,"event_name":"World of Goop","floor":3,"gold_loss":0},{"damage_healed":0,"gold_gain":0,"player_choice":"Take Damage","damage_taken":18,"relics_obtained":["Golden Idol"],"max_hp_gain":0,"max_hp_loss":0,"event_name":"Golden Idol","floor":5,"gold_loss":0},{"damage_healed":18,"gold_gain":0,"player_choice":"Healed","damage_taken":0,"max_hp_gain":0,"max_hp_loss":0,"event_name":"The Cleric","floor":11,"gold_loss":35}],"is_beta":false,"boss_relics":[{"not_picked":["SacredBark","Runic Pyramid"],"picked":"Empty Cage"}],"items_purged_floors":[4],"is_endless":false,"potions_floor_spawned":[2,8,10],"killed_by":"2 Thieves","ascension_level":3}}