{"host":"0cm5wy4nhuju7tij","time":1612906419,"event":{"mods":["100% Spire Juice","2.2 Compatiblity","AchievementEnabler","Aspiration","BaseMod","Better Third Choice","BetterRewards","CCEM2","CapriCore","Colored Powertips","Curses Come First","Displayed Cursed Tome","Downfall","Energized Spire","Evolution","Filter the Spire","Highlight Path","Jess\u0027s Bottle","Minty Spire (QoL Compilation)","Permanent Neow","Poor People Problems","Relic Filter Mod","Relic Stats","Shop Mod","Spicy Shops","StSLib","The Cursed","TheSurvivalist","TheVacant","Weighted Paths"],"gold_per_floor":[111,121,131,144,144,172,172,185,185,185,202,228,244,277,277,379,379,394,394,413,431,442,467,467,500,524,63,88,88,101,101,101,101,101],"floor_reached":33,"language":"ENG","playtime":2322,"items_purged":[],"score":706,"play_id":"fe60db1a-23ba-474c-a9c8-d73bfc712649","local_time":"20210209163339","is_ascension_mode":true,"campfire_choices":[{"floor":7,"key":"REST"},{"floor":10,"key":"REST"},{"floor":15,"key":"REST"},{"floor":24,"key":"REST"},{"floor":29,"key":"REST"},{"floor":32,"key":"REST"}],"circlet_count":0,"master_deck":["TheCursedMod:CleanUpWorkshop","TheCursedMod:CursedAmulet","TheCursedMod:HellfireBreathing","TheCursedMod:HellfireBreathing","TheCursedMod:SpitefulPlan","TheCursedMod:LuckyCharm","TheCursedMod:CursedSpellbook","TheCursedMod:NeowsMight","TheCursedMod:ParallelWorld","TheCursedMod:CircleOfAmplification","TheCursedMod:CollectTribute","TheCursedMod:HellfireBreathing","TheCursedMod:HellsGateOpen","TheCursedMod:FleshFromBone","TheCursedMod:CursedSpellbook","TheCursedMod:Obscuration","TheCursedMod:CursedAmulet","TheCursedMod:LuckyCharm","TheCursedMod:ReleasedStrength","TheCursedMod:OutForBlood","TheCursedMod:VoidForm","TheCursedMod:TroublousMinions","TheCursedMod:AbyssShockwave+1","TheCursedMod:CursedShiv","TheCursedMod:Evocation","TheCursedMod:Hemoplague","TheCursedMod:HellfireBreathing","TheCursedMod:FleshFromBone","TheCursedMod:ManaCirculation","TheCursedMod:ReleasedStrength+1"],"relics":["TheCursedMod:BlackMagicAdvanced","EVO:Axolotl","aspiration:DSix","Ornamental Fan","Question Card","Pear","CCEMRelics:SoftDrink","TheCursedMod:OminousMark","Enchiridion","CCEMRelics:PocketTank","Peace Pipe","Bag of Preparation","aspiration:HiddenCompartment","ClockworkSouvenir","FossilizedHelix","MutagenicStrength"],"acts_visited":["Exordium","TheCity"],"potions_floor_usage":[28,28],"damage_taken":[{"damage":6,"enemies":"Cultist","floor":1,"turns":4},{"damage":4,"enemies":"Jaw Worm","floor":2,"turns":3},{"damage":7,"enemies":"Small Slimes","floor":3,"turns":3},{"damage":12,"enemies":"Exordium Wildlife","floor":4,"turns":3},{"damage":0,"enemies":"Gremlin Nob","floor":6,"turns":3},{"damage":25,"enemies":"Gremlin Gang","floor":8,"turns":3},{"damage":19,"enemies":"2 Fungi Beasts","floor":11,"turns":4},{"damage":10,"enemies":"3 Sentries","floor":12,"turns":5},{"damage":1,"enemies":"Exordium Thugs","floor":13,"turns":3},{"damage":0,"enemies":"Gremlin Nob","floor":14,"turns":4},{"damage":0,"enemies":"Hexaghost","floor":16,"turns":6},{"damage":27,"enemies":"Shell Parasite","floor":18,"turns":4},{"damage":1,"enemies":"Spheric Guardian","floor":20,"turns":4},{"damage":2,"enemies":"3 Cultists","floor":21,"turns":2},{"damage":13,"enemies":"Shelled Parasite and Fungi","floor":22,"turns":4},{"damage":0,"enemies":"Gremlin Leader","floor":23,"turns":4},{"damage":19,"enemies":"Book of Stabbing","floor":25,"turns":4},{"damage":31,"enemies":"Gremlin Leader","floor":28,"turns":5},{"damage":9,"enemies":"Snake Plant","floor":30,"turns":3},{"damage":71,"enemies":"Collector","floor":33,"turns":6}],"seed_played":"1055721213386741836","potions_obtained":[{"floor":2,"key":"SpeedPotion"},{"floor":4,"key":"SneckoOil"},{"floor":6,"key":"BlessingOfTheForge"},{"floor":25,"key":"Fire Potion"},{"floor":28,"key":"Swift Potion"}],"is_trial":false,"path_per_floor":["M","M","M","M","T","E","R","M","T","R","M","E","M","E","R","B",null,"M","?","M","M","M","E","R","E","T","$","E","R","M","?","R","B"],"character_chosen":"THE_CURSED","items_purchased":["TheCursedMod:HellfireBreathing","aspiration:HiddenCompartment","ClockworkSouvenir","TheCursedMod:FleshFromBone","FairyPotion"],"campfire_rested":6,"item_purchase_floors":[27,27,27,27,27],"current_hp_per_floor":[44,40,33,21,21,21,43,18,18,40,21,21,20,20,45,45,75,48,32,31,29,16,16,41,22,22,22,17,42,33,33,58,0,0],"gold":101,"neow_bonus":"THREE_RARE_CARDS","is_daily":false,"chose_seed":false,"campfire_upgraded":0,"win_rate":0.0,"timestamp":1612906419,"path_taken":["M","M","M","M","?","E","R","M","T","R","M","E","M","E","R","BOSS","M","?","M","M","M","E","R","E","T","$","E","R","M","?","R","BOSS"],"items_purchased_type":["Card","Relic","Relic","Card","Potion"],"build_version":"2020-12-22","purchased_purges":0,"victory":false,"max_hp_per_floor":[75,75,75,75,75,75,75,75,75,75,75,85,85,85,85,85,85,85,85,85,85,85,85,85,85,85,85,85,85,85,85,85,85,85],"relic_stats":{"Peace Pipe":0,"counters":[39,142],"Ornamental Fan":[0],"Bag of Preparation":[6],"Question Card":13,"obtain_stats":[{"CCEMRelics:Barrel":10,"aspiration:Lifesprig":26,"Pear":12,"TheCursedMod:BlackMagicAdvanced":0,"TheCursedMod:Tack":22,"CCEMRelics:SoftDrink":14,"Enchiridion":19,"PreservedInsect":9,"Bag of Preparation":26,"EVO:Axolotl":0,"aspiration:HiddenCompartment":8,"Question Card":9,"Akabeko":28,"ClockworkSouvenir":27,"Peace Pipe":25,"TheCursedMod:OminousMark":17,"Ornamental Fan":6,"MutagenicStrength":31,"TheCursedMod:CrystalBall":6,"CCEMRelics:PocketTank":23,"Toxic Egg 2":4,"aspiration:DSix":5,"FossilizedHelix":28,"Runic Pyramid":17},{"CCEMRelics:Barrel":6,"aspiration:Lifesprig":14,"Pear":27,"TheCursedMod:BlackMagicAdvanced":0,"TheCursedMod:Tack":14,"CCEMRelics:SoftDrink":29,"Enchiridion":31,"PreservedInsect":5,"Bag of Preparation":36,"EVO:Axolotl":0,"aspiration:HiddenCompartment":5,"Question Card":25,"Akabeko":16,"ClockworkSouvenir":36,"Peace Pipe":36,"TheCursedMod:OminousMark":30,"Ornamental Fan":24,"MutagenicStrength":38,"TheCursedMod:CrystalBall":4,"CCEMRelics:PocketTank":35,"Toxic Egg 2":3,"aspiration:DSix":23,"FossilizedHelix":37,"Runic Pyramid":10},{"CCEMRelics:Barrel":15,"aspiration:Lifesprig":41,"Pear":95,"TheCursedMod:BlackMagicAdvanced":0,"TheCursedMod:Tack":41,"CCEMRelics:SoftDrink":101,"Enchiridion":110,"PreservedInsect":13,"Bag of Preparation":128,"EVO:Axolotl":0,"aspiration:HiddenCompartment":13,"Question Card":86,"Akabeko":50,"ClockworkSouvenir":128,"Peace Pipe":128,"TheCursedMod:OminousMark":106,"Ornamental Fan":84,"MutagenicStrength":136,"TheCursedMod:CrystalBall":10,"CCEMRelics:PocketTank":124,"Toxic Egg 2":7,"aspiration:DSix":82,"FossilizedHelix":133,"Runic Pyramid":27}]},"card_choices":[{"not_picked":["TheCursedMod:ForbiddenAlchemy","TheCursedMod:CursedRelics"],"picked":"TheCursedMod:CollectTribute","floor":0},{"not_picked":["TheCursedMod:Wield","TheCursedMod:CircleOfCorruption"],"picked":"TheCursedMod:HellfireBreathing","floor":1},{"not_picked":["TheCursedMod:Wield","TheCursedMod:SpitefulStrike"],"picked":"TheCursedMod:HellsGateOpen","floor":2},{"not_picked":["TheCursedMod:RavingStaff","TheCursedMod:Stigma"],"picked":"TheCursedMod:FleshFromBone","floor":3},{"not_picked":["TheCursedMod:StingEye","TheCursedMod:SaltUponWound"],"picked":"TheCursedMod:CursedSpellbook","floor":4},{"not_picked":["TheCursedMod:UltimatePain","TheCursedMod:PrepareRite"],"picked":"TheCursedMod:Obscuration","floor":6},{"not_picked":["TheCursedMod:VitalStrike","TheCursedMod:TacticalStrike"],"picked":"TheCursedMod:CursedAmulet","floor":8},{"not_picked":["TheCursedMod:SaltUponWound","TheCursedMod:CircleOfCorruption","TheCursedMod:FuryStrike"],"picked":"TheCursedMod:LuckyCharm","floor":11},{"not_picked":["TheCursedMod:Stigma","TheCursedMod:BloodBarrier","TheCursedMod:SpitefulPlan"],"picked":"TheCursedMod:ReleasedStrength","floor":12},{"not_picked":["TheCursedMod:TacticalStrike","TheCursedMod:FuryStrike","TheCursedMod:Stretching","TheCursedMod:WearCloak"],"picked":"SKIP","floor":13},{"not_picked":["TheCursedMod:Stigma","TheCursedMod:SoulReap","TheCursedMod:Obscuration"],"picked":"TheCursedMod:OutForBlood","floor":14},{"not_picked":["TheCursedMod:DarkBarrier","TheCursedMod:CursedRelics","TheCursedMod:CollectTribute"],"picked":"TheCursedMod:VoidForm","floor":16},{"not_picked":["TheCursedMod:CursedAmulet","TheCursedMod:RapidMovement+1","TheCursedMod:Stigma"],"picked":"TheCursedMod:TroublousMinions","floor":18},{"not_picked":["TheCursedMod:VitalStrike+1","TheCursedMod:Stretching","TheCursedMod:CursedSpellbook"],"picked":"TheCursedMod:AbyssShockwave+1","floor":20},{"not_picked":["TheCursedMod:Stigma+1","TheCursedMod:CircleOfWindfury","TheCursedMod:Stretching"],"picked":"TheCursedMod:CursedShiv","floor":21},{"not_picked":["TheCursedMod:CircleOfBlood","TheCursedMod:DoubleShield","TheCursedMod:TacticalStrike+1"],"picked":"TheCursedMod:Evocation","floor":22},{"not_picked":["TheCursedMod:AshesToAshes","TheCursedMod:CursedBoomerang+1","TheCursedMod:CursedAmulet"],"picked":"TheCursedMod:Hemoplague","floor":23},{"not_picked":["TheCursedMod:RapidMovement+1","TheCursedMod:SurpriseAttack","TheCursedMod:CursedShiv","TheCursedMod:Evocation"],"picked":"SKIP","floor":25},{"not_picked":["TheCursedMod:CursedAmulet","TheCursedMod:CircleOfFlame","TheCursedMod:Obscuration"],"picked":"TheCursedMod:ManaCirculation","floor":28},{"not_picked":["TheCursedMod:Stretching","TheCursedMod:Mangle","TheCursedMod:CursedBlade+1"],"picked":"TheCursedMod:ReleasedStrength+1","floor":30}],"player_experience":301481,"relics_obtained":[{"floor":5,"key":"aspiration:DSix"},{"floor":6,"key":"Ornamental Fan"},{"floor":9,"key":"Question Card"},{"floor":12,"key":"Pear"},{"floor":14,"key":"CCEMRelics:SoftDrink"},{"floor":23,"key":"CCEMRelics:PocketTank"},{"floor":25,"key":"Peace Pipe"},{"floor":26,"key":"Bag of Preparation"},{"floor":28,"key":"FossilizedHelix"}],"event_choices":[{"damage_healed":0,"gold_gain":0,"player_choice":"Obtained Book","damage_taken":16,"max_hp_gain":0,"max_hp_loss":0,"event_name":"Cursed Tome","floor":19,"gold_loss":0},{"damage_healed":0,"gold_gain":0,"player_choice":"Inject Mutagens","damage_taken":0,"relics_obtained":["MutagenicStrength"],"max_hp_gain":0,"max_hp_loss":0,"event_name":"Drug Dealer","floor":31,"gold_loss":0}],"is_beta":false,"boss_relics":[{"not_picked":["SacredBark","CCEMRelics:ExpiredCReal"],"picked":"TheCursedMod:OminousMark"}],"items_purged_floors":[],"is_endless":false,"potions_floor_spawned":[2,4,6,11,13,14,21,25,28],"killed_by":"Collector","ascension_level":10}}