{"host":"aelxjre69umlx7r4","time":1612886772,"event":{"mods":["AchievementEnabler","BaseMod","Colored Map","DeckTracker","Highlight Path","Keyboard Shortcuts","Minty Spire (QoL Compilation)","Permanent Neow","SuperFastMode"],"gold_per_floor":[110,126,201,219,219,219,250,267,320,320,340,354,383,308,308,408,408,420,19,19,19,30,63,63,76,157,190,204,219,231,258,258,355,355,367,367,382,398,16,16,16,28,79,106,119,119,119,149,149,149,149,149,17,52,52],"floor_reached":56,"language":"KOR","playtime":2504,"items_purged":["Strike_R","Reckless Charge","Bash","Immolate"],"score":1537,"play_id":"6d8c03cc-e85f-4d85-a2a4-3c4874422a30","local_time":"20210210010612","is_ascension_mode":true,"campfire_choices":[{"data":"Battle Trance","floor":6.0,"key":"SMITH"},{"data":"Armaments","floor":10.0,"key":"SMITH"},{"data":"Inflame","floor":15.0,"key":"SMITH"},{"floor":24.0,"key":"RECALL"},{"data":"Offering","floor":32.0,"key":"SMITH"},{"data":"Panacea","floor":40.0,"key":"SMITH"},{"data":"Limit Break","floor":47.0,"key":"SMITH"},{"data":"Exhume","floor":49.0,"key":"SMITH"},{"data":"Secret Technique","floor":52.0,"key":"SMITH"}],"circlet_count":0,"master_deck":["Heavy Blade","Seeing Red","Spot Weakness","Battle Trance+1","Armaments+1","Sword Boomerang","Flex","Pummel","Inflame+1","Double Tap","Warcry","Demon Form","Double Tap","Headbutt","Offering+1","Blood for Blood","Pummel","Battle Trance","Ghostly","Ghostly","Ghostly","Ghostly","Ghostly","Feel No Pain+1","Limit Break+1","Feel No Pain","Heavy Blade+1","Panacea+1","Secret Technique+1","Exhume+1","Forethought"],"relics":["Burning Blood","Pear","Lantern","Orichalcum","Pandora\u0027s Box","Brimstone","Bag of Preparation","Art of War","Smiling Mask","Torii","Coffee Dripper","Eternal Feather","Bronze Scales","Pen Nib","Omamori","Sundial"],"acts_visited":["Exordium","TheCity","TheBeyond","TheEnding"],"potions_floor_usage":[55],"damage_taken":[{"damage":3.0,"enemies":"Small Slimes","floor":1.0,"turns":3.0},{"damage":6.0,"enemies":"Jaw Worm","floor":2.0,"turns":4.0},{"damage":10.0,"enemies":"Cultist","floor":4.0,"turns":4.0},{"damage":31.0,"enemies":"Lagavulin","floor":7.0,"turns":4.0},{"damage":6.0,"enemies":"Exordium Thugs","floor":8.0,"turns":3.0},{"damage":0.0,"enemies":"3 Louse","floor":11.0,"turns":3.0},{"damage":2.0,"enemies":"2 Fungi Beasts","floor":12.0,"turns":3.0},{"damage":14.0,"enemies":"Gremlin Nob","floor":13.0,"turns":3.0},{"damage":14.0,"enemies":"Slime Boss","floor":16.0,"turns":7.0},{"damage":21.0,"enemies":"2 Thieves","floor":18.0,"turns":2.0},{"damage":4.0,"enemies":"3 Byrds","floor":22.0,"turns":3.0},{"damage":1.0,"enemies":"Book of Stabbing","floor":23.0,"turns":3.0},{"damage":6.0,"enemies":"Snake Plant","floor":25.0,"turns":2.0},{"damage":17.0,"enemies":"Slavers","floor":27.0,"turns":3.0},{"damage":6.0,"enemies":"Cultist and Chosen","floor":28.0,"turns":3.0},{"damage":1.0,"enemies":"Snecko","floor":29.0,"turns":5.0},{"damage":1.0,"enemies":"Snake Plant","floor":30.0,"turns":4.0},{"damage":6.0,"enemies":"Gremlin Leader","floor":31.0,"turns":4.0},{"damage":0.0,"enemies":"Automaton","floor":33.0,"turns":5.0},{"damage":0.0,"enemies":"3 Shapes","floor":35.0,"turns":2.0},{"damage":0.0,"enemies":"Orb Walker","floor":37.0,"turns":3.0},{"damage":6.0,"enemies":"Spire Growth","floor":38.0,"turns":3.0},{"damage":12.0,"enemies":"Sphere and 2 Shapes","floor":42.0,"turns":4.0},{"damage":6.0,"enemies":"Reptomancer","floor":44.0,"turns":2.0},{"damage":17.0,"enemies":"3 Darklings","floor":45.0,"turns":5.0},{"damage":1.0,"enemies":"Giant Head","floor":48.0,"turns":4.0},{"damage":18.0,"enemies":"Donu and Deca","floor":50.0,"turns":4.0},{"damage":6.0,"enemies":"Shield and Spear","floor":54.0,"turns":4.0},{"damage":10,"enemies":"The Heart","floor":55,"turns":5}],"seed_played":"-1523120341379432733","potions_obtained":[{"floor":1.0,"key":"Regen Potion"},{"floor":2.0,"key":"FairyPotion"},{"floor":4.0,"key":"ColorlessPotion"},{"floor":12.0,"key":"Dexterity Potion"},{"floor":18.0,"key":"SteroidPotion"},{"floor":48.0,"key":"DuplicationPotion"}],"is_trial":false,"path_per_floor":["M","M","?","M","?","R","E","M","T","R","M","M","E","$","R","B",null,"M","$","?","?","M","E","R","M","T","E","M","M","M","E","R","B",null,"M","?","M","M","$","R","$","M","T","E","M","?","R","E","R","B",null,"R","$","E","B",null],"character_chosen":"IRONCLAD","items_purchased":["Brimstone","Bag of Preparation","Eternal Feather","Panacea","Forethought"],"campfire_rested":0,"item_purchase_floors":[19,19,39,39,53],"current_hp_per_floor":[80,80,69,65,65,65,62,62,62,62,68,72,64,64,64,56,90,75,75,75,45,45,45,45,45,45,34,34,39,44,44,44,45,45,45,45,45,45,45,45,45,39,39,39,28,28,45,45,45,33,45,45,45,45,41],"gold":52,"neow_bonus":"THREE_CARDS","is_daily":false,"chose_seed":false,"campfire_upgraded":8,"win_rate":0.0,"timestamp":1612886772,"path_taken":["M","M","?","M","?","R","E","M","T","R","?","M","E","?","R","BOSS","M","$","?","?","M","E","R","?","T","E","M","M","M","E","R","BOSS","M","?","M","M","$","R","?","M","T","E","M","?","R","E","R","BOSS","R","$","E","BOSS"],"items_purchased_type":["Relic","Relic","Relic","Card","Card"],"build_version":"2020-12-22","purchased_purges":4,"victory":true,"max_hp_per_floor":[80,80,80,80,80,80,90,90,90,90,90,90,90,90,90,90,90,90,90,90,45,45,45,45,45,45,45,45,45,45,45,45,45,45,45,45,45,45,45,45,45,45,45,45,45,45,45,45,45,45,45,45,45,45,45],"card_choices":[{"not_picked":["Clash","Body Slam"],"picked":"Heavy Blade","floor":0.0},{"not_picked":["Sever Soul","Shrug It Off"],"picked":"Seeing Red","floor":1.0},{"not_picked":["Heavy Blade","Clothesline"],"picked":"Spot Weakness","floor":2.0},{"not_picked":["Pommel Strike","Cleave"],"picked":"Battle Trance","floor":4.0},{"not_picked":["Sentinel","Havoc"],"picked":"Armaments","floor":7.0},{"not_picked":["Metallicize","Thunderclap"],"picked":"Sword Boomerang","floor":8.0},{"not_picked":["Evolve","Exhume"],"picked":"Flex","floor":11.0},{"not_picked":["Warcry","Pommel Strike"],"picked":"Pummel","floor":12.0},{"not_picked":["Sever Soul","Heavy Blade"],"picked":"Inflame","floor":13.0},{"not_picked":["Bludgeon","Offering"],"picked":"Double Tap","floor":16.0},{"not_picked":["Disarm","Headbutt"],"picked":"Pummel","floor":18.0},{"not_picked":["True Grit","Twin Strike","Clothesline"],"picked":"SKIP","floor":22.0},{"not_picked":["Double Tap","Perfected Strike"],"picked":"Feel No Pain+1","floor":23.0},{"not_picked":["Clash+1","Armaments","Cleave+1"],"picked":"SKIP","floor":25.0},{"not_picked":["Pommel Strike","Bludgeon","Wild Strike"],"picked":"SKIP","floor":27.0},{"not_picked":["Sentinel+1","Clash","Disarm+1"],"picked":"SKIP","floor":28.0},{"not_picked":["True Grit","Armaments","Body Slam"],"picked":"SKIP","floor":29.0},{"not_picked":["True Grit","Inflame+1","Clash"],"picked":"SKIP","floor":30.0},{"not_picked":["Clothesline","Thunderclap+1","Sword Boomerang+1"],"picked":"SKIP","floor":31.0},{"not_picked":["Bludgeon","Offering"],"picked":"Limit Break","floor":33.0},{"not_picked":["Searing Blow","Havoc","Dual Wield"],"picked":"SKIP","floor":35.0},{"not_picked":["Sword Boomerang","Perfected Strike+1","Clothesline"],"picked":"SKIP","floor":37.0},{"not_picked":["Hemokinesis+1","Flame Barrier+1"],"picked":"Heavy Blade+1","floor":38.0},{"not_picked":["Clash","Body Slam","Sword Boomerang+1"],"picked":"SKIP","floor":42.0},{"not_picked":["Clash","Body Slam","Sword Boomerang+1"],"picked":"SKIP","floor":42.0},{"not_picked":["Pommel Strike+1","Uppercut+1","Clothesline"],"picked":"SKIP","floor":44.0},{"not_picked":["Cleave","Carnage","Pommel Strike"],"picked":"SKIP","floor":45.0},{"not_picked":["Flash of Steel","Panache"],"picked":"Secret Technique","floor":46.0},{"not_picked":["Flame Barrier+1","Metallicize"],"picked":"Exhume","floor":48.0},{"not_picked":["Anger","Uppercut","Carnage"],"picked":"SKIP","floor":54.0}],"player_experience":438631,"relics_obtained":[{"floor":7.0,"key":"Pear"},{"floor":9.0,"key":"Lantern"},{"floor":13.0,"key":"Orichalcum"},{"floor":23.0,"key":"Art of War"},{"floor":27.0,"key":"Smiling Mask"},{"floor":31.0,"key":"Torii"},{"floor":43.0,"key":"Bronze Scales"},{"floor":44.0,"key":"Pen Nib"},{"floor":48.0,"key":"Omamori"},{"floor":54.0,"key":"Sundial"}],"event_choices":[{"damage_healed":0.0,"max_hp_gain":0.0,"max_hp_loss":0.0,"gold_gain":75.0,"event_name":"World of Goop","player_choice":"Gather Gold","floor":3.0,"gold_loss":0.0,"damage_taken":11.0},{"damage_healed":0.0,"max_hp_gain":0.0,"max_hp_loss":0.0,"gold_gain":0.0,"event_name":"Match and Keep!","player_choice":"1 cards matched","floor":5.0,"gold_loss":0.0,"damage_taken":0.0,"cards_obtained":["Immolate"]},{"damage_healed":0.0,"max_hp_gain":0.0,"max_hp_loss":0.0,"gold_gain":0.0,"event_name":"The Library","player_choice":"Read","floor":20.0,"gold_loss":0.0,"damage_taken":0.0,"cards_obtained":["Battle Trance"]},{"damage_healed":0.0,"max_hp_gain":0.0,"max_hp_loss":45.0,"gold_gain":0.0,"event_name":"Ghosts","player_choice":"Became a Ghost","floor":21.0,"gold_loss":0.0,"damage_taken":0.0,"cards_obtained":["Ghostly","Ghostly","Ghostly","Ghostly","Ghostly"]},{"damage_healed":0.0,"max_hp_gain":0.0,"max_hp_loss":0.0,"gold_gain":0.0,"cards_transformed":["Shockwave"],"event_name":"Transmorgrifier","player_choice":"Transformed","floor":36.0,"gold_loss":0.0,"damage_taken":0.0,"cards_obtained":["Feel No Pain"]},{"damage_healed":0.0,"max_hp_gain":0.0,"max_hp_loss":0.0,"gold_gain":0.0,"event_name":"SensoryStone","player_choice":"Memory 1","floor":46.0,"gold_loss":0.0,"damage_taken":0.0}],"is_beta":false,"boss_relics":[{"not_picked":["Snecko Eye","Fusion Hammer"],"picked":"Pandora\u0027s Box"},{"not_picked":["Busted Crown","Astrolabe"],"picked":"Coffee Dripper"}],"items_purged_floors":[14,19,39,53],"is_endless":false,"potions_floor_spawned":[1,2,4,12,13,18,23,27,29,30,33,35,38,48],"ascension_level":1}}