{"host":"odhb85ppoyjrwi3n","time":1612900403,"event":{"mods":["BaseMod","Better Third Choice","BetterRewards","Bossed Relics","Minty Spire (QoL Compilation)","Quick Restart","StSLib"],"gold_per_floor":[116,132,82,82,82,113,132,156,156,172,172,206,220,241,241,365,365,385,385,71,90,106,106,140,140,166,166,166,166,198,209,209,209,209],"floor_reached":33,"language":"ENG","playtime":1551,"items_purged":["Strike_R"],"score":341,"play_id":"bed9e943-f90b-471b-ae45-17f8ced2f3df","local_time":"20210209205323","is_ascension_mode":true,"campfire_choices":[{"data":"Shrug It Off","floor":11,"key":"SMITH"},{"floor":15,"key":"REST"},{"floor":23,"key":"REST"},{"floor":27,"key":"REST"},{"data":"Flex","floor":29,"key":"SMITH"},{"floor":32,"key":"REST"}],"circlet_count":0,"master_deck":["Strike_R","Strike_R","Strike_R+1","Defend_R","Defend_R","Defend_R","Bash+1","Heavy Blade","Heavy Blade","Shrug It Off+1","Inflame","Cleave","Second Wind","Feed","Flex+1","Havoc+1","Rage+1","Flex+1"],"relics":["Burning Blood","NeowsBlessing","Bloody Idol","Du-Vu Doll","White Beast Statue","Sundial","Kunai","Runic Cube","Spirit Poop","Singing Bowl","Toxic Egg 2","Whetstone","Mummified Hand"],"acts_visited":["Exordium","TheCity"],"potions_floor_usage":[8,12,14,16,18,22,24,31,31,33],"damage_taken":[{"damage":0,"enemies":"Small Slimes","floor":1,"turns":1},{"damage":0,"enemies":"2 Louse","floor":2,"turns":1},{"damage":5,"enemies":"3 Sentries","floor":6,"turns":2},{"damage":0,"enemies":"Cultist","floor":7,"turns":3},{"damage":5,"enemies":"Gremlin Gang","floor":8,"turns":5},{"damage":9,"enemies":"2 Fungi Beasts","floor":10,"turns":4},{"damage":16,"enemies":"Gremlin Nob","floor":12,"turns":3},{"damage":5,"enemies":"Large Slime","floor":13,"turns":6},{"damage":14,"enemies":"Lots of Slimes","floor":14,"turns":2},{"damage":43,"enemies":"Slime Boss","floor":16,"turns":8},{"damage":11,"enemies":"Shell Parasite","floor":18,"turns":5},{"damage":19,"enemies":"Spheric Guardian","floor":21,"turns":5},{"damage":21,"enemies":"Chosen and Byrds","floor":22,"turns":6},{"damage":40,"enemies":"Slavers","floor":24,"turns":4},{"damage":48,"enemies":"Gremlin Leader","floor":30,"turns":6},{"damage":24,"enemies":"Snake Plant","floor":31,"turns":3},{"damage":59,"enemies":"Champ","floor":33,"turns":11}],"seed_played":"1657933905616084848","potions_obtained":[{"floor":2,"key":"BlessingOfTheForge"},{"floor":7,"key":"AttackPotion"},{"floor":8,"key":"CultistPotion"},{"floor":10,"key":"LiquidMemories"},{"floor":12,"key":"ElixirPotion"},{"floor":13,"key":"Fire Potion"},{"floor":14,"key":"Ancient Potion"},{"floor":16,"key":"ColorlessPotion"},{"floor":18,"key":"SneckoOil"},{"floor":21,"key":"Strength Potion"},{"floor":22,"key":"SpeedPotion"},{"floor":24,"key":"FearPotion"},{"floor":30,"key":"DistilledChaos"},{"floor":31,"key":"EssenceOfSteel"}],"is_trial":false,"path_per_floor":["M","M","?","?","?","E","M","M","T","M","R","E","M","M","R","B",null,"M","?","$","M","M","R","E","?","T","R","?","R","E","M","R","B"],"character_chosen":"IRONCLAD","items_purchased":["Singing Bowl"],"campfire_rested":4,"item_purchase_floors":[20],"current_hp_per_floor":[80,80,80,80,80,80,80,80,80,77,77,67,68,60,80,43,80,75,75,75,64,52,77,48,48,53,80,80,80,43,30,57,0,0],"gold":209,"neow_bonus":"THREE_ENEMY_KILL","is_daily":false,"chose_seed":false,"campfire_upgraded":2,"win_rate":0.0,"timestamp":1612900403,"path_taken":["M","M","?","?","?","E","M","M","T","M","R","E","M","M","R","BOSS","M","?","$","M","?","R","E","?","T","R","?","R","E","M","R","BOSS"],"items_purchased_type":["Relic"],"build_version":"2020-12-22","purchased_purges":1,"victory":false,"max_hp_per_floor":[80,80,80,80,80,80,80,80,80,80,80,80,80,80,80,80,80,80,80,80,82,85,85,90,90,90,90,90,90,90,90,90,90,90],"card_choices":[{"not_picked":["Clash","Havoc"],"picked":"Heavy Blade","floor":1},{"not_picked":["Havoc","Headbutt"],"picked":"Heavy Blade","floor":2},{"not_picked":["True Grit","Pommel Strike"],"picked":"Shrug It Off","floor":6},{"not_picked":["Berserk","Pommel Strike"],"picked":"Inflame","floor":7},{"not_picked":["Heavy Blade","Clash","Wild Strike"],"picked":"SKIP","floor":8},{"not_picked":["Sentinel","Ghostly Armor"],"picked":"Cleave","floor":10},{"not_picked":["Iron Wave","Disarm"],"picked":"Second Wind","floor":12},{"not_picked":["Anger","Uppercut","Headbutt"],"picked":"SKIP","floor":13},{"not_picked":["Exhume","Havoc","Entrench"],"picked":"SKIP","floor":14},{"not_picked":["Reaper","Exhume"],"picked":"Feed","floor":16},{"not_picked":["Clash","Carnage+1","Twin Strike"],"picked":"SKIP","floor":18},{"not_picked":["Burning Pact","Carnage","True Grit"],"picked":"Singing Bowl","floor":21},{"not_picked":["Anger","Wild Strike"],"picked":"Flex","floor":22},{"not_picked":["Sword Boomerang+1","Cleave+1","Pummel"],"picked":"Singing Bowl","floor":24},{"not_picked":["Seeing Red+1","True Grit+1"],"picked":"Rage+1","floor":30},{"not_picked":["Thunderclap","Perfected Strike"],"picked":"Flex+1","floor":31}],"player_experience":144374,"relics_obtained":[{"floor":6,"key":"White Beast Statue"},{"floor":9,"key":"Sundial"},{"floor":12,"key":"Kunai"},{"floor":24,"key":"Toxic Egg 2"},{"floor":26,"key":"Whetstone"},{"floor":30,"key":"Mummified Hand"}],"event_choices":[{"cards_removed":["Strike_R"],"damage_healed":0,"gold_gain":0,"player_choice":"Card Removal","damage_taken":0,"max_hp_gain":0,"max_hp_loss":0,"event_name":"The Cleric","floor":3,"gold_loss":50},{"damage_healed":0,"gold_gain":0,"player_choice":"Take Wound","damage_taken":0,"relics_obtained":["Golden Idol"],"max_hp_gain":0,"max_hp_loss":0,"event_name":"Golden Idol","floor":4,"gold_loss":0,"cards_obtained":["Injury"]},{"damage_healed":0,"gold_gain":0,"player_choice":"Gave Potion","damage_taken":0,"relics_obtained":["Du-Vu Doll"],"max_hp_gain":0,"max_hp_loss":0,"event_name":"WeMeetAgain","floor":5,"gold_loss":0},{"cards_removed":["Injury"],"damage_healed":0,"gold_gain":0,"player_choice":"Offered Curse","damage_taken":0,"relics_obtained":["Spirit Poop"],"max_hp_gain":0,"max_hp_loss":0,"event_name":"Bonfire Elementals","floor":19,"gold_loss":0},{"damage_healed":0,"gold_gain":0,"player_choice":"Gave Idol","damage_taken":0,"relics_obtained":["Bloody Idol"],"max_hp_gain":0,"max_hp_loss":0,"event_name":"Forgotten Altar","floor":25,"relics_lost":["Golden Idol"],"gold_loss":0},{"damage_healed":0,"gold_gain":0,"cards_transformed":["Defend_R"],"player_choice":"Transformed","damage_taken":0,"max_hp_gain":0,"max_hp_loss":0,"event_name":"Transmorgrifier","floor":28,"gold_loss":0,"cards_obtained":["Havoc"]}],"is_beta":false,"boss_relics":[{"not_picked":["SacredBark","SlaversCollar"],"picked":"Runic Cube"}],"items_purged_floors":[20],"is_endless":false,"potions_floor_spawned":[2,7,8,10,12,13,14,16,18,21,22,24,30,31],"killed_by":"Champ","ascension_level":3}}