{"host":"2lvuisjyit3p3u01","time":1612900259,"event":{"mods":["Act Like it!","BaseMod","Bestiary","Better Synergies","Bossed Relics","CapriCore","Colored Map","Colored Powertips","Duelist Mod","GifTheSpireLib","Minty Spire (QoL Compilation)","Quick Restart","Replay The Spire","StSLib"],"gold_per_floor":[138,155,155,255,280,280,295,339,339,352,352,390,414,55,55,179,179,198,198,113,313,313,357,357,357,403,434,434,478,503,564,564,710,710,729,729,116,35,35,35,93,107,107,107,107,150,191,101,101,121],"floor_reached":51,"language":"ENG","playtime":2021,"items_purged":["theDuelist:CurseAnubis"],"score":1580,"play_id":"313fe46f-9561-42e6-b692-b457e6bda236","local_time":"20210209215059","is_ascension_mode":true,"campfire_choices":[{"data":"theDuelist:MirageDragon","floor":6,"key":"SMITH"},{"data":"theDuelist:BlockGolem","floor":11,"key":"SMITH"},{"data":"theDuelist:CyberDragonCore","floor":15,"key":"SMITH"},{"data":"theDuelist:CyberDragonSieger","floor":24,"key":"SMITH"},{"data":"theDuelist:Nameless:Power:AssaultArmor","floor":32,"key":"SMITH"},{"data":"theDuelist:GravityLash","floor":40,"key":"SMITH"},{"data":"theDuelist:DragonMastery","floor":45,"key":"SMITH"},{"data":"theDuelist:CoralDragon","floor":49,"key":"SMITH"}],"circlet_count":0,"master_deck":["AscendersBane","theDuelist:BabyDragon+1","theDuelist:CaveDragon","theDuelist:CaveDragon","theDuelist:LesserDragon+1","theDuelist:LesserDragon+1","theDuelist:Sparks","theDuelist:YamataDragon+1","theDuelist:MirageDragon+1","theDuelist:BlockGolem+1","theDuelist:WaterDragon","theDuelist:CyberDragonCore+1","theDuelist:ArmageddonDragonEmp","CurseOfTheBell","theDuelist:CyberDragonSieger+1","theDuelist:Kabazauls","theDuelist:Nameless:Power:AssaultArmor+1","theDuelist:Nameless:Greed:BerserkerCrush","theDuelist:Nameless:War:BlueEyes","theDuelist:GravityLash+1","theDuelist:TwinHeadedFire","theDuelist:CoralDragon+1","theDuelist:DragonMastery+1"],"relics":["theDuelist:MillenniumPuzzle","theDuelist:CardPoolRelic","theDuelist:CardPoolBasicRelic","theDuelist:BoosterPackPoolRelic","theDuelist:CardPoolAddRelic","theDuelist:CardPoolMinusRelic","theDuelist:CardPoolSaveRelic","theDuelist:CardPoolOptionsRelic","Golden Idol","HornCleat","Ornamental Fan","Meat on the Bone","theDuelist:TrapVortex","Lantern","Calling Bell","theDuelist:MillenniumRing","Juzu Bracelet","Replay:Byrd Feeder","theDuelist:GiftAnubis","theDuelist:MillenniumCoin","theDuelist:ElectricBurst","Vajra","Whetstone","PreservedInsect","Sozu","theDuelist:ShopToken","Omamori","Lizard Tail","Carrot","Letter Opener","theDuelist:MillenniumRod"],"acts_visited":["Exordium","TheCity","TheBeyond"],"potions_floor_usage":[16,16,33,33,41],"damage_taken":[{"damage":0,"enemies":"Cultist","floor":1,"turns":2},{"damage":0,"enemies":"Small Slimes","floor":2,"turns":3},{"damage":2,"enemies":"2 Louse","floor":5,"turns":2},{"damage":10,"enemies":"Lots of Slimes","floor":7,"turns":6},{"damage":1,"enemies":"Lagavulin","floor":8,"turns":4},{"damage":3,"enemies":"3 Louse","floor":10,"turns":4},{"damage":0,"enemies":"3 Sentries","floor":12,"turns":5},{"damage":0,"enemies":"Looter","floor":13,"turns":2},{"damage":0,"enemies":"Fading Forest","floor":16,"turns":11},{"damage":0,"enemies":"Shell Parasite","floor":18,"turns":2},{"damage":3,"enemies":"theDuelist:KaibaA2","floor":23,"turns":3},{"damage":0,"enemies":"Gremlin Leader","floor":27,"turns":3},{"damage":1,"enemies":"Spheric Guardian","floor":29,"turns":2},{"damage":10,"enemies":"Snake Plant","floor":30,"turns":2},{"damage":17,"enemies":"Slavers","floor":31,"turns":4},{"damage":21,"enemies":"Collector","floor":33,"turns":6},{"damage":0,"enemies":"3 Shapes","floor":35,"turns":2},{"damage":4,"enemies":"Nemesis","floor":41,"turns":3},{"damage":0,"enemies":"Orb Walker","floor":42,"turns":3},{"damage":0,"enemies":"R_Hoarder","floor":46,"turns":3},{"damage":0,"enemies":"Maw","floor":47,"turns":3},{"damage":47,"enemies":"Time Eater","floor":50,"turns":6}],"seed_played":"-4968763035918920140","potions_obtained":[{"floor":7,"key":"PowerPotion"},{"floor":8,"key":"theDuelist:DragonOrbPlusBottle"},{"floor":23,"key":"theDuelist:BabyPotion"},{"floor":29,"key":"theDuelist:SummonArmorPotion"},{"floor":31,"key":"theDuelist:WhiteBottle"},{"floor":33,"key":"theDuelist:BurningPotion"}],"is_trial":false,"path_per_floor":["M","M","?","?","M","R","M","E","T","M","R","E","M","$","R","B",null,"M","?","?","?","?","E","R","?","T","E","?","M","M","E","R","B",null,"M","?","$","?","?","R","E","M","T","?","R","E","M","?","R","B",null],"character_chosen":"THE_DUELIST","items_purchased":["theDuelist:CyberneticRevolution","theDuelist:TrapVortex","Lantern","theDuelist:ShopToken","Omamori","Lizard Tail","theDuelist:TwinHeadedFire"],"campfire_rested":0,"item_purchase_floors":[14,14,14,37,37,37,37],"current_hp_per_floor":[72,72,72,72,70,70,60,59,59,56,56,56,56,56,56,68,73,73,73,73,73,73,70,70,70,70,70,85,84,74,57,57,48,79,79,79,79,79,79,79,75,75,75,75,75,75,75,75,75,40],"gold":121,"neow_bonus":"RANDOM_EVENT","is_daily":false,"chose_seed":false,"campfire_upgraded":8,"win_rate":0.0,"timestamp":1612900259,"path_taken":["M","?","?","?","M","R","M","E","T","?","R","E","M","$","R","BOSS","M","?","?","?","?","E","R","?","T","E","?","M","M","E","R","BOSS","M","?","$","?","?","R","E","M","T","?","R","E","M","?","R","BOSS"],"items_purchased_type":["Card","Relic","Relic","Relic","Relic","Relic","Card"],"build_version":"2020-12-22","purchased_purges":1,"victory":true,"max_hp_per_floor":[80,80,74,74,74,74,74,74,74,74,74,74,74,74,74,74,74,74,74,74,74,74,74,74,74,74,74,89,89,89,89,89,89,89,89,85,85,85,85,85,85,85,85,85,85,85,85,85,85,85],"card_choices":[{"not_picked":["theDuelist:BlackBrutdrago","theDuelist:Duoterion","theDuelist:SphereChaos","theDuelist:AncientPixieDragon"],"picked":"theDuelist:MirageDragon","floor":1},{"not_picked":["theDuelist:BattleguardKing","theDuelist:Hinotama","theDuelist:RainbowOverdragon","theDuelist:LightningDarts","theDuelist:SmashingGround"],"picked":"SKIP","floor":2},{"not_picked":["theDuelist:LightningDarts","theDuelist:HarpieFeather","theDuelist:Mausoleum","theDuelist:RainbowBridge"],"picked":"theDuelist:BlockGolem","floor":5},{"not_picked":["theDuelist:BusterDrake","theDuelist:DefenseDraw","theDuelist:MoltenDestruction","theDuelist:VolcanicEruption","theDuelist:DefenseZone"],"picked":"SKIP","floor":7},{"not_picked":["theDuelist:ArmedProtectorDragon","theDuelist:CyberDragonInfinity","theDuelist:QueenDragunDjinn","theDuelist:SeismicShockwave"],"picked":"theDuelist:WaterDragon","floor":8},{"not_picked":["theDuelist:CastleDragonSouls","theDuelist:MiraculousDescent","theDuelist:ThreateningRoar","theDuelist:TyrantWing"],"picked":"theDuelist:BurstBreath","floor":10},{"not_picked":["theDuelist:MirageDragon","theDuelist:BusterDrake","theDuelist:CyberDinosaur","theDuelist:ScrapIronScarecrow","theDuelist:SoulCharge"],"picked":"SKIP","floor":12},{"not_picked":["theDuelist:BlackBrutdrago","theDuelist:Anthrosaurus","theDuelist:Kabazauls","theDuelist:DarkstormDragon"],"picked":"theDuelist:CyberDragonCore","floor":13},{"not_picked":["theDuelist:ArmedProtectorDragon","theDuelist:BSkullDragon","theDuelist:ChimeratechOverdragon","theDuelist:Lancephorhynchus"],"picked":"theDuelist:ArmageddonDragonEmp","floor":16},{"not_picked":["theDuelist:Berserking","theDuelist:CyberLaserDragon","theDuelist:SystemDown"],"picked":"theDuelist:CyberDragonSieger","floor":18},{"not_picked":["theDuelist:Beatraptor","theDuelist:BlackStego","theDuelist:DarkHorus","theDuelist:MirageDragon","theDuelist:CyberEndDragon"],"picked":"SKIP","floor":23},{"not_picked":["theDuelist:MadFlameKaiju","theDuelist:VoidOgreDragon","theDuelist:ArmedDragon3","theDuelist:ExploderDragon","theDuelist:DoomkaiserDragon"],"picked":"SKIP","floor":27},{"not_picked":["theDuelist:DarkHorus","theDuelist:CyberDragonDrei","theDuelist:SnowDragon","theDuelist:HazyFlameHydra","theDuelist:DragonTreasure"],"picked":"SKIP","floor":29},{"not_picked":["Finesse+1","PanicButton","The Bomb","Violence+1"],"picked":"SKIP","floor":30},{"not_picked":["theDuelist:BlackBrutdrago","theDuelist:DarkHorus","theDuelist:CyberDragonVier","theDuelist:LavaDragon","theDuelist:DragonCaptureJar"],"picked":"SKIP","floor":31},{"not_picked":["theDuelist:BlasterDragonInfernos","theDuelist:LostWorld","theDuelist:OceanDragonLord","theDuelist:SurvivalFittest"],"picked":"theDuelist:GravityLash","floor":33},{"not_picked":["theDuelist:BusterBladerDDS","theDuelist:DarkstormDragon+1","theDuelist:BackgroundDragon+1","theDuelist:BlueEyesUltimate","theDuelist:StardustDragon"],"picked":"SKIP","floor":35},{"not_picked":["theDuelist:Beatraptor+1","theDuelist:MadSwordBeast+1","theDuelist:MirageDragon","theDuelist:TwinHeadedFire+1","theDuelist:BlizzardDragon"],"picked":"SKIP","floor":41},{"not_picked":["theDuelist:ChimeratechOverdragon","theDuelist:DefensiveTactics","theDuelist:WaterDragon","theDuelist:WingedDragonRa"],"picked":"theDuelist:DragonMastery","floor":42},{"not_picked":["Chrysalis","Master of Strategy","Swift Strike+1","The Bomb"],"picked":"SKIP","floor":46},{"not_picked":["theDuelist:BlacklandFireDragon","theDuelist:EvolutionBurst+1","theDuelist:Pyrorex+1","theDuelist:Sabersaurus","theDuelist:DragonTreasure+1"],"picked":"SKIP","floor":47}],"player_experience":327651,"relics_obtained":[{"floor":8,"key":"HornCleat"},{"floor":9,"key":"Ornamental Fan"},{"floor":12,"key":"Meat on the Bone"},{"floor":17,"key":"theDuelist:MillenniumRing"},{"floor":17,"key":"Juzu Bracelet"},{"floor":17,"key":"Replay:Byrd Feeder"},{"floor":23,"key":"Vajra"},{"floor":26,"key":"Whetstone"},{"floor":27,"key":"PreservedInsect"},{"floor":31,"key":"Tiny Chest"},{"floor":41,"key":"Carrot"},{"floor":43,"key":"Letter Opener"},{"floor":46,"key":"theDuelist:MillenniumRod"}],"event_choices":[{"damage_healed":0,"gold_gain":0,"player_choice":"Grow","damage_taken":0,"max_hp_gain":0,"max_hp_loss":0,"event_name":"Living Wall","floor":0,"gold_loss":0,"cards_upgraded":["theDuelist:BabyDragon"]},{"damage_healed":0,"gold_gain":0,"player_choice":"Lose Max HP","damage_taken":0,"relics_obtained":["Golden Idol"],"max_hp_gain":0,"max_hp_loss":6,"event_name":"Golden Idol","floor":3,"gold_loss":0},{"damage_healed":0,"gold_gain":100,"player_choice":"Gold","damage_taken":0,"max_hp_gain":0,"max_hp_loss":0,"event_name":"Wheel of Change","floor":4,"gold_loss":0},{"damage_healed":0,"gold_gain":0,"player_choice":"Ignored","damage_taken":0,"max_hp_gain":0,"max_hp_loss":0,"event_name":"Vampires","floor":19,"gold_loss":0},{"damage_healed":0,"gold_gain":0,"player_choice":"Obtained Relic","damage_taken":0,"relics_obtained":["theDuelist:GiftAnubis"],"max_hp_gain":0,"max_hp_loss":0,"event_name":"Addict","floor":20,"gold_loss":85},{"damage_healed":0,"gold_gain":0,"player_choice":"Took item - Received: Millennium Coin","duelist":true,"damage_taken":0,"max_hp_gain":0,"max_hp_loss":0,"event_name":"Millennium Items","floor":21,"gold_loss":0},{"damage_healed":0,"gold_gain":0,"player_choice":"Opened","damage_taken":0,"relics_obtained":["theDuelist:ElectricBurst"],"max_hp_gain":0,"max_hp_loss":0,"event_name":"The Mausoleum","floor":22,"gold_loss":0,"cards_obtained":["Writhe"]},{"damage_healed":0,"gold_gain":0,"player_choice":"Read","damage_taken":0,"max_hp_gain":0,"max_hp_loss":0,"event_name":"The Library","floor":25,"gold_loss":0,"cards_obtained":["theDuelist:Kabazauls"]},{"power_reward":4,"total_magic_score":46,"gold_gain":0,"greed_reward":4,"duelist":true,"damage_taken":0,"relics_obtained":[],"points":19,"war_reward":4,"max_hp_gain":15,"max_hp_loss":0,"spent_points":{"magic":3,"greed":4,"war":4,"power":4,"hunger":4},"event_name":"Nameless Tomb","hunger_reward":4,"floor":28,"gold_loss":0,"cards_obtained":["theDuelist:Nameless:Power:AssaultArmor","theDuelist:Nameless:Greed:BerserkerCrush","theDuelist:Nameless:War:BlueEyes"]},{"damage_healed":0,"gold_gain":0,"player_choice":"Max HP","damage_taken":0,"max_hp_gain":0,"max_hp_loss":4,"event_name":"Winding Halls","floor":36,"gold_loss":0},{"damage_healed":0,"gold_gain":0,"player_choice":"Purchased Coral Dragon for 81 Gold.","duelist":true,"damage_taken":0,"max_hp_gain":0,"max_hp_loss":0,"event_name":"Card Trader","floor":38,"gold_loss":0},{"damage_healed":0,"gold_gain":0,"player_choice":"Scored: 1147","duelist":true,"damage_taken":0,"max_hp_gain":0,"max_hp_loss":0,"event_name":"Visit from Anubis","floor":39,"gold_loss":0},{"cards_removed":["Writhe"],"damage_healed":0,"gold_gain":0,"player_choice":"Purged","damage_taken":0,"max_hp_gain":0,"max_hp_loss":0,"event_name":"Purifier","floor":44,"gold_loss":0},{"cards_removed":["theDuelist:Sparks"],"damage_healed":0,"gold_gain":0,"player_choice":"Upgrade and Remove","damage_taken":0,"max_hp_gain":0,"max_hp_loss":0,"event_name":"Designer","floor":48,"gold_loss":90,"cards_upgraded":["theDuelist:YamataDragon"]}],"is_beta":false,"boss_relics":[{"not_picked":["Replay:Ancient Bell","theDuelist:ElectricKey"],"picked":"Calling Bell"},{"not_picked":["Snecko Eye","Electric Blood"],"picked":"Sozu"}],"items_purged_floors":[37],"is_endless":false,"potions_floor_spawned":[7,8,10,23,29,31,33,42,46,47],"ascension_level":12}}