{"host":"coame8l8goqx0svj","time":1612880655,"event":{"mods":["BaseMod","Downfall","Minty Spire (QoL Compilation)","StSLib"],"gold_per_floor":[99,112,130,130,130,144,223,254,154,49,34,34,51,71,84,84,84,84],"floor_reached":16,"language":"ENG","playtime":860,"items_purged":[],"score":107,"play_id":"944c3b37-ecd0-44b1-82af-763cc0378b33","local_time":"20210209152415","is_ascension_mode":true,"campfire_choices":[{"data":"bronze:SpaghettiCode","floor":1,"key":"SMITH"},{"floor":9,"key":"REST"},{"floor":12,"key":"REST"}],"circlet_count":0,"master_deck":["bronze:Strike","bronze:Strike","bronze:Strike","bronze:Strike","bronze:Defend","bronze:Defend","bronze:Defend","bronze:Defend","bronze:Replicate+1","bronze:Goto","bronze:SpaghettiCode+1","bronze:ForceShield","bronze:WhirlingStrike","bronze:Flail","bronze:Shield+1","bronze:RecursiveStrike","expansioncontent:LastStand","bronze:WhirlingStrike","bronze:Optimize","bronze:BitShift+1","bronze:Verify"],"relics":["bronze:BronzeCore","Ornamental Fan","Toxic Egg 2","Regal Pillow","downfall:HeartBlessingGreen"],"acts_visited":["Exordium"],"potions_floor_usage":[8,16,16,16],"damage_taken":[{"damage":5,"enemies":"Small Slimes","floor":2,"turns":4},{"damage":0,"enemies":"2 Louse","floor":3,"turns":2},{"damage":5,"enemies":"Cultist","floor":6,"turns":4},{"damage":14,"enemies":"Gremlin Nob","floor":8,"turns":3},{"damage":0,"enemies":"downfall:FleeingMerchant","floor":10,"turns":4},{"damage":9,"enemies":"downfall:FleeingMerchant","floor":11,"turns":4},{"damage":3,"enemies":"Red Slaver","floor":13,"turns":2},{"damage":12,"enemies":"Blue Slaver","floor":14,"turns":3},{"damage":0,"enemies":"3 Louse","floor":15,"turns":1},{"damage":65,"enemies":"DF_ARCHETYPE_STREAMLINE","floor":16,"turns":6}],"seed_played":"-5460771641262068398","potions_obtained":[{"floor":2,"key":"PowerPotion"},{"floor":6,"key":"hexamod:SoulburnPotion"},{"floor":14,"key":"BlessingOfTheForge"},{"floor":15,"key":"PowerPotion"}],"is_trial":false,"path_per_floor":["R","M","M","?","?","M","T","E","R","$","$","R","M","M","M","B"],"character_chosen":"THE_AUTOMATON","items_purchased":["expansioncontent:LastStand"],"campfire_rested":2,"item_purchase_floors":[10],"current_hp_per_floor":[49,44,44,41,41,36,36,22,58,58,49,70,67,55,55,0,0,0],"gold":84,"neow_bonus":"THREE_RARE_CARDS","is_daily":false,"chose_seed":false,"campfire_upgraded":1,"win_rate":0.0,"timestamp":1612880655,"path_taken":["R","M","M","?","?","?","T","E","R","?","$","R","M","M","M","BOSS"],"items_purchased_type":["Card"],"build_version":"2020-12-22","purchased_purges":0,"victory":false,"max_hp_per_floor":[70,70,70,70,70,70,70,70,70,70,70,70,70,70,70,70,70,70],"card_choices":[{"not_picked":["bronze:Format","bronze:HardenedForm"],"picked":"bronze:SpaghettiCode","floor":0},{"not_picked":["bronze:Boost","bronze:DigitalCarnage"],"picked":"bronze:ForceShield","floor":2},{"not_picked":["bronze:Shield","bronze:Philosophize"],"picked":"bronze:WhirlingStrike","floor":3},{"not_picked":["bronze:Separator","bronze:Philosophize"],"picked":"bronze:Flail","floor":6},{"not_picked":["bronze:Frontload+1","bronze:Shell+1"],"picked":"bronze:Shield+1","floor":8},{"not_picked":["bronze:BronzeArmor+1","bronze:WildBeam"],"picked":"bronze:RecursiveStrike","floor":10},{"not_picked":["bronze:Frontload+1","bronze:NullPointer"],"picked":"bronze:WhirlingStrike","floor":11},{"not_picked":["bronze:Shield+1","bronze:Fortify"],"picked":"bronze:Optimize","floor":13},{"not_picked":["bronze:Frontload+1","bronze:Turbo+1"],"picked":"bronze:BitShift+1","floor":14},{"not_picked":["bronze:FineTuning+1","bronze:Turbo+1"],"picked":"bronze:Verify","floor":15}],"player_experience":1757463,"relics_obtained":[{"floor":7,"key":"Toxic Egg 2"},{"floor":8,"key":"Regal Pillow"}],"event_choices":[{"damage_healed":0,"gold_gain":0,"player_choice":"Success","damage_taken":3,"relics_obtained":["Ornamental Fan"],"max_hp_gain":0,"max_hp_loss":0,"event_name":"Scrap Ooze","floor":4,"gold_loss":0}],"is_beta":false,"boss_relics":[],"items_purged_floors":[],"is_endless":false,"potions_floor_spawned":[2,6,14,15],"killed_by":"DF_ARCHETYPE_STREAMLINE","ascension_level":1}}