{"host":"jt4xaqerixsfdsye","time":1612906321,"event":{"mods":["Astrologer","Bard","BaseMod","Downfall","Hermit","Minty Spire (QoL Compilation)","StSLib","The Bug Knight","The Cursed"],"gold_per_floor":[110,129,140,157,3,37,52,67,67,67,67,342,342,374,374,374,374],"floor_reached":16,"language":"ENG","playtime":1077,"items_purged":[],"score":137,"play_id":"583f0e4f-371a-49e2-bcd1-a4cbffa20272","local_time":"20210209223201","is_ascension_mode":false,"campfire_choices":[{"floor":13,"key":"REST"},{"data":"bard:Shifting","floor":15,"key":"SMITH"}],"circlet_count":0,"master_deck":["bard:Strike","bard:Strike","bard:Strike","bard:Strike","bard:Defend","bard:Defend","bard:Defend","bard:Defend","bard:Riposte","bard:Inspire","bard:Fermata","bard:EchoEcho","bard:FirstStrike","bard:FaerieFire","bard:Shifting+1","bard:Thunderwave","bard:SongBolt","bard:Aphasia","downfall:Haunted","downfall:Haunted","TheCursedMod:Dregs","bard:FingerOfDeath","Regret","bard:Sift"],"relics":["bard:PitchPipe","bard:BagPipes","NeowsBlessing","Bag of Preparation","Matryoshka","Darkstone Periapt","Sundial","Smiling Mask"],"acts_visited":["Exordium"],"potions_floor_usage":[6,16],"damage_taken":[{"damage":0,"enemies":"Cultist","floor":1,"turns":1},{"damage":0,"enemies":"2 Louse","floor":2,"turns":2},{"damage":0,"enemies":"Small Slimes","floor":3,"turns":1},{"damage":0,"enemies":"2 Fungi Beasts","floor":4,"turns":3},{"damage":20,"enemies":"3 Sentries","floor":6,"turns":8},{"damage":0,"enemies":"Large Slime","floor":7,"turns":3},{"damage":6,"enemies":"Lots of Slimes","floor":8,"turns":2},{"damage":31,"enemies":"Gremlin Nob","floor":14,"turns":5},{"damage":53,"enemies":"The Guardian","floor":16,"turns":7}],"seed_played":"5158083050986980648","potions_obtained":[{"floor":4,"key":"Dexterity Potion"},{"floor":7,"key":"sneckomod:MuddlingPotion"}],"is_trial":false,"path_per_floor":["M","M","M","M","$","E","M","M","T","?","?","?","R","E","R","B"],"character_chosen":"BARD","items_purchased":["bard:Shifting"],"campfire_rested":1,"item_purchase_floors":[5],"current_hp_per_floor":[70,70,70,70,70,50,50,44,44,62,50,56,84,53,53,0,0],"gold":374,"neow_bonus":"THREE_ENEMY_KILL","is_daily":false,"chose_seed":false,"campfire_upgraded":1,"win_rate":0.0,"timestamp":1612906321,"path_taken":["M","M","M","M","$","E","?","M","T","?","?","?","R","E","R","BOSS"],"items_purchased_type":["Card"],"build_version":"2020-12-22","purchased_purges":0,"victory":false,"max_hp_per_floor":[70,70,70,70,70,70,70,70,70,88,88,94,94,94,94,94,94],"card_choices":[{"not_picked":["bard:BucklerBash","bard:ViciousMockery"],"picked":"bard:Fermata","floor":1},{"not_picked":["bard:LifeDrain","bard:SongBolt"],"picked":"bard:EchoEcho","floor":2},{"not_picked":["bard:FeastOnFear","bard:PhantasmalForce"],"picked":"bard:FirstStrike","floor":3},{"not_picked":["bard:FeastOnFear","bard:LingeringEcho"],"picked":"bard:FaerieFire","floor":4},{"not_picked":["bard:HideousLaughter","bard:BucklerBash"],"picked":"bard:Thunderwave","floor":6},{"not_picked":["bard:Fermata","bard:PhantasmalForce"],"picked":"bard:SongBolt","floor":7},{"not_picked":["bard:Shifting","bard:Greatness"],"picked":"bard:Aphasia","floor":8},{"not_picked":["bard:ViciousMockery","bard:LocateObject"],"picked":"bard:Sift","floor":14}],"player_experience":205412,"relics_obtained":[{"floor":6,"key":"Bag of Preparation"},{"floor":9,"key":"Matryoshka"},{"floor":14,"key":"Smiling Mask"}],"event_choices":[{"damage_healed":0,"gold_gain":0,"player_choice":"Success","damage_taken":12,"relics_obtained":["Sundial"],"max_hp_gain":0,"max_hp_loss":0,"event_name":"Scrap Ooze","floor":11,"gold_loss":0},{"damage_healed":0,"gold_gain":275,"player_choice":"Desecrate","damage_taken":0,"max_hp_gain":0,"max_hp_loss":0,"event_name":"Golden Shrine","floor":12,"gold_loss":0,"cards_obtained":["Regret"]}],"is_beta":false,"boss_relics":[],"items_purged_floors":[],"is_endless":false,"potions_floor_spawned":[4,7],"killed_by":"The Guardian","ascension_level":0}}