{"host":"18wi9kpcl4eah7pe","time":1612840693,"event":{"mods":["BaseMod","Colored Powertips","Downfall","Minty Spire (QoL Compilation)","StSLib"],"gold_per_floor":[99,110,125,137,122,135,159,196,218,218,259,280,130,150,178,178,178,178],"floor_reached":16,"language":"ENG","playtime":816,"items_purged":[],"score":145,"play_id":"8355fa4d-a493-433b-8d9e-a1ba180052b9","local_time":"20210208211813","is_ascension_mode":true,"campfire_choices":[{"floor":1,"key":"RECALL"}],"circlet_count":0,"master_deck":["bronze:Strike","bronze:Strike","bronze:Strike","bronze:Strike","bronze:Defend","bronze:Defend","bronze:Defend","bronze:Defend","bronze:Replicate","bronze:Goto","bronze:Separator","bronze:FollowUp","bronze:GetLatest","bronze:CloningBeam","bronze:BronzeOrb","bronze:BurnOut","bronze:NullPointer","bronze:WildBeam","bronze:ChosenStrike","bronze:DelayedSlice","bronze:Fortify","bronze:BuggyMess"],"relics":["bronze:BronzeCore","CeramicFish","bronze:SilverBullet","Dream Catcher","Regal Pillow"],"acts_visited":["Exordium"],"potions_floor_usage":[11,16],"damage_taken":[{"damage":4,"enemies":"Cultist","floor":2,"turns":5},{"damage":4,"enemies":"Jaw Worm","floor":3,"turns":5},{"damage":10,"enemies":"Small Slimes","floor":4,"turns":2},{"damage":5,"enemies":"downfall:FleeingMerchant","floor":5,"turns":4},{"damage":13,"enemies":"Exordium Wildlife","floor":6,"turns":4},{"damage":10,"enemies":"Gremlin Nob","floor":8,"turns":3},{"damage":5,"enemies":"Gremlin Gang","floor":9,"turns":3},{"damage":4,"enemies":"3 Sentries","floor":11,"turns":3},{"damage":6,"enemies":"Exordium Thugs","floor":12,"turns":4},{"damage":9,"enemies":"downfall:FleeingMerchant","floor":13,"turns":4},{"damage":0,"enemies":"Blue Slaver","floor":14,"turns":1},{"damage":12,"enemies":"Exordium Wildlife","floor":15,"turns":2},{"damage":30,"enemies":"WA_ARCHETYPE_RETAIN","floor":16,"turns":4}],"seed_played":"-3324079183697962517","potions_obtained":[{"floor":4,"key":"sneckomod:MuddlingPotion"},{"floor":6,"key":"EssenceOfSteel"},{"floor":8,"key":"bronze:BurnAndBuffPotion"},{"floor":15,"key":"Dexterity Potion"}],"is_trial":false,"path_per_floor":["R","M","M","M","$","M","T","E","M","?","E","M","$","M","M","B"],"character_chosen":"THE_AUTOMATON","items_purchased":["Regal Pillow"],"campfire_rested":0,"item_purchase_floors":[13],"current_hp_per_floor":[77,73,69,59,54,41,41,31,26,51,47,41,32,32,20,0,0,0],"gold":178,"neow_bonus":"TEN_PERCENT_HP_BONUS","is_daily":false,"chose_seed":false,"campfire_upgraded":0,"win_rate":0.0,"timestamp":1612840693,"path_taken":["R","M","M","?","$","M","T","E","M","?","E","M","$","M","M","BOSS"],"items_purchased_type":["Relic"],"build_version":"2020-12-22","purchased_purges":0,"victory":false,"max_hp_per_floor":[77,77,77,77,77,77,77,77,77,77,77,77,77,77,77,77,77,77],"card_choices":[{"not_picked":["bronze:Deprecate","bronze:Philosophize"],"picked":"bronze:Separator","floor":2},{"not_picked":["bronze:Invalidate","bronze:ForceShield"],"picked":"bronze:FollowUp","floor":3},{"not_picked":["bronze:Frontload","bronze:NullPointer"],"picked":"bronze:GetLatest","floor":4},{"not_picked":["bronze:Deprecate","bronze:ForceShield"],"picked":"bronze:CloningBeam","floor":5},{"not_picked":["bronze:BitShift","bronze:BugBarrage"],"picked":"bronze:BronzeOrb","floor":6},{"not_picked":["bronze:Branch","bronze:ForceShield"],"picked":"bronze:BurnOut","floor":8},{"not_picked":["bronze:Separator","bronze:ForLoop"],"picked":"bronze:NullPointer","floor":9},{"not_picked":["bronze:BronzeOrb","bronze:DelayedSlice"],"picked":"bronze:WildBeam","floor":11},{"not_picked":["bronze:ForLoop","bronze:WhirlingStrike"],"picked":"bronze:ChosenStrike","floor":12},{"not_picked":["bronze:BuggyMess","bronze:GetLatest"],"picked":"bronze:DelayedSlice","floor":13},{"not_picked":["bronze:FineTuning","bronze:DelayedGuard"],"picked":"bronze:Fortify","floor":14},{"not_picked":["bronze:Deprecate","bronze:DelayedSlice"],"picked":"bronze:BuggyMess","floor":15}],"player_experience":1004135,"relics_obtained":[{"floor":7,"key":"CeramicFish"},{"floor":8,"key":"bronze:SilverBullet"},{"floor":11,"key":"Dream Catcher"}],"event_choices":[{"damage_healed":25,"gold_gain":0,"player_choice":"Banana","damage_taken":0,"max_hp_gain":0,"max_hp_loss":0,"event_name":"Big Fish","floor":10,"gold_loss":0}],"is_beta":false,"boss_relics":[],"items_purged_floors":[],"is_endless":false,"potions_floor_spawned":[4,6,8,15],"killed_by":"WA_ARCHETYPE_RETAIN","ascension_level":5}}