{"host":"tkinv8gv6hgcc58b","time":1612899882,"event":{"mods":["AchievementEnabler","BaseMod","BetterRewards","Colored Map","Downfall","Googly Eyes","Hermit","Minty Spire (QoL Compilation)","StSLib","The Cursed","The Disciple"],"gold_per_floor":[99,118,137,151,151,179,179,179,195,195,209,209,384,384,384,397,417,516,516,516,529,546,56,69,69,94,94,94,94,94,94,43,62,79,79,79,79],"floor_reached":35,"language":"ENG","playtime":1869,"items_purged":["downfall:Malfunctioning"],"score":336,"play_id":"49a76cae-1d4c-4abe-9218-1b329d262f46","local_time":"20210209144442","is_ascension_mode":true,"campfire_choices":[{"data":"bronze:Goto","floor":1.0,"key":"SMITH"},{"data":"bronze:BronzeOrb","floor":12.0,"key":"SMITH"},{"data":"bronze:Branch","floor":15.0,"key":"SMITH"},{"data":"bronze:AlphaBuild","floor":20.0,"key":"SMITH"},{"floor":29.0,"key":"REST"},{"floor":31.0,"key":"REST"}],"circlet_count":0,"master_deck":["bronze:Strike+1","bronze:Strike","bronze:Strike","bronze:Defend","bronze:Defend","bronze:Defend","bronze:Replicate+1","bronze:Goto+1","bronze:Branch+1","bronze:CutThrough","bronze:Constructor+1","bronze:BronzeOrb+1","bronze:Library+1","bronze:Repulsor+1","Doubt","bronze:BronzeArmor","bronze:GetLatest","bronze:Philosophize","bronze:AlphaBuild+1","bronze:Overheat","bronze:Branch+1","bronze:Format","Ghostly","Ghostly","Ghostly","Ghostly","Ghostly","bronze:Optimize+1"],"relics":["bronze:ElectromagneticCoil","CaptainsWheel","Unceasing Top","Frozen Egg 2","Busted Crown","Matryoshka","PreservedInsect","Omamori","Toy Ornithopter","Singing Bowl"],"acts_visited":["Exordium","TheCity"],"potions_floor_usage":[],"damage_taken":[{"damage":4.0,"enemies":"Jaw Worm","floor":2.0,"turns":4.0},{"damage":1.0,"enemies":"Cultist","floor":3.0,"turns":4.0},{"damage":0.0,"enemies":"2 Louse","floor":4.0,"turns":2.0},{"damage":15.0,"enemies":"Lagavulin","floor":6.0,"turns":7.0},{"damage":0.0,"enemies":"Blue Slaver","floor":9.0,"turns":3.0},{"damage":1.0,"enemies":"Exordium Wildlife","floor":11.0,"turns":5.0},{"damage":0.0,"enemies":"Large Slime","floor":16.0,"turns":5.0},{"damage":4.0,"enemies":"Red Slaver","floor":17.0,"turns":3.0},{"damage":20.0,"enemies":"DF_ARCHETYPE_STREAMLINE","floor":18.0,"turns":9.0},{"damage":45.0,"enemies":"Chosen","floor":21.0,"turns":6.0},{"damage":1.0,"enemies":"Spheric Guardian","floor":22.0,"turns":4.0},{"damage":10.0,"enemies":"downfall:FleeingMerchant","floor":23.0,"turns":4.0},{"damage":12.0,"enemies":"Centurion and Healer","floor":24.0,"turns":4.0},{"damage":0.0,"enemies":"downfall:FleeingMerchant","floor":32.0,"turns":4.0},{"damage":12.0,"enemies":"Shelled Parasite and Fungi","floor":33.0,"turns":6.0},{"damage":0.0,"enemies":"Snecko","floor":34.0,"turns":5.0},{"damage":21,"enemies":"IC_MUSHROOM_ARCHETYPE","floor":35,"turns":6}],"seed_played":"8232397731844335695","potions_obtained":[{"floor":6.0,"key":"bronze:BuildAFunctionPotion"},{"floor":9.0,"key":"FearPotion"},{"floor":16.0,"key":"Explosive Potion"},{"floor":17.0,"key":"ColorlessPotion"},{"floor":22.0,"key":"Explosive Potion"},{"floor":27.0,"key":"CultistPotion"}],"is_trial":false,"path_per_floor":["R","M","M","M","?","E","T","T","M","?","M","R","?","?","R","M","M","B",null,"R","M","M","$","M","?","T","?","?","R","T","R","$","M","M","B"],"character_chosen":"THE_AUTOMATON","items_purchased":["bronze:Format","Matryoshka","bronze:Optimize+1"],"campfire_rested":2,"item_purchase_floors":[23,23,32],"current_hp_per_floor":[70,66,65,65,65,50,50,50,50,50,49,49,49,49,49,49,45,25,70,70,25,24,14,2,2,2,2,2,12,12,22,24,14,21,0,0,0],"gold":79,"neow_bonus":"BOSS_RELIC","is_daily":false,"chose_seed":false,"campfire_upgraded":4,"win_rate":0.0,"timestamp":1612899882,"path_taken":["R","M","M","M","?","E","T","T","?","?","M","R","?","?","R","M","M","BOSS","R","M","M","$","M","?","T","?","?","R","?","R","$","M","M","BOSS"],"items_purchased_type":["Card","Relic","Card"],"build_version":"2020-12-22","purchased_purges":1,"victory":false,"max_hp_per_floor":[70,70,70,70,70,70,70,70,70,70,70,70,70,70,70,70,70,70,70,70,70,70,70,70,35,35,35,35,35,35,35,37,39,41,41,41,41],"card_choices":[{"not_picked":["bronze:Invalidate","bronze:WhirlingStrike"],"picked":"bronze:Branch","floor":2.0},{"not_picked":["bronze:Safeguard","bronze:WildBeam"],"picked":"bronze:CutThrough","floor":3.0},{"not_picked":["bronze:Philosophize","bronze:Refactor"],"picked":"bronze:Constructor","floor":4.0},{"not_picked":["bronze:DelayedGuard","bronze:Branch"],"picked":"bronze:BronzeOrb","floor":6.0},{"not_picked":["bronze:Repulsor+1","bronze:Return"],"picked":"bronze:Library+1","floor":9.0},{"not_picked":["bronze:Frontload","bronze:Branch"],"picked":"bronze:Repulsor+1","floor":11.0},{"not_picked":["bronze:CutThrough","bronze:Allocate"],"picked":"bronze:GetLatest","floor":16.0},{"not_picked":["bronze:BitShift","bronze:Constructor"],"picked":"bronze:Philosophize","floor":17.0},{"not_picked":["bronze:SpaghettiCode","bronze:ThunderWave"],"picked":"bronze:AlphaBuild","floor":18.0},{"not_picked":["bronze:Frontload"],"picked":"SKIP","floor":21.0},{"not_picked":[],"picked":"bronze:Overheat","floor":22.0},{"not_picked":[],"picked":"bronze:Branch+1","floor":23.0},{"not_picked":["bronze:WildBeam"],"picked":"SKIP","floor":24.0},{"not_picked":["bronze:Frontload"],"picked":"Singing Bowl","floor":32.0},{"not_picked":["bronze:ClassDefault+1"],"picked":"Singing Bowl","floor":33.0},{"not_picked":["bronze:OilSpill"],"picked":"Singing Bowl","floor":34.0}],"player_experience":1136263,"relics_obtained":[{"floor":6.0,"key":"CaptainsWheel"},{"floor":7.0,"key":"Unceasing Top"},{"floor":8.0,"key":"Frozen Egg 2"},{"floor":26.0,"key":"PreservedInsect"},{"floor":26.0,"key":"Omamori"},{"floor":30.0,"key":"Toy Ornithopter"},{"floor":30.0,"key":"Singing Bowl"}],"event_choices":[{"damage_healed":0.0,"max_hp_gain":0.0,"max_hp_loss":35.0,"gold_gain":0.0,"event_name":"Ghosts","player_choice":"Became a Ghost","floor":25.0,"gold_loss":0.0,"damage_taken":0.0,"cards_obtained":["Ghostly","Ghostly","Ghostly","Ghostly","Ghostly"]},{"damage_healed":0.0,"max_hp_gain":0.0,"max_hp_loss":0.0,"gold_gain":0.0,"event_name":"Vampires","player_choice":"Ignored","floor":28.0,"gold_loss":0.0,"damage_taken":0.0}],"is_beta":false,"boss_relics":[{"not_picked":["Sozu","Pandora\u0027s Box"],"picked":"Busted Crown"}],"items_purged_floors":[23],"is_endless":false,"potions_floor_spawned":[6,9,16,17,18,22],"killed_by":"IC_MUSHROOM_ARCHETYPE","ascension_level":4}}