{"host":"hf83sijwe64ts2lm","time":1612833527,"event":{"mods":["2.2 Compatiblity","BaseMod","Better Altar","Better Match","Better Note","Better Sensory Stone","Better Skull","Better Third Choice","Colored Map","Colored Powertips","Highlight Path","Hubris","Infinite Spire","Minty Spire (QoL Compilation)","Quick Restart","Rare Cards Sparkle","Relic Stats","Reliquary","Replay The Spire","Shop Mod","Spicy Shops","Spire Arcade","StSLib","Thieving Mod"],"gold_per_floor":[115,115,133,144,144,144,177,189,257,277,277,288,288,253,253,356,356,367,349,39,59,1,1,11,11,11,11,23,23,41,41,41],"floor_reached":31,"language":"ENG","playtime":813,"items_purged":["hubris:Disease"],"score":275,"play_id":"577858e1-8ead-4a9f-ae3c-848ccb83a934","local_time":"20210208201847","is_ascension_mode":true,"campfire_choices":[{"floor":6,"key":"REST"},{"floor":13,"key":"REST"},{"floor":15,"key":"REST"},{"floor":23,"key":"REST"},{"floor":25,"key":"REST"},{"floor":27,"key":"RECALL"}],"circlet_count":0,"master_deck":["Strike_G","Strike_G","Strike_G","Strike_G","Strike_G","Defend_G","Defend_G","Defend_G","Defend_G","Defend_G","Survivor","Neutralize","Panacea","Bane","Apotheosis","Endless Agony","Infinite Blades","Backstab","Caltrops","Clumsy","infinitespire:Starlight","Infinite Blades","Bullet Time","hubris:Sniper+1","Endless Agony","ReplayTheSpireMod:Brewmster","Cloak And Dagger","Blade Dance","Blade Dance","Blade Dance","Infinite Blades"],"relics":["Ring of the Serpent","reliquary:Pushpin","Eternal Feather","Nloth\u0027s Gift"],"acts_visited":["Exordium","TheCity"],"potions_floor_usage":[8,10,12,16,21,28,30,30,30,31],"damage_taken":[{"damage":12,"enemies":"Jaw Worm","floor":1,"turns":7},{"damage":0,"enemies":"Small Slimes","floor":3,"turns":3},{"damage":0,"enemies":"Cultist","floor":4,"turns":4},{"damage":32,"enemies":"3 Sentries","floor":7,"turns":9},{"damage":0,"enemies":"Blue Slaver","floor":8,"turns":3},{"damage":14,"enemies":"Large Slime","floor":10,"turns":5},{"damage":15,"enemies":"3 Louse","floor":12,"turns":2},{"damage":41,"enemies":"Fading Forest","floor":16,"turns":11},{"damage":23,"enemies":"3 Byrds","floor":18,"turns":5},{"damage":27,"enemies":"2 Thieves","floor":19,"turns":4},{"damage":35,"enemies":"Snake Plant","floor":21,"turns":5},{"damage":43,"enemies":"Shelled Parasite and Fungi","floor":24,"turns":6},{"damage":17,"enemies":"Centurion and Healer","floor":28,"turns":6},{"damage":8,"enemies":"Snecko","floor":30,"turns":4},{"damage":57,"enemies":"Book of Stabbing","floor":31,"turns":5}],"seed_played":"5622124775805917635","potions_obtained":[{"floor":7,"key":"Weak Potion"},{"floor":8,"key":"AttackPotion"},{"floor":10,"key":"DuplicationPotion"},{"floor":12,"key":"Fire Potion"},{"floor":16,"key":"SmokeBomb"},{"floor":19,"key":"Toxic Potion"},{"floor":24,"key":"Fire Potion"},{"floor":30,"key":"Weak Potion"}],"is_trial":false,"path_per_floor":["M","?","M","M","?","R","E","M","T","M","?","M","R","?","R","B",null,"M","M","$","M","?","R","M","R","T","R","M","?","M","E"],"character_chosen":"THE_SILENT","items_purchased":["ReplayTheSpireMod:Brewmster","Cloak And Dagger"],"campfire_rested":5,"item_purchase_floors":[20,20],"current_hp_per_floor":[58,58,58,58,51,70,38,38,38,24,24,9,42,59,70,50,70,61,49,49,29,29,65,37,70,70,70,53,53,45,0,0],"gold":41,"neow_bonus":"RANDOM_COLORLESS","is_daily":false,"chose_seed":false,"campfire_upgraded":0,"win_rate":0.0,"timestamp":1612833527,"path_taken":["M","?","?","M","?","R","E","M","T","M","?","M","R","?","R","BOSS","M","M","$","M","?","R","M","R","T","R","?","?","M","E"],"items_purchased_type":["Card","Card"],"build_version":"2020-12-22","purchased_purges":1,"victory":false,"max_hp_per_floor":[70,70,70,70,70,70,70,70,70,70,70,70,70,70,70,70,70,70,70,70,70,70,70,70,70,70,70,70,70,70,70,70],"relic_stats":{"counters":[15,79],"Eternal Feather":53,"Nloth\u0027s Gift":0,"obtain_stats":[{"Replay:PocketPolymizer":22,"Eternal Feather":9,"Nloth\u0027s Gift":29,"reliquary:Pushpin":7,"Ring of the Serpent":17,"Ring of the Snake":0},{"Replay:PocketPolymizer":11,"Eternal Feather":5,"Nloth\u0027s Gift":13,"reliquary:Pushpin":4,"Ring of the Serpent":8,"Ring of the Snake":0},{"Replay:PocketPolymizer":58,"Eternal Feather":26,"Nloth\u0027s Gift":70,"reliquary:Pushpin":23,"Ring of the Serpent":44,"Ring of the Snake":0}]},"card_choices":[{"not_picked":["Specialist","Dark Shackles"],"picked":"Panacea","floor":0},{"not_picked":["Prepared","Catalyst"],"picked":"Bane","floor":1},{"not_picked":["Replay:Sssssssssstrike","ReplayTheSpireMod:Trickstab"],"picked":"Apotheosis","floor":2},{"not_picked":["hubris:SlightOfHand","Expertise"],"picked":"Acrobatics","floor":3},{"not_picked":["Sucker Punch","Predator"],"picked":"Endless Agony","floor":4},{"not_picked":["Cloak And Dagger","Hidden Blade"],"picked":"Infinite Blades","floor":7},{"not_picked":["Calculated Gamble","All Out Attack"],"picked":"Backstab","floor":8},{"not_picked":["hubris:SlightOfHand","Backflip"],"picked":"Caltrops","floor":10},{"not_picked":["infinitespire:TheBestDefense","infinitespire:DeathsTouch"],"picked":"infinitespire:Starlight","floor":11},{"not_picked":["hubris:Sniper","Distraction"],"picked":"Infinite Blades","floor":12},{"not_picked":["Glass Knife","Malaise"],"picked":"Bullet Time","floor":16},{"not_picked":["Endless Agony","Skewer"],"picked":"hubris:Sniper+1","floor":18},{"not_picked":["ReplayTheSpireMod:The Works","Outmaneuver+1"],"picked":"Endless Agony","floor":19},{"not_picked":["Cloak And Dagger","Dagger Spray"],"picked":"Blade Dance","floor":21},{"not_picked":["Dagger Throw","Slice"],"picked":"Blade Dance","floor":24},{"not_picked":["Sucker Punch","Underhanded Strike"],"picked":"Blade Dance","floor":28},{"not_picked":["Draining Mist","Tactician"],"picked":"Infinite Blades","floor":30}],"player_experience":165300,"relics_obtained":[{"floor":7,"key":"reliquary:Pushpin"},{"floor":9,"key":"Eternal Feather"}],"event_choices":[{"damage_healed":0,"gold_gain":1,"player_choice":"1","damage_taken":0,"max_hp_gain":0,"max_hp_loss":0,"event_name":"betterStone:BetterStone","floor":2,"gold_loss":0},{"cards_removed":["Acrobatics"],"damage_healed":0,"gold_gain":0,"player_choice":"Card Removal","damage_taken":7,"max_hp_gain":0,"max_hp_loss":0,"event_name":"Golden Wing","floor":5,"gold_loss":0},{"damage_healed":17,"gold_gain":0,"player_choice":"Healed","damage_taken":0,"max_hp_gain":0,"max_hp_loss":0,"event_name":"The Cleric","floor":14,"gold_loss":35},{"damage_healed":0,"gold_gain":0,"player_choice":"Paid Gold","damage_taken":0,"relics_obtained":["Replay:PocketPolymizer"],"max_hp_gain":0,"max_hp_loss":0,"event_name":"WeMeetAgain","floor":22,"gold_loss":58},{"damage_healed":0,"gold_gain":0,"player_choice":"Traded Relic","damage_taken":0,"relics_obtained":["Nloth\u0027s Gift"],"max_hp_gain":0,"max_hp_loss":0,"event_name":"N\u0027loth","floor":29,"relics_lost":["Replay:PocketPolymizer"],"gold_loss":0}],"is_beta":false,"boss_relics":[{"not_picked":["hubris:VirtuousBlindfold","WristBlade"],"picked":"Ring of the Serpent"}],"items_purged_floors":[20],"is_endless":false,"potions_floor_spawned":[7,8,10,12,16,19,24,28,30],"killed_by":"Book of Stabbing","ascension_level":3}}