{"host":"l2dnabsh5e0fsksb","time":1612912766,"event":{"mods":["2.2 Compatiblity","BaseMod","Downfall","Minty Spire (QoL Compilation)","Quick Restart","StSLib"],"gold_per_floor":[99,99,99,99,274,306,359,359,390,190,201,225,225,225,237,337,337,337,354,373,53,53,88,126,159,15,115,115,137,159,159,187,300,300,300,312,312,322,285,285,333,233,255,293,293,293,312,330,348,348,348,348],"floor_reached":50,"language":"ENG","playtime":2480,"items_purged":["hexamod:Defend"],"score":651,"play_id":"9c37bdc2-0bcb-41ee-a696-4ca52a795a4e","local_time":"20210210094926","is_ascension_mode":true,"campfire_choices":[{"floor":1.0,"key":"RECALL"},{"floor":10.0,"key":"REST"},{"data":"hexamod:BurningTouch","floor":13.0,"key":"SMITH"},{"data":"hexamod:TimeWarp","floor":18.0,"key":"SMITH"},{"data":"hexamod:SearingWound","floor":28.0,"key":"SMITH"},{"data":"hexamod:FlamesFromBeyond","floor":35.0,"key":"SMITH"},{"data":"hexamod:Incineration","floor":40.0,"key":"SMITH"},{"data":"hexamod:EmpoweredFlame","floor":42.0,"key":"SMITH"},{"floor":45.0,"key":"REST"}],"circlet_count":0,"master_deck":["hexamod:Strike+1","hexamod:Strike","hexamod:Defend","hexamod:Defend","hexamod:Defend","hexamod:Sear","hexamod:Float","hexamod:Hexaguard","hexamod:EmpoweredFlame+1","hexamod:GhostOfSpireFuture+1","hexamod:Firestarter","hexamod:SearingWound+1","hexamod:BurningTouch+1","hexamod:ShieldOfDarkness","hexamod:TimeWarp+1","hexamod:RadiantFlame","hexamod:SecondSeal","hexamod:SwordOfDarkness+1","hexamod:PhantomCloak+1","hexamod:Hexaguard+1","hexamod:RainOfEmbers+1","hexamod:FirstSeal","hexamod:GhostOfSpireFuture+1","hexamod:FlamesFromBeyond+1","hexamod:TimeWarp","hexamod:SuperheatedStrike+1","hexamod:Incineration+1","hexamod:GhostflameBarrier+1","Normality","hexamod:SixthSeal","hexamod:InspiringFlames+1","hexamod:FlamesFromBeyond+1","hexamod:RainOfEmbers+1"],"relics":["hexamod:SpiritBrand","downfall:HeartsMalice","TungstenRod","Mummified Hand","Orichalcum","FossilizedHelix","Toy Ornithopter","downfall:HeartBlessingGreen","downfall:HeartBlessingRed","Odd Mushroom","Black Star","Torii","Bronze Scales","MawBank","hexamod:MatchstickCase","Lee\u0027s Waffle","Empty Cage","Membership Card","Anchor","Art of War","downfall:HeartBlessingBlue","Nunchaku","Centennial Puzzle"],"acts_visited":["Exordium","TheCity","TheBeyond"],"potions_floor_usage":[50,50],"damage_taken":[{"damage":0.0,"enemies":"Jaw Worm","floor":2.0,"turns":1.0},{"damage":0.0,"enemies":"2 Louse","floor":4.0,"turns":1.0},{"damage":0.0,"enemies":"Gremlin Nob","floor":6.0,"turns":1.0},{"damage":19.0,"enemies":"Lagavulin","floor":9.0,"turns":8.0},{"damage":0.0,"enemies":"Small Slimes","floor":11.0,"turns":3.0},{"damage":0.0,"enemies":"The Mushroom Lair","floor":12.0,"turns":3.0},{"damage":0.0,"enemies":"2 Fungi Beasts","floor":15.0,"turns":3.0},{"damage":20.0,"enemies":"DF_ARCHETYPE_STREAMLINE","floor":16.0,"turns":11.0},{"damage":1.0,"enemies":"3 Byrds","floor":19.0,"turns":6.0},{"damage":10.0,"enemies":"Chosen","floor":20.0,"turns":7.0},{"damage":0.0,"enemies":"downfall:FleeingMerchant","floor":21.0,"turns":4.0},{"damage":51.0,"enemies":"Book of Stabbing","floor":23.0,"turns":7.0},{"damage":0.0,"enemies":"Centurion and Healer","floor":25.0,"turns":4.0},{"damage":0.0,"enemies":"downfall:FleeingMerchant","floor":26.0,"turns":4.0},{"damage":0.0,"enemies":"Shelled Parasite and Fungi","floor":29.0,"turns":4.0},{"damage":0.0,"enemies":"Cultist and Chosen","floor":30.0,"turns":5.0},{"damage":0.0,"enemies":"Centurion and Healer","floor":32.0,"turns":5.0},{"damage":18.0,"enemies":"IC_MUSHROOM_ARCHETYPE","floor":33.0,"turns":5.0},{"damage":5.0,"enemies":"Orb Walker","floor":36.0,"turns":3.0},{"damage":0.0,"enemies":"3 Shapes","floor":38.0,"turns":3.0},{"damage":0.0,"enemies":"downfall:FleeingMerchant","floor":39.0,"turns":4.0},{"damage":8.0,"enemies":"Maw","floor":43.0,"turns":6.0},{"damage":55.0,"enemies":"Nemesis","floor":44.0,"turns":9.0},{"damage":29.0,"enemies":"Sphere and 2 Shapes","floor":47.0,"turns":6.0},{"damage":32,"enemies":"Transient","floor":48,"turns":5},{"damage":0,"enemies":"Writhing Mass","floor":49,"turns":4},{"damage":72,"enemies":"WA_ARCHETYPE_DIVINITY","floor":50,"turns":7}],"seed_played":"-6956128686452160609","potions_obtained":[{"floor":6.0,"key":"LiquidBronze"},{"floor":11.0,"key":"champ:CounterPotion"},{"floor":12.0,"key":"hexamod:SoulburnPotion"},{"floor":20.0,"key":"DistilledChaos"},{"floor":23.0,"key":"LiquidMemories"},{"floor":25.0,"key":"Dexterity Potion"},{"floor":29.0,"key":"ColorlessPotion"},{"floor":30.0,"key":"hexamod:EctoCoolerPotion"},{"floor":36.0,"key":"Fire Potion"},{"floor":44.0,"key":"FairyPotion"},{"floor":48,"key":"LiquidMemories"},{"floor":49,"key":"DistilledChaos"}],"is_trial":false,"path_per_floor":["R","M","?","M","?","E","T","T","E","R","M","?","R","?","M","B",null,"R","M","M","$","?","E","T","M","$","?","R","M","M","?","M","B",null,"R","M","?","M","$","R","T","R","M","E","R","?","M","M","M","B"],"character_chosen":"THE_SPIRIT","items_purchased":["Torii","Lee\u0027s Waffle","Membership Card","Anchor","Art of War","hexamod:Incineration"],"campfire_rested":2,"item_purchase_floors":[21,26,39,39,39,39],"current_hp_per_floor":[70,70,58,58,58,58,58,58,39,60,60,65,65,65,65,50,70,70,69,59,59,59,13,13,13,77,77,77,77,77,77,77,66,77,77,72,72,77,77,77,77,87,86,39,65,65,43,18,25,0,0,0],"gold":348,"neow_bonus":"THREE_ENEMY_KILL","is_daily":false,"chose_seed":false,"campfire_upgraded":6,"win_rate":0.0,"timestamp":1612912766,"path_taken":["R","M","?","M","?","E","T","?","E","R","M","?","R","?","M","BOSS","R","M","M","?","?","E","T","M","$","?","R","?","M","?","M","BOSS","R","M","?","?","$","R","T","R","M","E","R","?","?","M","M","BOSS"],"items_purchased_type":["Relic","Relic","Relic","Relic","Relic","Card"],"build_version":"2020-12-22","purchased_purges":1,"victory":false,"max_hp_per_floor":[70,70,70,70,70,70,70,70,70,70,70,70,70,70,70,70,70,70,70,70,70,70,70,70,70,77,77,77,77,77,77,77,77,77,77,77,77,77,77,77,77,87,87,87,87,87,87,87,87,87,87,87],"card_choices":[{"not_picked":["hexamod:HeatMetal","hexamod:SpectralSpark"],"picked":"hexamod:Hexaguard","floor":2.0},{"not_picked":["hexamod:NecessarySacrifice","hexamod:Rewind"],"picked":"hexamod:EmpoweredFlame","floor":4.0},{"not_picked":["hexamod:SpectralAdrenaline","hexamod:RetreatToShadows"],"picked":"hexamod:GhostOfSpireFuture","floor":6.0},{"not_picked":["hexamod:FastForward","hexamod:GhostShield"],"picked":"hexamod:Firestarter","floor":9.0},{"not_picked":["hexamod:EtherealExpedition","hexamod:Hexaguard"],"picked":"hexamod:SearingWound","floor":11.0},{"not_picked":["hexamod:GhostLash","hexamod:RecurringNightmare"],"picked":"hexamod:BurningTouch","floor":12.0},{"not_picked":["hexamod:CatchUp","hexamod:SwordOfDarkness"],"picked":"hexamod:ShieldOfDarkness","floor":15.0},{"not_picked":["hexamod:GhostOfSpirePresent","hexamod:ParanormalForm"],"picked":"hexamod:TimeWarp","floor":16.0},{"not_picked":["hexamod:Rewind","hexamod:PhantomFireball"],"picked":"hexamod:RadiantFlame","floor":19.0},{"not_picked":["hexamod:HeatShield","hexamod:EtherealExpedition"],"picked":"hexamod:SecondSeal","floor":20.0},{"not_picked":["hexamod:BacktrackSmack","hexamod:SuperheatedStrike+1"],"picked":"hexamod:SwordOfDarkness+1","floor":21.0},{"not_picked":["hexamod:ExtraCrispy","hexamod:HeatMetal"],"picked":"hexamod:PhantomCloak+1","floor":23.0},{"not_picked":["hexamod:SpectralAdrenaline","hexamod:FastForward+1"],"picked":"hexamod:Hexaguard+1","floor":25.0},{"not_picked":["hexamod:SpectersWail","hexamod:Firestarter"],"picked":"hexamod:RainOfEmbers+1","floor":26.0},{"not_picked":["hexamod:GhostLash","hexamod:BurningTouch+1"],"picked":"hexamod:FirstSeal","floor":29.0},{"not_picked":["hexamod:ThirdSeal","hexamod:PhantomCloak"],"picked":"hexamod:GhostOfSpireFuture+1","floor":30.0},{"not_picked":["hexamod:RetreatToShadows+1","hexamod:CatchUp"],"picked":"hexamod:FlamesFromBeyond","floor":32.0},{"not_picked":["hexamod:TurnItUp","hexamod:GhostOfSpirePresent"],"picked":"hexamod:TimeWarp","floor":33.0},{"not_picked":["hexamod:AdvancingGuard","hexamod:NightmareGuise+1","hexamod:ThirdSeal"],"picked":"SKIP","floor":36.0},{"not_picked":["hexamod:NightmareGuise","hexamod:FastForward+1","hexamod:GhostShield"],"picked":"SKIP","floor":38.0},{"not_picked":["hexamod:FastForward","hexamod:SecondSeal"],"picked":"hexamod:SuperheatedStrike+1","floor":39.0},{"not_picked":["hexamod:PhantomFireball","hexamod:CatchUp","hexamod:HeatCrush+1"],"picked":"SKIP","floor":43.0},{"not_picked":["hexamod:AdvancingGuard","hexamod:FastForward"],"picked":"hexamod:GhostflameBarrier+1","floor":44.0},{"not_picked":["hexamod:SwordOfDarkness+1","hexamod:BurningTouch+1"],"picked":"hexamod:InspiringFlames+1","floor":47.0},{"not_picked":["hexamod:SuperheatedStrike+1","hexamod:HeatMetal"],"picked":"hexamod:FlamesFromBeyond+1","floor":48},{"not_picked":["hexamod:BacktrackSmack+1","hexamod:NightmareStrike+1"],"picked":"hexamod:RainOfEmbers+1","floor":49}],"player_experience":1919565,"relics_obtained":[{"floor":6.0,"key":"Mummified Hand"},{"floor":7.0,"key":"Orichalcum"},{"floor":8.0,"key":"FossilizedHelix"},{"floor":9.0,"key":"Toy Ornithopter"},{"floor":12.0,"key":"Odd Mushroom"},{"floor":23.0,"key":"Bronze Scales"},{"floor":23.0,"key":"MawBank"},{"floor":24.0,"key":"hexamod:MatchstickCase"},{"floor":44.0,"key":"Nunchaku"},{"floor":44.0,"key":"Centennial Puzzle"}],"event_choices":[{"damage_healed":0.0,"max_hp_gain":0.0,"max_hp_loss":0.0,"gold_gain":0.0,"event_name":"Scrap Ooze","player_choice":"Success","floor":3.0,"gold_loss":0.0,"damage_taken":12.0,"relics_obtained":["TungstenRod"]},{"damage_healed":0.0,"max_hp_gain":0.0,"max_hp_loss":0.0,"gold_gain":0.0,"event_name":"Mushrooms","player_choice":"Fought Mushrooms","floor":12.0,"gold_loss":0.0,"damage_taken":0.0}],"is_beta":false,"boss_relics":[{"not_picked":["Calling Bell","Philosopher\u0027s Stone"],"picked":"Black Star"},{"not_picked":["Runic Dome","Runic Pyramid"],"picked":"Empty Cage"}],"items_purged_floors":[39],"is_endless":false,"potions_floor_spawned":[6,11,12,20,23,25,29,30,36,44,48,49],"killed_by":"WA_ARCHETYPE_DIVINITY","ascension_level":3}}