{"host":"tetq3wi5anb97imq","time":1612896943,"event":{"mods":["BaseMod","Block Reminder","Minty Spire (QoL Compilation)","Quick Restart","StSLib","SuperFastMode"],"gold_per_floor":[118,138,63,63,73,105,105,105,105,105,135,148,176,192,192,264,264,284,16,35,35,35],"floor_reached":21,"language":"ENG","playtime":560,"items_purged":["Strike_G"],"score":398,"play_id":"ea9fa725-c0fc-4a51-a5f7-9bdd2a2e4caa","local_time":"20210209165543","is_ascension_mode":true,"campfire_choices":[{"floor":8,"key":"REST"},{"data":"Dagger Throw","floor":10,"key":"SMITH"},{"data":"Corpse Explosion","floor":15,"key":"SMITH"}],"circlet_count":0,"master_deck":["AscendersBane","Strike_G","Strike_G","Strike_G","Defend_G+1","Defend_G","Defend_G","Defend_G","Defend_G","Survivor+1","Neutralize","Quick Slash","Dagger Throw","Dash","Dagger Throw+1","Heel Hook","Slice","Corpse Explosion+1","PiercingWail","After Image","CurseOfTheBell","Footwork","Crippling Poison","Bandage Up","Flying Knee+1"],"relics":["Ring of the Snake","NeowsBlessing","Torii","White Beast Statue","Boot","Snake Skull","Calling Bell","War Paint","Gremlin Horn","Girya"],"acts_visited":["TheCity"],"potions_floor_usage":[11,16,16,18],"damage_taken":[{"damage":0,"enemies":"Jaw Worm","floor":1,"turns":1},{"damage":0,"enemies":"Small Slimes","floor":2,"turns":1},{"damage":0,"enemies":"Cultist","floor":5,"turns":1},{"damage":45,"enemies":"3 Sentries","floor":6,"turns":11},{"damage":14,"enemies":"Gremlin Nob","floor":11,"turns":4},{"damage":0,"enemies":"Exordium Thugs","floor":12,"turns":3},{"damage":3,"enemies":"3 Sentries","floor":13,"turns":10},{"damage":0,"enemies":"3 Louse","floor":14,"turns":1},{"damage":7,"enemies":"Hexaghost","floor":16,"turns":8},{"damage":35,"enemies":"Spheric Guardian","floor":18,"turns":8},{"damage":2,"enemies":"3 Byrds","floor":20,"turns":6},{"damage":15,"enemies":"Shelled Parasite and Fungi","floor":21,"turns":3}],"seed_played":"4312747118422497687","potions_obtained":[{"floor":7,"key":"SmokeBomb"},{"floor":7,"key":"Weak Potion"},{"floor":11,"key":"GhostInAJar"},{"floor":12,"key":"Swift Potion"},{"floor":14,"key":"LiquidMemories"},{"floor":16,"key":"Energy Potion"},{"floor":18,"key":"GhostInAJar"},{"floor":20,"key":"DistilledChaos"}],"is_trial":false,"path_per_floor":["M","M","?","$","M","E","?","R","T","R","E","M","E","M","R","B",null,"M","$","M","M"],"character_chosen":"THE_SILENT","items_purchased":["Crippling Poison","Bandage Up"],"campfire_rested":1,"item_purchase_floors":[19,19],"current_hp_per_floor":[59,59,59,59,59,14,14,33,33,33,19,19,16,16,16,9,52,17,17,19,4,4],"gold":35,"neow_bonus":"THREE_ENEMY_KILL","is_daily":false,"chose_seed":false,"campfire_upgraded":2,"win_rate":0.0,"timestamp":1612896943,"path_taken":["M","M","?","$","M","E","?","R","T","R","E","M","E","M","R","BOSS","M","$","?","M"],"items_purchased_type":["Card","Card"],"build_version":"2020-12-22","purchased_purges":1,"victory":false,"max_hp_per_floor":[66,66,66,66,66,66,66,66,66,66,66,66,66,66,66,66,66,66,66,66,66,66],"card_choices":[{"not_picked":["Prepared","Blur"],"picked":"Quick Slash","floor":1},{"not_picked":["Bane","Sucker Punch"],"picked":"Dagger Throw","floor":2},{"not_picked":["Eviscerate","Blade Dance"],"picked":"Dash","floor":5},{"not_picked":["Cloak And Dagger","Bane"],"picked":"Dagger Throw","floor":6},{"not_picked":["Dagger Throw","Catalyst"],"picked":"Heel Hook","floor":11},{"not_picked":["Concentrate","Deadly Poison"],"picked":"Slice","floor":12},{"not_picked":["Well Laid Plans","Catalyst"],"picked":"Corpse Explosion","floor":13},{"not_picked":["Deflect","Slice"],"picked":"PiercingWail","floor":14},{"not_picked":["Bullet Time","Glass Knife"],"picked":"After Image","floor":16},{"not_picked":["Reflex","Acrobatics"],"picked":"Footwork","floor":18},{"not_picked":["Outmaneuver+1","Blade Dance"],"picked":"Flying Knee+1","floor":20}],"player_experience":1660939,"relics_obtained":[{"floor":6,"key":"Torii"},{"floor":9,"key":"White Beast Statue"},{"floor":11,"key":"Boot"},{"floor":13,"key":"Snake Skull"},{"floor":17,"key":"War Paint"},{"floor":17,"key":"Gremlin Horn"},{"floor":17,"key":"Girya"}],"event_choices":[{"cards_removed":["Strike_G"],"damage_healed":0,"gold_gain":0,"player_choice":"Card Removal","damage_taken":0,"max_hp_gain":0,"max_hp_loss":0,"event_name":"The Cleric","floor":3,"gold_loss":75},{"damage_healed":0,"gold_gain":0,"player_choice":"Got Potions","damage_taken":0,"max_hp_gain":0,"max_hp_loss":0,"event_name":"Lab","floor":7,"gold_loss":0}],"is_beta":false,"boss_relics":[{"not_picked":["Runic Pyramid","Fusion Hammer"],"picked":"Calling Bell"}],"items_purged_floors":[19],"is_endless":false,"potions_floor_spawned":[11,12,13,14,16,18,20],"killed_by":"Shelled Parasite and Fungi","ascension_level":20}}