{"host":"odhb85ppoyjrwi3n","time":1612900985,"event":{"mods":["BaseMod","Better Third Choice","BetterRewards","Bossed Relics","Minty Spire (QoL Compilation)","Quick Restart","StSLib"],"gold_per_floor":[111,127,18,37,37,64,64,82,106,126,136,136,136,154,154,252,252,271,271,271],"floor_reached":19,"language":"ENG","playtime":578,"items_purged":["Strike_R"],"score":197,"play_id":"5d61501e-08a5-4fdb-b3ca-3e9bf3aa93af","local_time":"20210209210305","is_ascension_mode":true,"campfire_choices":[{"floor":7,"key":"REST"},{"floor":13,"key":"REST"},{"floor":15,"key":"REST"}],"circlet_count":0,"master_deck":["Strike_R","Strike_R+1","Strike_R","Strike_R","Defend_R","Defend_R","Defend_R","Defend_R","Bash+1","Entrench","Cleave+1","Combust","Fire Breathing","Shrug It Off","Barricade","Juggernaut","CurseOfTheBell"],"relics":["Burning Blood","NeowsBlessing","Whetstone","Nunchaku","Calling Bell","MealTicket","HornCleat","WingedGreaves"],"acts_visited":["Exordium","TheCity"],"potions_floor_usage":[],"damage_taken":[{"damage":0,"enemies":"Cultist","floor":1,"turns":1},{"damage":0,"enemies":"Jaw Worm","floor":2,"turns":1},{"damage":0,"enemies":"2 Louse","floor":4,"turns":1},{"damage":56,"enemies":"Gremlin Nob","floor":6,"turns":5},{"damage":22,"enemies":"Exordium Wildlife","floor":8,"turns":3},{"damage":13,"enemies":"Looter","floor":10,"turns":4},{"damage":0,"enemies":"3 Louse","floor":11,"turns":2},{"damage":4,"enemies":"Exordium Wildlife","floor":14,"turns":3},{"damage":38,"enemies":"Slime Boss","floor":16,"turns":9},{"damage":42,"enemies":"Shell Parasite","floor":18,"turns":8},{"damage":16,"enemies":"Spheric Guardian","floor":19,"turns":4}],"seed_played":"3318433407958025699","potions_obtained":[{"floor":6,"key":"SpeedPotion"},{"floor":8,"key":"SpeedPotion"},{"floor":11,"key":"SneckoOil"},{"floor":14,"key":"Ancient Potion"}],"is_trial":false,"path_per_floor":["M","M","$","M","?","E","R","M","T","M","M","?","R","M","R","B",null,"M","M"],"character_chosen":"IRONCLAD","items_purchased":["Combust"],"campfire_rested":3,"item_purchase_floors":[3],"current_hp_per_floor":[80,80,80,80,80,30,54,38,38,31,37,37,61,63,80,48,80,44,28,28],"gold":271,"neow_bonus":"THREE_ENEMY_KILL","is_daily":false,"chose_seed":false,"campfire_upgraded":0,"win_rate":0.0,"timestamp":1612900985,"path_taken":["M","?","$","M","?","E","R","M","T","M","M","?","R","?","R","BOSS","M","?"],"items_purchased_type":["Card"],"build_version":"2020-12-22","purchased_purges":1,"victory":false,"max_hp_per_floor":[80,80,80,80,80,80,80,80,80,80,80,80,80,80,80,80,80,80,80,80],"card_choices":[{"not_picked":["Perfected Strike","Sword Boomerang"],"picked":"Entrench","floor":1},{"not_picked":["Thunderclap","Disarm"],"picked":"Cleave","floor":2},{"not_picked":["Havoc","Burning Pact","Anger"],"picked":"SKIP","floor":4},{"not_picked":["Disarm","Body Slam"],"picked":"Fire Breathing","floor":6},{"not_picked":["Clothesline","Power Through"],"picked":"Shrug It Off","floor":8},{"not_picked":["Sword Boomerang","Dual Wield","True Grit"],"picked":"SKIP","floor":10},{"not_picked":["Dark Embrace","Pommel Strike"],"picked":"Barricade","floor":11},{"not_picked":["Second Wind","Sword Boomerang","Armaments"],"picked":"SKIP","floor":14},{"not_picked":["Impervious","Offering"],"picked":"Juggernaut","floor":16},{"not_picked":["Perfected Strike","Reckless Charge","Shrug It Off"],"picked":"SKIP","floor":18}],"player_experience":144374,"relics_obtained":[{"floor":6,"key":"Whetstone"},{"floor":9,"key":"Nunchaku"},{"floor":17,"key":"MealTicket"},{"floor":17,"key":"HornCleat"},{"floor":17,"key":"WingedGreaves"}],"event_choices":[{"damage_healed":0,"gold_gain":0,"player_choice":"Grow","damage_taken":0,"max_hp_gain":0,"max_hp_loss":0,"event_name":"Living Wall","floor":5,"gold_loss":0,"cards_upgraded":["Cleave"]},{"damage_healed":0,"gold_gain":0,"player_choice":"Bought 0 Potions","damage_taken":0,"max_hp_gain":0,"max_hp_loss":0,"event_name":"The Woman in Blue","floor":12,"gold_loss":0}],"is_beta":false,"boss_relics":[{"not_picked":["Velvet Choker","Sozu"],"picked":"Calling Bell"}],"items_purged_floors":[3],"is_endless":false,"potions_floor_spawned":[6,8,11,14],"killed_by":"Spheric Guardian","ascension_level":3}}