{"host":"0ntunplbxyg40l63","time":1612869261,"event":{"mods":["BaseMod","Colored Powertips","Downfall","Minty Spire (QoL Compilation)","StSLib"],"gold_per_floor":[99,111,561,573,573,586,613,613,270,285,304,404,424,442,452,549,549,449,467,467,467],"floor_reached":20,"language":"ENG","playtime":1204,"items_purged":[],"score":343,"play_id":"00bbc505-b517-4ab5-9d77-ae0238f6fd16","local_time":"20210209111421","daily_mods":["SealedDeck","Lethality"],"is_ascension_mode":false,"campfire_choices":[{"data":"champ:AdrenalArmor","floor":1,"key":"SMITH"},{"floor":8,"key":"RECALL"},{"data":"Establishment","floor":18,"key":"SMITH"}],"circlet_count":0,"master_deck":["Protect","champ:BringItOn","champ:BringItOn","Prostrate","champ:BringItOn","Worship+1","champ:FanOfKnives","champ:BerserkersShout","champ:BerserkersShout","champ:AdrenalArmor+1","DeceiveReality","downfall:Icky","downfall:Icky","downfall:Icky","champ:BerserkersShout","champ:PreciseThrust","champ:DeathBlow","Ragnarok","champ:Backstep","champ:BerserkersShout","Clumsy","Writhe","champ:BerserkerStyle","champ:FocusedBerserking","Establishment+1","CurseOfTheBell","champ:GutPunch+1"],"relics":["PureWater","Omamori","Pear","Darkstone Periapt","Calling Bell","Bag of Marbles","Question Card","StoneCalendar","downfall:HeartBlessingRed"],"acts_visited":["Exordium","TheCity"],"potions_floor_usage":[13,16,16],"damage_taken":[{"damage":20,"enemies":"2 Louse","floor":2,"turns":2},{"damage":20,"enemies":"Jaw Worm","floor":4,"turns":4},{"damage":40,"enemies":"Cultist","floor":6,"turns":6},{"damage":53,"enemies":"downfall:FleeingMerchant","floor":9,"turns":4},{"damage":15,"enemies":"Blue Slaver","floor":10,"turns":3},{"damage":29,"enemies":"2 Fungi Beasts","floor":11,"turns":4},{"damage":35,"enemies":"Large Slime","floor":13,"turns":4},{"damage":5,"enemies":"Red Slaver","floor":14,"turns":2},{"damage":38,"enemies":"Exordium Thugs","floor":15,"turns":3},{"damage":129,"enemies":"IC_STATUS_ARCHETYPE","floor":16,"turns":10},{"damage":121,"enemies":"3 Byrds","floor":19,"turns":4},{"damage":19,"enemies":"Cultist and Chosen","floor":20,"turns":3}],"seed_played":"5147528425634733258","potions_obtained":[{"floor":6,"key":"BlessingOfTheForge"},{"floor":10,"key":"DistilledChaos"},{"floor":13,"key":"Fruit Juice"}],"is_trial":true,"path_per_floor":["R","M","?","M","?","M","T","R","$","M","M","?","M","M","M","B",null,"R","M","M"],"character_chosen":"WATCHER","items_purchased":["Ragnarok","Pear"],"campfire_rested":0,"item_purchase_floors":[9,9],"current_hp_per_floor":[72,72,72,72,72,72,72,72,69,69,65,82,87,87,74,35,110,110,19,0,0],"gold":467,"neow_bonus":"","is_daily":false,"chose_seed":false,"campfire_upgraded":2,"win_rate":0.0,"timestamp":1612869261,"path_taken":["R","M","?","M","?","M","T","R","$","M","?","?","M","M","M","BOSS","R","M","M"],"items_purchased_type":["Card","Relic"],"build_version":"2020-12-22","purchased_purges":0,"victory":false,"max_hp_per_floor":[72,72,72,72,72,72,72,72,82,82,82,99,104,104,104,104,110,110,110,110,110],"card_choices":[{"not_picked":["PathToVictory","EmptyMind"],"picked":"DeceiveReality","floor":2},{"not_picked":["Protect","FlyingSleeves"],"picked":"champ:BerserkersShout","floor":4},{"not_picked":["Evaluate","champ:PerfectedStrike"],"picked":"champ:PreciseThrust","floor":6},{"not_picked":["CutThroughFate","champ:DefensiveStyle"],"picked":"champ:DeathBlow","floor":9},{"not_picked":["Alpha","champ:FocusedDefense"],"picked":"champ:Backstep","floor":10},{"not_picked":["champ:DefensiveShout","BowlingBash"],"picked":"champ:BerserkersShout","floor":11},{"not_picked":["champ:BladeFlurry","ThirdEye","Consecrate"],"picked":"SKIP","floor":13},{"not_picked":["champ:Haymaker","Collect"],"picked":"champ:BerserkerStyle","floor":14},{"not_picked":["champ:AdrenalArmor","WindmillStrike"],"picked":"champ:FocusedBerserking","floor":15},{"not_picked":["Scrawl","champ:SteelEdge"],"picked":"Establishment","floor":16},{"not_picked":["EmptyMind","DeceiveReality","ThirdEye"],"picked":"champ:GutPunch+1","floor":19}],"player_experience":51947,"relics_obtained":[{"floor":7,"key":"Omamori"},{"floor":17,"key":"Bag of Marbles"},{"floor":17,"key":"Question Card"},{"floor":17,"key":"StoneCalendar"}],"event_choices":[{"damage_healed":0,"gold_gain":0,"player_choice":"Forge","damage_taken":0,"max_hp_gain":0,"max_hp_loss":0,"event_name":"Accursed Blacksmith","floor":5,"gold_loss":0,"cards_upgraded":["Worship"]}],"is_beta":false,"boss_relics":[{"not_picked":["Coffee Dripper","Astrolabe"],"picked":"Calling Bell"}],"items_purged_floors":[],"is_endless":false,"potions_floor_spawned":[6,10,13],"killed_by":"Cultist and Chosen","ascension_level":0}}