{"host":"96nkmeof81a2z72a","time":1612857219,"event":{"mods":["BaseMod","Minty Spire (QoL Compilation)","Quick Restart","StSLib"],"gold_per_floor":[117,127,127,202,152,182,182,217,265,280,291,291,319,333,333,429,429,441,366,385,385,161,192,192,217,296,296,315,334,334,368,368,465,465,482,482,482,502,502,531,187,214,260,285,285,335,192,222,222,222,222,222,56,84,84],"floor_reached":56,"language":"ZHS","playtime":3547,"items_purged":["Strike_R","Defend_R"],"score":1701,"play_id":"4443fff2-5dd4-4ef5-81a5-6a6755d5bd52","local_time":"20210209155339","is_ascension_mode":true,"campfire_choices":[{"floor":7.0,"key":"REST"},{"data":"Armaments","floor":12.0,"key":"SMITH"},{"data":"True Grit","floor":15.0,"key":"SMITH"},{"data":"Corruption","floor":24.0,"key":"SMITH"},{"data":"Whirlwind","floor":27.0,"key":"SMITH"},{"data":"Burning Pact","floor":32.0,"key":"SMITH"},{"floor":45.0,"key":"RECALL"},{"data":"Feel No Pain","floor":49.0,"key":"SMITH"},{"data":"Demon Form","floor":52.0,"key":"SMITH"}],"circlet_count":0,"master_deck":["Defend_R","Defend_R","True Grit+1","Whirlwind+1","Feel No Pain+1","Armaments+1","Burning Pact+1","Bloodletting","Shrug It Off","Body Slam","Corruption+1","Sever Soul","Evolve+1","Reckless Charge+1","Pommel Strike+1","Demon Form+1","Limit Break","Shrug It Off","Inflame+1","Headbutt"],"relics":["Black Star","Bag of Marbles","Dead Branch","Bag of Preparation","Meat on the Bone","Nunchaku","Art of War","PreservedInsect","Mark of Pain","Frozen Eye","Mummified Hand","Centennial Puzzle","MealTicket","Bottled Flame","Shuriken","Unceasing Top","Regal Pillow","Busted Crown","Bronze Scales","Incense Burner","Bottled Lightning","Toy Ornithopter","Lizard Tail","Dream Catcher","White Beast Statue","HornCleat","CaptainsWheel","Boot","Anchor","Gambling Chip","Chemical X","StrikeDummy","InkBottle"],"acts_visited":["Exordium","TheCity","TheBeyond","TheEnding"],"potions_floor_usage":[55,55,55],"damage_taken":[{"damage":11.0,"enemies":"Jaw Worm","floor":1.0,"turns":2.0},{"damage":3.0,"enemies":"Small Slimes","floor":2.0,"turns":4.0},{"damage":34.0,"enemies":"Gremlin Nob","floor":6.0,"turns":5.0},{"damage":29.0,"enemies":"Lagavulin","floor":8.0,"turns":7.0},{"damage":2.0,"enemies":"2 Louse","floor":10.0,"turns":3.0},{"damage":2.0,"enemies":"2 Fungi Beasts","floor":11.0,"turns":5.0},{"damage":13.0,"enemies":"3 Sentries","floor":13.0,"turns":9.0},{"damage":4.0,"enemies":"Exordium Wildlife","floor":14.0,"turns":6.0},{"damage":28.0,"enemies":"Hexaghost","floor":16.0,"turns":10.0},{"damage":11.0,"enemies":"Spheric Guardian","floor":18.0,"turns":3.0},{"damage":0.0,"enemies":"2 Thieves","floor":20.0,"turns":2.0},{"damage":0.0,"enemies":"Book of Stabbing","floor":23.0,"turns":3.0},{"damage":9.0,"enemies":"Slavers","floor":25.0,"turns":3.0},{"damage":3.0,"enemies":"Sentry and Sphere","floor":28.0,"turns":3.0},{"damage":0.0,"enemies":"Cultist and Chosen","floor":29.0,"turns":4.0},{"damage":0.0,"enemies":"Gremlin Leader","floor":31.0,"turns":3.0},{"damage":8.0,"enemies":"Champ","floor":33.0,"turns":3.0},{"damage":0.0,"enemies":"3 Shapes","floor":35.0,"turns":2.0},{"damage":0.0,"enemies":"Orb Walker","floor":38.0,"turns":1.0},{"damage":0.0,"enemies":"Reptomancer","floor":40.0,"turns":2.0},{"damage":3.0,"enemies":"Nemesis","floor":42.0,"turns":1.0},{"damage":3.0,"enemies":"Reptomancer","floor":44.0,"turns":1.0},{"damage":0.0,"enemies":"2 Orb Walkers","floor":46.0,"turns":2.0},{"damage":0.0,"enemies":"Giant Head","floor":48.0,"turns":1.0},{"damage":25.0,"enemies":"Awakened One","floor":50.0,"turns":4.0},{"damage":0,"enemies":"Shield and Spear","floor":54,"turns":1},{"damage":2,"enemies":"The Heart","floor":55,"turns":5}],"seed_played":"-8581401850560755640","potions_obtained":[{"floor":6.0,"key":"Weak Potion"},{"floor":8.0,"key":"CultistPotion"},{"floor":11.0,"key":"SkillPotion"},{"floor":13.0,"key":"FearPotion"},{"floor":16.0,"key":"Swift Potion"},{"floor":23.0,"key":"LiquidMemories"}],"is_trial":false,"path_per_floor":["M","M","?","?","?","E","R","E","T","M","M","R","E","M","R","B",null,"M","?","M","?","$","E","R","E","T","R","M","M","?","E","R","B",null,"M","?","?","M","T","E","$","E","T","E","R","?","$","E","R","B",null,"R","$","E","B",null],"character_chosen":"IRONCLAD","items_purchased":["Frozen Eye","Bottled Lightning","Boot","Chemical X","Headbutt"],"campfire_rested":1,"item_purchase_floors":[22,41,47,53,53],"current_hp_per_floor":[69,66,66,55,55,21,45,16,16,26,36,36,35,43,43,27,80,69,69,69,69,69,69,69,60,60,60,57,57,57,57,57,49,80,80,80,80,80,80,80,80,77,77,74,74,74,80,80,80,55,80,80,80,80,80],"gold":84,"neow_bonus":"BOSS_RELIC","is_daily":false,"chose_seed":false,"campfire_upgraded":7,"win_rate":0.0,"timestamp":1612857219,"path_taken":["M","M","?","?","?","E","R","E","T","M","M","R","E","M","R","BOSS","M","?","M","?","?","E","R","E","T","R","M","?","?","E","R","BOSS","M","?","?","M","?","E","$","E","T","E","R","?","$","E","R","BOSS","R","$","E","BOSS"],"items_purchased_type":["Relic","Relic","Relic","Relic","Card"],"build_version":"2020-12-22","purchased_purges":2,"victory":true,"max_hp_per_floor":[80,80,80,80,80,80,80,80,80,80,80,80,80,80,80,80,80,80,80,80,80,80,80,80,80,80,80,80,80,80,80,80,80,80,80,80,80,80,80,80,80,80,80,80,80,80,80,80,80,80,80,80,80,80,80],"card_choices":[{"not_picked":["Twin Strike","Metallicize"],"picked":"True Grit","floor":1.0},{"not_picked":["Pommel Strike","Body Slam"],"picked":"Whirlwind","floor":2.0},{"not_picked":["Perfected Strike","Heavy Blade"],"picked":"Armaments","floor":6.0},{"not_picked":["Entrench","Carnage"],"picked":"Burning Pact","floor":8.0},{"not_picked":["Flex","Clothesline"],"picked":"Bloodletting","floor":10.0},{"not_picked":["Whirlwind","Sword Boomerang","Cleave"],"picked":"SKIP","floor":11.0},{"not_picked":["Intimidate","Sever Soul"],"picked":"Shrug It Off","floor":13.0},{"not_picked":["Perfected Strike","Cleave"],"picked":"Body Slam","floor":14.0},{"not_picked":["Reaper","Berserk"],"picked":"Corruption","floor":16.0},{"not_picked":["Wild Strike+1","Clash+1"],"picked":"Sever Soul","floor":18.0},{"not_picked":["Dual Wield","Carnage+1"],"picked":"Evolve+1","floor":20.0},{"not_picked":["Pommel Strike","Hemokinesis+1"],"picked":"Reckless Charge+1","floor":23.0},{"not_picked":["Intimidate+1","Clothesline","Body Slam"],"picked":"SKIP","floor":25.0},{"not_picked":["Heavy Blade","Clothesline+1","Thunderclap"],"picked":"SKIP","floor":28.0},{"not_picked":["Combust+1","Sever Soul+1"],"picked":"Pommel Strike+1","floor":29.0},{"not_picked":["Pommel Strike","Fire Breathing","Perfected Strike"],"picked":"SKIP","floor":31.0},{"not_picked":["Juggernaut","Limit Break"],"picked":"Feed","floor":33.0},{"not_picked":["Intimidate"],"picked":"SKIP","floor":35.0},{"not_picked":[],"picked":"Shrug It Off","floor":38.0},{"not_picked":["Cleave+1"],"picked":"SKIP","floor":40.0},{"not_picked":["Havoc"],"picked":"SKIP","floor":42.0},{"not_picked":["Thunderclap"],"picked":"SKIP","floor":44.0},{"not_picked":[],"picked":"Inflame+1","floor":46.0},{"not_picked":["Battle Trance+1"],"picked":"SKIP","floor":48.0},{"not_picked":["Clash"],"picked":"SKIP","floor":54}],"player_experience":564296,"relics_obtained":[{"floor":6.0,"key":"Bag of Marbles"},{"floor":6.0,"key":"Dead Branch"},{"floor":8.0,"key":"Bag of Preparation"},{"floor":8.0,"key":"Meat on the Bone"},{"floor":9.0,"key":"Nunchaku"},{"floor":13.0,"key":"Art of War"},{"floor":13.0,"key":"PreservedInsect"},{"floor":23.0,"key":"Mummified Hand"},{"floor":23.0,"key":"Centennial Puzzle"},{"floor":25.0,"key":"MealTicket"},{"floor":25.0,"key":"Bottled Flame"},{"floor":26.0,"key":"Shuriken"},{"floor":31.0,"key":"Unceasing Top"},{"floor":31.0,"key":"Regal Pillow"},{"floor":40.0,"key":"Bronze Scales"},{"floor":40.0,"key":"Incense Burner"},{"floor":42.0,"key":"Toy Ornithopter"},{"floor":42.0,"key":"Lizard Tail"},{"floor":43.0,"key":"Dream Catcher"},{"floor":44.0,"key":"White Beast Statue"},{"floor":44.0,"key":"HornCleat"},{"floor":46.0,"key":"CaptainsWheel"},{"floor":48.0,"key":"Anchor"},{"floor":48.0,"key":"Gambling Chip"},{"floor":54,"key":"StrikeDummy"},{"floor":54,"key":"InkBottle"}],"event_choices":[{"damage_healed":0.0,"max_hp_gain":0.0,"max_hp_loss":0.0,"gold_gain":0.0,"cards_transformed":["Strike_R"],"event_name":"Living Wall","player_choice":"Change","floor":3.0,"gold_loss":0.0,"damage_taken":0.0,"cards_obtained":["Feel No Pain"]},{"damage_healed":0.0,"max_hp_gain":0.0,"max_hp_loss":0.0,"gold_gain":75.0,"event_name":"World of Goop","player_choice":"Gather Gold","floor":4.0,"gold_loss":0.0,"damage_taken":11.0},{"cards_removed":["Strike_R"],"damage_healed":0.0,"max_hp_gain":0.0,"max_hp_loss":0.0,"gold_gain":0.0,"event_name":"The Cleric","player_choice":"Card Removal","floor":5.0,"gold_loss":50.0,"damage_taken":0.0},{"cards_removed":["Strike_R"],"damage_healed":0.0,"max_hp_gain":0.0,"max_hp_loss":0.0,"gold_gain":0.0,"event_name":"Beggar","player_choice":"Gave Gold","floor":19.0,"gold_loss":75.0,"damage_taken":0.0},{"cards_removed":["Strike_R"],"damage_healed":0.0,"max_hp_gain":0.0,"max_hp_loss":0.0,"gold_gain":0.0,"event_name":"Back to Basics","player_choice":"Elegance","floor":21.0,"gold_loss":0.0,"damage_taken":0.0},{"damage_healed":0.0,"max_hp_gain":0.0,"max_hp_loss":0.0,"gold_gain":0.0,"cards_transformed":["Bash","Defend_R"],"event_name":"Drug Dealer","player_choice":"Became Test Subject","floor":30.0,"gold_loss":0.0,"damage_taken":0.0,"cards_obtained":["Demon Form","Limit Break"]},{"damage_healed":0.0,"max_hp_gain":0.0,"max_hp_loss":0.0,"gold_gain":0.0,"event_name":"Tomb of Lord Red Mask","player_choice":"Ignored","floor":36.0,"gold_loss":0.0,"damage_taken":0.0},{"cards_removed":["Feed"],"damage_healed":0.0,"max_hp_gain":0.0,"max_hp_loss":0.0,"gold_gain":0.0,"event_name":"Falling","player_choice":"Removed Attack","floor":37.0,"gold_loss":0.0,"damage_taken":0.0},{"damage_healed":0.0,"max_hp_gain":0.0,"max_hp_loss":0.0,"gold_gain":0.0,"event_name":"Mysterious Sphere","player_choice":"Fight","floor":46.0,"gold_loss":0.0,"damage_taken":0.0}],"is_beta":false,"boss_relics":[{"not_picked":["Ectoplasm","SacredBark"],"picked":"Mark of Pain"},{"not_picked":["Runic Pyramid","Fusion Hammer"],"picked":"Busted Crown"}],"items_purged_floors":[22,41],"is_endless":false,"potions_floor_spawned":[6,8,11,13,16,23,28,29,42,44,46,48,54],"ascension_level":1}}