{"host":"w4ub8crw9ou4a5am","time":1612906261,"event":{"mods":["2.2 Compatiblity","BaseMod","Challenge The Spire","Colored Powertips","Hermit","Hubris","Jorbs\u0027s Wanderer Trilogy","KinomotoSakuraMod(????)","Koishi","Marisa????????","Minty Spire (QoL Compilation)","Quick Restart","Rare Cards Sparkle","Remilia??????","StSLib","The Administrix","The Animator","The Bug Knight","The Cursed","The Disciple","The Hierophant","The Jungle","The Marked","The Necromancer","The Senshi","The Servant 0.9.4","WarShipGirlsR/????R mod"],"gold_per_floor":[117,137,137,68,82,114,132,146,169,169,19,19,19,34,34,136,136,146,165,6,24,52,52,52,52],"floor_reached":24,"language":"ENG","playtime":1473,"items_purged":[],"score":200,"play_id":"3287dc7b-508b-412a-bdf4-73a0db9976b2","local_time":"20210209163101","is_ascension_mode":false,"campfire_choices":[{"floor":10,"key":"REST"},{"floor":13,"key":"RECALL"},{"floor":15,"key":"REST"},{"floor":23,"key":"REST"}],"circlet_count":0,"master_deck":["TheCursedMod:Strike_TheCursed","TheCursedMod:Strike_TheCursed","TheCursedMod:Strike_TheCursed","TheCursedMod:Defend_TheCursed","TheCursedMod:Defend_TheCursed","TheCursedMod:Defend_TheCursed","TheCursedMod:Defend_TheCursed","TheCursedMod:CursedWand","TheCursedMod:CleanUpWorkshop","TheCursedMod:Dregs","TheCursedMod:SoulReap","TheCursedMod:CursedArmor","TheCursedMod:HellfireBreathing","TheCursedMod:Hemoplague","TheCursedMod:LuckyCharm","TheCursedMod:CursedAmulet","TheCursedMod:SpitefulStrike","TheCursedMod:CircleOfFlame","TheCursedMod:CollectTribute","TheCursedMod:StingEye","TheCursedMod:CursedBlade+1","TheCursedMod:CircleOfAbyss","hubris:Greed","TheCursedMod:CursedBlade+1","hubris:Greed","TheCursedMod:Hemoplague"],"relics":["hubris:VirtuousBlindfold","theSenshi:SailorFukuRelic","hubris:SlimyHat","Happy Flower","hubris:CrackedHourglass"],"acts_visited":["Exordium","Exordium"],"potions_floor_usage":[2,22,24],"damage_taken":[{"damage":0,"enemies":"Jaw Worm","floor":1,"turns":3},{"damage":2,"enemies":"2 Louse","floor":2,"turns":2},{"damage":5,"enemies":"Cultist","floor":5,"turns":5},{"damage":44,"enemies":"3 Sentries","floor":6,"turns":9},{"damage":6,"enemies":"Lots of Slimes","floor":7,"turns":4},{"damage":7,"enemies":"Red Slaver","floor":8,"turns":5},{"damage":4,"enemies":"Blue Slaver","floor":14,"turns":4},{"damage":62,"enemies":"Slime Boss","floor":16,"turns":15},{"damage":13,"enemies":"theJungle:5_Spyders","floor":18,"turns":8},{"damage":21,"enemies":"theJungle:Flameango_and_Byrd","floor":19,"turns":7},{"damage":14,"enemies":"theJungle:2_Snecko_Cultists","floor":21,"turns":7},{"damage":34,"enemies":"Snake Plant","floor":22,"turns":5},{"damage":34,"enemies":"theJungle:2_Flameangoes","floor":24,"turns":3}],"seed_played":"-7936010993349797149","potions_obtained":[{"floor":1,"key":"ColorlessPotion"},{"floor":5,"key":"Energy Potion"},{"floor":7,"key":"Ancient Potion"},{"floor":19,"key":"GamblersBrew"},{"floor":22,"key":"Explosive Potion"}],"is_trial":false,"path_per_floor":["M","M","?","$","M","E","M","M","T","R","$","?","R","M","R","B",null,"M","M","$","M","M","R","M"],"character_chosen":"THE_CURSED","items_purchased":["TheCursedMod:HellfireBreathing","Happy Flower","TheCursedMod:CircleOfAbyss"],"campfire_rested":3,"item_purchase_floors":[4,11,20],"current_hp_per_floor":[75,75,75,75,75,35,34,32,32,54,54,54,54,55,75,13,75,62,43,43,34,2,24,0,0],"gold":52,"neow_bonus":"BOSS_RELIC","is_daily":false,"chose_seed":false,"campfire_upgraded":0,"win_rate":0.0,"timestamp":1612906261,"path_taken":["M","M","?","$","M","E","M","M","T","R","$","?","R","?","R","BOSS","M","M","$","M","?","R","M"],"items_purchased_type":["Card","Relic","Card"],"build_version":"2020-12-22","purchased_purges":0,"victory":false,"max_hp_per_floor":[75,75,75,75,75,75,75,75,75,75,75,75,75,75,75,75,75,75,75,75,75,75,75,75,75],"card_choices":[{"not_picked":["TheCursedMod:TacticalStrike","TheCursedMod:CircleOfBlood"],"picked":"TheCursedMod:SoulReap","floor":1},{"not_picked":["TheCursedMod:ManaBullet","TheCursedMod:Evocation"],"picked":"TheCursedMod:CursedArmor","floor":2},{"not_picked":["TheCursedMod:VitalStrike","TheCursedMod:CursedBlade"],"picked":"TheCursedMod:Hemoplague","floor":5},{"not_picked":["TheCursedMod:CursedStaff","TheCursedMod:ReleasedKnowledge"],"picked":"TheCursedMod:LuckyCharm","floor":6},{"not_picked":["TheCursedMod:RavingStaff","TheCursedMod:CursedMace"],"picked":"TheCursedMod:CursedAmulet","floor":7},{"not_picked":["TheCursedMod:Obscuration","TheCursedMod:CursedAmulet"],"picked":"TheCursedMod:SpitefulStrike","floor":8},{"not_picked":["TheCursedMod:Torture","TheCursedMod:CursedStaff"],"picked":"TheCursedMod:CircleOfFlame","floor":14},{"not_picked":["TheCursedMod:CursedRelics","TheCursedMod:NeowsMight"],"picked":"TheCursedMod:CollectTribute","floor":16},{"not_picked":["TheCursedMod:Obscuration","TheCursedMod:FleshFromBone"],"picked":"TheCursedMod:StingEye","floor":18},{"not_picked":["TheCursedMod:RapidMovement","TheCursedMod:CursedShiv"],"picked":"TheCursedMod:CursedBlade+1","floor":19},{"not_picked":["TheCursedMod:SurpriseAttack","TheCursedMod:VitalStrike+1"],"picked":"TheCursedMod:CursedBlade+1","floor":21},{"not_picked":["TheCursedMod:SoulCrush","TheCursedMod:SurpriseAttack"],"picked":"TheCursedMod:Hemoplague","floor":22}],"player_experience":1696017,"relics_obtained":[{"floor":6,"key":"theSenshi:SailorFukuRelic"},{"floor":9,"key":"hubris:SlimyHat"}],"event_choices":[{"damage_healed":0,"gold_gain":0,"player_choice":"Leave","damage_taken":0,"max_hp_gain":0,"max_hp_loss":0,"event_name":"The Cleric","floor":3,"gold_loss":0},{"cards_removed":["TheCursedMod:Strike_TheCursed"],"damage_healed":0,"gold_gain":0,"player_choice":"Offered Basic","damage_taken":0,"max_hp_gain":0,"max_hp_loss":0,"event_name":"Bonfire Elementals","floor":12,"gold_loss":0}],"is_beta":false,"boss_relics":[{"not_picked":["Snecko Eye","Fusion Hammer"],"picked":"hubris:CrackedHourglass"}],"items_purged_floors":[],"is_endless":false,"potions_floor_spawned":[1,5,7,19,22],"killed_by":"theJungle:2_Flameangoes","ascension_level":0}}