{"host":"FirstDane","time":1612832889,"event":{"mods":["BaseMod","Bestiary","Highlight Path","Minty Spire (QoL Compilation)","Relic Stats","Slay the Relics Exporter","StSLib"],"gold_per_floor":[10,21,41,58,74,74,99,111,111,143,160,160,160,49,49,49,49],"floor_reached":16,"language":"ENG","playtime":1851,"items_purged":["Strike_R"],"score":228,"play_id":"78d7270f-cb47-4309-a766-8fde8dd504f3","local_time":"20210208190809","is_ascension_mode":true,"campfire_choices":[{"data":"Flex","floor":6,"key":"SMITH"},{"data":"Whirlwind","floor":13,"key":"SMITH"},{"floor":15,"key":"REST"}],"circlet_count":0,"master_deck":["AscendersBane","Strike_R","Strike_R","Strike_R","Strike_R","Defend_R","Defend_R","Defend_R","Defend_R","Bash","Shrug It Off","Rampage","Whirlwind+1","Flex+1","Clothesline","Dark Embrace+1","Second Wind","Inflame"],"relics":["Burning Blood","Bronze Scales","Pen Nib","Self Forming Clay"],"acts_visited":["Exordium"],"potions_floor_usage":[7,16,16],"damage_taken":[{"damage":6,"enemies":"Cultist","floor":1,"turns":3},{"damage":12,"enemies":"Jaw Worm","floor":2,"turns":6},{"damage":0,"enemies":"2 Louse","floor":3,"turns":2},{"damage":7,"enemies":"2 Fungi Beasts","floor":4,"turns":4},{"damage":12,"enemies":"Gremlin Gang","floor":5,"turns":4},{"damage":35,"enemies":"3 Sentries","floor":7,"turns":9},{"damage":17,"enemies":"Large Slime","floor":8,"turns":6},{"damage":17,"enemies":"Lagavulin","floor":10,"turns":7},{"damage":6,"enemies":"Blue Slaver","floor":11,"turns":4},{"damage":57,"enemies":"Slime Boss","floor":16,"turns":6}],"seed_played":"-951535903802006662","potions_obtained":[{"floor":1,"key":"SkillPotion"},{"floor":4,"key":"PowerPotion"},{"floor":5,"key":"Block Potion"},{"floor":7,"key":"GamblersBrew"},{"floor":10,"key":"AttackPotion"}],"is_trial":false,"path_per_floor":["M","M","M","M","M","R","E","M","T","E","M","?","R","$","R","B"],"character_chosen":"IRONCLAD","items_purchased":["Inflame"],"campfire_rested":1,"item_purchase_floors":[14],"current_hp_per_floor":[82,76,82,81,75,75,46,35,35,24,24,24,24,24,50,0,0],"gold":49,"neow_bonus":"TWENTY_PERCENT_HP_BONUS","is_daily":false,"chose_seed":false,"campfire_upgraded":2,"win_rate":0.0,"timestamp":1612832889,"path_taken":["M","M","M","?","M","R","E","M","T","E","M","?","R","$","R","BOSS"],"items_purchased_type":["Card"],"build_version":"2020-12-18","purchased_purges":1,"victory":false,"max_hp_per_floor":[89,89,89,89,89,89,89,89,89,89,89,89,89,89,89,89,89],"relic_stats":{"counters":[10,51],"Self Forming Clay":[18],"Bronze Scales":[39],"Pen Nib":[2],"obtain_stats":[{"Self Forming Clay":10,"Bronze Scales":7,"Pen Nib":9,"Burning Blood":0},{"Self Forming Clay":8,"Bronze Scales":6,"Pen Nib":7,"Burning Blood":0},{"Self Forming Clay":41,"Bronze Scales":28,"Pen Nib":34,"Burning Blood":0}],"Burning Blood":54},"card_choices":[{"not_picked":["Rupture","Clash"],"picked":"Shrug It Off","floor":1},{"not_picked":["Sentinel","Thunderclap"],"picked":"Rampage","floor":2},{"not_picked":["Sever Soul","Pummel"],"picked":"Whirlwind","floor":3},{"not_picked":["Sword Boomerang","Whirlwind","Body Slam"],"picked":"SKIP","floor":4},{"not_picked":["Burning Pact","Infernal Blade"],"picked":"Flex","floor":5},{"not_picked":["Reckless Charge","Heavy Blade"],"picked":"Clothesline","floor":7},{"not_picked":["Heavy Blade","Wild Strike"],"picked":"Dark Embrace","floor":8},{"not_picked":["Perfected Strike","Flex","Twin Strike"],"picked":"SKIP","floor":10},{"not_picked":["Ghostly Armor","Evolve"],"picked":"Second Wind","floor":11}],"player_experience":4068874,"relics_obtained":[{"floor":7,"key":"Bronze Scales"},{"floor":9,"key":"Pen Nib"},{"floor":10,"key":"Self Forming Clay"}],"event_choices":[{"damage_healed":0,"gold_gain":0,"player_choice":"Grow","damage_taken":0,"max_hp_gain":0,"max_hp_loss":0,"event_name":"Living Wall","floor":12,"gold_loss":0,"cards_upgraded":["Dark Embrace"]}],"is_beta":true,"boss_relics":[],"items_purged_floors":[14],"is_endless":false,"potions_floor_spawned":[1,4,5,7,10],"killed_by":"Slime Boss","ascension_level":20}}