{"host":"vfg9szunmpjwj08o","time":1612910005,"event":{"mods":["Act Like it!","BaseMod","BetterRewards","Bossed Relics","Challenge The Spire","Clawfect","Colored Map","Colored Powertips","Dark Map","Highlight Path","Minty Spire (QoL Compilation)","Quick Restart","Relic Stats","StSLib","Waifu the Spire","everything is the same but u backflip on backflip"],"gold_per_floor":[113,125,139,139,154,154,154],"floor_reached":6,"language":"ENG","playtime":328,"items_purged":[],"score":76,"play_id":"a3e7ba14-11df-40e4-ae20-e7b98375b0bb","local_time":"20210209233325","is_ascension_mode":true,"campfire_choices":[],"circlet_count":0,"master_deck":["AscendersBane","Strike_G","Strike_G","Strike_G","Strike_G","Strike_G","Defend_G","Defend_G","Defend_G","Defend_G","Defend_G","Survivor","Neutralize","Cloak And Dagger","Backflip","Deflect","Prepared"],"relics":["Tiny House"],"acts_visited":["Exordium"],"potions_floor_usage":[5],"damage_taken":[{"damage":1,"enemies":"2 Louse","floor":1,"turns":4},{"damage":8,"enemies":"Jaw Worm","floor":2,"turns":6},{"damage":4,"enemies":"Small Slimes","floor":3,"turns":4},{"damage":10,"enemies":"Gremlin Gang","floor":5,"turns":8},{"damage":18,"enemies":"Lagavulin","floor":6,"turns":8}],"seed_played":"1436921488306294819","potions_obtained":[{"floor":2,"key":"SteroidPotion"},{"floor":5,"key":"DuplicationPotion"}],"is_trial":false,"path_per_floor":["M","M","M","?","M","E"],"character_chosen":"THE_SILENT","items_purchased":[],"campfire_rested":0,"item_purchase_floors":[],"current_hp_per_floor":[58,50,46,51,41,23,23],"gold":154,"neow_bonus":"BOSS_RELIC","is_daily":false,"chose_seed":false,"campfire_upgraded":0,"win_rate":0.0,"timestamp":1612910005,"path_taken":["M","M","M","?","M","E"],"items_purchased_type":[],"build_version":"2020-12-22","purchased_purges":0,"victory":false,"max_hp_per_floor":[66,66,66,71,71,71,71],"relic_stats":{"counters":[5,29],"obtain_stats":[{"Tiny House":0,"Ring of the Snake":0},{"Tiny House":0,"Ring of the Snake":0},{"Tiny House":0,"Ring of the Snake":0}]},"card_choices":[{"not_picked":["Poisoned Stab","Bane"],"picked":"Cloak And Dagger","floor":1},{"not_picked":["Acrobatics","Underhanded Strike"],"picked":"Backflip","floor":2},{"not_picked":["Flying Knee","Dagger Throw"],"picked":"Deflect","floor":3},{"not_picked":["Dagger Throw","PiercingWail"],"picked":"Prepared","floor":5}],"player_experience":1102165,"relics_obtained":[],"event_choices":[{"damage_healed":0,"gold_gain":0,"player_choice":"Donut","damage_taken":0,"max_hp_gain":5,"max_hp_loss":0,"event_name":"Big Fish","floor":4,"gold_loss":0}],"is_beta":false,"boss_relics":[],"items_purged_floors":[],"is_endless":false,"potions_floor_spawned":[2,5],"killed_by":"Lagavulin","ascension_level":20}}