{"host":"i70yit5z0kpl303k","time":1612833014,"event":{"mods":["2.2 Compatiblity","Act Like it!","BaseMod","BetterRewards","Evolution","Gensokyo","Infinite Spire","Ironclad Rager","Koishi","Marked Mod","Minty Spire (QoL Compilation)","Relic Stats","Reliquary","Replay The Spire","StSLib","The Blue Laboratory","The Marked","The Servant 0.9.4","TheSwordswoman"],"gold_per_floor":[117,117,133,152,152,152,152],"floor_reached":6,"language":"ENG","playtime":246,"items_purged":[],"score":43,"play_id":"7125872a-d204-4b2a-98a5-5ad1d329c693","local_time":"20210208171014","is_ascension_mode":true,"campfire_choices":[],"circlet_count":0,"master_deck":["Barrage","Strike_B","Strike_B","Strike_B","Defend_B","Defend_B","Defend_B","Defend_B","Zap","Dualcast","Fission","Steam","Crystallizer","ReplayGash"],"relics":["Cracked Core","EVO:Axolotl","Onion Ring","Regal Pillow"],"acts_visited":["Exordium"],"potions_floor_usage":[],"damage_taken":[{"damage":4,"enemies":"Small Slimes","floor":1,"turns":4},{"damage":2,"enemies":"Jaw Worm","floor":3,"turns":3},{"damage":4,"enemies":"2 Louse","floor":4,"turns":3},{"damage":69,"enemies":"Lagavulin","floor":6,"turns":7}],"seed_played":"-5484485375443994579","potions_obtained":[{"floor":3,"key":"BlessingOfTheForge"}],"is_trial":false,"path_per_floor":["M","?","M","M","?","E"],"character_chosen":"DEFECT","items_purchased":[],"campfire_rested":0,"item_purchase_floors":[],"current_hp_per_floor":[71,71,69,65,53,0,0],"gold":152,"neow_bonus":"ONE_RANDOM_RARE_CARD","is_daily":false,"chose_seed":false,"campfire_upgraded":0,"win_rate":0.0,"timestamp":1612833014,"path_taken":["M","?","M","M","?","E"],"items_purchased_type":[],"build_version":"2020-12-22","purchased_purges":0,"victory":false,"max_hp_per_floor":[75,75,75,75,75,75,75],"relic_stats":{"Regal Pillow":0,"counters":[4,17],"obtain_stats":[{"Regal Pillow":5,"Onion Ring":2,"EVO:Axolotl":0,"Cracked Core":0},{"Regal Pillow":3,"Onion Ring":1,"EVO:Axolotl":0,"Cracked Core":0},{"Regal Pillow":10,"Onion Ring":4,"EVO:Axolotl":0,"Cracked Core":0}]},"card_choices":[{"not_picked":["Conserve Battery","Leap"],"picked":"Steam","floor":1},{"not_picked":["Streamline","Ball Lightning"],"picked":"Crystallizer","floor":3},{"not_picked":["Panic Button","Chill"],"picked":"ReplayGash","floor":4}],"player_experience":281167,"relics_obtained":[{"floor":2,"key":"Onion Ring"}],"event_choices":[{"damage_healed":0,"gold_gain":0,"player_choice":"Success","damage_taken":12,"relics_obtained":["Regal Pillow"],"max_hp_gain":0,"max_hp_loss":0,"event_name":"Scrap Ooze","floor":5,"gold_loss":0}],"is_beta":false,"boss_relics":[],"items_purged_floors":[],"is_endless":false,"potions_floor_spawned":[3],"killed_by":"Lagavulin","ascension_level":4}}