{"host":"ibckqdmmf9y74ymf","time":1612830427,"event":{"mods":["2.2 Compatiblity","BaseMod","Colored Map","Curses Come First","Highlight Path","Minty Spire (QoL Compilation)","Quick Restart","Rare Cards Sparkle","Relic Stats","StSLib"],"gold_per_floor":[111,111,111,36,56,56,83,28,76,108,135,146,146,156,156,228,228,243,262,15,15,15],"floor_reached":21,"language":"ENG","playtime":527,"items_purged":["Pain"],"score":424,"play_id":"fba2646b-a364-4b7a-888d-949d3e4410d9","local_time":"20210209012707","is_ascension_mode":true,"campfire_choices":[{"data":"Anger","floor":6.0,"key":"SMITH"},{"data":"Sword Boomerang","floor":13.0,"key":"SMITH"},{"data":"Hemokinesis","floor":15.0,"key":"SMITH"}],"circlet_count":0,"master_deck":["AscendersBane","Strike_R","Strike_R","Strike_R","Strike_R","Strike_R","Defend_R","Defend_R","Defend_R","Defend_R","Bash+1","Anger+1","Sword Boomerang+1","Demon Form+1","Heavy Blade","Hemokinesis+1","Corruption+1","Battle Trance","Feel No Pain+1"],"relics":["Burning Blood","NeowsBlessing","WarpedTongs","Bag of Preparation","Bag of Marbles","Frozen Egg 2","Bronze Scales","Mark of Pain","Omamori"],"acts_visited":["Exordium","TheCity"],"potions_floor_usage":[21],"damage_taken":[{"damage":0.0,"enemies":"Cultist","floor":1.0,"turns":1.0},{"damage":0.0,"enemies":"Small Slimes","floor":5.0,"turns":1.0},{"damage":0.0,"enemies":"Gremlin Nob","floor":7.0,"turns":1.0},{"damage":9.0,"enemies":"3 Sentries","floor":10.0,"turns":6.0},{"damage":12.0,"enemies":"Jaw Worm","floor":12.0,"turns":2.0},{"damage":3.0,"enemies":"Lots of Slimes","floor":14.0,"turns":4.0},{"damage":30.0,"enemies":"The Guardian","floor":16.0,"turns":7.0},{"damage":21,"enemies":"Spheric Guardian","floor":18,"turns":4},{"damage":28,"enemies":"Shell Parasite","floor":19,"turns":4},{"damage":9,"enemies":"Centurion and Healer","floor":21,"turns":6}],"seed_played":"-1600353745663998392","potions_obtained":[{"floor":7.0,"key":"SteroidPotion"},{"floor":14.0,"key":"Swift Potion"},{"floor":16.0,"key":"BlessingOfTheForge"}],"is_trial":false,"path_per_floor":["M","?","?","$","M","R","E","$","T","E","T","M","R","M","R","B",null,"M","M","$","M"],"character_chosen":"IRONCLAD","items_purchased":["Sword Boomerang","Feel No Pain+1","Omamori"],"campfire_rested":0,"item_purchase_floors":[8,20,20],"current_hp_per_floor":[74,74,74,74,75,75,75,75,75,72,72,66,66,69,69,45,68,53,31,31,22,22],"gold":15,"neow_bonus":"THREE_ENEMY_KILL","is_daily":false,"chose_seed":false,"campfire_upgraded":3,"win_rate":0.0,"timestamp":1612830427,"path_taken":["M","?","?","$","?","R","E","$","T","E","?","M","R","M","R","BOSS","M","?","$","M"],"items_purchased_type":["Card","Card","Relic"],"build_version":"2020-12-22","purchased_purges":1,"victory":false,"max_hp_per_floor":[75,75,75,75,75,75,75,75,75,75,75,75,75,75,75,75,75,75,75,75,75,75],"relic_stats":{"counters":[10,36],"Bronze Scales":[45],"Bag of Preparation":[14],"obtain_stats":[{"NeowsBlessing":0,"Bronze Scales":11,"Mark of Pain":17,"Bag of Preparation":7,"Bag of Marbles":9,"Omamori":20,"Frozen Egg 2":10,"Burning Blood":0,"WarpedTongs":3},{"NeowsBlessing":0,"Bronze Scales":4,"Mark of Pain":7,"Bag of Preparation":3,"Bag of Marbles":3,"Omamori":9,"Frozen Egg 2":4,"Burning Blood":0,"WarpedTongs":1},{"NeowsBlessing":0,"Bronze Scales":9,"Mark of Pain":22,"Bag of Preparation":3,"Bag of Marbles":3,"Omamori":30,"Frozen Egg 2":9,"Burning Blood":0,"WarpedTongs":1}],"Burning Blood":43,"WarpedTongs":[33]},"card_choices":[{"not_picked":["Clash","Havoc","Seeing Red"],"picked":"SKIP","floor":1.0},{"not_picked":["Armaments","Dual Wield"],"picked":"Anger","floor":5.0},{"not_picked":["Dark Embrace","Body Slam","Second Wind"],"picked":"SKIP","floor":7.0},{"not_picked":["True Grit","Entrench"],"picked":"Demon Form+1","floor":10.0},{"not_picked":["Flex","Perfected Strike"],"picked":"Heavy Blade","floor":12.0},{"not_picked":["Iron Wave","Anger"],"picked":"Hemokinesis","floor":14.0},{"not_picked":["Double Tap","Barricade+1"],"picked":"Corruption+1","floor":16.0},{"not_picked":["Burning Pact","Pommel Strike+1"],"picked":"Battle Trance","floor":18},{"not_picked":["Havoc","Bloodletting","Body Slam"],"picked":"SKIP","floor":19}],"player_experience":693093,"relics_obtained":[{"floor":7.0,"key":"Bag of Preparation"},{"floor":9.0,"key":"Bag of Marbles"},{"floor":10.0,"key":"Frozen Egg 2"},{"floor":11.0,"key":"Bronze Scales"}],"event_choices":[{"damage_healed":0.0,"max_hp_gain":0.0,"max_hp_loss":0.0,"gold_gain":0.0,"event_name":"Living Wall","player_choice":"Grow","floor":2.0,"gold_loss":0.0,"damage_taken":0.0,"cards_upgraded":["Bash"]},{"damage_healed":0.0,"max_hp_gain":0.0,"max_hp_loss":0.0,"gold_gain":0.0,"event_name":"Accursed Blacksmith","player_choice":"Rummage","floor":3.0,"gold_loss":0.0,"damage_taken":0.0,"relics_obtained":["WarpedTongs"],"cards_obtained":["Pain"]}],"is_beta":false,"boss_relics":[{"not_picked":["Pandora\u0027s Box","Ectoplasm"],"picked":"Mark of Pain"}],"items_purged_floors":[4],"is_endless":false,"potions_floor_spawned":[7,14,16],"killed_by":"Centurion and Healer","ascension_level":20}}