{"host":"2yqfi47fogfu1ic4","time":1612887860,"event":{"mods":["AchievementEnabler","BaseMod","Colored Map","Colored Powertips","Highlight Path","Minty Spire (QoL Compilation)","Permanent Neow","Relic Stats","StSLib"],"gold_per_floor":[113,129,129,139,150,175,188,200,224,288,121,156,176,211,211,288,288,305,305,328,88,88,117,167,197,197,197,215,215,234,250,250,325,325,336,354,372,397,397,427,443,470,493,528,528,545,545,561,561,561,561,561,561,229,254,254],"floor_reached":57,"language":"DEU","playtime":6992,"items_purged":["Strike_G","Strike_G"],"score":3383,"play_id":"2494c165-7673-4006-840b-4d6ccc5f29de","local_time":"20210209172420","is_ascension_mode":true,"campfire_choices":[{"data":"Acrobatics","floor":15.0,"key":"SMITH"},{"floor":29.0,"key":"REST"},{"data":"Terror","floor":32.0,"key":"SMITH"},{"floor":45,"key":"RECALL"},{"data":"Night Terror","floor":47,"key":"SMITH"},{"data":"Ghostly","floor":49,"key":"SMITH"},{"data":"Ghostly","floor":53,"key":"SMITH"}],"circlet_count":0,"master_deck":["AscendersBane","Strike_G","Defend_G","Defend_G+1","Defend_G","Defend_G","Defend_G","Survivor","Neutralize","Apotheosis+1","Blade Dance","Dagger Spray","Cloak And Dagger","Eviscerate","Eviscerate","Eviscerate","Unload","Acrobatics+1","Acrobatics+1","Terror+1","Slice","Tools of the Trade","Backflip","Prepared","Backflip","Venomology+1","Backflip","Ghostly+1","Ghostly+1","Ghostly","Concentrate","Necronomicurse","Leg Sweep","Backflip+1","Underhanded Strike+1","Tactician","Phantasmal Killer","Night Terror+1","Footwork","Eviscerate","Calculated Gamble+1","Prepared+1","Prepared","Acrobatics","Underhanded Strike"],"relics":["Ring of the Snake","Du-Vu Doll","Thread and Needle","Orrery","Vajra","Smiling Mask","Empty Cage","Centennial Puzzle","Membership Card","Necronomicon","Incense Burner","Gambling Chip","Dream Catcher","Runic Pyramid","Pocketwatch","CaptainsWheel","CeramicFish","War Paint","Nunchaku","Sling","Boot","Blood Vial","Bag of Marbles"],"acts_visited":["Exordium","TheCity","TheBeyond","TheEnding"],"potions_floor_usage":[35,36,37,38,42,46,48],"damage_taken":[{"damage":10.0,"enemies":"Small Slimes","floor":1.0,"turns":7.0},{"damage":0.0,"enemies":"2 Louse","floor":2.0,"turns":3.0},{"damage":0.0,"enemies":"Jaw Worm","floor":4.0,"turns":3.0},{"damage":3.0,"enemies":"Gremlin Gang","floor":5.0,"turns":2.0},{"damage":9.0,"enemies":"Gremlin Nob","floor":6.0,"turns":3.0},{"damage":0.0,"enemies":"Red Slaver","floor":7.0,"turns":4.0},{"damage":12.0,"enemies":"Exordium Wildlife","floor":8.0,"turns":6.0},{"damage":13.0,"enemies":"3 Sentries","floor":10.0,"turns":6.0},{"damage":0.0,"enemies":"Lagavulin","floor":12.0,"turns":4.0},{"damage":0.0,"enemies":"2 Fungi Beasts","floor":13.0,"turns":1.0},{"damage":0.0,"enemies":"3 Sentries","floor":14.0,"turns":2.0},{"damage":24.0,"enemies":"Slime Boss","floor":16.0,"turns":4.0},{"damage":0.0,"enemies":"Shell Parasite","floor":18.0,"turns":1.0},{"damage":0.0,"enemies":"Book of Stabbing","floor":23.0,"turns":3.0},{"damage":0.0,"enemies":"Slavers","floor":25.0,"turns":6.0},{"damage":0.0,"enemies":"Spheric Guardian","floor":28.0,"turns":1.0},{"damage":0.0,"enemies":"Chosen and Byrds","floor":30.0,"turns":4.0},{"damage":0.0,"enemies":"Snake Plant","floor":31.0,"turns":1.0},{"damage":0,"enemies":"Collector","floor":33,"turns":3},{"damage":0,"enemies":"3 Darklings","floor":35,"turns":3},{"damage":0,"enemies":"Orb Walker","floor":36,"turns":4},{"damage":0,"enemies":"Sphere and 2 Shapes","floor":37,"turns":6},{"damage":0,"enemies":"Mind Bloom Boss Battle","floor":38,"turns":6},{"damage":0,"enemies":"Reptomancer","floor":40,"turns":3},{"damage":0,"enemies":"Spire Growth","floor":41,"turns":3},{"damage":0,"enemies":"Giant Head","floor":42,"turns":6},{"damage":0,"enemies":"Nemesis","floor":44,"turns":1},{"damage":0,"enemies":"4 Shapes","floor":46,"turns":4},{"damage":0,"enemies":"3 Darklings","floor":48,"turns":8},{"damage":0,"enemies":"Awakened One","floor":50,"turns":12},{"damage":8,"enemies":"Donu and Deca","floor":51,"turns":11},{"damage":0,"enemies":"Shield and Spear","floor":55,"turns":6},{"damage":10,"enemies":"The Heart","floor":56,"turns":9}],"seed_played":"4677509778049290457","potions_obtained":[{"floor":2.0,"key":"EntropicBrew"},{"floor":5.0,"key":"Strength Potion"},{"floor":7.0,"key":"Regen Potion"},{"floor":12.0,"key":"Dexterity Potion"},{"floor":13.0,"key":"Poison Potion"},{"floor":14.0,"key":"CunningPotion"},{"floor":25.0,"key":"ColorlessPotion"},{"floor":28.0,"key":"SteroidPotion"},{"floor":36,"key":"PowerPotion"},{"floor":41,"key":"Strength Potion"},{"floor":46,"key":"PowerPotion"},{"floor":48,"key":"LiquidMemories"}],"is_trial":false,"path_per_floor":["M","M","?","M","M","E","M","M","T","?","$","E","M","E","R","B",null,"M","?","T","$","?","E","?","E","T","?","M","R","M","M","R","B",null,"M","M","M","?","?","E","M","E","T","E","R","M","R","M","R","B","B",null,"R","$","E","B",null],"character_chosen":"THE_SILENT","items_purchased":["Orrery","Membership Card","Concentrate","Acrobatics","Underhanded Strike","Sling","Boot","Blood Vial"],"campfire_rested":1,"item_purchase_floors":[11,21,21,54,54,54,54,54],"current_hp_per_floor":[49,49,49,49,46,37,37,40,40,27,27,27,27,27,27,3,46,46,30,30,30,9,9,9,9,9,9,9,18,18,18,18,18,27,27,30,30,30,30,30,30,30,30,30,30,30,30,30,30,30,22,28,28,28,30,20],"gold":254,"neow_bonus":"RANDOM_COLORLESS_2","is_daily":false,"chose_seed":false,"campfire_upgraded":5,"win_rate":0.0,"timestamp":1612887860,"path_taken":["M","M","?","M","M","E","M","M","T","?","?","E","?","E","R","BOSS","M","?","?","$","?","E","?","E","T","?","?","R","M","M","R","BOSS","M","M","?","?","?","E","M","E","T","E","R","M","R","M","R","BOSS","BOSS","R","$","E","BOSS"],"items_purchased_type":["Relic","Relic","Card","Card","Card","Relic","Relic","Relic"],"build_version":"2020-12-22","purchased_purges":2,"victory":true,"max_hp_per_floor":[60,60,60,60,60,60,60,60,60,60,60,60,60,60,60,60,60,60,30,30,30,30,30,30,30,30,30,30,30,30,30,30,30,30,30,30,30,30,30,30,30,30,30,30,30,30,30,30,30,30,30,30,30,30,30,30],"relic_stats":{"counters":[33,146],"CeramicFish":18,"War Paint":["Defend_G","Venomology"],"Smiling Mask":-12,"Boot":[0],"Blood Vial":2,"Centennial Puzzle":[6],"Dream Catcher":1,"Nunchaku":[11],"Gambling Chip":[96],"Necronomicon":[33],"obtain_stats":[{"CeramicFish":42,"Vajra":12,"Thread and Needle":10,"Incense Burner":23,"War Paint":43,"Smiling Mask":14,"Empty Cage":17,"Sling":54,"Boot":54,"Du-Vu Doll":6,"Blood Vial":54,"Centennial Puzzle":20,"Dream Catcher":26,"CaptainsWheel":40,"Nunchaku":44,"Gambling Chip":25,"Orrery":11,"Necronomicon":22,"Bag of Marbles":55,"Membership Card":21,"Ring of the Snake":0,"Runic Pyramid":34,"Pocketwatch":38},{"CeramicFish":26,"Vajra":9,"Thread and Needle":8,"Incense Burner":14,"War Paint":26,"Smiling Mask":11,"Empty Cage":12,"Sling":31,"Boot":31,"Du-Vu Doll":5,"Blood Vial":31,"Centennial Puzzle":13,"Dream Catcher":15,"CaptainsWheel":24,"Nunchaku":27,"Gambling Chip":15,"Orrery":8,"Necronomicon":13,"Bag of Marbles":32,"Membership Card":13,"Ring of the Snake":0,"Runic Pyramid":19,"Pocketwatch":23},{"CeramicFish":95,"Vajra":38,"Thread and Needle":34,"Incense Burner":49,"War Paint":95,"Smiling Mask":41,"Empty Cage":45,"Sling":131,"Boot":131,"Du-Vu Doll":18,"Blood Vial":131,"Centennial Puzzle":46,"Dream Catcher":55,"CaptainsWheel":86,"Nunchaku":96,"Gambling Chip":55,"Orrery":34,"Necronomicon":46,"Bag of Marbles":137,"Membership Card":46,"Ring of the Snake":0,"Runic Pyramid":64,"Pocketwatch":83}],"Ring of the Snake":[66],"Pocketwatch":[1]},"card_choices":[{"not_picked":["Transmutation","Metamorphosis"],"picked":"Apotheosis","floor":0.0},{"not_picked":["Skewer","Concentrate"],"picked":"Blade Dance","floor":1.0},{"not_picked":["Acrobatics","Expertise"],"picked":"Dagger Spray","floor":2.0},{"not_picked":["Reflex","Deflect"],"picked":"Cloak And Dagger","floor":4.0},{"not_picked":["Infinite Blades","Dagger Spray"],"picked":"Eviscerate","floor":5.0},{"not_picked":["Choke","All Out Attack"],"picked":"Eviscerate","floor":6.0},{"not_picked":["Flechettes","Quick Slash"],"picked":"Eviscerate","floor":7.0},{"not_picked":["Cloak And Dagger","Dagger Spray"],"picked":"Unload","floor":8.0},{"not_picked":["Cloak And Dagger","Backstab"],"picked":"Acrobatics","floor":10.0},{"not_picked":["Flying Knee","Die Die Die"],"picked":"Acrobatics","floor":11.0},{"not_picked":["Underhanded Strike","Leg Sweep"],"picked":"Terror","floor":11.0},{"not_picked":["Deadly Poison","Flying Knee"],"picked":"Slice","floor":11.0},{"not_picked":["Dagger Throw","Deflect"],"picked":"Tools of the Trade","floor":11.0},{"not_picked":["Bouncing Flask","Flying Knee"],"picked":"Backflip","floor":11.0},{"not_picked":["Well Laid Plans","Doppelganger"],"picked":"Prepared","floor":12.0},{"not_picked":["Masterful Stab","Predator"],"picked":"Backflip","floor":13.0},{"not_picked":["Cloak And Dagger","Flying Knee","A Thousand Cuts"],"picked":"SKIP","floor":14.0},{"not_picked":["Tools of the Trade","Night Terror"],"picked":"Venomology","floor":16.0},{"not_picked":["Dodge and Roll","Bouncing Flask"],"picked":"Backflip","floor":18.0},{"not_picked":["Deadly Poison","Outmaneuver+1"],"picked":"Leg Sweep","floor":23.0},{"not_picked":["Riddle With Holes","Prepared"],"picked":"Backflip+1","floor":25.0},{"not_picked":["Eviscerate","Dagger Spray"],"picked":"Underhanded Strike+1","floor":28.0},{"not_picked":["Noxious Fumes+1","Cloak And Dagger+1"],"picked":"Tactician","floor":30.0},{"not_picked":["Flechettes","Masterful Stab+1"],"picked":"Phantasmal Killer","floor":31.0},{"not_picked":["Adrenaline","Die Die Die"],"picked":"Night Terror","floor":33},{"not_picked":["Footwork","Backflip","Dagger Throw+1"],"picked":"SKIP","floor":35},{"not_picked":["Backflip","Dagger Throw+1"],"picked":"Footwork","floor":35},{"not_picked":["Deflect+1","Slice+1","Blade Dance"],"picked":"SKIP","floor":36},{"not_picked":["Terror","All Out Attack"],"picked":"Eviscerate","floor":37},{"not_picked":["Terror+1","Outmaneuver"],"picked":"Calculated Gamble+1","floor":38},{"not_picked":["Deflect+1","Poisoned Stab"],"picked":"Prepared+1","floor":40},{"not_picked":["Riddle With Holes","Bane"],"picked":"Prepared","floor":41},{"not_picked":["Unload","Skewer+1","Dagger Throw+1"],"picked":"SKIP","floor":42},{"not_picked":["Die Die Die","Crippling Poison","Slice+1"],"picked":"SKIP","floor":44},{"not_picked":["Cloak And Dagger","Blade Dance","Terror"],"picked":"SKIP","floor":46},{"not_picked":["Flying Knee+1","Dagger Spray+1","Infinite Blades"],"picked":"SKIP","floor":48},{"not_picked":["Outmaneuver","Slice","Deadly Poison"],"picked":"SKIP","floor":55}],"player_experience":1719083,"relics_obtained":[{"floor":6.0,"key":"Du-Vu Doll"},{"floor":10.0,"key":"Thread and Needle"},{"floor":12.0,"key":"Vajra"},{"floor":14.0,"key":"Smiling Mask"},{"floor":20.0,"key":"Centennial Puzzle"},{"floor":22.0,"key":"Necronomicon"},{"floor":23.0,"key":"Incense Burner"},{"floor":25.0,"key":"Gambling Chip"},{"floor":26.0,"key":"Dream Catcher"},{"floor":38,"key":"Pocketwatch"},{"floor":40,"key":"CaptainsWheel"},{"floor":42,"key":"CeramicFish"},{"floor":43,"key":"War Paint"},{"floor":44,"key":"Nunchaku"},{"floor":55,"key":"Bag of Marbles"}],"event_choices":[{"damage_healed":0.0,"max_hp_gain":0.0,"max_hp_loss":0.0,"gold_gain":0.0,"event_name":"Living Wall","player_choice":"Grow","floor":3.0,"gold_loss":0.0,"damage_taken":0.0,"cards_upgraded":["Apotheosis"]},{"damage_healed":0.0,"max_hp_gain":0.0,"max_hp_loss":0.0,"gold_gain":0.0,"event_name":"Dead Adventurer","player_choice":"Searched \u00271\u0027 times","floor":10.0,"gold_loss":0.0,"damage_taken":0.0},{"damage_healed":0.0,"max_hp_gain":0.0,"max_hp_loss":30.0,"gold_gain":0.0,"event_name":"Ghosts","player_choice":"Became a Ghost","floor":19.0,"gold_loss":0.0,"damage_taken":0.0,"cards_obtained":["Ghostly","Ghostly","Ghostly"]},{"damage_healed":0.0,"max_hp_gain":0.0,"max_hp_loss":0.0,"gold_gain":0.0,"event_name":"Cursed Tome","player_choice":"Obtained Book","floor":22.0,"gold_loss":0.0,"damage_taken":21.0},{"damage_healed":0.0,"max_hp_gain":0.0,"max_hp_loss":0.0,"gold_gain":50.0,"event_name":"Nest","player_choice":"Stole From Cult","floor":24.0,"gold_loss":0.0,"damage_taken":0.0},{"damage_healed":0.0,"max_hp_gain":0.0,"max_hp_loss":0.0,"gold_gain":0.0,"event_name":"Beggar","player_choice":"Ignored","floor":27.0,"gold_loss":0.0,"damage_taken":0.0},{"damage_healed":0,"gold_gain":0,"player_choice":"Fight","damage_taken":0,"max_hp_gain":0,"max_hp_loss":0,"event_name":"MindBloom","floor":38,"gold_loss":0},{"damage_healed":0,"gold_gain":0,"player_choice":"Forge","damage_taken":0,"max_hp_gain":0,"max_hp_loss":0,"event_name":"Accursed Blacksmith","floor":39,"gold_loss":0,"cards_upgraded":["Acrobatics"]}],"is_beta":false,"boss_relics":[{"not_picked":["Busted Crown","Sozu"],"picked":"Empty Cage"},{"not_picked":["Cursed Key","Black Star"],"picked":"Runic Pyramid"}],"items_purged_floors":[21,54],"is_endless":false,"potions_floor_spawned":[2,5,7,12,13,14,25,28,33,36,40,41,42,46,48],"ascension_level":20}}