{"host":"4gr5irrdjh39ysed","time":1612832687,"event":{"mods":["AchievementEnabler","BaseMod","Colored Map","Downfall","Hermit","Minty Spire (QoL Compilation)","Random Character Button","StSLib","The Construct","The Cursed","The Disciple","The Hierophant","The Mystic","The Necromancer","The Runesmith"],"gold_per_floor":[99,109,109,119,104,121,121,21,53,53,73,58,111,111,127,225,225,125,136,156,66,66,66,89,197,212,231,331,356,426,440,459,564,564,564,575,118,129,110,145,145,119,119,132,182,246,323,385,402,402],"floor_reached":51,"language":"ENG","playtime":3112,"items_purged":["champ:Defend","champ:Defend","champ:Defend"],"score":834,"play_id":"56f852e3-e62f-455d-8449-17a2c7b7b22a","local_time":"20210208180447","is_ascension_mode":true,"campfire_choices":[{"floor":1,"key":"RECALL"},{"data":"champ:SteelEdge","floor":8,"key":"SMITH"},{"data":"champ:Devastate","floor":18,"key":"SMITH"},{"data":"champ:Taunt","floor":23,"key":"SMITH"},{"data":"champ:TripleStrike","floor":35,"key":"SMITH"},{"data":"champ:CheapShot","floor":43,"key":"SMITH"}],"circlet_count":0,"master_deck":["champ:Strike","champ:Strike","champ:Strike","champ:Strike","champ:Execute","champ:Taunt+1","champ:CheapShot+1","champ:FanOfKnives","champ:ArenaPreparation","champ:SteelEdge+1","champ:ViciousMockery","champ:ArenaPreparation","champ:BerserkerStyle","champ:Duel","champ:ShieldWall","champ:Devastate+1","champ:CrownThrow+1","champ:CalledShot","champ:PerfectedStrike+1","champ:EnragedBash","Mind Blast","champ:TripleStrike+1","champ:GladiatorStyle","champ:HeavySlash","champ:SetATrap","champ:VampiricStrike","champ:CrookedStrike","champ:VampiricStrike","champ:MurderStrike","champ:RecklessLeap","expansioncontent:Hexaburn","The Bomb","champ:StrikeOfGenius","champ:CheapShot+1","champ:BladeFlurry","champ:CalledShot","champ:ShieldThrow"],"relics":["champ:ChampionCrown","Ornamental Fan","downfall:HeartBlessingRed","Mercury Hourglass","champ:LiftRelic","champ:DefensiveTrainingManual","construct:WeddingRing","Nloth\u0027s Gift","Centennial Puzzle","downfall:CloakOfManyFaces","CultistMask","FaceOfCleric","NlothsMask","GremlinMask","SsserpentHead","Matryoshka","construct:ClawGrip","Runesmith:Nanobots","Bottled Lightning","PreservedInsect"],"acts_visited":["Exordium","TheCity","TheBeyond"],"potions_floor_usage":[5,5,12,31,32,33,38,46,50],"damage_taken":[{"damage":15,"enemies":"Small Slimes","floor":2,"turns":4},{"damage":10,"enemies":"Cultist","floor":4,"turns":3},{"damage":35,"enemies":"downfall:FleeingMerchant","floor":5,"turns":5},{"damage":3,"enemies":"Jaw Worm","floor":6,"turns":3},{"damage":25,"enemies":"Gremlin Nob","floor":9,"turns":5},{"damage":3,"enemies":"3 Louse","floor":11,"turns":2},{"damage":72,"enemies":"downfall:FleeingMerchant","floor":12,"turns":5},{"damage":22,"enemies":"Lots of Slimes","floor":15,"turns":3},{"damage":141,"enemies":"WA_ARCHETYPE_RETAIN","floor":16,"turns":7},{"damage":15,"enemies":"Chosen","floor":19,"turns":3},{"damage":45,"enemies":"Shell Parasite","floor":20,"turns":4},{"damage":35,"enemies":"downfall:FleeingMerchant","floor":21,"turns":5},{"damage":67,"enemies":"downfall:FleeingMerchant","floor":25,"turns":4},{"damage":39,"enemies":"Chosen and Byrds","floor":26,"turns":5},{"damage":16,"enemies":"Snake Plant","floor":27,"turns":4},{"damage":81,"enemies":"downfall:FaceTrader","floor":28,"turns":7},{"damage":79,"enemies":"Slavers","floor":29,"turns":3},{"damage":50,"enemies":"3 Cultists","floor":30,"turns":4},{"damage":23,"enemies":"Cultist and Chosen","floor":31,"turns":4},{"damage":0,"enemies":"Sentry and Sphere","floor":32,"turns":4},{"damage":106,"enemies":"SI_MIRROR_ARCHETYPE","floor":33,"turns":8},{"damage":38,"enemies":"Orb Walker","floor":36,"turns":3},{"damage":87,"enemies":"3 Darklings","floor":38,"turns":5},{"damage":131,"enemies":"Reptomancer","floor":40,"turns":5},{"damage":102,"enemies":"Jaw Worm Horde","floor":44,"turns":6},{"damage":37,"enemies":"Sphere and 2 Shapes","floor":46,"turns":2},{"damage":70,"enemies":"Spire Growth","floor":48,"turns":4},{"damage":61,"enemies":"Transient","floor":49,"turns":5},{"damage":253,"enemies":"IC_BLOCK_ARCHETYPE","floor":50,"turns":9}],"seed_played":"2184807509325620158","potions_obtained":[{"floor":2,"key":"SneckoOil"},{"floor":4,"key":"Slimebound:ThreeZeroPotion"},{"floor":11,"key":"Swift Potion"},{"floor":26,"key":"Dexterity Potion"},{"floor":28,"key":"champ:CounterPotion"},{"floor":29,"key":"Energy Potion"},{"floor":31,"key":"Dexterity Potion"},{"floor":33,"key":"Swift Potion"},{"floor":36,"key":"DuplicationPotion"},{"floor":40,"key":"Explosive Potion"},{"floor":46,"key":"champ:OpenerPotion"}],"is_trial":false,"path_per_floor":["R","M","?","M","$","M","T","R","E","?","M","$","T","?","M","B",null,"R","M","M","$","?","R","T","$","M","M","?","E","M","M","M","B",null,"R","M","$","M","$","E","T","$","R","M","?","M","T","M","M","B",null],"character_chosen":"THE_CHAMP","items_purchased":["champ:EnragedBash","Mind Blast","champ:RecklessLeap","expansioncontent:Hexaburn","The Bomb","champ:StrikeOfGenius","champ:BladeFlurry"],"campfire_rested":0,"item_purchase_floors":[25,25,37,37,37,39,42],"current_hp_per_floor":[2090,2085,2085,2085,2075,2072,2072,2072,2067,2067,2064,2054,2054,2019,2011,1925,2090,2090,2090,2070,2059,2059,2059,2059,2034,2028,2017,2005,1957,1950,1943,1944,1893,2095,2095,2073,2073,2035,2035,1920,1920,1920,1920,1844,1844,1823,1823,1784,1724,1521],"gold":402,"neow_bonus":"ONE_RANDOM_RARE_CARD","is_daily":false,"chose_seed":false,"campfire_upgraded":5,"win_rate":0.0,"timestamp":1612832687,"path_taken":["R","M","?","?","$","?","T","R","E","?","M","$","?","?","M","BOSS","R","M","?","$","?","R","T","?","M","M","?","E","?","M","M","BOSS","R","M","$","M","?","E","T","$","R","M","?","?","?","?","M","BOSS"],"items_purchased_type":["Card","Card","Card","Card","Card","Card","Card"],"build_version":"2020-12-22","purchased_purges":3,"victory":true,"max_hp_per_floor":[2090,2090,2090,2090,2090,2090,2090,2090,2090,2090,2090,2090,2090,2090,2090,2090,2090,2090,2090,2090,2090,2090,2090,2090,2090,2090,2090,2090,2091,2092,2093,2094,2095,2095,2095,2096,2096,2097,2097,2098,2098,2098,2098,2099,2099,2100,2100,2101,2102,2103],"card_choices":[{"not_picked":["champ:FalseCounter","champ:EnGarde"],"picked":"champ:FanOfKnives","floor":2},{"not_picked":["champ:FocusedDefense","champ:FanOfKnives"],"picked":"champ:ArenaPreparation","floor":4},{"not_picked":["champ:DefensiveShout","champ:IronFortress"],"picked":"champ:SteelEdge","floor":5},{"not_picked":["champ:BladeFlurry","champ:HeartStrike"],"picked":"champ:ViciousMockery","floor":6},{"not_picked":["champ:PreemptiveStrike","champ:Circumvent"],"picked":"champ:ArenaPreparation","floor":9},{"not_picked":["champ:ShieldWall","champ:GutPunch"],"picked":"champ:BerserkerStyle","floor":11},{"not_picked":["champ:Shatter","champ:LastStand"],"picked":"champ:Duel","floor":12},{"not_picked":["champ:BerserkersShout","champ:AdrenalArmor"],"picked":"champ:ShieldWall","floor":15},{"not_picked":["champ:HeavySlash","champ:StrikeOfGenius"],"picked":"champ:Devastate","floor":16},{"not_picked":["champ:EnGarde","champ:Duel"],"picked":"champ:CrownThrow+1","floor":19},{"not_picked":["champ:PerfectedStrike","champ:BerserkersShout+1","champ:EnGarde"],"picked":"SKIP","floor":20},{"not_picked":["champ:BerserkersShout","champ:DefensiveShout"],"picked":"champ:CalledShot","floor":21},{"not_picked":["champ:CrownThrow","champ:Backstep"],"picked":"champ:PerfectedStrike+1","floor":25},{"not_picked":["champ:Circumvent","champ:TornadoPunch","champ:FlashCut"],"picked":"SKIP","floor":26},{"not_picked":["champ:BladeFlurry","champ:FalseCounter"],"picked":"champ:TripleStrike","floor":27},{"not_picked":["champ:Lariat","champ:PreciseThrust"],"picked":"champ:GladiatorStyle","floor":28},{"not_picked":["champ:PreemptiveStrike","champ:SetATrap"],"picked":"champ:HeavySlash","floor":29},{"not_picked":["champ:FanOfKnives","champ:FalseCounter"],"picked":"champ:SetATrap","floor":30},{"not_picked":["champ:FlashCut","champ:Shatter"],"picked":"champ:VampiricStrike","floor":31},{"not_picked":["champ:BerserkerStyle+1","champ:FlashCut"],"picked":"champ:CrookedStrike","floor":32},{"not_picked":["champ:LastStand","champ:IgnorePain"],"picked":"champ:VampiricStrike","floor":33},{"not_picked":["champ:FanOfKnives+1","champ:Haymaker"],"picked":"champ:MurderStrike","floor":36},{"not_picked":["champ:Circumvent+1","champ:SkillfulDodge+1","champ:AdrenalArmor"],"picked":"SKIP","floor":38},{"not_picked":["champ:FancyFootwork+1","champ:EnragedBash"],"picked":"champ:CheapShot","floor":40},{"not_picked":["champ:FancyFootwork+1","champ:Haymaker+1","champ:FlashCut+1"],"picked":"SKIP","floor":44},{"not_picked":["champ:FaceSlap","champ:FanOfKnives+1"],"picked":"champ:CalledShot","floor":46},{"not_picked":["champ:Haymaker","champ:Shatter+1","champ:PerfectedStrike+1"],"picked":"SKIP","floor":48},{"not_picked":["champ:TripleStrike","champ:FocusedDefense"],"picked":"champ:ShieldThrow","floor":49}],"player_experience":330680,"relics_obtained":[{"floor":7,"key":"Ornamental Fan"},{"floor":9,"key":"Mercury Hourglass"},{"floor":13,"key":"champ:DefensiveTrainingManual"},{"floor":24,"key":"Centennial Puzzle"},{"floor":28,"key":"downfall:CloakOfManyFaces"},{"floor":29,"key":"Matryoshka"},{"floor":40,"key":"Runesmith:Nanobots"},{"floor":47,"key":"Bottled Lightning"},{"floor":47,"key":"PreservedInsect"}],"event_choices":[{"cards_removed":["champ:Defend"],"damage_healed":0,"gold_gain":0,"player_choice":"Offered Basic","damage_taken":0,"max_hp_gain":0,"max_hp_loss":0,"event_name":"Bonfire Elementals","floor":45,"gold_loss":0}],"is_beta":false,"boss_relics":[{"not_picked":["Runic Pyramid","Busted Crown"],"picked":"construct:WeddingRing"},{"not_picked":["Snecko Eye","bronze:MakeshiftBattery"],"picked":"construct:ClawGrip"}],"items_purged_floors":[21,25,37],"is_endless":false,"potions_floor_spawned":[2,4,11,26,28,29,30,31,33,36,40,46,48],"ascension_level":1}}