{"host":"bzmu8obhodshu1qd","time":1612887258,"event":{"mods":["BaseMod","BetterRewards","Colored Map","Colored Powertips","Downfall","Highlight Path","Marisa????????","Minty Spire (QoL Compilation)","Relic Stats","Replay The Spire","StSLib"],"gold_per_floor":[111,111,130,10,22,22,55,55,55,85,85,103,128,144,144,246,246,261,274,324,78,78,78,94,94,94,94,94,110,130,30,129,141,141,246,246,256,531,545,590,140,159,159,173,173,173,206,206,217,236,236,236],"floor_reached":53,"language":"ENG","playtime":6599,"items_purged":["Bash","Defend_R","Regret"],"score":699,"play_id":"296e60bc-9f87-4fe2-9f32-46722c3a7003","local_time":"20210209161418","is_ascension_mode":false,"campfire_choices":[{"data":"Barricade","floor":6.0,"key":"SMITH"},{"data":"Armaments","floor":8.0,"key":"SMITH"},{"data":"ReplayTheSpireMod:Muscle Training","floor":11.0,"key":"SMITH"},{"data":"Shockwave","floor":15.0,"key":"SMITH"},{"data":"downfall:Bewildered","floor":23,"key":"PURGE"},{"floor":43,"key":"REST"},{"data":"Juggernaut","floor":48,"key":"SMITH"},{"data":"Metallicize","floor":51,"key":"SMITH"}],"circlet_count":0,"master_deck":["Defend_R","Defend_R","Defend_R","m_Survivalism","Barricade+1","Power Through","Warcry","Armaments+1","ReplayTheSpireMod:Muscle Training+1","Heavy Blade","Shockwave+1","ReplayReversal","ReplayReversal","Iron Wave","Flex+1","ReplayReversal","Entrench+1","Intimidate","Headbutt","Iron Wave","Slimebound:Tackle+1","Slimebound:Tackle+1","Slimebound:Tackle+1","Heavy Blade+1","Cleave+1","Pommel Strike+1","Cleave+1","Impervious","ReplayTheSpireMod:Muscle Training+1","Juggernaut+1","Pommel Strike+1","Headbutt+1","Shrug It Off","Heavy Blade+1","Impervious","Ghostly Armor+1","Writhe","Metallicize+1","Warcry+1","Rupture+1","Warcry"],"relics":["Burning Blood","Peace Pipe","Gremlin Horn","Prayer Wheel","Juzu Bracelet","Velvet Choker","Question Card","sneckomod:BabySnecko","Iron Hammer","Ooze Armor","Calipers","TheAbacus","Mirror","Regal Pillow"],"acts_visited":["Exordium","TheCity","TheBeyond"],"potions_floor_usage":[24,35,35,35,40,52,52,52],"damage_taken":[{"damage":0.0,"enemies":"2 Louse","floor":1.0,"turns":4.0},{"damage":1.0,"enemies":"Cultist","floor":3.0,"turns":5.0},{"damage":3.0,"enemies":"Jaw Worm","floor":5.0,"turns":8.0},{"damage":11.0,"enemies":"Lagavulin","floor":7.0,"turns":15.0},{"damage":13.0,"enemies":"Exordium Thugs","floor":12.0,"turns":10.0},{"damage":18.0,"enemies":"Gremlin Nob","floor":13.0,"turns":5.0},{"damage":5.0,"enemies":"Blue Slaver","floor":14.0,"turns":6.0},{"damage":26.0,"enemies":"Hexaghost","floor":16.0,"turns":13.0},{"damage":27.0,"enemies":"Spheric Guardian","floor":18.0,"turns":8.0},{"damage":20,"enemies":"Chosen","floor":19,"turns":8},{"damage":3,"enemies":"Centurion and Healer","floor":24,"turns":8},{"damage":0,"enemies":"Snecko","floor":29,"turns":5},{"damage":9,"enemies":"Sentry and Sphere","floor":30,"turns":5},{"damage":12,"enemies":"Snake Plant","floor":33,"turns":4},{"damage":55,"enemies":"Collector","floor":35,"turns":16},{"damage":3,"enemies":"Orb Walker","floor":37,"turns":3},{"damage":0,"enemies":"3 Shapes","floor":39,"turns":6},{"damage":28,"enemies":"2 Orb Walkers","floor":40,"turns":4},{"damage":30,"enemies":"Maw","floor":42,"turns":7},{"damage":0,"enemies":"Transient","floor":44,"turns":5},{"damage":9,"enemies":"Giant Head","floor":47,"turns":8},{"damage":1,"enemies":"Sphere and 2 Shapes","floor":49,"turns":3},{"damage":21,"enemies":"3 Darklings","floor":50,"turns":4},{"damage":41,"enemies":"Donu and Deca","floor":52,"turns":10}],"seed_played":"-46328711975385437","potions_obtained":[{"floor":1.0,"key":"Venom Potion"},{"floor":3.0,"key":"BloodPotion"},{"floor":7.0,"key":"Energy Potion"},{"floor":18,"key":"champ:CounterPotion"},{"floor":24,"key":"champ:CounterPotion"},{"floor":29,"key":"SneckoOil"},{"floor":39,"key":"Fruit Juice"},{"floor":44,"key":"DuplicationPotion"}],"is_trial":false,"path_per_floor":["M","?","M","$","M","R","E","R","T","?","R","M","E","M","R","B",null,"M","M","?","$","?","R","M","?","T","PTL","PTL","M","M","$","?","M","R_BF","B",null,"M","?","M","?","$","M","R","M","T","?","E","R","M","M","R_BF","B",null],"character_chosen":"IRONCLAD","items_purchased":["Armaments","Question Card","TheAbacus","Shrug It Off","Block Potion","Milkshake"],"campfire_rested":1,"item_purchase_floors":[4,21,41,41,41,41],"current_hp_per_floor":[80,80,80,80,80,80,75,75,75,75,75,68,56,57,57,37,80,59,45,45,45,45,45,48,48,48,48,48,54,51,51,51,45,69,36,80,80,80,80,63,63,39,64,70,70,85,82,82,85,70,70,35],"gold":236,"neow_bonus":"THREE_RARE_CARDS","is_daily":false,"chose_seed":false,"campfire_upgraded":6,"win_rate":0.0,"timestamp":1612887258,"path_taken":["M","?","M","$","M","R","E","R","T","?","R","M","E","M","R","BOSS","M","M","?","$","?","R","M","?","T","PTL","PTL","M","M","?","?","M","R_BF","BOSS","M","?","M","?","$","M","R","M","T","?","E","R","M","M","R_BF","BOSS"],"items_purchased_type":["Card","Relic","Relic","Card","Potion","Potion"],"build_version":"2020-12-13","purchased_purges":3,"victory":true,"max_hp_per_floor":[80,80,80,80,80,80,80,80,80,80,80,80,80,80,80,80,80,80,80,80,80,80,80,80,80,80,80,80,80,80,80,80,80,80,80,80,80,80,80,85,85,85,85,85,85,85,85,85,85,85,85,85],"relic_stats":{"Peace Pipe":1,"Regal Pillow":0,"TheAbacus":[18],"Gremlin Horn":[18,18],"counters":[24,170],"Prayer Wheel":15,"Juzu Bracelet":2,"Question Card":23,"obtain_stats":[{"Regal Pillow":47,"Calipers":40,"Gremlin Horn":9,"Velvet Choker":17,"Juzu Bracelet":13,"Question Card":21,"Burning Blood":0,"Peace Pipe":7,"sneckomod:BabySnecko":22,"TheAbacus":41,"Ooze Armor":36,"Prayer Wheel":10,"Iron Hammer":26,"Mirror":45},{"Regal Pillow":21,"Calipers":18,"Gremlin Horn":4,"Velvet Choker":8,"Juzu Bracelet":6,"Question Card":10,"Burning Blood":0,"Peace Pipe":4,"sneckomod:BabySnecko":10,"TheAbacus":18,"Ooze Armor":15,"Prayer Wheel":4,"Iron Hammer":11,"Mirror":20},{"Regal Pillow":153,"Calipers":133,"Gremlin Horn":32,"Velvet Choker":66,"Juzu Bracelet":47,"Question Card":82,"Burning Blood":0,"Peace Pipe":32,"sneckomod:BabySnecko":82,"TheAbacus":133,"Ooze Armor":120,"Prayer Wheel":32,"Iron Hammer":90,"Mirror":145}],"Burning Blood":119},"card_choices":[{"not_picked":["Offering","Brutality"],"picked":"Barricade","floor":0.0},{"not_picked":["Thunderclap","ReplayReversal"],"picked":"Power Through","floor":1.0},{"not_picked":["Whirlwind","Run Through"],"picked":"Warcry","floor":3.0},{"not_picked":["Wild Strike","Warcry"],"picked":"ReplayTheSpireMod:Muscle Training","floor":5.0},{"not_picked":["Defy Death","Run Through","Anger"],"picked":"SKIP","floor":7.0},{"not_picked":["Defy Death","Run Through","Anger"],"picked":"SKIP","floor":7.0},{"not_picked":["ReplayTheSpireMod:Corrosion Curse","Abandon"],"picked":"Heavy Blade","floor":12.0},{"not_picked":["Disarm","Carnage"],"picked":"Shockwave","floor":12.0},{"not_picked":["Armaments","Clothesline"],"picked":"ReplayReversal","floor":13.0},{"not_picked":["Body Slam","ReplayTheSpireMod:Strike From Hell"],"picked":"ReplayReversal","floor":14.0},{"not_picked":["Armaments","Warcry"],"picked":"Iron Wave","floor":14.0},{"not_picked":["Sever Soul","Perfected Strike"],"picked":"Flex+1","floor":18},{"not_picked":["Flex","Anger"],"picked":"ReplayReversal","floor":18},{"not_picked":["Heavy Blade","Power Through"],"picked":"Entrench+1","floor":19},{"not_picked":["Thunderclap+1","Dropkick"],"picked":"Intimidate","floor":19},{"not_picked":["Clash","Sword Boomerang+1","Run Through"],"picked":"Headbutt","floor":24},{"not_picked":["Body Slam","Thunderclap","Replay:Many Hands"],"picked":"Iron Wave","floor":24},{"not_picked":["Perfected Strike","Anger","Clash"],"picked":"Heavy Blade","floor":29},{"not_picked":["Warcry","Carnage","Whirlwind"],"picked":"Cleave+1","floor":29},{"not_picked":["Uppercut+1","Clash+1","Run Through+1"],"picked":"Pommel Strike+1","floor":30},{"not_picked":["Warcry+1","Replay:Undeath\u0027s Touch+1","Sword Boomerang+1"],"picked":"Cleave+1","floor":30},{"not_picked":["Iron Wave","Power Through","Sword Boomerang"],"picked":"Impervious","floor":33},{"not_picked":["Run Through+1","Heavy Blade+1","Headbutt"],"picked":"ReplayTheSpireMod:Muscle Training+1","floor":33},{"not_picked":["Reaper","Barricade","Double Tap"],"picked":"Juggernaut","floor":35},{"not_picked":["Pommel Strike","Perfected Strike+1","Defy Death","Thunderclap+1"],"picked":"SKIP","floor":37},{"not_picked":["Armaments","Wild Strike+1","Uppercut","ReplayTheSpireMod:Strike From Hell"],"picked":"SKIP","floor":37},{"not_picked":["Armaments","ReplayTheSpireMod:Strike From Hell+1","Cleave"],"picked":"Pommel Strike+1","floor":39},{"not_picked":["Anger","Perfected Strike+1","Disarm","Dark Embrace"],"picked":"SKIP","floor":39},{"not_picked":["Replay:Undeath\u0027s Touch","Double Tap","Armaments+1"],"picked":"Headbutt+1","floor":40},{"not_picked":["Infernal Blade","Warcry","Run Through"],"picked":"Heavy Blade+1","floor":42},{"not_picked":["Pummel+1","Armaments","Burning Pact+1","Flex"],"picked":"SKIP","floor":42},{"not_picked":["Pummel+1","Armaments","Burning Pact+1","Flex"],"picked":"SKIP","floor":42},{"not_picked":["Replay:Undeath\u0027s Touch+1","Headbutt","Reckless Charge+1"],"picked":"Impervious","floor":44},{"not_picked":["Clothesline","Cleave+1","Inflame+1"],"picked":"Ghostly Armor+1","floor":44},{"not_picked":["Dropkick","Demonic Infusion","Cleave","Reckless Charge+1"],"picked":"SKIP","floor":47},{"not_picked":["Clash+1","Flame Barrier+1","Searing Blow+1"],"picked":"Metallicize","floor":49},{"not_picked":["Infernal Blade","Burning Pact+1","Sword Boomerang+1"],"picked":"Warcry+1","floor":49},{"not_picked":["Spot Weakness+1","Pummel","Perfected Strike"],"picked":"Rupture+1","floor":50},{"not_picked":["Perfected Strike+1","Cleave","Pommel Strike"],"picked":"Warcry","floor":50}],"player_experience":23009,"relics_obtained":[{"floor":7.0,"key":"Peace Pipe"},{"floor":9.0,"key":"Gremlin Horn"},{"floor":13.0,"key":"Juzu Bracelet"},{"floor":26,"key":"Iron Hammer"},{"floor":40,"key":"Calipers"},{"floor":45,"key":"Mirror"},{"floor":47,"key":"Regal Pillow"}],"event_choices":[{"cards_removed":["Strike_G"],"damage_healed":0.0,"max_hp_gain":0.0,"max_hp_loss":0.0,"gold_gain":0.0,"event_name":"Living Wall","player_choice":"Forget","floor":2.0,"gold_loss":0.0,"damage_taken":0.0},{"damage_healed":0.0,"max_hp_gain":0.0,"max_hp_loss":0.0,"gold_gain":30.0,"event_name":"Dead Adventurer","player_choice":"Searched \u00273\u0027 times","floor":10.0,"gold_loss":0.0,"damage_taken":0.0,"relics_obtained":["Prayer Wheel"]},{"damage_healed":0,"gold_gain":100,"player_choice":"Bet on Murderer","damage_taken":0,"max_hp_gain":0,"max_hp_loss":0,"event_name":"The Joust","floor":20,"gold_loss":50},{"damage_healed":0,"gold_gain":99,"player_choice":"Stole From Cult","damage_taken":0,"max_hp_gain":0,"max_hp_loss":0,"event_name":"Nest","floor":32,"gold_loss":0},{"damage_healed":0,"gold_gain":275,"player_choice":"Desecrate","damage_taken":0,"max_hp_gain":0,"max_hp_loss":0,"event_name":"Golden Shrine","floor":38,"gold_loss":0,"cards_obtained":["Regret"]},{"damage_healed":0,"gold_gain":0,"player_choice":"Fight","damage_taken":0,"max_hp_gain":0,"max_hp_loss":0,"event_name":"Mysterious Sphere","floor":40,"gold_loss":0},{"damage_healed":21,"gold_gain":0,"player_choice":"Writhe","damage_taken":0,"max_hp_gain":0,"max_hp_loss":0,"event_name":"Winding Halls","floor":46,"gold_loss":0,"cards_obtained":["Writhe"]}],"is_beta":false,"boss_relics":[{"not_picked":["Sozu","ChewingGum"],"picked":"Velvet Choker"},{"not_picked":["Snecko Eye","bronze:MakeshiftBattery"],"picked":"Ooze Armor"}],"items_purged_floors":[4,31,41],"is_endless":false,"potions_floor_spawned":[1,3,7,18,24,29,30,39,44,47,49],"ascension_level":0}}