{"host":"x5nedmcg1ruvdks4","time":1612868901,"event":{"mods":["AchievementEnabler","BaseMod","Block Reminder","DeckTracker","Minty Spire (QoL Compilation)","Permanent Neow"],"gold_per_floor":[111,111,111,130,95,95,111,155,181,204,204,204,204],"floor_reached":12,"language":"ENG","playtime":523,"items_purged":[],"score":94,"play_id":"d7314ff2-3b68-4229-91d1-c609b583061a","local_time":"20210209120821","is_ascension_mode":true,"campfire_choices":[{"data":"Seek","floor":6,"key":"SMITH"},{"floor":11,"key":"REST"}],"circlet_count":0,"master_deck":["Strike_B","Strike_B","Strike_B","Strike_B","Defend_B","Defend_B","Defend_B","Defend_B","Zap","Dualcast","Seek+1","Conserve Battery","Hologram","Machine Learning","Leap"],"relics":["Cracked Core","Golden Idol","Pen Nib","Happy Flower"],"acts_visited":["Exordium"],"potions_floor_usage":[],"damage_taken":[{"damage":0,"enemies":"2 Louse","floor":1,"turns":1},{"damage":0,"enemies":"Jaw Worm","floor":4,"turns":3},{"damage":3,"enemies":"Small Slimes","floor":7,"turns":3},{"damage":51,"enemies":"3 Sentries","floor":8,"turns":9},{"damage":13,"enemies":"Exordium Wildlife","floor":10,"turns":6},{"damage":0,"enemies":"Lagavulin","floor":12,"turns":4}],"seed_played":"8170452528673703506","potions_obtained":[{"floor":10,"key":"SkillPotion"}],"is_trial":false,"path_per_floor":["M","?","?","M","?","R","M","E","T","M","R","E"],"character_chosen":"DEFECT","items_purchased":[],"campfire_rested":1,"item_purchase_floors":[],"current_hp_per_floor":[75,57,54,54,72,72,69,18,18,5,27,27,27],"gold":204,"neow_bonus":"ONE_RANDOM_RARE_CARD","is_daily":false,"chose_seed":false,"campfire_upgraded":1,"win_rate":0.0,"timestamp":1612868901,"path_taken":["M","?","?","M","?","R","M","E","T","?","R","E"],"items_purchased_type":[],"build_version":"2020-12-22","purchased_purges":0,"victory":false,"max_hp_per_floor":[75,75,75,75,75,75,75,75,75,75,75,75,75],"card_choices":[{"not_picked":["Steam","Chaos"],"picked":"Conserve Battery","floor":1},{"not_picked":["Ball Lightning","Melter"],"picked":"Hologram","floor":4},{"not_picked":["Steam","Stack","Compile Driver"],"picked":"SKIP","floor":7},{"not_picked":["Cold Snap","Aggregate"],"picked":"Machine Learning","floor":8},{"not_picked":["Hologram","Blizzard"],"picked":"Leap","floor":10}],"player_experience":80906,"relics_obtained":[{"floor":8,"key":"Happy Flower"}],"event_choices":[{"damage_healed":0,"gold_gain":0,"player_choice":"Take Damage","damage_taken":18,"relics_obtained":["Golden Idol"],"max_hp_gain":0,"max_hp_loss":0,"event_name":"Golden Idol","floor":2,"gold_loss":0},{"damage_healed":0,"gold_gain":0,"player_choice":"Success","damage_taken":3,"relics_obtained":["Pen Nib"],"max_hp_gain":0,"max_hp_loss":0,"event_name":"Scrap Ooze","floor":3,"gold_loss":0},{"damage_healed":18,"gold_gain":0,"player_choice":"Healed","damage_taken":0,"max_hp_gain":0,"max_hp_loss":0,"event_name":"The Cleric","floor":5,"gold_loss":35}],"is_beta":false,"boss_relics":[],"items_purged_floors":[],"is_endless":false,"potions_floor_spawned":[10],"killed_by":"Lagavulin","ascension_level":4}}