{"host":"8lno9xwgef3sjccz","time":1612896960,"event":{"mods":["AchievementEnabler","BaseMod","Minty Spire (QoL Compilation)","Relic Stats"],"gold_per_floor":[115,115,131,147,161,187,207,242,242,254,265,265,4,24,24,125,125,138,153,164,164,177,177,189,189,189],"floor_reached":25,"language":"ENG","playtime":1174,"items_purged":[],"score":232,"play_id":"ecd0efda-cadf-45ea-8b5e-965d0904b4b7","local_time":"20210209135600","is_ascension_mode":true,"campfire_choices":[{"data":"Rupture","floor":12,"key":"SMITH"},{"data":"Bash","floor":15,"key":"SMITH"},{"data":"Barricade","floor":23,"key":"SMITH"}],"circlet_count":0,"master_deck":["Strike_R","Strike_R","Strike_R","Strike_R","Defend_R","Defend_R","Defend_R","Defend_R","Bash+1","Pommel Strike","Brutality","Wild Strike","Twin Strike","Fiend Fire","Blood for Blood","Hemokinesis","Rupture+1","Fire Breathing","Barricade+1","Wild Strike","Flex","Entrench+1","Seeing Red"],"relics":["Burning Blood","Bag of Marbles","Self Forming Clay","Happy Flower","TungstenRod","Mummified Hand","Philosopher\u0027s Stone"],"acts_visited":["Exordium","TheCity"],"potions_floor_usage":[8,8,16,16,18,19,22],"damage_taken":[{"damage":2,"enemies":"Small Slimes","floor":1,"turns":4},{"damage":1,"enemies":"Jaw Worm","floor":3,"turns":3},{"damage":0,"enemies":"2 Louse","floor":4,"turns":2},{"damage":24,"enemies":"Large Slime","floor":5,"turns":6},{"damage":25,"enemies":"3 Sentries","floor":6,"turns":7},{"damage":0,"enemies":"3 Louse","floor":7,"turns":2},{"damage":14,"enemies":"Gremlin Nob","floor":8,"turns":3},{"damage":5,"enemies":"Looter","floor":10,"turns":2},{"damage":3,"enemies":"Gremlin Gang","floor":11,"turns":4},{"damage":8,"enemies":"Large Slime","floor":14,"turns":4},{"damage":16,"enemies":"Hexaghost","floor":16,"turns":5},{"damage":15,"enemies":"Shell Parasite","floor":18,"turns":4},{"damage":6,"enemies":"3 Byrds","floor":19,"turns":4},{"damage":44,"enemies":"Sentry and Sphere","floor":20,"turns":6},{"damage":6,"enemies":"Cultist and Chosen","floor":22,"turns":4},{"damage":5,"enemies":"Snecko","floor":24,"turns":4},{"damage":40,"enemies":"Gremlin Leader","floor":25,"turns":4}],"seed_played":"-4018954882806809275","potions_obtained":[{"floor":1,"key":"Explosive Potion"},{"floor":3,"key":"SkillPotion"},{"floor":8,"key":"PowerPotion"},{"floor":10,"key":"SpeedPotion"},{"floor":14,"key":"ColorlessPotion"},{"floor":18,"key":"Block Potion"},{"floor":20,"key":"DistilledChaos"},{"floor":24,"key":"ElixirPotion"}],"is_trial":false,"path_per_floor":["M","?","M","M","M","E","M","E","T","M","M","R","$","M","R","B",null,"M","M","M","?","M","R","M","E"],"character_chosen":"IRONCLAD","items_purchased":["Mummified Hand"],"campfire_rested":0,"item_purchase_floors":[13],"current_hp_per_floor":[80,80,80,80,62,43,49,41,41,42,45,45,45,43,43,33,80,71,71,33,33,33,33,34,0,0],"gold":189,"neow_bonus":"RANDOM_COMMON_RELIC","is_daily":false,"chose_seed":false,"campfire_upgraded":3,"win_rate":0.0,"timestamp":1612896960,"path_taken":["M","?","M","M","M","E","M","E","T","M","M","R","$","M","R","BOSS","M","M","M","?","M","R","M","E"],"items_purchased_type":["Relic"],"build_version":"2020-12-22","purchased_purges":0,"victory":false,"max_hp_per_floor":[80,80,80,80,80,80,80,80,80,80,80,80,80,80,80,80,80,80,80,80,80,80,80,80,80,80],"relic_stats":{"Happy Flower":[13],"counters":[17,68],"Self Forming Clay":[114],"Mummified Hand":[35],"obtain_stats":[{"Happy Flower":8,"Self Forming Clay":6,"Mummified Hand":13,"Philosopher\u0027s Stone":17,"Bag of Marbles":0,"Burning Blood":0,"TungstenRod":9},{"Happy Flower":7,"Self Forming Clay":5,"Mummified Hand":9,"Philosopher\u0027s Stone":11,"Bag of Marbles":0,"Burning Blood":0,"TungstenRod":7},{"Happy Flower":27,"Self Forming Clay":22,"Mummified Hand":33,"Philosopher\u0027s Stone":42,"Bag of Marbles":0,"Burning Blood":0,"TungstenRod":27}],"Burning Blood":81,"TungstenRod":61},"card_choices":[{"not_picked":["Uppercut","Warcry"],"picked":"Pommel Strike","floor":1},{"not_picked":["Havoc","Clash","True Grit"],"picked":"SKIP","floor":3},{"not_picked":["Warcry","Body Slam"],"picked":"Wild Strike","floor":4},{"not_picked":["Entrench","Pummel"],"picked":"Twin Strike","floor":5},{"not_picked":["Flame Barrier","Burning Pact"],"picked":"Fiend Fire","floor":6},{"not_picked":["True Grit","Twin Strike"],"picked":"Blood for Blood","floor":7},{"not_picked":["Twin Strike","Flex"],"picked":"Hemokinesis","floor":8},{"not_picked":["Bludgeon","Evolve"],"picked":"Rupture","floor":10},{"not_picked":["Iron Wave","Pommel Strike","Havoc"],"picked":"SKIP","floor":11},{"not_picked":["Dropkick","Twin Strike"],"picked":"Fire Breathing","floor":14},{"not_picked":["Demon Form","Bludgeon"],"picked":"Barricade","floor":16},{"not_picked":["Headbutt","Disarm"],"picked":"Wild Strike","floor":18},{"not_picked":["Anger","Battle Trance"],"picked":"Flex","floor":19},{"not_picked":["Armaments+1","Sever Soul+1"],"picked":"Entrench+1","floor":20},{"not_picked":["Havoc","Warcry","Flex"],"picked":"SKIP","floor":22},{"not_picked":["Warcry","Sever Soul"],"picked":"Seeing Red","floor":24}],"player_experience":119199,"relics_obtained":[{"floor":6,"key":"Self Forming Clay"},{"floor":8,"key":"Happy Flower"},{"floor":9,"key":"TungstenRod"}],"event_choices":[{"damage_healed":0,"gold_gain":0,"cards_transformed":["Strike_R"],"player_choice":"Change","damage_taken":0,"max_hp_gain":0,"max_hp_loss":0,"event_name":"Living Wall","floor":2,"gold_loss":0,"cards_obtained":["Brutality"]},{"damage_healed":0,"gold_gain":0,"player_choice":"Ignored","damage_taken":0,"max_hp_gain":0,"max_hp_loss":0,"event_name":"Ghosts","floor":21,"gold_loss":0}],"is_beta":false,"boss_relics":[{"not_picked":["SlaversCollar","Sozu"],"picked":"Philosopher\u0027s Stone"}],"items_purged_floors":[],"is_endless":false,"potions_floor_spawned":[1,3,8,10,14,18,20,24],"killed_by":"Gremlin Leader","ascension_level":1}}