{"host":"w3q5ijqu8eoknil3","time":1612910451,"event":{"mods":["AchievementEnabler","BaseMod","Block Reminder","Colored Map","Colored Powertips","Curses Come First","Dark Map","Minty Spire (QoL Compilation)","Quick Restart","Relic Stats","StSLib","ojb\u0027s Better Paths Mod","ojb\u0027s Info Mod","slay the spire mod where everything is the same but ironclad has a cowboy hat"],"gold_per_floor":[110,110,126,142,142,170,238,24,24,39,39,39,39],"floor_reached":12,"language":"ENG","playtime":314,"items_purged":[],"score":156,"play_id":"35375abf-54c1-4821-87a4-abb885e19904","local_time":"20210209224051","is_ascension_mode":true,"campfire_choices":[{"floor":11,"key":"REST"}],"circlet_count":0,"master_deck":["AscendersBane","Strike_G","Strike_G","Strike_G","Strike_G","Strike_G","Defend_G","Defend_G","Defend_G","Defend_G","Defend_G","Survivor","Neutralize","Dagger Spray","All Out Attack","Storm of Steel","Acrobatics","Masterful Stab","Footwork","Dagger Throw"],"relics":["Philosopher\u0027s Stone","SsserpentHead","Letter Opener","TwistedFunnel","Ninja Scroll"],"acts_visited":["Exordium"],"potions_floor_usage":[6,12],"damage_taken":[{"damage":7,"enemies":"Small Slimes","floor":1,"turns":5},{"damage":0,"enemies":"Jaw Worm","floor":3,"turns":4},{"damage":7,"enemies":"Cultist","floor":4,"turns":4},{"damage":31,"enemies":"Gremlin Nob","floor":6,"turns":4},{"damage":8,"enemies":"Exordium Thugs","floor":7,"turns":5},{"damage":0,"enemies":"Large Slime","floor":10,"turns":4},{"damage":26,"enemies":"Lagavulin","floor":12,"turns":5}],"seed_played":"-226288856940467816","potions_obtained":[{"floor":3,"key":"PowerPotion"},{"floor":10,"key":"LiquidBronze"}],"is_trial":false,"path_per_floor":["M","?","M","M","?","E","M","$","T","M","R","E"],"character_chosen":"THE_SILENT","items_purchased":["TwistedFunnel","Footwork"],"campfire_rested":1,"item_purchase_floors":[8,8],"current_hp_per_floor":[52,52,52,45,45,14,6,6,6,6,25,0,0],"gold":39,"neow_bonus":"BOSS_RELIC","is_daily":false,"chose_seed":false,"campfire_upgraded":0,"win_rate":0.0,"timestamp":1612910451,"path_taken":["M","?","M","M","?","E","?","$","T","M","R","E"],"items_purchased_type":["Relic","Card"],"build_version":"2020-12-22","purchased_purges":0,"victory":false,"max_hp_per_floor":[66,66,66,66,66,66,66,66,66,66,66,66,66],"relic_stats":{"SsserpentHead":50,"counters":[7,31],"Letter Opener":[25],"obtain_stats":[{"TwistedFunnel":8,"SsserpentHead":5,"Ninja Scroll":9,"Philosopher\u0027s Stone":0,"Letter Opener":6,"Ring of the Snake":0},{"TwistedFunnel":5,"SsserpentHead":3,"Ninja Scroll":5,"Philosopher\u0027s Stone":0,"Letter Opener":4,"Ring of the Snake":0},{"TwistedFunnel":22,"SsserpentHead":13,"Ninja Scroll":22,"Philosopher\u0027s Stone":0,"Letter Opener":17,"Ring of the Snake":0}]},"card_choices":[{"not_picked":["Bane","Deadly Poison"],"picked":"Dagger Spray","floor":1},{"not_picked":["Dagger Spray","Blur"],"picked":"All Out Attack","floor":3},{"not_picked":["Riddle With Holes","Quick Slash"],"picked":"Storm of Steel","floor":4},{"not_picked":["PiercingWail","Concentrate"],"picked":"Acrobatics","floor":6},{"not_picked":["Dodge and Roll","Deflect"],"picked":"Masterful Stab","floor":7},{"not_picked":["Concentrate","Acrobatics"],"picked":"Dagger Throw","floor":10}],"player_experience":1043515,"relics_obtained":[{"floor":6,"key":"Letter Opener"},{"floor":9,"key":"Ninja Scroll"}],"event_choices":[{"damage_healed":0,"gold_gain":0,"player_choice":"Ignored","damage_taken":0,"max_hp_gain":0,"max_hp_loss":0,"event_name":"Liars Game","floor":2,"gold_loss":0},{"damage_healed":0,"gold_gain":0,"player_choice":"Trade","damage_taken":0,"relics_obtained":["SsserpentHead"],"max_hp_gain":0,"max_hp_loss":0,"event_name":"FaceTrader","floor":5,"gold_loss":0}],"is_beta":false,"boss_relics":[],"items_purged_floors":[],"is_endless":false,"potions_floor_spawned":[3,10],"killed_by":"Lagavulin","ascension_level":19}}