{"host":"j4g6ia6asvpyu2b0","time":1612895118,"event":{"mods":["BaseMod","Colored Map","Infinite Spire","Minty Spire (QoL Compilation)","Permanent Neow","Quick Restart","Relic Stats","StSLib","Unceasing Turn Reminder"],"gold_per_floor":[109,109,127,127,51,51,83,139,192,204,224,224,256,267,267,370,370,388,256,267,282,296,324,324,334,388,413,413,424,437,465,465,566,566,578,598,698,708,357,357,357],"floor_reached":40,"language":"ENG","playtime":1339,"items_purged":["Strike_R","infinitespire:Pacifist"],"score":584,"play_id":"5c33a75b-5c72-4118-854c-17d75794a049","local_time":"20210209112518","is_ascension_mode":true,"campfire_choices":[{"data":"infinitespire:OneForAll","floor":6.0,"key":"SMITH"},{"floor":12.0,"key":"REST"},{"floor":15.0,"key":"REST"},{"data":"Armaments","floor":24.0,"key":"SMITH"},{"data":"infinitespire:NeuralNetwork","floor":32.0,"key":"SMITH"}],"circlet_count":0,"master_deck":["Strike_R","Strike_R","Strike_R","Strike_R","Defend_R","Defend_R","Defend_R","Defend_R","Bash","Pommel Strike","infinitespire:NeuralNetwork+1","Pommel Strike","infinitespire:OneForAll+1","Thunderclap","Inflame","Impervious","infinitespire:OneForAll","Armaments+1","Dropkick","Feed","Dual Wield+1","Disarm","Infernal Blade+1","Clothesline","Shockwave","Immolate","Armaments+1","Cleave","Pommel Strike","Offering","Barricade","Headbutt+1","Shockwave","infinitespire:Fortify","Intimidate+1","Limit Break","Limit Break"],"relics":["Philosopher\u0027s Stone","infinitespire:EmpoweringShard","Smiling Mask","Bronze Scales","Cursed Key","Blood Vial","infinitespire:Satchel","TungstenRod","Red Skull","Runic Pyramid","Ice Cream","Medical Kit"],"acts_visited":["Exordium","TheCity","TheBeyond"],"potions_floor_usage":[40],"damage_taken":[{"damage":0.0,"enemies":"2 Louse","floor":1.0,"turns":2.0},{"damage":0.0,"enemies":"Small Slimes","floor":3.0,"turns":3.0},{"damage":20.0,"enemies":"3 Sentries","floor":7.0,"turns":7.0},{"damage":30.0,"enemies":"Lagavulin Event","floor":8.0,"turns":5.0},{"damage":0.0,"enemies":"Jaw Worm","floor":10.0,"turns":3.0},{"damage":6.0,"enemies":"Looter","floor":11.0,"turns":3.0},{"damage":15.0,"enemies":"Gremlin Nob","floor":13.0,"turns":3.0},{"damage":6.0,"enemies":"Large Slime","floor":14.0,"turns":4.0},{"damage":19.0,"enemies":"The Guardian","floor":16.0,"turns":9.0},{"damage":0.0,"enemies":"Chosen","floor":18.0,"turns":4.0},{"damage":6.0,"enemies":"3 Byrds","floor":20.0,"turns":3.0},{"damage":12.0,"enemies":"Cultist and Chosen","floor":21.0,"turns":4.0},{"damage":0.0,"enemies":"Snake Plant","floor":22.0,"turns":3.0},{"damage":15.0,"enemies":"Nightmare","floor":23.0,"turns":5.0},{"damage":7.0,"enemies":"3 Cultists","floor":25.0,"turns":4.0},{"damage":4.0,"enemies":"Book of Stabbing","floor":27.0,"turns":3.0},{"damage":1.0,"enemies":"Cultist and Chosen","floor":29.0,"turns":4.0},{"damage":0.0,"enemies":"Snecko","floor":30.0,"turns":2.0},{"damage":12.0,"enemies":"Gremlin Leader","floor":31.0,"turns":3.0},{"damage":14.0,"enemies":"Automaton","floor":33.0,"turns":5.0},{"damage":1.0,"enemies":"3 Shapes","floor":35.0,"turns":4.0},{"damage":0.0,"enemies":"Orb Walker","floor":36.0,"turns":2.0},{"damage":18.0,"enemies":"infinitespire:Three Voidlings","floor":37.0,"turns":3.0},{"damage":83.0,"enemies":"Nightmare_Alpha","floor":37.0,"turns":8.0},{"damage":6,"enemies":"Writhing Mass","floor":38,"turns":2},{"damage":13,"enemies":"Nemesis","floor":40,"turns":2}],"seed_played":"-3206596208243049487","potions_obtained":[{"floor":1.0,"key":"SkillPotion"},{"floor":3.0,"key":"ElixirPotion"},{"floor":13.0,"key":"ColorlessPotion"},{"floor":14.0,"key":"Dexterity Potion"},{"floor":16.0,"key":"Energy Potion"},{"floor":20.0,"key":"PowerPotion"},{"floor":25.0,"key":"SpeedPotion"},{"floor":36.0,"key":"Weak Potion"}],"is_trial":false,"path_per_floor":["M","?","M","?","$","R","E","?","T","M","M","R","E","M","R","B",null,"M","$","M","M","M","NM","R","M","T","E","AVR","M","M","E","R","B",null,"M","M","?","M","$","E"],"character_chosen":"IRONCLAD","items_purchased":["infinitespire:OneForAll","Disarm","Limit Break","Medical Kit"],"campfire_rested":2,"item_purchase_floors":[5,19,39,39],"current_hp_per_floor":[80,60,60,60,60,60,40,10,10,10,4,28,13,7,31,12,80,80,80,78,69,69,54,54,52,52,54,54,58,60,54,54,42,101,104,109,13,9,9,0,0],"gold":357,"neow_bonus":"BOSS_RELIC","is_daily":false,"chose_seed":false,"campfire_upgraded":3,"win_rate":0.0,"timestamp":1612895118,"path_taken":["M","?","M","?","?","R","E","?","T","M","M","R","E","M","R","BOSS","M","$","M","M","M","NM","R","M","T","E","AVR","M","M","E","R","BOSS","M","M","?","M","$","E"],"items_purchased_type":["Card","Card","Card","Relic"],"build_version":"2020-12-22","purchased_purges":2,"victory":false,"max_hp_per_floor":[80,80,80,80,80,80,80,80,80,80,80,80,80,80,80,80,80,80,80,84,87,87,87,87,90,90,94,94,97,97,101,101,101,101,105,109,112,112,112,112,112],"relic_stats":{"Blood Vial":19,"counters":[26,100],"Bronze Scales":[248],"Smiling Mask":75,"Cursed Key":1,"Medical Kit":[0],"obtain_stats":[{"Ice Cream":37,"Smiling Mask":8,"Cursed Key":17,"Medical Kit":39,"Burning Blood":0,"Blood Vial":23,"Bronze Scales":13,"infinitespire:Satchel":26,"Philosopher\u0027s Stone":0,"infinitespire:EmpoweringShard":7,"TungstenRod":27,"Red Skull":31,"Runic Pyramid":34},{"Ice Cream":24,"Smiling Mask":4,"Cursed Key":9,"Medical Kit":25,"Burning Blood":0,"Blood Vial":14,"Bronze Scales":7,"infinitespire:Satchel":15,"Philosopher\u0027s Stone":0,"infinitespire:EmpoweringShard":3,"TungstenRod":16,"Red Skull":19,"Runic Pyramid":20},{"Ice Cream":96,"Smiling Mask":17,"Cursed Key":39,"Medical Kit":98,"Burning Blood":0,"Blood Vial":58,"Bronze Scales":26,"infinitespire:Satchel":62,"Philosopher\u0027s Stone":0,"infinitespire:EmpoweringShard":12,"TungstenRod":65,"Red Skull":74,"Runic Pyramid":79}],"TungstenRod":29},"card_choices":[{"not_picked":["True Grit","Seeing Red"],"picked":"Pommel Strike","floor":1.0},{"not_picked":["infinitespire:SealOfDarkness+","infinitespire:Execution"],"picked":"infinitespire:NeuralNetwork","floor":2.0},{"not_picked":["Sword Boomerang","Twin Strike"],"picked":"Pommel Strike","floor":3.0},{"not_picked":["Sentinel","Heavy Blade"],"picked":"Thunderclap","floor":7.0},{"not_picked":["Headbutt","Iron Wave"],"picked":"Inflame","floor":8.0},{"not_picked":["Ghostly Armor","Twin Strike"],"picked":"Impervious","floor":10.0},{"not_picked":["Havoc","Searing Blow"],"picked":"infinitespire:OneForAll","floor":11.0},{"not_picked":["Warcry","Heavy Blade"],"picked":"Armaments","floor":13.0},{"not_picked":["Entrench","Headbutt"],"picked":"Dropkick","floor":14.0},{"not_picked":["Offering","Demon Form"],"picked":"Feed","floor":16.0},{"not_picked":["Shrug It Off","Heavy Blade"],"picked":"Dual Wield+1","floor":18.0},{"not_picked":["Second Wind+1","Rampage"],"picked":"Infernal Blade+1","floor":20.0},{"not_picked":["Warcry","Combust"],"picked":"Clothesline","floor":21.0},{"not_picked":["Clothesline","Twin Strike"],"picked":"Shockwave","floor":22.0},{"not_picked":["Clothesline","Disarm"],"picked":"Immolate","floor":23.0},{"not_picked":["Wild Strike","Heavy Blade"],"picked":"Armaments+1","floor":25.0},{"not_picked":["Flex","Searing Blow"],"picked":"Cleave","floor":27.0},{"not_picked":["Havoc+1","Iron Wave"],"picked":"Pommel Strike","floor":29.0},{"not_picked":["Searing Blow","Armaments","Iron Wave+1"],"picked":"SKIP","floor":30.0},{"not_picked":["Second Wind","Iron Wave"],"picked":"Offering","floor":31.0},{"not_picked":["Corruption","Juggernaut"],"picked":"Barricade","floor":33.0},{"not_picked":["Cleave","Intimidate+1"],"picked":"Headbutt+1","floor":35.0},{"not_picked":["Rupture+1","Wild Strike+1"],"picked":"Shockwave","floor":36.0},{"not_picked":["infinitespire:TheBestDefense","infinitespire:FinalStrike"],"picked":"infinitespire:Fortify","floor":37},{"not_picked":["Sword Boomerang","Rage+1"],"picked":"Intimidate+1","floor":37},{"not_picked":["Seeing Red","Heavy Blade"],"picked":"Limit Break","floor":38}],"player_experience":1206556,"relics_obtained":[{"floor":7.0,"key":"infinitespire:EmpoweringShard"},{"floor":8.0,"key":"Smiling Mask"},{"floor":13.0,"key":"Bronze Scales"},{"floor":23.0,"key":"Blood Vial"},{"floor":26.0,"key":"infinitespire:Satchel"},{"floor":27.0,"key":"TungstenRod"},{"floor":31.0,"key":"Red Skull"},{"floor":37,"key":"Ice Cream"}],"event_choices":[{"damage_healed":0.0,"max_hp_gain":0.0,"max_hp_loss":0.0,"gold_gain":0.0,"event_name":"Dead Adventurer","player_choice":"Searched \u00272\u0027 times","floor":8.0,"gold_loss":0.0,"damage_taken":0.0}],"is_beta":false,"boss_relics":[{"not_picked":["Pandora\u0027s Box","infinitespire:Cupcake"],"picked":"Cursed Key"},{"not_picked":["Runic Dome","Fusion Hammer"],"picked":"Runic Pyramid"}],"items_purged_floors":[19,39],"is_endless":false,"potions_floor_spawned":[1,3,13,14,16,18,20,25,36,37],"killed_by":"Nemesis","ascension_level":1}}