{"host":"lnfs5t5iydkm2lft","time":1612842151,"event":{"mods":["AchievementEnabler","BaseMod","BetterRewards","Colored Powertips","Downfall","Marisa????????","Minty Spire (QoL Compilation)","Quick Restart","StSLib"],"gold_per_floor":[99,113,125,125,136,136,136,154,79,79,29,49,49,66,84,180,180,130,147,247,267,12,12,12,12,112,132,152,215,234,284,294,294,294,294],"floor_reached":33,"language":"ENG","playtime":2114,"items_purged":["Slimebound:SlimeBrawl"],"score":243,"play_id":"927dcec4-23a2-4bf2-9c84-af03c6e580f2","local_time":"20210208214231","is_ascension_mode":false,"campfire_choices":[{"data":"Slimebound:CorrosiveSpit","floor":1,"key":"SMITH"},{"data":"Slimebound:Grow","floor":11,"key":"SMITH"},{"data":"Slimebound:GoopSpray","floor":13,"key":"SMITH"},{"data":"Slimebound:RallyTheTroops","floor":18,"key":"SMITH"},{"data":"Transmutation","floor":23,"key":"SMITH"},{"data":"Slimebound:SlimeSpikes","floor":25,"key":"SMITH"}],"circlet_count":0,"master_deck":["Slimebound:Strike_Slimebound","Slimebound:Strike_Slimebound","Slimebound:Defend_Slimebound","Slimebound:Defend_Slimebound","Slimebound:Split","Slimebound:CorrosiveSpit+1","Slimebound:SplitAcid","Slimebound:Grow+1","Slimebound:GoopSpray+1","Slimebound:SplitMire","Slimebound:SlimeSpikes+1","Slimebound:RallyTheTroops+1","Slimebound:DivideAndConquer","Slimebound:Schlurp","Transmutation+1","Slimebound:RejuvenatingLick+1","Slimebound:GrowthPunch+1","Slimebound:Equalize+1"],"relics":["bronze:MakeshiftBattery","Bag of Preparation","Slimebound:GreedOozeRelic","Empty Cage","Matryoshka","downfall:CloakOfManyFaces","CultistMask","FaceOfCleric","NlothsMask","GremlinMask","SsserpentHead"],"acts_visited":["Exordium","TheCity"],"potions_floor_usage":[16,22,26,26,33,33,33],"damage_taken":[{"damage":3,"enemies":"2 Louse","floor":2,"turns":2},{"damage":1,"enemies":"Jaw Worm","floor":3,"turns":3},{"damage":8,"enemies":"Small Slimes","floor":5,"turns":4},{"damage":8,"enemies":"Exordium Thugs","floor":8,"turns":3},{"damage":0,"enemies":"3 Louse","floor":12,"turns":3},{"damage":0,"enemies":"Red Slaver","floor":14,"turns":3},{"damage":0,"enemies":"Blue Slaver","floor":15,"turns":2},{"damage":18,"enemies":"IC_STATUS_ARCHETYPE","floor":16,"turns":9},{"damage":3,"enemies":"Shell Parasite","floor":19,"turns":4},{"damage":0,"enemies":"Chosen","floor":21,"turns":4},{"damage":0,"enemies":"downfall:FleeingMerchant","floor":22,"turns":4},{"damage":7,"enemies":"downfall:FaceTrader","floor":26,"turns":6},{"damage":11,"enemies":"Snecko","floor":27,"turns":4},{"damage":24,"enemies":"3 Cultists","floor":28,"turns":5},{"damage":3,"enemies":"Centurion and Healer","floor":29,"turns":3},{"damage":20,"enemies":"Sentry and Sphere","floor":30,"turns":4},{"damage":13,"enemies":"Chosen and Byrds","floor":32,"turns":5},{"damage":21,"enemies":"WA_ARCHETYPE_CALM","floor":33,"turns":8}],"seed_played":"3379831166340005403","potions_obtained":[{"floor":2,"key":"SpeedPotion"},{"floor":12,"key":"LiquidBronze"},{"floor":15,"key":"SpeedPotion"},{"floor":16,"key":"DuplicationPotion"},{"floor":21,"key":"Ancient Potion"},{"floor":26,"key":"hexamod:SoulburnPotion"},{"floor":28,"key":"hexamod:SoulburnPotion"},{"floor":32,"key":"AttackPotion"}],"is_trial":false,"path_per_floor":["R","M","M","?","M","?","T","M","?","?","R","M","R","M","M","B",null,"R","M","?","M","$","R","T","R","?","M","M","M","M","?","M","B"],"character_chosen":"SLIMEBOUND","items_purchased":["Transmutation"],"campfire_rested":0,"item_purchase_floors":[22],"current_hp_per_floor":[65,62,61,66,58,58,58,50,50,50,50,50,50,50,50,32,70,70,67,67,67,67,67,67,67,60,50,27,25,6,6,6,0,0,0],"gold":294,"neow_bonus":"BOSS_RELIC","is_daily":false,"chose_seed":false,"campfire_upgraded":6,"win_rate":0.0,"timestamp":1612842151,"path_taken":["R","M","M","?","M","?","T","M","?","?","R","M","R","M","M","BOSS","R","M","?","M","$","R","T","R","?","M","M","?","M","?","M","BOSS"],"items_purchased_type":["Card"],"build_version":"2020-12-22","purchased_purges":1,"victory":false,"max_hp_per_floor":[65,65,65,70,70,70,70,70,70,70,70,70,70,70,70,70,70,70,70,70,70,70,70,70,70,70,71,72,73,74,74,75,75,75,75],"card_choices":[{"not_picked":["Slimebound:GoopTackle","Slimebound:ItLooksTasty"],"picked":"Slimebound:SlimeBrawl","floor":2},{"not_picked":["Slimebound:Prepare","Slimebound:SlimeTap"],"picked":"Slimebound:SplitAcid","floor":3},{"not_picked":["Slimebound:FinishingTackle","Slimebound:GoopTackle","Slimebound:ItLooksTasty"],"picked":"SKIP","floor":5},{"not_picked":["Slimebound:GoopTackle","Slimebound:SlimeSpikes"],"picked":"Slimebound:Grow","floor":8},{"not_picked":["Slimebound:MegaLick","Slimebound:ItLooksTasty"],"picked":"Slimebound:GoopSpray","floor":12},{"not_picked":["Slimebound:SpikyOuterGoop","Slimebound:Nibble"],"picked":"Slimebound:SplitMire","floor":14},{"not_picked":["Slimebound:Grow","Slimebound:ComboTackle"],"picked":"Slimebound:SlimeSpikes","floor":15},{"not_picked":["Slimebound:DouseInSlime","Slimebound:PrepareCrush"],"picked":"Slimebound:RallyTheTroops","floor":16},{"not_picked":["Slimebound:Gluttony","Slimebound:MegaLick+1"],"picked":"Slimebound:DivideAndConquer","floor":19},{"not_picked":["Slimebound:ForwardTackle","Slimebound:SplitBruiser+1"],"picked":"Slimebound:Schlurp","floor":21},{"not_picked":["Slimebound:RollThrough","Slimebound:GoopTackle","Slimebound:SplitMire"],"picked":"SKIP","floor":22},{"not_picked":["Slimebound:SlimeSpikes+1","Slimebound:DisruptingSlam","Slimebound:Prepare"],"picked":"SKIP","floor":27},{"not_picked":["Slimebound:SplitLeeching","Slimebound:FinishingTackle"],"picked":"Slimebound:RejuvenatingLick+1","floor":28},{"not_picked":["Slimebound:DivideAndConquer","Slimebound:SplitLeeching+1"],"picked":"Slimebound:GrowthPunch+1","floor":29},{"not_picked":["Slimebound:RainOfGoop","Slimebound:Dissolve"],"picked":"Slimebound:Equalize+1","floor":30},{"not_picked":["Slimebound:LeechEnergy+1","Slimebound:SlimeTap+1","Slimebound:SplitBruiser+1"],"picked":"SKIP","floor":32}],"player_experience":303184,"relics_obtained":[{"floor":7,"key":"Bag of Preparation"},{"floor":24,"key":"Matryoshka"},{"floor":26,"key":"downfall:CloakOfManyFaces"}],"event_choices":[{"damage_healed":0,"gold_gain":0,"player_choice":"Donut","damage_taken":0,"max_hp_gain":5,"max_hp_loss":0,"event_name":"Big Fish","floor":4,"gold_loss":0}],"is_beta":false,"boss_relics":[{"not_picked":["Cursed Key","Coffee Dripper"],"picked":"Empty Cage"}],"items_purged_floors":[22],"is_endless":false,"potions_floor_spawned":[2,12,15,16,21,26,28,32],"killed_by":"WA_ARCHETYPE_CALM","ascension_level":0}}