{"host":"w8xisjf5mgmfjvmt","time":1612841329,"event":{"mods":["BaseMod","BetterRewards","Challenge The Spire","Conspire","Energized Spire","Filter the Spire","Minty Spire (QoL Compilation)","Quarter Circle Forward PUNCH!","Quick Restart","Relic Filter Mod","Relic Stats","Reliquary","Replay The Spire","Shop Mod","Spicy Shops","StSLib","Thieving Mod","¡¾ÒÅÎï¿¨ÅÆ¡¿REMEMod","óô»ðÖ¸ÄÏ"],"gold_per_floor":[115,63,63,75,75,100,116,145,172,203,215,215,215,235,235,311,311,324,339,614,632,341,368,368,403,403,193,213,246,246,260,260,338,338,358,358,208,225,241,273,273,273,273,273,299,310,335,351,351,351,351,351,240,65,100,100,100],"floor_reached":56,"language":"ZHS","playtime":1961,"items_purged":["Clumsy","Regret","Strike_R","Strike_R","ReplayTheSpireMod:Restless Dread"],"score":2205,"play_id":"46daafe9-9f41-488c-9ce0-99da17c515b7","local_time":"20210209112849","is_ascension_mode":true,"campfire_choices":[{"data":"Offering","floor":12.0,"key":"SMITH"},{"data":"REME_Scribble","floor":15.0,"key":"SMITH"},{"data":"Sword Boomerang","floor":24.0,"key":"SMITH"},{"data":"Inflame","floor":30.0,"key":"SMITH"},{"data":"Panacea","floor":32.0,"key":"SMITH"},{"floor":49,"key":"RECALL"}],"circlet_count":0,"master_deck":["AscendersBane","Strike_R+1","Strike_R","Strike_R+1","Defend_R","Defend_R","Defend_R","Bash","Offering+1","Madness","Shrug It Off","Reaper+1","Sword Boomerang+1","REME_Scribble+1","Inflame+1","Impervious","ReplayTheSpireMod:Muscle Training","Panacea+1","Reaper","Fiend Fire","Feed","Impervious","Abandon+1"],"relics":["Burning Blood","REME_ComplimentaryCards","Another Sword","Replay:Wax Seal","ReplayTheSpireMod:CursedCoin","Brimstone","reliquary:ExpiredCoupon","reliquary:WeakTea","Oddly Smooth Stone","Red Skull","Runic Cube","Boot","reliquary:QuartzCube","Ornamental Fan","Thread and Needle","Coffee Dripper","Quantum Egg","ReplayTheSpireMod:Ring of Addiction","Ring of Panic","SacredBark","Potion Belt","Chameleon Ring","Ancient Tea Set"],"acts_visited":["Exordium","TheCity","TheBeyond","TheEnding"],"potions_floor_usage":[47,50,55,56,56,56],"damage_taken":[{"damage":6.0,"enemies":"Cultist","floor":1.0,"turns":2.0},{"damage":0.0,"enemies":"2 Louse","floor":4.0,"turns":1.0},{"damage":17.0,"enemies":"Lagavulin","floor":6.0,"turns":5.0},{"damage":4.0,"enemies":"Small Slimes","floor":7.0,"turns":2.0},{"damage":13.0,"enemies":"3 Sentries","floor":8.0,"turns":3.0},{"damage":8.0,"enemies":"Gremlin Nob","floor":10.0,"turns":2.0},{"damage":12.0,"enemies":"Exordium Wildlife","floor":11.0,"turns":3.0},{"damage":10.0,"enemies":"Exordium Thugs","floor":14.0,"turns":3.0},{"damage":23.0,"enemies":"Fading Forest","floor":16.0,"turns":13.0},{"damage":53.0,"enemies":"Shell Parasite","floor":18.0,"turns":5.0},{"damage":16.0,"enemies":"2 Thieves","floor":19.0,"turns":3.0},{"damage":15.0,"enemies":"Centurion and Healer","floor":21.0,"turns":5.0},{"damage":11.0,"enemies":"Gremlin Leader","floor":23.0,"turns":3.0},{"damage":20.0,"enemies":"REME_1_Revenger","floor":25.0,"turns":4.0},{"damage":10.0,"enemies":"3 Cultists","floor":28.0,"turns":4.0},{"damage":45.0,"enemies":"Book of Stabbing","floor":29.0,"turns":3.0},{"damage":18.0,"enemies":"Snake Plant","floor":31.0,"turns":2.0},{"damage":23.0,"enemies":"Champ","floor":33.0,"turns":6.0},{"damage":35.0,"enemies":"Orb Walker","floor":35.0,"turns":5.0},{"damage":29.0,"enemies":"3 Shapes","floor":38.0,"turns":3.0},{"damage":14.0,"enemies":"Spire Growth","floor":39.0,"turns":4.0},{"damage":47.0,"enemies":"Giant Head","floor":40.0,"turns":5.0},{"damage":23,"enemies":"Nemesis","floor":45,"turns":3},{"damage":23,"enemies":"4 Shapes","floor":46,"turns":4},{"damage":10,"enemies":"R_Hoarder","floor":47,"turns":5},{"damage":10,"enemies":"Transient","floor":48,"turns":6},{"damage":136,"enemies":"Donu and Deca","floor":50,"turns":7},{"damage":79,"enemies":"Time Eater","floor":51,"turns":5},{"damage":183,"enemies":"Shield and Spear","floor":55,"turns":6},{"damage":125,"enemies":"The Heart","floor":56,"turns":3}],"seed_played":"7900483845620733645","potions_obtained":[{"floor":7.0,"key":"AttackPotion"},{"floor":10.0,"key":"conspire:TimeTravelPotion"},{"floor":14.0,"key":"Adrenaline Potion"},{"floor":25.0,"key":"Energy Potion"},{"floor":40.0,"key":"SteroidPotion"},{"floor":42,"key":"Energy Potion"},{"floor":42,"key":"Dexterity Potion"},{"floor":45,"key":"FearPotion"},{"floor":48,"key":"Fire Potion"}],"is_trial":false,"path_per_floor":["M","$","?","M","?","E","M","E","T","E","M","R","?","M","R","B",null,"M","M","?","M","$","E","R","E","T","$","M","E","R","M","R","B",null,"M","?","$","M","M","E","?","?","T","T","E","M","E","M","R","B","B",null,"R","$","E","B"],"character_chosen":"IRONCLAD","items_purchased":["Replay:Wax Seal","ReplayTheSpireMod:CursedCoin","Brimstone","ReplayTheSpireMod:Muscle Training","Panacea","Fiend Fire","Strength Potion","BloodPotion"],"campfire_rested":0,"item_purchase_floors":[2,2,2,22,22,27,53,53],"current_hp_per_floor":[68,68,48,54,54,43,54,65,65,72,71,71,76,74,74,84,84,53,64,64,74,74,90,90,99,99,99,102,95,95,83,83,69,98,89,89,89,118,126,98,98,98,98,98,84,107,126,136,136,55,33,121,121,121,27,0,0],"gold":100,"neow_bonus":"ONE_RARE_RELIC","is_daily":false,"chose_seed":false,"campfire_upgraded":5,"win_rate":0.0,"timestamp":1612841329,"path_taken":["M","?","?","M","?","E","M","E","T","E","M","R","?","?","R","BOSS","M","M","?","M","?","E","R","E","T","$","M","E","R","M","R","BOSS","M","?","$","M","M","E","?","?","T","?","E","M","E","?","R","BOSS","BOSS","R","$","E","BOSS"],"items_purchased_type":["Relic","Relic","Relic","Card","Card","Card","Potion","Potion"],"build_version":"2020-12-22","purchased_purges":5,"victory":false,"max_hp_per_floor":[68,68,68,68,68,68,68,70,70,72,74,74,79,81,81,84,84,87,90,90,93,93,96,96,99,99,99,102,105,105,105,105,108,108,114,114,114,120,126,129,129,129,129,129,132,133,138,141,141,147,150,150,150,148,151,154,154],"relic_stats":{"counters":[30,125],"Ornamental Fan":[124],"Boot":[10],"obtain_stats":[{"Potion Belt":42,"ReplayTheSpireMod:CursedCoin":2,"Quantum Egg":40,"ReplayTheSpireMod:Ring of Addiction":42,"SacredBark":42,"Oddly Smooth Stone":9,"Thread and Needle":29,"reliquary:WeakTea":8,"Boot":23,"reliquary:QuartzCube":25,"Ancient Tea Set":45,"Burning Blood":0,"reliquary:ExpiredCoupon":6,"Chameleon Ring":44,"Brimstone":2,"Ornamental Fan":26,"Another Sword":0,"Coffee Dripper":34,"Replay:Wax Seal":2,"Ring of Panic":42,"Red Skull":10,"REME_ComplimentaryCards":0,"Runic Cube":17},{"Potion Belt":22,"ReplayTheSpireMod:CursedCoin":1,"Quantum Egg":22,"ReplayTheSpireMod:Ring of Addiction":22,"SacredBark":22,"Oddly Smooth Stone":5,"Thread and Needle":16,"reliquary:WeakTea":5,"Boot":13,"reliquary:QuartzCube":14,"Ancient Tea Set":23,"Burning Blood":0,"reliquary:ExpiredCoupon":3,"Chameleon Ring":22,"Brimstone":1,"Ornamental Fan":14,"Another Sword":0,"Coffee Dripper":18,"Replay:Wax Seal":1,"Ring of Panic":22,"Red Skull":6,"REME_ComplimentaryCards":0,"Runic Cube":9},{"Potion Belt":86,"ReplayTheSpireMod:CursedCoin":2,"Quantum Egg":86,"ReplayTheSpireMod:Ring of Addiction":86,"SacredBark":86,"Oddly Smooth Stone":13,"Thread and Needle":61,"reliquary:WeakTea":13,"Boot":50,"reliquary:QuartzCube":54,"Ancient Tea Set":89,"Burning Blood":0,"reliquary:ExpiredCoupon":8,"Chameleon Ring":86,"Brimstone":2,"Ornamental Fan":54,"Another Sword":0,"Coffee Dripper":69,"Replay:Wax Seal":2,"Ring of Panic":86,"Red Skull":15,"REME_ComplimentaryCards":0,"Runic Cube":34}],"Burning Blood":156,"Runic Cube":[121]},"card_choices":[{"not_picked":["REME_SingleHolding","Perfected Strike"],"picked":"Flex","floor":1.0},{"not_picked":["Metallicize","Thunderclap"],"picked":"Shrug It Off","floor":4.0},{"not_picked":["Clash","Body Slam"],"picked":"Sword Boomerang","floor":6.0},{"not_picked":["Blood for Blood","Headbutt"],"picked":"REME_Scribble","floor":7.0},{"not_picked":["ReplayTheSpireMod:Stacked","Pommel Strike","Shrug It Off"],"picked":"SKIP","floor":8.0},{"not_picked":["Heavy Blade","Thunderclap","Barricade"],"picked":"SKIP","floor":10.0},{"not_picked":["Anger","Clothesline"],"picked":"Inflame","floor":11.0},{"not_picked":["Fire Breathing","Perfected Strike","Heavy Blade"],"picked":"SKIP","floor":14.0},{"not_picked":["Demonic Infusion","Double Tap"],"picked":"Impervious","floor":16.0},{"not_picked":["Anger","Combust","Pommel Strike"],"picked":"SKIP","floor":18.0},{"not_picked":["Run Through","Thunderclap+1","Blood for Blood+1"],"picked":"SKIP","floor":19.0},{"not_picked":["Headbutt","Shrug It Off","Metallicize"],"picked":"SKIP","floor":21.0},{"not_picked":["Uppercut","Twin Strike"],"picked":"Reaper","floor":23.0},{"not_picked":["Entrench","ReplayTheSpireMod:Muscle Training","Run Through"],"picked":"SKIP","floor":25.0},{"not_picked":["Twin Strike","Perfected Strike","Pommel Strike"],"picked":"SKIP","floor":28.0},{"not_picked":["Iron Wave","Thunderclap"],"picked":"Feed","floor":29.0},{"not_picked":["Cleave","Body Slam","Uppercut"],"picked":"SKIP","floor":31.0},{"not_picked":["Double Tap","Reaper"],"picked":"Impervious","floor":33.0},{"not_picked":["Twin Strike","REME_Cut","Wild Strike"],"picked":"SKIP","floor":35.0},{"not_picked":["Sword Boomerang","Rupture","REME_Cut"],"picked":"SKIP","floor":38.0},{"not_picked":["Iron Wave+1","Armaments","Wild Strike"],"picked":"SKIP","floor":39.0},{"not_picked":["Twin Strike","Exhume"],"picked":"Abandon+1","floor":40.0},{"not_picked":["Fiend Fire","Barricade","Run Through+1"],"picked":"SKIP","floor":45},{"not_picked":["Uppercut","ReplayTheSpireMod:LeadingStrike","Clothesline"],"picked":"SKIP","floor":46},{"not_picked":["Power Through+1","Whirlwind","Dropkick"],"picked":"SKIP","floor":47},{"not_picked":["Flex+1","Twin Strike","Headbutt"],"picked":"SKIP","floor":48},{"not_picked":["Thunderclap","Havoc+1","ReplayTheSpireMod:Muscle Training"],"picked":"SKIP","floor":55}],"player_experience":1320587,"relics_obtained":[{"floor":6.0,"key":"reliquary:ExpiredCoupon"},{"floor":8.0,"key":"reliquary:WeakTea"},{"floor":9.0,"key":"Oddly Smooth Stone"},{"floor":10.0,"key":"Red Skull"},{"floor":23.0,"key":"Boot"},{"floor":25.0,"key":"reliquary:QuartzCube"},{"floor":26.0,"key":"Ornamental Fan"},{"floor":29.0,"key":"Thread and Needle"},{"floor":40.0,"key":"Quantum Egg"},{"floor":42,"key":"ReplayTheSpireMod:Ring of Addiction"},{"floor":42,"key":"Ring of Panic"},{"floor":42,"key":"SacredBark"},{"floor":42,"key":"Potion Belt"},{"floor":44,"key":"Chameleon Ring"},{"floor":45,"key":"Ancient Tea Set"}],"event_choices":[{"damage_healed":0.0,"max_hp_gain":0.0,"max_hp_loss":0.0,"gold_gain":0.0,"event_name":"Shining Light","player_choice":"Entered Light","floor":3.0,"gold_loss":0.0,"damage_taken":20.0,"cards_upgraded":["Strike_R","Strike_R"]},{"damage_healed":0.0,"max_hp_gain":5.0,"max_hp_loss":0.0,"gold_gain":0.0,"event_name":"Big Fish","player_choice":"Donut","floor":13.0,"gold_loss":0.0,"damage_taken":0.0},{"damage_healed":0.0,"max_hp_gain":0.0,"max_hp_loss":0.0,"gold_gain":275.0,"event_name":"Golden Shrine","player_choice":"Desecrate","floor":20.0,"gold_loss":0.0,"damage_taken":0.0,"cards_obtained":["Regret"]},{"cards_removed":["Defend_R"],"damage_healed":0.0,"max_hp_gain":0.0,"max_hp_loss":0.0,"gold_gain":0.0,"event_name":"Falling","player_choice":"Removed Skill","floor":41.0,"gold_loss":0.0,"damage_taken":0.0}],"is_beta":false,"boss_relics":[{"not_picked":["Calling Bell","Velvet Choker"],"picked":"Runic Cube"},{"not_picked":["Honey Jar","Black Star"],"picked":"Coffee Dripper"}],"items_purged_floors":[2,22,27,37,54],"is_endless":false,"potions_floor_spawned":[7,10,14,16,25,28,29,33,40,45,48],"killed_by":"The Heart","ascension_level":20}}