{"host":"uzp1tn8qxn9571p9","time":1612888577,"event":{"mods":["Aspiration","BaseMod","Colored Map","Downfall","Hermit","Marisa£®ÏF”Í°°ƒß¿Ì…≥£©","Minty Spire (QoL Compilation)","StSLib","The Runesmith"],"gold_per_floor":[111,111,123,143,163,163,193,193,193,218,218,218,218,231,231,336,336,348,273,287,303,303,334,334,348,375,375,401,172,207,58,58,154,154,165,265,277,152,204,222,222,222,222,252,29,49,69,86,86,86,86,86,37,69,69,69],"floor_reached":55,"language":"ZHS","playtime":2653,"items_purged":["Strike_G","Strike_G","Cloak And Dagger"],"score":987,"play_id":"37012aad-e403-4efe-b4ac-8af7b26bbc60","local_time":"20210210003617","is_ascension_mode":true,"campfire_choices":[{"data":"Neutralize","floor":6.0,"key":"SMITH"},{"data":"Blade Dance","floor":8.0,"key":"SMITH"},{"data":"Outmaneuver","floor":13.0,"key":"SMITH"},{"data":"Defend_G","floor":15.0,"key":"SMITH"},{"data":"Tools of the Trade","floor":24.0,"key":"SMITH"},{"data":"Phantasmal Killer","floor":27.0,"key":"SMITH"},{"data":"Blade Dance","floor":32.0,"key":"SMITH"},{"floor":41.0,"key":"RECALL"}],"circlet_count":0,"master_deck":["Defend_G+1","Defend_G+1","Defend_G+1","Survivor","Neutralize+1","Eviscerate+1","Flechettes+1","Finisher+1","Blade Dance+1","Dagger Throw","Outmaneuver+1","Quick Slash","Tools of the Trade+1","Blade Dance+1","Phantasmal Killer+1","Endless Agony+1","Dagger Spray+1","Predator+1","Cloak And Dagger","Blade Dance+1","Adrenaline","Blade Dance+1","Slice+1","Acrobatics+1","Finisher+1","Infinite Blades","Parasite","Acrobatics+1","Acrobatics+1"],"relics":["Astrolabe","PreservedInsect","Anchor","Question Card","Coffee Dripper","Torii","Orichalcum","Prayer Wheel","Vajra","HornCleat","Fusion Hammer","Bird Faced Urn","Whetstone","Pen Nib","Unceasing Top"],"acts_visited":[],"potions_floor_usage":[],"damage_taken":[{"damage":1.0,"enemies":"Jaw Worm","floor":1.0,"turns":2.0},{"damage":0.0,"enemies":"Small Slimes","floor":3.0,"turns":3.0},{"damage":0.0,"enemies":"2 Louse","floor":4.0,"turns":3.0},{"damage":0.0,"enemies":"Looter","floor":5.0,"turns":1.0},{"damage":10.0,"enemies":"3 Sentries","floor":7.0,"turns":4.0},{"damage":0.0,"enemies":"Lagavulin","floor":10.0,"turns":2.0},{"damage":0.0,"enemies":"Gremlin Gang","floor":14.0,"turns":4.0},{"damage":30.0,"enemies":"The Guardian","floor":16.0,"turns":8.0},{"damage":0.0,"enemies":"Chosen","floor":18.0,"turns":3.0},{"damage":0.0,"enemies":"Spheric Guardian","floor":20.0,"turns":3.0},{"damage":10.0,"enemies":"3 Cultists","floor":21.0,"turns":6.0},{"damage":22.0,"enemies":"Gremlin Leader","floor":23.0,"turns":4.0},{"damage":0.0,"enemies":"Cultist and Chosen","floor":25.0,"turns":4.0},{"damage":2.0,"enemies":"Book of Stabbing","floor":28.0,"turns":3.0},{"damage":0.0,"enemies":"Gremlin Leader","floor":30.0,"turns":2.0},{"damage":19.0,"enemies":"Collector","floor":33.0,"turns":4.0},{"damage":1.0,"enemies":"Orb Walker","floor":35.0,"turns":2.0},{"damage":1.0,"enemies":"3 Darklings","floor":37.0,"turns":3.0},{"damage":13.0,"enemies":"2 Orb Walkers","floor":39.0,"turns":4.0},{"damage":0.0,"enemies":"Transient","floor":40.0,"turns":5.0},{"damage":0.0,"enemies":"Giant Head","floor":44.0,"turns":4.0},{"damage":0.0,"enemies":"Sphere and 2 Shapes","floor":46.0,"turns":3.0},{"damage":0.0,"enemies":"Writhing Mass","floor":47.0,"turns":4.0},{"damage":0.0,"enemies":"Jaw Worm Horde","floor":48.0,"turns":3.0},{"damage":25.0,"enemies":"Awakened One","floor":50.0,"turns":5.0},{"damage":7.0,"enemies":"Shield and Spear","floor":54.0,"turns":2.0},{"damage":0,"enemies":"The Heart","floor":55,"turns":1}],"seed_played":"6643963677739686679","potions_obtained":[{"floor":3.0,"key":"EntropicBrew"},{"floor":10.0,"key":"LiquidBronze"},{"floor":14.0,"key":"Dexterity Potion"},{"floor":25.0,"key":"Explosive Potion"},{"floor":28.0,"key":"Swift Potion"},{"floor":30.0,"key":"GamblersBrew"},{"floor":33.0,"key":"Regen Potion"},{"floor":39.0,"key":"Ancient Potion"},{"floor":40.0,"key":"Fire Potion"},{"floor":46.0,"key":"SmokeBomb"},{"floor":54.0,"key":"SteroidPotion"}],"is_trial":false,"path_per_floor":["M","?","M","M","M","R","E","R","T","E","?","?","R","M","R","B",null,"M","?","M","M","?","E","R","M","T","R","E","$","E","$","R","B",null,"M","?","M","$","?","M","R","?","T","E","$","M","M","M","R","B",null,"R","$","E","B"],"character_chosen":"THE_SILENT","items_purchased":["Vajra","Blade Dance","Pen Nib","Infinite Blades","AttackPotion"],"campfire_rested":0,"item_purchase_floors":[29,31,45,45,53],"current_hp_per_floor":[69,74,79,79,79,79,69,69,69,69,62,46,46,46,46,16,80,80,80,80,70,55,33,33,33,33,33,31,31,31,31,31,12,85,84,84,83,83,70,85,85,85,85,85,85,85,85,85,85,60,85,85,85,78,78,78],"gold":69,"neow_bonus":"BOSS_RELIC","is_daily":false,"chose_seed":false,"campfire_upgraded":7,"win_rate":0.0,"timestamp":1612888577,"path_taken":["M","?","M","M","M","R","E","R","T","E","?","?","R","M","R","BOSS","M","?","M","M","?","E","R","M","T","R","E","$","E","$","R","BOSS","M","?","?","?","?","M","R","?","T","E","$","M","M","M","R","BOSS","R","$","E","BOSS"],"items_purchased_type":["Relic","Card","Relic","Card","Potion"],"build_version":"2020-12-22","purchased_purges":3,"victory":false,"max_hp_per_floor":[70,75,80,80,80,80,80,80,80,80,80,80,80,80,80,80,80,80,80,80,80,85,85,85,85,85,85,85,85,85,85,85,85,85,85,85,85,85,85,85,85,85,85,85,85,85,85,85,85,85,85,85,85,85,85,85],"card_choices":[{"not_picked":["Bane","Backflip","Predator"],"picked":"SKIP","floor":1.0},{"not_picked":["Deadly Poison","Cloak And Dagger"],"picked":"Blade Dance","floor":3.0},{"not_picked":["Die Die Die","Poisoned Stab"],"picked":"Dagger Throw","floor":4.0},{"not_picked":["Deflect","Reflex","Calculated Gamble"],"picked":"SKIP","floor":5.0},{"not_picked":["Deflect","All Out Attack","Noxious Fumes"],"picked":"SKIP","floor":7.0},{"not_picked":["Dagger Throw","Leg Sweep"],"picked":"Outmaneuver","floor":10.0},{"not_picked":["Deadly Poison","Outmaneuver","Catalyst"],"picked":"Quick Slash","floor":14.0},{"not_picked":["Malaise","Glass Knife","Bullet Time"],"picked":"Tools of the Trade","floor":16.0},{"not_picked":["Sucker Punch+1","Calculated Gamble","Dagger Spray+1"],"picked":"Blade Dance+1","floor":18.0},{"not_picked":["Catalyst+1","Well Laid Plans","Expertise"],"picked":"Cloak And Dagger","floor":20.0},{"not_picked":["Outmaneuver","Backflip","Slice"],"picked":"Phantasmal Killer","floor":21.0},{"not_picked":["Setup","All Out Attack","Dodge and Roll"],"picked":"Endless Agony","floor":23.0},{"not_picked":["Quick Slash","Deflect","Deadly Poison+1"],"picked":"Dagger Spray+1","floor":25.0},{"not_picked":["Adrenaline","Well Laid Plans","Glass Knife"],"picked":"Predator","floor":28.0},{"not_picked":["Catalyst+1","Setup","Dodge and Roll"],"picked":"Cloak And Dagger","floor":30.0},{"not_picked":["Night Terror","Corpse Explosion","Unload"],"picked":"Adrenaline","floor":33.0},{"not_picked":["Backflip","Cloak And Dagger","Bane"],"picked":"Blade Dance+1","floor":35.0},{"not_picked":["Quick Slash","Crippling Poison+1","Reflex+1","Dodge and Roll"],"picked":"SKIP","floor":35.0},{"not_picked":["Eviscerate","PiercingWail+1","Reflex"],"picked":"Slice+1","floor":37.0},{"not_picked":["Blur+1","Deflect+1","Dagger Spray+1","Prepared+1"],"picked":"SKIP","floor":37.0},{"not_picked":["Blade Dance","Poisoned Stab","Quick Slash+1"],"picked":"Acrobatics+1","floor":39.0},{"not_picked":["Leg Sweep+1","Calculated Gamble","Bouncing Flask","Night Terror"],"picked":"SKIP","floor":40.0},{"not_picked":["Blade Dance","Bane+1","Dagger Throw+1","Bouncing Flask"],"picked":"SKIP","floor":40.0},{"not_picked":["Crippling Poison+1","Heel Hook+1","Deflect"],"picked":"Finisher+1","floor":44.0},{"not_picked":["Dagger Spray","Footwork+1","Poisoned Stab","Night Terror"],"picked":"SKIP","floor":46.0},{"not_picked":["Eviscerate","Cloak And Dagger","Flying Knee","Deflect+1"],"picked":"SKIP","floor":46.0},{"not_picked":["Dagger Throw","Dash","Cloak And Dagger+1"],"picked":"Acrobatics+1","floor":47.0},{"not_picked":["Dodge and Roll+1","Quick Slash","PiercingWail","Flechettes"],"picked":"SKIP","floor":47.0},{"not_picked":["PiercingWail","Dodge and Roll","Bane"],"picked":"Acrobatics+1","floor":48.0},{"not_picked":["Dagger Throw+1","Acrobatics","Terror","Phantasmal Killer"],"picked":"SKIP","floor":48.0},{"not_picked":["Dodge and Roll","Dagger Spray+1","Riddle With Holes","Blade Dance"],"picked":"SKIP","floor":54.0}],"player_experience":393886,"relics_obtained":[{"floor":7.0,"key":"PreservedInsect"},{"floor":9.0,"key":"Anchor"},{"floor":10.0,"key":"Question Card"},{"floor":23.0,"key":"Torii"},{"floor":26.0,"key":"Orichalcum"},{"floor":28.0,"key":"Prayer Wheel"},{"floor":30.0,"key":"HornCleat"},{"floor":39.0,"key":"Bird Faced Urn"},{"floor":44.0,"key":"Whetstone"},{"floor":54.0,"key":"Unceasing Top"}],"event_choices":[{"damage_healed":0.0,"max_hp_gain":5.0,"max_hp_loss":0.0,"gold_gain":0.0,"event_name":"Big Fish","player_choice":"Donut","floor":2.0,"gold_loss":0.0,"damage_taken":0.0},{"cards_removed":["Strike_G"],"damage_healed":0.0,"max_hp_gain":0.0,"max_hp_loss":0.0,"gold_gain":0.0,"event_name":"Golden Wing","player_choice":"Card Removal","floor":11.0,"gold_loss":0.0,"damage_taken":7.0},{"damage_healed":0.0,"max_hp_gain":0.0,"max_hp_loss":0.0,"gold_gain":0.0,"event_name":"Shining Light","player_choice":"Entered Light","floor":12.0,"gold_loss":0.0,"damage_taken":16.0,"cards_upgraded":["Defend_G","Defend_G"]},{"cards_removed":["Strike_G"],"damage_healed":0.0,"max_hp_gain":0.0,"max_hp_loss":0.0,"gold_gain":0.0,"event_name":"Beggar","player_choice":"Gave Gold","floor":19.0,"gold_loss":75.0,"damage_taken":0.0},{"damage_healed":0.0,"max_hp_gain":5.0,"max_hp_loss":0.0,"gold_gain":0.0,"event_name":"Forgotten Altar","player_choice":"Shed Blood","floor":22.0,"gold_loss":0.0,"damage_taken":20.0},{"damage_healed":0.0,"max_hp_gain":0.0,"max_hp_loss":0.0,"gold_gain":100.0,"event_name":"Golden Shrine","player_choice":"Pray","floor":36.0,"gold_loss":0.0,"damage_taken":0.0},{"damage_healed":0.0,"max_hp_gain":0.0,"max_hp_loss":0.0,"gold_gain":0.0,"event_name":"Mysterious Sphere","player_choice":"Fight","floor":39.0,"gold_loss":0.0,"damage_taken":0.0},{"damage_healed":0.0,"max_hp_gain":0.0,"max_hp_loss":0.0,"gold_gain":0.0,"event_name":"Tomb of Lord Red Mask","player_choice":"Ignored","floor":42.0,"gold_loss":0.0,"damage_taken":0.0}],"is_beta":false,"boss_relics":[{"not_picked":["Snecko Eye","Velvet Choker"],"picked":"Coffee Dripper"},{"not_picked":["Cursed Key","Sozu"],"picked":"Fusion Hammer"}],"items_purged_floors":[29,31,38],"is_endless":false,"potions_floor_spawned":[3,10,14,25,28,30,33,39,40,46,54],"killed_by":"The Heart","ascension_level":3}}