{"host":"Ringo","time":1612874768,"event":{"mods":["BaseMod","Colored Map","Conspire","Dota2Spire","Hubris","Minty Spire (QoL Compilation)","Replay The Spire","StSLib","The Construct","[IsaacMod]ÒÔÈö¼âËþ","¡¾ÒÅÎï¿¨ÅÆ¡¿REMEMod"],"gold_per_floor":[117,152,197,238,258,284,284,335,335,364,364,430,512,579,579,695,695,724,814,202,228,261,318,372,449,520,588,655,751,796,864,864,987,987,1009,1071,1104,279,279,339,403,481,481,490,525,601,660,746,746,767,807,319,376,38,97,135,236,236,291,346,51,101,171,171,269,293],"floor_reached":52,"language":"ZHS","playtime":1811,"items_purged":["REME_Scribble+1","Replay:Undeath\u0027s Touch"],"score":4638,"play_id":"c8ea7aae-3245-47d5-8ab6-9efc58ce2f12","local_time":"20210209204608","daily_mods":["SealedDeck","Vintage","Red Cards","Purple Cards","Colorless Cards","Heirloom","Time Dilation","Flight","DeadlyEvents","Elite Swarm","Lethality","Binary"],"is_ascension_mode":true,"campfire_choices":[{"data":"Crescendo","floor":11,"key":"SMITH"},{"data":"Impatience","floor":15,"key":"SMITH"},{"data":"Study","floor":32,"key":"SMITH"},{"data":"ClearTheMind","floor":44,"key":"SMITH"},{"data":"FlurryOfBlows","floor":49,"key":"SMITH"},{"data":"EmptyMind","floor":49,"key":"SMITH"}],"circlet_count":0,"master_deck":["AscendersBane","HandOfGreed+1","ThirdEye+1","Trip+1","Cleave+1","Evaluate+1","FollowUp+1","Crescendo+1","FlurryOfBlows+1","Impatience+1","Twin Strike+1","REME_Scribble+1","Consecrate+1","LessonLearned+1","EmptyBody+1","Study+1","ClearTheMind+1","REME_ProfessionalPlagiarism+1","Shrug It Off+1","Poisoned Strike+1","Replay:Undeath\u0027s Touch","EmptyMind+1"],"relics":["PureWater","Busted Crown","HushsDoor","REME_ComplimentaryCards","replay:Trail_Library","MoneyPower","Iron Hammer","Dota2Spire:MaskOfMadness","TeardropLocket","REME_HourglassOfDeath","Bag of Preparation","Dota2Spire:Vanguard","hubris:PeanutButter","Replay:Bandana","Dota2Spire:HandOfMidas","DeadEye","War Paint","Philosopher\u0027s Stone","GuppysPaw","AnarchistCookbook","SatanicBible","Strange Spoon","Dota2Spire:PowerTreads","Replay:WaspNest","Replay:Mystery Machine","Replay:Rubber Ducky","GuppysTail","conspire:GlowingRock","Blue Candle","CeramicFish","Strawberry","Dota2Spire:BladeMail","Dota2Spire:ArmletOfMordiggian","Akabeko","Black Star","GuppysHairball","Blood Vial","Vajra","Dota2Spire:Mjollnir","Dota2Spire:Desolator","Unceasing Top","DollysMirror","Quantum Egg","Pet Ghost","Pocketwatch","PokeGo","Dota2Spire:HeartOfTarrasque","Replay:Kaleidoscope","PunchingBag","BloodDonationMachine","hubris:Teleporter","Happy Flower","Art of War","Du-Vu Doll","Lizard Tail","MaYiHuaBei","Boot","Replay:Ringing Soul","REME_HandOfSuture","ReplayTheSpireMod:TigerMarble","ReplayTheSpireMod:Lightbulb","hubris:ToyBattleship","Damaru","Omamori","Replay:Bottled Steam","Dream Catcher","Replay:Baseball","BlankCard","Blue Doll","PreservedInsect","MealTicket","Mango","Dota2Spire:LinkenSphere","ReplayTheSpireMod:Shallot"],"acts_visited":["Exordium","TheCity","TheBeyond"],"potions_floor_usage":[6,8,16,23,27,51,51],"damage_taken":[{"damage":11,"enemies":"Jaw Worm","floor":1,"turns":2},{"damage":0,"enemies":"Cultist","floor":2,"turns":2},{"damage":3,"enemies":"Small Slimes","floor":3,"turns":1},{"damage":0,"enemies":"Blue Slaver","floor":4,"turns":1},{"damage":0,"enemies":"Large Slime","floor":5,"turns":1},{"damage":3,"enemies":"Replay:BlueRogue","floor":6,"turns":1},{"damage":3,"enemies":"Lagavulin","floor":8,"turns":1},{"damage":0,"enemies":"3 Sentries","floor":10,"turns":1},{"damage":0,"enemies":"Gremlin Nob","floor":12,"turns":1},{"damage":0,"enemies":"Exordium Wildlife","floor":13,"turns":1},{"damage":0,"enemies":"Replay:BlueRogue","floor":14,"turns":1},{"damage":0,"enemies":"Hexaghost","floor":16,"turns":2},{"damage":0,"enemies":"Spheric Guardian","floor":18,"turns":1},{"damage":0,"enemies":"conspire:FuzzyDice","floor":19,"turns":2},{"damage":0,"enemies":"Cultist and Chosen","floor":21,"turns":1},{"damage":0,"enemies":"Snecko","floor":22,"turns":1},{"damage":0,"enemies":"conspire:Head Lice","floor":23,"turns":1},{"damage":0,"enemies":"conspire:SneckoGhost","floor":25,"turns":1},{"damage":0,"enemies":"Book of Stabbing","floor":27,"turns":2},{"damage":0,"enemies":"REME_1_Revenger","floor":28,"turns":2},{"damage":0,"enemies":"conspire:Head Lice","floor":29,"turns":1},{"damage":0,"enemies":"conspire:SneckoGhost","floor":30,"turns":1},{"damage":0,"enemies":"REME_1_Revenger","floor":31,"turns":1},{"damage":0,"enemies":"Champ","floor":33,"turns":1},{"damage":0,"enemies":"Orb Walker","floor":35,"turns":1},{"damage":0,"enemies":"3 Darklings","floor":36,"turns":1},{"damage":0,"enemies":"Spire Growth","floor":37,"turns":1},{"damage":0,"enemies":"Reptomancer","floor":40,"turns":1},{"damage":0,"enemies":"R_Hoarder","floor":41,"turns":2},{"damage":0,"enemies":"Reptomancer","floor":42,"turns":1},{"damage":0,"enemies":"4 Shapes","floor":45,"turns":2},{"damage":0,"enemies":"R_Hoarder","floor":46,"turns":1},{"damage":0,"enemies":"Reptomancer","floor":47,"turns":1},{"damage":0,"enemies":"R_Hoarder","floor":48,"turns":1},{"damage":0,"enemies":"Orb Walker","floor":35,"turns":1},{"damage":0,"enemies":"3 Darklings","floor":36,"turns":1},{"damage":0,"enemies":"Reptomancer","floor":40,"turns":1},{"damage":0,"enemies":"Maw","floor":41,"turns":1},{"damage":0,"enemies":"R_Hoarder","floor":42,"turns":1},{"damage":0,"enemies":"Nemesis","floor":44,"turns":1},{"damage":0,"enemies":"Reptomancer","floor":45,"turns":1},{"damage":0,"enemies":"R_Hoarder","floor":47,"turns":1},{"damage":0,"enemies":"Reptomancer","floor":48,"turns":1},{"damage":0,"enemies":"Donu and Deca","floor":50,"turns":2},{"damage":0,"enemies":"Time Eater","floor":51,"turns":1}],"seed_played":"-2969522958546314500","potions_obtained":[{"floor":2,"key":"DistilledChaos"},{"floor":3,"key":"Toxic Potion"},{"floor":8,"key":"Fruit Juice"},{"floor":10,"key":"AttackPotion"},{"floor":18,"key":"Flashbang"},{"floor":23,"key":"Fire Potion"},{"floor":28,"key":"SkillPotion"},{"floor":45,"key":"Ambrosia"}],"is_trial":true,"path_per_floor":["M","M","M","M","M","E","?","E","T","E","R","E","M","E","R","B",null,"M","M","$","M","M","E","?","E","T","E","E","E","E","E","R","B",null,"M","M","M","$","?","E","E","E","T","R","M","E","E","E","R","M","M","$","?","$","E","M","E","T","E","E","$","E","E","R","B","B",null],"character_chosen":"WATCHER","items_purchased":["LessonLearned","EmptyBody","Study","GuppysPaw","Strange Spoon","Dota2Spire:PowerTreads","Replay:WaspNest","GuppysHairball","Dota2Spire:Desolator","Unceasing Top","DollysMirror","Replay:Ringing Soul","REME_ProfessionalPlagiarism","Shrug It Off","REME_HandOfSuture","Poisoned Strike","Replay:Undeath\u0027s Touch","EmptyMind","PreservedInsect"],"campfire_rested":0,"item_purchase_floors":[17,17,17,17,20,20,20,34,38,38,38,37,37,37,39,39,46,46,46],"current_hp_per_floor":[52,52,52,52,52,52,52,57,57,57,57,60,63,63,63,66,60,63,66,66,69,69,72,57,60,60,63,73,73,73,76,76,79,83,86,90,90,90,90,90,90,101,101,101,104,104,107,107,107,110,110,113,98,101,103,111,116,116,118,119,122,136,136,136,139,142],"gold":293,"neow_bonus":"","is_daily":false,"chose_seed":false,"campfire_upgraded":6,"win_rate":0.0,"timestamp":1612874768,"path_taken":["M","M","M","M","M","E","?","E","T","E","R","E","M","E","R","BOSS","M","M","$","M","M","E","?","E","T","E","E","E","E","E","R","BOSS","M","M","M","$","?","E","E","E","T","R","M","E","E","E","R","M","M","$","?","$","E","M","E","T","E","E","$","E","E","R","BOSS","BOSS"],"items_purchased_type":["Card","Card","Card","Relic","Relic","Relic","Relic","Relic","Relic","Relic","Relic","Relic","Card","Card","Relic","Card","Card","Card","Relic"],"build_version":"2020-12-18","purchased_purges":2,"victory":true,"max_hp_per_floor":[70,70,73,73,73,76,76,84,84,84,84,87,90,90,90,93,60,63,66,66,69,69,72,72,75,75,78,88,88,88,91,91,94,84,87,90,90,90,90,90,90,101,101,101,104,104,107,107,107,110,110,113,113,116,116,116,119,119,119,119,122,136,136,136,139,142],"card_choices":[],"player_experience":668698,"relics_obtained":[{"floor":1,"key":"Iron Hammer"},{"floor":2,"key":"Dota2Spire:MaskOfMadness"},{"floor":4,"key":"TeardropLocket"},{"floor":5,"key":"REME_HourglassOfDeath"},{"floor":6,"key":"Bag of Preparation"},{"floor":8,"key":"Dota2Spire:Vanguard"},{"floor":9,"key":"hubris:PeanutButter"},{"floor":10,"key":"Replay:Bandana"},{"floor":12,"key":"Dota2Spire:HandOfMidas"},{"floor":13,"key":"DeadEye"},{"floor":14,"key":"War Paint"},{"floor":18,"key":"AnarchistCookbook"},{"floor":19,"key":"SatanicBible"},{"floor":21,"key":"Replay:Mystery Machine"},{"floor":22,"key":"Replay:Rubber Ducky"},{"floor":23,"key":"GuppysTail"},{"floor":25,"key":"conspire:GlowingRock"},{"floor":26,"key":"Blue Candle"},{"floor":27,"key":"CeramicFish"},{"floor":28,"key":"Strawberry"},{"floor":29,"key":"Dota2Spire:BladeMail"},{"floor":30,"key":"Dota2Spire:ArmletOfMordiggian"},{"floor":31,"key":"Akabeko"},{"floor":35,"key":"Blood Vial"},{"floor":36,"key":"Vajra"},{"floor":37,"key":"Dota2Spire:Mjollnir"},{"floor":40,"key":"Quantum Egg"},{"floor":40,"key":"Pet Ghost"},{"floor":41,"key":"Pocketwatch"},{"floor":41,"key":"PokeGo"},{"floor":42,"key":"Dota2Spire:HeartOfTarrasque"},{"floor":42,"key":"Replay:Kaleidoscope"},{"floor":43,"key":"PunchingBag"},{"floor":45,"key":"BloodDonationMachine"},{"floor":46,"key":"hubris:Teleporter"},{"floor":46,"key":"Happy Flower"},{"floor":47,"key":"Art of War"},{"floor":47,"key":"Du-Vu Doll"},{"floor":48,"key":"Lizard Tail"},{"floor":35,"key":"MaYiHuaBei"},{"floor":36,"key":"Boot"},{"floor":40,"key":"ReplayTheSpireMod:TigerMarble"},{"floor":40,"key":"ReplayTheSpireMod:Lightbulb"},{"floor":41,"key":"hubris:ToyBattleship"},{"floor":42,"key":"Damaru"},{"floor":42,"key":"Omamori"},{"floor":43,"key":"Replay:Bottled Steam"},{"floor":44,"key":"Dream Catcher"},{"floor":44,"key":"Replay:Baseball"},{"floor":45,"key":"BlankCard"},{"floor":45,"key":"Blue Doll"},{"floor":47,"key":"MealTicket"},{"floor":47,"key":"Mango"},{"floor":48,"key":"Dota2Spire:LinkenSphere"},{"floor":48,"key":"ReplayTheSpireMod:Shallot"}],"event_choices":[{"damage_healed":0,"gold_gain":0,"player_choice":"Grow","damage_taken":0,"max_hp_gain":0,"max_hp_loss":0,"event_name":"Living Wall","floor":7,"gold_loss":0,"cards_upgraded":["REME_Scribble"]}],"is_beta":true,"boss_relics":[{"not_picked":["ReplayTheSpireMod:DimensionalGlitch","hubris:HollowSoul"],"picked":"Philosopher\u0027s Stone"},{"not_picked":[]},{"not_picked":["conspire:RoyalGoblet","Snecko Eye"],"picked":"Black Star"},{"not_picked":[]}],"items_purged_floors":[38,46],"is_endless":false,"potions_floor_spawned":[2,3,5,8,10,13,18,23,25,28,29,30,33,35,40,41,45,48,36,44,45,48],"ascension_level":20}}