{"host":"hnrafgucdht3qvsp","time":1612878696,"event":{"mods":["BaseMod","Colored Map","Downfall","Minty Spire (QoL Compilation)","Relic Stats","StSLib"],"gold_per_floor":[0,15,29,49,116,159,159,198,307,379,279,320,220,270,295,401,401,401,412,431,458,485,485,539,638,194,224,274,313,387,413,438,552,552,452,475,193,210,239,239,239,239,339,377,400,437,437,447,459,459,459,500,15,15,15,15],"floor_reached":57,"language":"ENG","playtime":6404,"items_purged":["Guardian:Strike_Guardian","Guardian:Strike_Guardian","Guardian:Strike_Guardian"],"score":1757,"play_id":"9528dbe1-40b7-4adb-a7ed-33c6f696bb2d","local_time":"20210209085136","is_ascension_mode":true,"campfire_choices":[{"data":"Guardian:TwinSlam","floor":1.0,"key":"SMITH"},{"floor":11.0,"key":"RECALL"},{"floor":13.0,"key":"REST"},{"data":"Guardian:SentryBeam","floor":18.0,"key":"SMITH"},{"data":"Guardian:Orbwalk","floor":23.0,"key":"SMITH"},{"data":"Guardian:Emergency","floor":35.0,"key":"SMITH"},{"data":"Guardian:BaubleBeam","floor":40.0,"key":"SMITH"},{"data":"Guardian:BronzeArmor","floor":42.0,"key":"SMITH"},{"data":"Guardian:Orbwalk","floor":47.0,"key":"SMITH"},{"data":"Guardian:Orbwalk","floor":54,"key":"SMITH"}],"circlet_count":0,"master_deck":["Guardian:Strike_Guardian","Guardian:Defend_Guardian","Guardian:Defend_Guardian","Guardian:Defend_Guardian","Guardian:Defend_Guardian","Guardian:CurlUp","Guardian:TwinSlam+1","Guardian:ShieldCharger","Guardian:FloatingOrbs","Guardian:Incinerate","Guardian:FloatingOrbs","Guardian:SentryBeam+1","Guardian:Emergency","Guardian:Orbwalk+1","Guardian:Recover","Guardian:VentSteam","Guardian:PolyBeam","Guardian:Orbwalk+1","Guardian:Emergency+1","Guardian:BaubleBeam+1","Guardian:Orbwalk+1","Guardian:Suspension","Guardian:StasisEngine","Guardian:BronzeArmor+1","Guardian:CompilePackage","Guardian:FloatingOrbs+1","Guardian:Recover"],"relics":["Guardian:ModeShifter","Guardian:GemstoneGun","CeramicFish","Ancient Tea Set","PreservedInsect","downfall:CloakOfManyFaces","CultistMask","FaceOfCleric","NlothsMask","GremlinMask","SsserpentHead","downfall:HeartBlessingBlue","Gambling Chip","downfall:HeartBlessingRed","Sozu","Bag of Preparation","Torii","Frozen Eye","Incense Burner","Akabeko","Guardian:StasisUpgradeRelic","SlaversCollar","downfall:HeartBlessingGreen","Guardian:BottledAnomaly","Orichalcum","Peace Pipe","MealTicket","Singing Bowl","Shuriken","Anchor","TheAbacus"],"acts_visited":["Exordium","TheCity","TheBeyond","TheEnding"],"potions_floor_usage":[],"damage_taken":[{"damage":2.0,"enemies":"Jaw Worm","floor":2.0,"turns":3.0},{"damage":0.0,"enemies":"2 Louse","floor":3.0,"turns":2.0},{"damage":0.0,"enemies":"Cultist","floor":4.0,"turns":3.0},{"damage":17.0,"enemies":"Lagavulin Event","floor":5.0,"turns":5.0},{"damage":2.0,"enemies":"Gremlin Nob","floor":6.0,"turns":4.0},{"damage":18.0,"enemies":"Lagavulin","floor":8.0,"turns":6.0},{"damage":10.0,"enemies":"downfall:FaceTrader","floor":9.0,"turns":10.0},{"damage":15.0,"enemies":"3 Louse","floor":10.0,"turns":3.0},{"damage":5.0,"enemies":"3 Sentries","floor":12.0,"turns":6.0},{"damage":0.0,"enemies":"Red Slaver","floor":15.0,"turns":2.0},{"damage":15.0,"enemies":"IC_STATUS_ARCHETYPE","floor":16.0,"turns":6.0},{"damage":0.0,"enemies":"Spheric Guardian","floor":19.0,"turns":4.0},{"damage":17.0,"enemies":"3 Byrds","floor":20.0,"turns":4.0},{"damage":7.0,"enemies":"Shelled Parasite and Fungi","floor":21.0,"turns":4.0},{"damage":9.0,"enemies":"Sentry and Sphere","floor":22.0,"turns":6.0},{"damage":5.0,"enemies":"downfall:FleeingMerchant","floor":26.0,"turns":4.0},{"damage":30.0,"enemies":"Gremlin Leader","floor":27.0,"turns":3.0},{"damage":24.0,"enemies":"Slavers","floor":29.0,"turns":5.0},{"damage":0.0,"enemies":"Centurion and Healer","floor":30.0,"turns":3.0},{"damage":0.0,"enemies":"downfall:FleeingMerchant","floor":31.0,"turns":2.0},{"damage":0.0,"enemies":"3 Cultists","floor":32.0,"turns":4.0},{"damage":1.0,"enemies":"WA_ARCHETYPE_CALM","floor":33.0,"turns":4.0},{"damage":0.0,"enemies":"Orb Walker","floor":36.0,"turns":2.0},{"damage":14.0,"enemies":"3 Darklings","floor":38.0,"turns":3.0},{"damage":1.0,"enemies":"Jaw Worm Horde","floor":39.0,"turns":4.0},{"damage":1.0,"enemies":"Jaw Worm Horde","floor":43.0,"turns":4.0},{"damage":27.0,"enemies":"Reptomancer","floor":44.0,"turns":5.0},{"damage":0.0,"enemies":"Spire Growth","floor":45.0,"turns":3.0},{"damage":0.0,"enemies":"Nemesis","floor":46.0,"turns":3.0},{"damage":16.0,"enemies":"Writhing Mass","floor":48.0,"turns":4.0},{"damage":5.0,"enemies":"Sphere and 2 Shapes","floor":49.0,"turns":6.0},{"damage":4.0,"enemies":"SI_POISON_ARCHETYPE","floor":50.0,"turns":6.0},{"damage":32,"enemies":"downfall:CharBossMerchant","floor":52,"turns":5},{"damage":20,"enemies":"downfall:NeowBoss","floor":55,"turns":8},{"damage":29,"enemies":"downfall:NeowBossFinal","floor":56,"turns":5}],"seed_played":"-5326950966320949161","potions_obtained":[{"floor":3.0,"key":"champ:CounterPotion"},{"floor":5.0,"key":"ColorlessPotion"},{"floor":10.0,"key":"Block Potion"},{"floor":12.0,"key":"GamblersBrew"}],"is_trial":false,"path_per_floor":["R","M","M","M","?","E","T","E","?","M","R","E","R","?","M","B",null,"R","M","M","M","M","R","T","T","$","E","?","E","M","$","M","B",null,"R","M","$","M","M","R","T","R","?","E","M","E","R","M","M","B",null,"E","$","R","B","B",null],"character_chosen":"GUARDIAN","items_purchased":["Torii","Frozen Eye","Guardian:StasisUpgradeRelic","Guardian:Orbwalk","Guardian:BottledAnomaly","Guardian:BronzeArmor","Anchor","TheAbacus","Guardian:Gem_Fragmented","Guardian:Gem_Green"],"campfire_rested":1,"item_purchase_floors":[26,26,31,31,37,37,53,53,53,53],"current_hp_per_floor":[72,70,70,70,53,51,51,33,23,9,19,15,42,92,93,79,90,90,91,75,69,61,61,61,61,57,28,28,5,6,7,8,8,81,81,82,82,69,69,69,69,69,69,43,44,45,45,32,30,27,96,65,80,80,61,33],"gold":15,"neow_bonus":"ONE_RARE_RELIC","is_daily":false,"chose_seed":false,"campfire_upgraded":8,"win_rate":0.0,"timestamp":1612878696,"path_taken":["R","M","M","M","?","E","T","E","?","?","R","E","R","?","M","BOSS","R","M","M","M","M","R","T","?","$","E","?","E","?","$","M","BOSS","R","M","$","M","M","R","T","R","?","E","M","E","R","M","M","BOSS","E","$","R","BOSS","BOSS"],"items_purchased_type":["Relic","Relic","Relic","Card","Relic","Card","Relic","Relic","Card","Card"],"build_version":"2020-12-22","purchased_purges":3,"victory":true,"max_hp_per_floor":[80,80,80,80,80,80,80,80,80,81,91,92,92,92,93,94,94,94,95,96,97,98,98,98,98,99,100,100,101,102,103,104,105,105,105,106,106,107,108,108,108,108,109,110,111,112,112,115,118,119,119,120,120,120,121,122],"relic_stats":{"Torii":18,"Singing Bowl":4,"counters":[35,151],"CeramicFish":234,"PreservedInsect":467,"Bag of Preparation":[40],"Orichalcum":[48],"Sozu":10,"Peace Pipe":0,"SsserpentHead":300,"TheAbacus":[18],"FaceOfCleric":28,"Shuriken":[12],"Gambling Chip":[90],"MealTicket":15,"obtain_stats":[{"Torii":26,"Singing Bowl":46,"CeramicFish":5,"GremlinMask":9,"downfall:HeartBlessingGreen":35,"Bag of Preparation":25,"Incense Burner":27,"Ancient Tea Set":6,"Sozu":17,"SsserpentHead":9,"Frozen Eye":26,"TheAbacus":53,"FaceOfCleric":9,"downfall:HeartBlessingBlue":11,"Gambling Chip":12,"MealTicket":44,"downfall:CloakOfManyFaces":9,"Guardian:BottledAnomaly":37,"downfall:HeartBlessingRed":13,"Guardian:GemstoneGun":0,"Guardian:ModeShifter":0,"PreservedInsect":8,"Orichalcum":41,"Akabeko":29,"Peace Pipe":43,"Guardian:StasisUpgradeRelic":31,"SlaversCollar":34,"Anchor":53,"Shuriken":52,"CultistMask":9,"NlothsMask":9},{"Torii":16,"Singing Bowl":29,"CeramicFish":4,"GremlinMask":7,"downfall:HeartBlessingGreen":22,"Bag of Preparation":15,"Incense Burner":17,"Ancient Tea Set":5,"Sozu":11,"SsserpentHead":7,"Frozen Eye":16,"TheAbacus":33,"FaceOfCleric":7,"downfall:HeartBlessingBlue":8,"Gambling Chip":9,"MealTicket":27,"downfall:CloakOfManyFaces":7,"Guardian:BottledAnomaly":23,"downfall:HeartBlessingRed":9,"Guardian:GemstoneGun":0,"Guardian:ModeShifter":0,"PreservedInsect":6,"Orichalcum":25,"Akabeko":18,"Peace Pipe":26,"Guardian:StasisUpgradeRelic":20,"SlaversCollar":22,"Anchor":33,"Shuriken":33,"CultistMask":7,"NlothsMask":7},{"Torii":72,"Singing Bowl":117,"CeramicFish":13,"GremlinMask":33,"downfall:HeartBlessingGreen":93,"Bag of Preparation":68,"Incense Burner":75,"Ancient Tea Set":17,"Sozu":50,"SsserpentHead":33,"Frozen Eye":72,"TheAbacus":138,"FaceOfCleric":33,"downfall:HeartBlessingBlue":36,"Gambling Chip":42,"MealTicket":111,"downfall:CloakOfManyFaces":33,"Guardian:BottledAnomaly":95,"downfall:HeartBlessingRed":42,"Guardian:GemstoneGun":0,"Guardian:ModeShifter":0,"PreservedInsect":23,"Orichalcum":102,"Akabeko":80,"Peace Pipe":106,"Guardian:StasisUpgradeRelic":85,"SlaversCollar":93,"Anchor":138,"Shuriken":138,"CultistMask":33,"NlothsMask":33}]},"card_choices":[{"not_picked":["Guardian:Gem_Green","Guardian:DonusPower"],"picked":"Guardian:ShieldCharger","floor":2.0},{"not_picked":["Guardian:Gem_Red","Guardian:ShieldCharger"],"picked":"Guardian:Gem_Fragmented","floor":3.0},{"not_picked":["Guardian:StasisField","Guardian:DecasProtection"],"picked":"Guardian:FloatingOrbs","floor":4.0},{"not_picked":["Guardian:TemporalStrike","Guardian:VentSteam"],"picked":"Guardian:Incinerate","floor":5.0},{"not_picked":["Guardian:SpikerProtocol","Guardian:Gem_Lightblue"],"picked":"Guardian:FloatingOrbs","floor":6.0},{"not_picked":["Guardian:RollAttack","Guardian:Incinerate"],"picked":"Guardian:SentryBeam","floor":8.0},{"not_picked":["Guardian:CrystalBeam","Guardian:Incinerate"],"picked":"Guardian:PrismaticBarrier","floor":9.0},{"not_picked":["Guardian:Clone","Guardian:CrystalBeam"],"picked":"Guardian:Emergency","floor":10.0},{"not_picked":["Guardian:CrystalBeam","Guardian:Gem_Green"],"picked":"Guardian:Orbwalk","floor":12.0},{"not_picked":["Guardian:SentryBeam","Guardian:RollAttack"],"picked":"Guardian:Gem_Orange","floor":15.0},{"not_picked":["Guardian:FastForward","Guardian:GemFire"],"picked":"Guardian:Gem_Synthetic","floor":16.0},{"not_picked":["Guardian:DecasProtection","Guardian:CrystalBeam","Guardian:WalkerClaw"],"picked":"SKIP","floor":19.0},{"not_picked":["Guardian:VentSteam","Guardian:Gem_Purple"],"picked":"Guardian:Recover","floor":20.0},{"not_picked":["Guardian:PrimingBeam","Guardian:Reroute"],"picked":"Guardian:VentSteam","floor":21.0},{"not_picked":["Guardian:Recover","Guardian:Gem_Lightblue"],"picked":"Guardian:PolyBeam","floor":22.0},{"not_picked":["Guardian:PiercingHide","Guardian:Gem_Lightblue"],"picked":"Guardian:Orbwalk","floor":26.0},{"not_picked":["Guardian:Gem_Fragmented","Guardian:CrystalBeam","Guardian:Gem_Green"],"picked":"SKIP","floor":27.0},{"not_picked":["Guardian:GuardianWhirl+1","Guardian:Gem_Fragmented"],"picked":"Guardian:Emergency","floor":29.0},{"not_picked":["Guardian:ShieldCharger","Guardian:TimeCapacitor"],"picked":"Guardian:BaubleBeam","floor":30.0},{"not_picked":["Guardian:ArmoredProtocol","Guardian:Gem_Lightblue","Guardian:RollAttack"],"picked":"SKIP","floor":31.0},{"not_picked":["Guardian:RollAttack","Guardian:Harden+1"],"picked":"Guardian:Suspension","floor":32.0},{"not_picked":["Guardian:GatlingBeam","Guardian:ConstructionForm"],"picked":"Guardian:StasisEngine","floor":33.0},{"not_picked":["Guardian:GuardianWhirl","Guardian:PiercingHide+1"],"picked":"Guardian:Gem_Red","floor":36.0},{"not_picked":["Guardian:Clone+1","Guardian:SentryBeam+1","Guardian:Recover"],"picked":"SKIP","floor":38.0},{"not_picked":["Guardian:SentryBeam+1","Guardian:Recover+1"],"picked":"Guardian:Gem_Crimson","floor":39.0},{"not_picked":["Guardian:Incinerate+1","Guardian:Clone+1"],"picked":"Guardian:CompilePackage","floor":44.0},{"not_picked":["Guardian:PiercingHide+1","Guardian:Suspension"],"picked":"Guardian:Gem_Cyan","floor":45.0},{"not_picked":["Guardian:RollAttack+1","Guardian:GuardianWhirl+1"],"picked":"Guardian:FloatingOrbs+1","floor":46.0},{"not_picked":["Guardian:PrismaticBarrier","Guardian:PrimingBeam","Guardian:FuturePlans"],"picked":"Singing Bowl","floor":48.0},{"not_picked":["Guardian:Incinerate","Guardian:ShieldCharger+1","Guardian:RefractedBeam+1"],"picked":"Singing Bowl","floor":49.0},{"not_picked":["Guardian:EvasiveProtocol","Guardian:PrismaticBarrier"],"picked":"Guardian:Recover","floor":52}],"player_experience":626295,"relics_obtained":[{"floor":5.0,"key":"CeramicFish"},{"floor":6.0,"key":"Ancient Tea Set"},{"floor":8.0,"key":"PreservedInsect"},{"floor":9.0,"key":"downfall:CloakOfManyFaces"},{"floor":12.0,"key":"Gambling Chip"},{"floor":25.0,"key":"Bag of Preparation"},{"floor":27.0,"key":"Incense Burner"},{"floor":29.0,"key":"Akabeko"},{"floor":41.0,"key":"Orichalcum"},{"floor":43.0,"key":"Peace Pipe"},{"floor":44.0,"key":"MealTicket"},{"floor":46.0,"key":"Singing Bowl"},{"floor":52,"key":"Shuriken"}],"event_choices":[{"cards_removed":["Guardian:PrismaticBarrier"],"damage_healed":50.0,"max_hp_gain":0.0,"max_hp_loss":0.0,"gold_gain":0.0,"event_name":"Bonfire Elementals","player_choice":"Offered Uncommon","floor":14.0,"gold_loss":0.0,"damage_taken":0.0}],"is_beta":false,"boss_relics":[{"not_picked":["SacredBark","Busted Crown"],"picked":"Sozu"},{"not_picked":["bronze:MakeshiftBattery","Snecko Eye"],"picked":"SlaversCollar"}],"items_purged_floors":[31,37,53],"is_endless":false,"potions_floor_spawned":[3,5,10,12,20,27,29,30,33,36,39,46,48,52],"ascension_level":7}}