{"host":"1a1fa2nogmb21qcw","time":1612847866,"event":{"mods":["AchievementEnabler","BaseMod","Better Match","Better Note","Better Sensory Stone","Better Vampires","Block Reminder","Colored Map","Colored Powertips","Downfall","Infinite Spire","Key Reminder","Minty Spire (QoL Compilation)","Rare Cards Sparkle","Relic Stats","Remove Card Discount Mod","Replay The Spire","Shop Mod","StSLib","Swap Starting Deck Mod","The Disciple","The Necromancer","The Servant 0.9.4"],"gold_per_floor":[199,212,271,271,289,306,306,306,206,106,206,232,261,276,293,396,396,296,307,324,324,336,350,373,398,398,334,334,362,362,114,128,233,233,133,148,159,172,190,220,270,270,270,270,285,285,347,347,357,357,357,388,110,110,110,110],"floor_reached":57,"language":"ENG","playtime":6421,"items_purged":["bronze:Strike","bronze:Defend","downfall:Malfunctioning","bronze:Strike","bronze:Strike","bronze:Defend","bronze:Defend","Pain","bronze:Replicate","bronze:Strike+1","bronze:Defend+1","bronze:Goto","Languid","bronze:Repulsor+1"],"score":1222,"play_id":"4f16497e-09e3-4e46-b3ac-acc21beb033e","local_time":"20210209001746","is_ascension_mode":false,"campfire_choices":[{"floor":1.0,"key":"DIG"},{"floor":8.0,"key":"RECALL"},{"floor":9.0,"key":"REST"},{"data":"bronze:ItsAFeature","floor":18.0,"key":"SMITH"},{"data":"bronze:OilSpill","floor":28.0,"key":"SMITH"},{"data":"bronze:Repair","floor":35,"key":"SMITH"},{"data":"bronze:Mutator","floor":46,"key":"SMITH"},{"data":"expansioncontent:StudyTheSpire","floor":54,"key":"SMITH"}],"circlet_count":0,"master_deck":["bronze:Boost+1","bronze:ItsAFeature+1","bronze:OilSpill+1","bronze:ForLoop","bronze:Refactor","bronze:Repair+1","bronze:FindAndReplace","bronze:Mutator+1","bronze:DarkDash+1","bronze:ItsAFeature+1","bronze:ChildClass","bronze:BugBarrage+1","bronze:BronzeOrb+1","bronze:Flail+1","bronze:RecursiveStrike+1","bronze:ChosenStrike+1","bronze:InfiniteBeams","bronze:Optimize","expansioncontent:StudyTheSpire+1"],"relics":["bronze:BronzeCore","Oddly Smooth Stone","Bag of Marbles","WingedGreaves","downfall:HeartBlessingRed","Centennial Puzzle","Sozu","downfall:HeartBlessingBlue","Gremlin Horn","Pen Nib","MealTicket","Molten Egg 2","Happy Flower","ChewingGum","downfall:HeartBlessingGreen","ReplayTheSpireMod:TigerMarble","Blood Vial","Ring of Panic","Ring of Misfortune","infinitespire:Magic Flask","Runic Pyramid","Snack Pack","infinitespire:CheckeredPen","Replay:Kaleidoscope"],"acts_visited":["Exordium","TheCity","TheBeyond","TheEnding"],"potions_floor_usage":[40,55],"damage_taken":[{"damage":2.0,"enemies":"Small Slimes","floor":2.0,"turns":4.0},{"damage":21.0,"enemies":"3 Sentries","floor":3.0,"turns":10.0},{"damage":0.0,"enemies":"2 Louse","floor":5.0,"turns":3.0},{"damage":11.0,"enemies":"Jaw Worm","floor":6.0,"turns":3.0},{"damage":1.0,"enemies":"downfall:FleeingMerchant","floor":10.0,"turns":4.0},{"damage":2.0,"enemies":"Gremlin Nob","floor":13.0,"turns":4.0},{"damage":1.0,"enemies":"3 Louse","floor":14.0,"turns":3.0},{"damage":2.0,"enemies":"Large Slime","floor":15.0,"turns":5.0},{"damage":24.0,"enemies":"DF_ARCHETYPE_STREAMLINE","floor":16.0,"turns":5.0},{"damage":0.0,"enemies":"3 Byrds","floor":19.0,"turns":4.0},{"damage":0.0,"enemies":"Chosen","floor":20.0,"turns":3.0},{"damage":31.0,"enemies":"3 Cultists","floor":22.0,"turns":4.0},{"damage":12.0,"enemies":"Shelled Parasite and Fungi","floor":23.0,"turns":4.0},{"damage":33.0,"enemies":"Replay:Snechameleon","floor":25.0,"turns":6.0},{"damage":4.0,"enemies":"downfall:FleeingMerchant","floor":27.0,"turns":4.0},{"damage":28.0,"enemies":"Book of Stabbing","floor":29.0,"turns":10.0},{"damage":0.0,"enemies":"downfall:FleeingMerchant","floor":31.0,"turns":4.0},{"damage":5,"enemies":"Chosen and Byrds","floor":32,"turns":3},{"damage":13,"enemies":"IC_MUSHROOM_ARCHETYPE","floor":33,"turns":4},{"damage":0,"enemies":"3 Darklings","floor":36,"turns":3},{"damage":0,"enemies":"Orb Walker","floor":37,"turns":3},{"damage":4,"enemies":"Writhing Mass","floor":38,"turns":3},{"damage":13,"enemies":"Jaw Worm Horde","floor":39,"turns":2},{"damage":5,"enemies":"R_Hoarder","floor":40,"turns":5},{"damage":0,"enemies":"Maw","floor":45,"turns":1},{"damage":9,"enemies":"Transient","floor":49,"turns":5},{"damage":35,"enemies":"SI_POISON_ARCHETYPE","floor":50,"turns":4},{"damage":51,"enemies":"downfall:CharBossMerchant","floor":52,"turns":6},{"damage":16,"enemies":"downfall:NeowBoss","floor":55,"turns":10},{"damage":30,"enemies":"downfall:NeowBossFinal","floor":56,"turns":10}],"seed_played":"6696164707183386626","potions_obtained":[{"floor":3.0,"key":"Elixir"},{"floor":6.0,"key":"AttackPotion"},{"floor":14.0,"key":"bronze:BuildAFunctionPotion"},{"floor":15.0,"key":"SpeedPotion"},{"floor":16.0,"key":"FearPotion"}],"is_trial":false,"path_per_floor":["R_BF","M","?","?","M","M","T","R","R","$","?","T","E","M","M","B",null,"R","M","M","?","M","M","T","E","?","$","R","E","?","$","M","B",null,"R","M","M","M","M","E","T","?","?","AVR","M","R","?","T","M","B",null,"E","$","R","B","B",null],"character_chosen":"THE_AUTOMATON","items_purchased":["bronze:Repair","bronze:ChildClass","bronze:Flail+1","Happy Flower","bronze:Optimize","expansioncontent:StudyTheSpire"],"campfire_rested":1,"item_purchase_floors":[10,27,31,31,53,53],"current_hp_per_floor":[70,68,47,47,47,36,36,36,57,56,56,56,61,67,70,53,70,80,80,80,80,53,48,48,22,22,40,40,19,19,76,78,72,80,80,80,80,80,67,72,72,72,72,72,74,74,42,42,53,38,80,45,60,60,58,42],"gold":110,"neow_bonus":"HUNDRED_GOLD","is_daily":false,"chose_seed":false,"campfire_upgraded":5,"win_rate":0.0,"timestamp":1612847866,"path_taken":["R_BF","M","?","?","M","M","T","R","R","$","?","?","E","M","M","BOSS","R","M","M","?","M","M","T","E","?","$","R","E","?","$","M","BOSS","R","M","M","M","M","E","T","?","?","AVR","M","R","?","?","M","BOSS","E","$","R","BOSS","BOSS"],"items_purchased_type":["Card","Card","Card","Relic","Card","Card"],"build_version":"2020-12-22","purchased_purges":14,"victory":true,"max_hp_per_floor":[70,70,70,70,70,70,70,70,70,70,70,70,70,70,70,70,70,80,80,80,80,80,80,80,80,80,80,80,80,80,80,80,80,80,80,80,80,80,80,80,80,80,80,80,80,80,80,80,80,80,80,80,80,80,80,80],"relic_stats":{"Sozu":3,"Blood Vial":10,"Centennial Puzzle":[54],"Gremlin Horn":[12,12],"Happy Flower":[19],"counters":[30,139],"MealTicket":45,"Pen Nib":[16],"obtain_stats":[{"bronze:BronzeCore":0,"Gremlin Horn":21,"downfall:HeartBlessingGreen":35,"Sozu":17,"Blood Vial":41,"Centennial Puzzle":13,"downfall:HeartBlessingBlue":18,"MealTicket":25,"WingedGreaves":7,"Ring of Panic":42,"Runic Pyramid":44,"downfall:HeartBlessingRed":9,"Happy Flower":31,"Oddly Smooth Stone":1,"Pen Nib":24,"infinitespire:Magic Flask":44,"infinitespire:CheckeredPen":48,"Replay:Kaleidoscope":52,"keyreminder:keyreminder":8,"Ring of Misfortune":42,"Molten Egg 2":29,"ChewingGum":34,"Bag of Marbles":3,"ReplayTheSpireMod:TigerMarble":40,"Snack Pack":47},{"bronze:BronzeCore":0,"Gremlin Horn":11,"downfall:HeartBlessingGreen":19,"Sozu":9,"Blood Vial":24,"Centennial Puzzle":6,"downfall:HeartBlessingBlue":9,"MealTicket":14,"WingedGreaves":4,"Ring of Panic":24,"Runic Pyramid":24,"downfall:HeartBlessingRed":4,"Happy Flower":17,"Oddly Smooth Stone":0,"Pen Nib":13,"infinitespire:Magic Flask":24,"infinitespire:CheckeredPen":25,"Replay:Kaleidoscope":28,"keyreminder:keyreminder":4,"Ring of Misfortune":24,"Molten Egg 2":16,"ChewingGum":19,"Bag of Marbles":2,"ReplayTheSpireMod:TigerMarble":24,"Snack Pack":25},{"bronze:BronzeCore":0,"Gremlin Horn":48,"downfall:HeartBlessingGreen":87,"Sozu":41,"Blood Vial":103,"Centennial Puzzle":28,"downfall:HeartBlessingBlue":41,"MealTicket":62,"WingedGreaves":20,"Ring of Panic":103,"Runic Pyramid":103,"downfall:HeartBlessingRed":20,"Happy Flower":80,"Oddly Smooth Stone":0,"Pen Nib":56,"infinitespire:Magic Flask":103,"infinitespire:CheckeredPen":104,"Replay:Kaleidoscope":119,"keyreminder:keyreminder":20,"Ring of Misfortune":103,"Molten Egg 2":76,"ChewingGum":87,"Bag of Marbles":14,"ReplayTheSpireMod:TigerMarble":103,"Snack Pack":104}]},"card_choices":[{"not_picked":["bronze:Branch","bronze:Iterate"],"picked":"bronze:Boost","floor":2.0},{"not_picked":["bronze:Fortify","bronze:DelayedSlice"],"picked":"bronze:ItsAFeature","floor":3.0},{"not_picked":["bronze:FineTuning","bronze:BronzeOrb"],"picked":"bronze:OilSpill","floor":5.0},{"not_picked":["bronze:Overheat","bronze:Invalidate"],"picked":"bronze:ForLoop","floor":6.0},{"not_picked":["bronze:Branch","bronze:CutThrough"],"picked":"bronze:Refactor","floor":10.0},{"not_picked":["bronze:Safeguard","bronze:Iterate"],"picked":"bronze:FindAndReplace","floor":13.0},{"not_picked":["bronze:Shield","bronze:WhirlingStrike","bronze:Invalidate"],"picked":"SKIP","floor":14.0},{"not_picked":["bronze:Backtrace","bronze:WildBeam","bronze:Invalidate"],"picked":"SKIP","floor":15.0},{"not_picked":["bronze:Virus","bronze:Hardcode"],"picked":"bronze:Mutator","floor":16.0},{"not_picked":["bronze:GetLatest","bronze:Repair","bronze:OilSpill"],"picked":"SKIP","floor":19.0},{"not_picked":["bronze:Return","bronze:DelayedGuard","bronze:Boost+1"],"picked":"SKIP","floor":20.0},{"not_picked":["bronze:Fortify","bronze:GetLatest"],"picked":"bronze:DarkDash+1","floor":22.0},{"not_picked":["bronze:DelayedSlice+1","bronze:Iterate","bronze:Repair"],"picked":"SKIP","floor":23.0},{"not_picked":["bronze:MaxOutput","bronze:ForLoop","bronze:DelayedGuard"],"picked":"SKIP","floor":25.0},{"not_picked":["bronze:Safeguard","bronze:InfiniteLoop"],"picked":"bronze:Repulsor","floor":27.0},{"not_picked":["bronze:Safeguard+1","bronze:Invalidate+1"],"picked":"bronze:BugBarrage+1","floor":29.0},{"not_picked":["bronze:Branch+1","bronze:Philosophize"],"picked":"bronze:BronzeOrb+1","floor":31},{"not_picked":["bronze:CutThrough+1","bronze:Repulsor","bronze:BronzeOrb+1"],"picked":"SKIP","floor":32},{"not_picked":["bronze:Virus+1","bronze:Break+1"],"picked":"bronze:RecursiveStrike+1","floor":33},{"not_picked":["bronze:OilSpill+1","bronze:BitShift","bronze:Invalidate"],"picked":"SKIP","floor":36},{"not_picked":["bronze:Constructor","bronze:BuggyMess"],"picked":"bronze:ChosenStrike+1","floor":37},{"not_picked":["bronze:FineTuning+1","bronze:Fortify+1"],"picked":"bronze:InfiniteBeams","floor":38},{"not_picked":["bronze:OilSpill+1","bronze:WhirlingStrike+1","bronze:MaxOutput+1"],"picked":"SKIP","floor":39},{"not_picked":["bronze:BronzeOrb+1","bronze:Deprecate+1","bronze:Invalidate"],"picked":"SKIP","floor":40},{"not_picked":["bronze:Return+1","bronze:WildBeam+1","bronze:OilSpill+1"],"picked":"SKIP","floor":45},{"not_picked":["bronze:CloningBeam+1","bronze:WildBeam+1","bronze:WhirlingStrike+1"],"picked":"SKIP","floor":49},{"not_picked":["bronze:Shield","bronze:BronzeOrb+1","bronze:BronzeArmor"],"picked":"SKIP","floor":52}],"player_experience":849210,"relics_obtained":[{"floor":1.0,"key":"Oddly Smooth Stone"},{"floor":3.0,"key":"Bag of Marbles"},{"floor":7.0,"key":"WingedGreaves"},{"floor":13.0,"key":"Centennial Puzzle"},{"floor":24.0,"key":"Pen Nib"},{"floor":25.0,"key":"MealTicket"},{"floor":29.0,"key":"Molten Egg 2"},{"floor":40,"key":"ReplayTheSpireMod:TigerMarble"},{"floor":41,"key":"Blood Vial"},{"floor":42,"key":"Ring of Panic"},{"floor":42,"key":"Ring of Misfortune"},{"floor":47,"key":"Snack Pack"},{"floor":48,"key":"infinitespire:CheckeredPen"},{"floor":52,"key":"Replay:Kaleidoscope"}],"event_choices":[],"is_beta":false,"boss_relics":[{"not_picked":["Velvet Choker","infinitespire:Cupcake"],"picked":"Sozu"},{"not_picked":["Replay:Drink Me","Ring of Chaos"],"picked":"ChewingGum"}],"items_purged_floors":[10,10,10,10,10,10,10,27,27,27,27,27,44,53],"is_endless":false,"potions_floor_spawned":[3,6,14,15,16,20,22,29,38,40,45],"ascension_level":0}}