{"host":"9nzcajyrup44vdvf","time":1612898566,"event":{"mods":["2.2 Compatiblity","AchievementEnabler","AlwaysNeverKeys","BaseMod","Curses Come First","Downfall","Googly Eyes","Minty Spire (QoL Compilation)","Permanent Neow","Relic Stats","StSLib","SuperFastMode","everything is the same but u backflip on backflip","slay the spire mod where everything is the same but ironclad has a cowboy hat"],"gold_per_floor":[99,109,127,142,153,170,218,318,338,351,39,39,39,39,51,154,204,104,118,118,132,132,43,43,63,74,74,103,103,103,103,119,220,220,220,236,138,85,98,98,98,98,98,98,98,98],"floor_reached":44,"language":"ENG","playtime":3480,"items_purged":[],"score":523,"play_id":"45a08609-20ab-4f0f-addd-b90052dd9119","local_time":"20210209202246","is_ascension_mode":true,"campfire_choices":[{"data":"bronze:TinkerersToolbox","floor":1,"key":"SMITH"},{"data":"bronze:Goto","floor":12,"key":"SMITH"},{"data":"bronze:Optimize","floor":18,"key":"SMITH"},{"data":"bronze:MaxOutput","floor":30,"key":"SMITH"},{"floor":35,"key":"DIG"},{"floor":43,"key":"DIG"}],"circlet_count":0,"master_deck":["bronze:Strike+1","bronze:Strike","bronze:Strike","bronze:Defend","bronze:Defend","bronze:Defend","bronze:Defend","bronze:Replicate","bronze:Goto+1","bronze:TinkerersToolbox+1","bronze:Optimize+1","bronze:Iterate","bronze:OilSpill","bronze:Repair","bronze:Iterate","bronze:Safeguard","bronze:FineTuning","bronze:ClassDefault","bronze:DazingPulse+1","bronze:FineTuning","bronze:BronzeOrb","bronze:FindAndReplace","bronze:WildBeam","bronze:Branch","bronze:GetLatest","bronze:CutThrough","bronze:MaxOutput+1","bronze:ClassDefault","bronze:BronzeOrb","bronze:FindAndReplace","bronze:BuggyMess+1","bronze:FindAndReplace","CurseOfTheBell","bronze:BitShift+1","bronze:Assembly","Discovery","bronze:FineTuning+1","bronze:Optimize"],"relics":["bronze:BronzeCore","downfall:GremlinWheel","Meat on the Bone","Slimebound:PreparedRelic","Tiny House","downfall:HeartBlessingBlue","downfall:RedIOU","Ancient Tea Set","Torii","bronze:BronzeIdol","Calling Bell","Juzu Bracelet","InkBottle","Shovel","Peace Pipe","Molten Egg 2","Boot"],"acts_visited":["Exordium","TheCity","TheBeyond"],"potions_floor_usage":[28,33,33,42],"damage_taken":[{"damage":0,"enemies":"2 Louse","floor":2,"turns":2},{"damage":14,"enemies":"Cultist","floor":3,"turns":6},{"damage":2,"enemies":"Jaw Worm","floor":4,"turns":3},{"damage":2,"enemies":"Gremlin Gang","floor":5,"turns":5},{"damage":1,"enemies":"3 Louse","floor":6,"turns":4},{"damage":13,"enemies":"3 Louse","floor":8,"turns":4},{"damage":0,"enemies":"Exordium Wildlife","floor":9,"turns":4},{"damage":0,"enemies":"Large Slime","floor":10,"turns":4},{"damage":6,"enemies":"downfall:FleeingMerchant","floor":11,"turns":4},{"damage":0,"enemies":"downfall:FleeingMerchant","floor":14,"turns":2},{"damage":1,"enemies":"2 Fungi Beasts","floor":15,"turns":4},{"damage":19,"enemies":"WA_ARCHETYPE_RETAIN","floor":16,"turns":7},{"damage":0,"enemies":"Shell Parasite","floor":19,"turns":2},{"damage":7,"enemies":"3 Byrds","floor":21,"turns":4},{"damage":1,"enemies":"downfall:FleeingMerchant","floor":23,"turns":4},{"damage":17,"enemies":"Centurion and Healer","floor":25,"turns":7},{"damage":15,"enemies":"Snecko","floor":26,"turns":6},{"damage":27,"enemies":"Book of Stabbing","floor":28,"turns":5},{"damage":9,"enemies":"Shelled Parasite and Fungi","floor":32,"turns":4},{"damage":24,"enemies":"SI_MIRROR_ARCHETYPE","floor":33,"turns":8},{"damage":22,"enemies":"3 Darklings","floor":36,"turns":8},{"damage":4,"enemies":"downfall:FleeingMerchant","floor":37,"turns":4},{"damage":4,"enemies":"downfall:FleeingMerchant","floor":38,"turns":4},{"damage":45,"enemies":"3 Shapes","floor":39,"turns":7},{"damage":45,"enemies":"Nemesis","floor":42,"turns":8},{"damage":40,"enemies":"Writhing Mass","floor":44,"turns":4}],"seed_played":"-8862517307341425296","potions_obtained":[{"floor":2,"key":"bronze:FreeFunctionsPotion"},{"floor":4,"key":"FearPotion"},{"floor":5,"key":"SneckoOil"},{"floor":10,"key":"Regen Potion"},{"floor":14,"key":"PowerPotion"},{"floor":16,"key":"LiquidMemories"},{"floor":26,"key":"DuplicationPotion"},{"floor":32,"key":"SpeedPotion"},{"floor":33,"key":"BlessingOfTheForge"},{"floor":39,"key":"SmokeBomb"}],"is_trial":false,"path_per_floor":["R","M","M","M","M","M","T","?","M","M","$","R","?","?","M","B",null,"R","M","?","M","?","$","T","M","M","T","E","?","R","?","M","B",null,"R","M","$","$","M","?","T","E","R","M"],"character_chosen":"THE_AUTOMATON","items_purchased":["bronze:ClassDefault","Meat on the Bone","bronze:MaxOutput","Discovery","bronze:Optimize"],"campfire_rested":0,"item_purchase_floors":[11,11,23,37,38],"current_hp_per_floor":[70,70,56,54,52,51,51,38,48,55,59,59,59,59,65,56,82,92,92,92,85,85,92,92,82,74,74,54,54,54,46,57,55,92,92,70,73,76,53,53,53,27,27,0,0,0],"gold":98,"neow_bonus":"ONE_RANDOM_RARE_CARD","is_daily":false,"chose_seed":false,"campfire_upgraded":4,"win_rate":0.0,"timestamp":1612898566,"path_taken":["R","M","M","M","M","M","T","?","M","?","$","R","?","?","M","BOSS","R","M","?","?","?","$","T","M","M","?","E","?","R","?","M","BOSS","R","M","?","$","M","?","T","E","R","M"],"items_purchased_type":["Card","Relic","Card","Card","Card"],"build_version":"2020-12-22","purchased_purges":0,"victory":false,"max_hp_per_floor":[70,70,70,70,70,70,70,70,70,70,70,70,77,77,77,77,82,92,92,92,92,92,92,92,92,92,92,92,92,92,92,92,92,92,92,92,92,92,92,92,92,92,92,92,92,92],"relic_stats":{"Peace Pipe":0,"Shovel":2,"Torii":54,"counters":[26,124],"Juzu Bracelet":0,"Boot":[70],"obtain_stats":[{"bronze:BronzeCore":0,"Tiny House":17,"Torii":27,"Juzu Bracelet":34,"Ancient Tea Set":24,"Boot":43,"bronze:BronzeIdol":28,"Calling Bell":34,"Peace Pipe":35,"downfall:GremlinWheel":8,"Shovel":34,"downfall:HeartBlessingBlue":18,"Strawberry":13,"Molten Egg 2":41,"Slimebound:PreparedRelic":12,"downfall:RedIOU":22,"InkBottle":34,"Meat on the Bone":11},{"bronze:BronzeCore":0,"Tiny House":12,"Torii":17,"Juzu Bracelet":20,"Ancient Tea Set":15,"Boot":25,"bronze:BronzeIdol":18,"Calling Bell":20,"Peace Pipe":20,"downfall:GremlinWheel":6,"Shovel":20,"downfall:HeartBlessingBlue":12,"Strawberry":9,"Molten Egg 2":24,"Slimebound:PreparedRelic":9,"downfall:RedIOU":14,"InkBottle":20,"Meat on the Bone":9},{"bronze:BronzeCore":0,"Tiny House":49,"Torii":72,"Juzu Bracelet":89,"Ancient Tea Set":59,"Boot":120,"bronze:BronzeIdol":77,"Calling Bell":89,"Peace Pipe":89,"downfall:GremlinWheel":24,"Shovel":89,"downfall:HeartBlessingBlue":49,"Strawberry":36,"Molten Egg 2":112,"Slimebound:PreparedRelic":36,"downfall:RedIOU":55,"InkBottle":89,"Meat on the Bone":36}],"InkBottle":[20],"Meat on the Bone":48},"card_choices":[{"not_picked":["bronze:Repair","bronze:InfiniteBeams"],"picked":"bronze:Optimize","floor":2},{"not_picked":["bronze:Overheat","bronze:Constructor"],"picked":"bronze:NullPointer","floor":3},{"not_picked":["bronze:DelayedSlice","bronze:DelayedGuard"],"picked":"bronze:Iterate","floor":4},{"not_picked":["bronze:Frontload","bronze:Deprecate"],"picked":"bronze:OilSpill","floor":5},{"not_picked":["bronze:Frontload","bronze:Invalidate"],"picked":"bronze:Repair","floor":6},{"not_picked":["bronze:Optimize","bronze:Virus"],"picked":"bronze:Iterate","floor":9},{"not_picked":["bronze:Shield","bronze:Turbo"],"picked":"bronze:Safeguard","floor":10},{"not_picked":["bronze:Overheat","bronze:OilSpill"],"picked":"bronze:FineTuning","floor":11},{"not_picked":[],"picked":"bronze:DazingPulse","floor":14},{"not_picked":["bronze:OilSpill","bronze:Fortify"],"picked":"bronze:FineTuning","floor":14},{"not_picked":["bronze:InfiniteBeams","bronze:Overheat"],"picked":"bronze:BronzeOrb","floor":15},{"not_picked":["bronze:HyperBeam","bronze:Break"],"picked":"bronze:FindAndReplace","floor":16},{"not_picked":["bronze:ItsAFeature","bronze:DelayedSlice"],"picked":"bronze:WildBeam","floor":17},{"not_picked":["bronze:Overload","bronze:DelayedSlice+1"],"picked":"bronze:Branch","floor":19},{"not_picked":["bronze:FollowUp","bronze:Separator"],"picked":"bronze:GetLatest","floor":21},{"not_picked":["bronze:DelayedSlice","bronze:InfiniteBeams"],"picked":"bronze:CutThrough","floor":23},{"not_picked":["bronze:WildBeam","bronze:DarkDash","bronze:CloningBeam"],"picked":"SKIP","floor":25},{"not_picked":["bronze:Shield+1","bronze:Deprecate"],"picked":"bronze:ClassDefault","floor":26},{"not_picked":["bronze:BronzeArmor","bronze:DelayedSlice+1"],"picked":"bronze:BronzeOrb","floor":28},{"not_picked":["bronze:Overload+1","bronze:BugBarrage+1"],"picked":"bronze:BuggyMess+1","floor":32},{"not_picked":["bronze:HyperBeam","bronze:SpaghettiCode"],"picked":"bronze:FindAndReplace","floor":33},{"not_picked":["bronze:Fortify","bronze:BuggyMess+1"],"picked":"bronze:BitShift+1","floor":36},{"not_picked":["bronze:Constructor","bronze:Turbo+1"],"picked":"bronze:Assembly","floor":37},{"not_picked":["bronze:Philosophize+1","bronze:ChildClass"],"picked":"bronze:FineTuning+1","floor":38},{"not_picked":["bronze:BuggyMess+1","bronze:NullPointer+1","bronze:Separator"],"picked":"SKIP","floor":39}],"player_experience":463018,"relics_obtained":[{"floor":8,"key":"downfall:GremlinWheel"},{"floor":12,"key":"Slimebound:PreparedRelic"},{"floor":24,"key":"Ancient Tea Set"},{"floor":27,"key":"Torii"},{"floor":28,"key":"bronze:BronzeIdol"},{"floor":34,"key":"Juzu Bracelet"},{"floor":34,"key":"InkBottle"},{"floor":34,"key":"Shovel"},{"floor":35,"key":"Peace Pipe"},{"floor":41,"key":"Molten Egg 2"},{"floor":43,"key":"Boot"}],"event_choices":[{"damage_healed":0,"gold_gain":0,"player_choice":"Relic","damage_taken":0,"max_hp_gain":0,"max_hp_loss":0,"event_name":"Wheel of Change","floor":12,"gold_loss":0},{"damage_healed":0,"gold_gain":0,"player_choice":"Success","damage_taken":7,"relics_obtained":["Strawberry"],"max_hp_gain":0,"max_hp_loss":0,"event_name":"Scrap Ooze","floor":13,"gold_loss":0},{"cards_removed":["bronze:Strike"],"damage_healed":0,"gold_gain":0,"player_choice":"Offered Basic","damage_taken":0,"max_hp_gain":0,"max_hp_loss":0,"event_name":"Bonfire Elementals","floor":20,"gold_loss":0},{"damage_healed":0,"gold_gain":0,"player_choice":"Read","damage_taken":0,"max_hp_gain":0,"max_hp_loss":0,"event_name":"The Library","floor":29,"gold_loss":0,"cards_obtained":["bronze:FindAndReplace"]},{"damage_healed":0,"gold_gain":0,"player_choice":"Ignored","damage_taken":0,"max_hp_gain":0,"max_hp_loss":0,"event_name":"Mysterious Sphere","floor":40,"gold_loss":0}],"is_beta":false,"boss_relics":[{"not_picked":["Snecko Eye","Busted Crown"],"picked":"Tiny House"},{"not_picked":["SlaversCollar","Coffee Dripper"],"picked":"Calling Bell"}],"items_purged_floors":[],"is_endless":false,"potions_floor_spawned":[2,4,5,10,14,16,26,32,33,39,42],"killed_by":"Writhing Mass","ascension_level":1}}