{"host":"sav7uxregyirlf69","time":1612838235,"event":{"mods":["AchievementEnabler","BaseMod","Colored Map","DeckTracker","Keyboard Shortcuts","Minty Spire (QoL Compilation)","READ ME - Guardian Mod","StSLib","SuperFastMode"],"gold_per_floor":[111,123,139,139,155,155,155,155,155,5,22,22,22,41,41,120,120,134,92,92,103,113,113,140,152,152,168,168,179,179,179],"floor_reached":30,"language":"KOR","playtime":520,"items_purged":["Defend_G"],"score":513,"play_id":"894a9bc4-cf16-41cc-b862-58470dd895e7","local_time":"20210209113715","is_ascension_mode":true,"campfire_choices":[{"floor":6,"key":"REST"},{"data":"Neutralize","floor":8,"key":"SMITH"},{"data":"Noxious Fumes","floor":12,"key":"SMITH"},{"floor":15,"key":"REST"},{"data":"Glass Knife","floor":23,"key":"SMITH"}],"circlet_count":0,"master_deck":["AscendersBane","Strike_G","Strike_G","Strike_G","Strike_G","Defend_G+1","Defend_G","Defend_G","Defend_G","Survivor","Neutralize+1","Poisoned Stab+1","Backstab","Backflip","Deflect","Noxious Fumes+1","Blade Dance","Caltrops","Glass Knife+1","Tactician","Well Laid Plans","Shame"],"relics":["Ring of the Snake","Mercury Hourglass","Mummified Hand","Cursed Key","Singing Bowl"],"acts_visited":["Exordium","TheCity"],"potions_floor_usage":[16,24,30,30],"damage_taken":[{"damage":2,"enemies":"2 Louse","floor":1,"turns":3},{"damage":1,"enemies":"Small Slimes","floor":2,"turns":4},{"damage":1,"enemies":"Cultist","floor":3,"turns":3},{"damage":0,"enemies":"2 Fungi Beasts","floor":5,"turns":2},{"damage":0,"enemies":"Gremlin Gang","floor":11,"turns":4},{"damage":0,"enemies":"3 Louse","floor":14,"turns":2},{"damage":34,"enemies":"Slime Boss","floor":16,"turns":7},{"damage":9,"enemies":"2 Thieves","floor":18,"turns":4},{"damage":0,"enemies":"3 Byrds","floor":21,"turns":3},{"damage":14,"enemies":"Shelled Parasite and Fungi","floor":22,"turns":4},{"damage":13,"enemies":"Slavers","floor":24,"turns":5},{"damage":5,"enemies":"Snecko","floor":25,"turns":5},{"damage":4,"enemies":"Centurion and Healer","floor":27,"turns":5},{"damage":43,"enemies":"Shelled Parasite and Fungi","floor":29,"turns":5},{"damage":57,"enemies":"Chosen and Byrds","floor":30,"turns":5}],"seed_played":"-8423305524441682769","potions_obtained":[{"floor":3,"key":"Weak Potion"},{"floor":11,"key":"ColorlessPotion"},{"floor":18,"key":"DistilledChaos"},{"floor":24,"key":"PowerPotion"}],"is_trial":false,"path_per_floor":["M","M","M","?","M","R","?","R","T","$","M","R","?","M","R","B",null,"M","$","?","M","M","R","E","M","T","M","?","M","M"],"character_chosen":"THE_SILENT","items_purchased":["Noxious Fumes","Caltrops"],"campfire_rested":2,"item_purchase_floors":[10,19],"current_hp_per_floor":[63,62,61,16,16,37,37,37,37,37,37,37,15,15,36,2,55,46,46,46,46,32,32,19,16,16,14,86,45,0,0],"gold":179,"neow_bonus":"TEN_PERCENT_HP_BONUS","is_daily":false,"chose_seed":false,"campfire_upgraded":3,"win_rate":0.0,"timestamp":1612838235,"path_taken":["M","M","M","?","M","R","?","R","T","$","M","R","?","M","R","BOSS","M","$","?","M","?","R","E","M","T","M","?","?","M"],"items_purchased_type":["Card","Card"],"build_version":"2020-12-22","purchased_purges":1,"victory":false,"max_hp_per_floor":[72,72,72,72,72,72,72,72,72,72,72,72,72,72,72,72,72,72,72,72,72,72,72,72,74,74,76,86,88,88,88],"card_choices":[{"not_picked":["Prepared","PiercingWail"],"picked":"Poisoned Stab","floor":1},{"not_picked":["Bane","Outmaneuver"],"picked":"Backstab","floor":2},{"not_picked":["Expertise","Cloak And Dagger","Acrobatics"],"picked":"SKIP","floor":3},{"not_picked":["PiercingWail","Calculated Gamble"],"picked":"Backflip","floor":5},{"not_picked":["Bouncing Flask","Choke"],"picked":"Blade Dance","floor":11},{"not_picked":["Venomology","Bane","Backflip"],"picked":"SKIP","floor":14},{"not_picked":["Glass Knife","Malaise"],"picked":"Adrenaline","floor":16},{"not_picked":["Dodge and Roll","Crippling Poison","Quick Slash"],"picked":"SKIP","floor":18},{"not_picked":["Quick Slash","Dagger Throw","Acrobatics"],"picked":"SKIP","floor":21},{"not_picked":["Poisoned Stab+1","PiercingWail"],"picked":"Tactician","floor":22},{"not_picked":["Crippling Poison","Dodge and Roll"],"picked":"Well Laid Plans","floor":24},{"not_picked":["Dagger Spray","Cloak And Dagger","Bouncing Flask"],"picked":"Singing Bowl","floor":25},{"not_picked":["Outmaneuver","Bouncing Flask","Dagger Spray"],"picked":"Singing Bowl","floor":27},{"not_picked":["Predator","Slice","Flying Knee+1"],"picked":"Singing Bowl","floor":29}],"player_experience":1531182,"relics_obtained":[{"floor":9,"key":"Mummified Hand"},{"floor":24,"key":"Singing Bowl"}],"event_choices":[{"damage_healed":0,"gold_gain":0,"player_choice":"Success","damage_taken":45,"relics_obtained":["Mercury Hourglass"],"max_hp_gain":0,"max_hp_loss":0,"event_name":"Scrap Ooze","floor":4,"gold_loss":0},{"damage_healed":0,"gold_gain":0,"cards_transformed":["Strike_G"],"player_choice":"Change","damage_taken":0,"max_hp_gain":0,"max_hp_loss":0,"event_name":"Living Wall","floor":7,"gold_loss":0,"cards_obtained":["Deflect"]},{"damage_healed":0,"gold_gain":0,"player_choice":"Entered Light","damage_taken":22,"max_hp_gain":0,"max_hp_loss":0,"event_name":"Shining Light","floor":13,"gold_loss":0,"cards_upgraded":["Defend_G","Poisoned Stab"]},{"damage_healed":0,"gold_gain":0,"player_choice":"1 cards matched","damage_taken":0,"max_hp_gain":0,"max_hp_loss":0,"event_name":"Match and Keep!","floor":20,"gold_loss":0,"cards_obtained":["Glass Knife"]},{"cards_removed":["Adrenaline"],"damage_healed":62,"gold_gain":0,"player_choice":"Offered Rare","damage_taken":0,"max_hp_gain":10,"max_hp_loss":0,"event_name":"Bonfire Elementals","floor":28,"gold_loss":0}],"is_beta":false,"boss_relics":[{"not_picked":["Ectoplasm","Ring of the Serpent"],"picked":"Cursed Key"}],"items_purged_floors":[10],"is_endless":false,"potions_floor_spawned":[3,11,18,24,25,29],"killed_by":"Chosen and Byrds","ascension_level":20}}