{"host":"k7m72kgq8xdir5ne","time":1612847723,"event":{"mods":["ATMod(阿瑾Mod)","AchievementEnabler","Act Like it!","BaseMod","Friendly Minions","Gensokyo","LagranYue(拉格朗・月)","Minty Spire (QoL Compilation)","Quick Restart","RumiaBox-露米娅的神秘盒子","Shop Mod","Spicy Shops","StSLib","SuperFastMode","TestMod","Yakumo Yukari mod","【功能Mod】Neow奖励","【功能Mod】混沌之环修复补丁","篝火指南"],"gold_per_floor":[412,427,602,602,162,162,176,206,232,232,1231,1242,1242,1268,820,916,916,946,946,946,961,978,727,737,764,787,51,69,102,102,118,118,223,223,224,224,224,273,284,313,329,348,348,363,213,213,213,213,38,38,38,38,38,73,73],"floor_reached":56,"language":"ZHS","playtime":1624,"items_purged":["Regret","InnerPeace","PathToVictory","Worship+1","Evaluate+1"],"score":1872,"play_id":"8ecaaae0-7d52-475a-bba6-b2c7fe2b2ac2","local_time":"20210209131523","is_ascension_mode":true,"campfire_choices":[{"floor":6,"key":"RECALL"},{"data":"AT_MachinaRedman","floor":10,"key":"SMITH"},{"floor":32,"key":"REST"},{"floor":47,"key":"REST"},{"data":"Devotion","floor":52,"key":"SMITH"}],"circlet_count":0,"master_deck":["Vigilance+1","AT_DivineConfetti+1","Evaluate+1","BowlingBash+1","AT_MachinaRedman+1","Worship+1","AT_RealColorLess+1","Prostrate+1","Perseverance+1","testmod-TradeIn+1","MentalFortress+1","Scrawl+1","AT_MachinaRedman+1","ForeignInfluence+1","Wallop+1","Devotion+1","AT_ChampionStep+1","Crescendo"],"relics":["testmod-TestBox","LagranYue:RandomDrawCardRelic","testmod-Prudence","AddBug","SecretRecord","SecretRecord","SecretRecord","SecretRecord","Baka2","SecretRecord","SecretRecord","SecretRecord"],"acts_visited":["Exordium","TheCity","TheBeyond","TheEnding"],"potions_floor_usage":[8,44],"damage_taken":[{"damage":5,"enemies":"Cultist","floor":1,"turns":4},{"damage":10,"enemies":"Jaw Worm","floor":2,"turns":4},{"damage":7,"enemies":"2 Louse","floor":7,"turns":4},{"damage":32,"enemies":"3 Sentries","floor":8,"turns":7},{"damage":0,"enemies":"Blue Slaver","floor":12,"turns":2},{"damage":32,"enemies":"Lagavulin","floor":14,"turns":4},{"damage":30,"enemies":"Hexaghost","floor":16,"turns":3},{"damage":19,"enemies":"Shell Parasite","floor":18,"turns":4},{"damage":0,"enemies":"Spheric Guardian","floor":21,"turns":2},{"damage":13,"enemies":"Centurion and Healer","floor":22,"turns":3},{"damage":14,"enemies":"Chosen and Byrds","floor":24,"turns":3},{"damage":0,"enemies":"Book of Stabbing","floor":25,"turns":1},{"damage":0,"enemies":"Snecko","floor":28,"turns":2},{"damage":18,"enemies":"Slavers","floor":29,"turns":3},{"damage":0,"enemies":"Snake Plant","floor":31,"turns":1},{"damage":8,"enemies":"Collector","floor":33,"turns":3},{"damage":0,"enemies":"Orb Walker","floor":35,"turns":1},{"damage":79,"enemies":"Orb Walker","floor":36,"turns":6},{"damage":45,"enemies":"2 Orb Walkers","floor":38,"turns":3},{"damage":0,"enemies":"3 Darklings","floor":39,"turns":1},{"damage":17,"enemies":"Reptomancer","floor":40,"turns":2},{"damage":0,"enemies":"Sphere and 2 Shapes","floor":41,"turns":1},{"damage":17,"enemies":"Transient","floor":42,"turns":2},{"damage":18,"enemies":"3 Darklings","floor":44,"turns":2},{"damage":0,"enemies":"Nemesis","floor":48,"turns":1},{"damage":30,"enemies":"Donu and Deca","floor":50,"turns":4},{"damage":8,"enemies":"Shield and Spear","floor":54,"turns":2},{"damage":9,"enemies":"The Heart","floor":55,"turns":2}],"seed_played":"8182498018951786127","potions_obtained":[{"floor":1,"key":"PowerPotion"},{"floor":2,"key":"AttackPotion"},{"floor":12,"key":"BlessingOfTheForge"},{"floor":14,"key":"BottledMiracle"},{"floor":21,"key":"Fire Potion"},{"floor":22,"key":"SteroidPotion"},{"floor":29,"key":"testmod-TestPotion"},{"floor":31,"key":"BottledMiracle"},{"floor":42,"key":"testmod-SpacePotion"}],"is_trial":false,"path_per_floor":["M","M","?","?","$","R","M","E","T","R","?","M","?","E","R","B",null,"M","?","?","M","M","R","M","E","T","$","M","E","?","M","R","B",null,"M","?","?","?","M","E","M","M","T","M","R","?","R","E","R","B",null,"R","$","E","B",null],"character_chosen":"WATCHER","items_purchased":["Torii","Panache","BowlingBash","InnerPeace","Evaluate","MawBank","Lee\u0027s Waffle","Strange Spoon","Art of War","testmod-Muramasa","testmod-TradeIn"],"campfire_rested":2,"item_purchase_floors":[5,5,5,5,5,15,15,15,23,27,27],"current_hp_per_floor":[134,124,124,124,124,124,117,85,85,85,85,85,85,53,53,23,144,125,109,109,109,96,96,82,82,82,82,87,69,38,38,82,79,148,148,148,148,103,103,89,89,72,72,54,54,54,98,98,98,68,148,148,148,140,131],"gold":73,"neow_bonus":"BOSS_RELIC","is_daily":false,"chose_seed":false,"campfire_upgraded":2,"win_rate":0.0,"timestamp":1612847723,"path_taken":["M","?","?","?","?","R","M","E","T","R","?","M","?","E","R","BOSS","M","?","?","M","M","R","M","E","T","$","?","E","?","M","R","BOSS","M","?","?","?","M","E","M","?","T","M","R","?","R","E","R","BOSS","R","$","E","BOSS"],"items_purchased_type":["Relic","Card","Card","Card","Card","Relic","Relic","Relic","Relic","Relic","Card"],"build_version":"2020-12-22","purchased_purges":5,"victory":true,"max_hp_per_floor":[144,144,144,144,144,144,144,144,144,144,144,144,144,144,144,144,144,144,144,144,144,144,144,144,144,144,144,144,144,149,149,149,148,148,148,148,148,148,148,148,148,148,148,148,148,148,148,148,148,148,148,148,148,148,148],"card_choices":[{"not_picked":["Collect","Wireheading"],"picked":"Worship","floor":1},{"not_picked":["Conclude","Indignation"],"picked":"Evaluate","floor":2},{"not_picked":["FollowUp","CrushJoints","PathToVictory"],"picked":"SKIP","floor":7},{"not_picked":["FollowUp","CrushJoints"],"picked":"PathToVictory","floor":7},{"not_picked":["Prostrate","WaveOfTheHand"],"picked":"AT_MachinaRedman","floor":8},{"not_picked":["Halt","CrushJoints"],"picked":"Worship","floor":12},{"not_picked":["ThirdEye","DeceiveReality"],"picked":"AT_OneInchPunch","floor":14},{"not_picked":["DeusExMachina","Wish"],"picked":"AT_RealColorLess","floor":16},{"not_picked":["CrushJoints","Evaluate","EmptyFist+1"],"picked":"SKIP","floor":18},{"not_picked":["CutThroughFate","ThirdEye"],"picked":"Prostrate","floor":21},{"not_picked":["EmptyFist","ThirdEye","CrushJoints"],"picked":"SKIP","floor":22},{"not_picked":["Alpha","WheelKick"],"picked":"Perseverance","floor":24},{"not_picked":["Swivel","CrushJoints","Halt"],"picked":"SKIP","floor":25},{"not_picked":["FlurryOfBlows","JustLucky+1"],"picked":"MentalFortress","floor":28},{"not_picked":["AT_IrregularMenstruation","Worship"],"picked":"Scrawl","floor":29},{"not_picked":["FlurryOfBlows+1","Conclude","EmptyMind"],"picked":"SKIP","floor":31},{"not_picked":["Judgement","DevaForm"],"picked":"AT_MachinaRedman","floor":33},{"not_picked":["ThirdEye","CutThroughFate+1","EmptyBody+1"],"picked":"SKIP","floor":35},{"not_picked":["ThirdEye+1","Protect"],"picked":"ForeignInfluence+1","floor":38},{"not_picked":["Adaptation","FlyingSleeves","CrushJoints+1"],"picked":"SKIP","floor":39},{"not_picked":["DeceiveReality+1","WindmillStrike","Wallop+1"],"picked":"SKIP","floor":40},{"not_picked":["DeceiveReality+1","WindmillStrike"],"picked":"Wallop+1","floor":40},{"not_picked":["Protect+1","FlyingSleeves","BattleHymn+1"],"picked":"SKIP","floor":41},{"not_picked":["FlurryOfBlows","BowlingBash"],"picked":"Devotion","floor":42},{"not_picked":["ThirdEye","PathToVictory","Wireheading"],"picked":"SKIP","floor":44},{"not_picked":["ClearTheMind+1","Consecrate","AT_ChampionStep+1"],"picked":"SKIP","floor":48},{"not_picked":["ClearTheMind+1","Consecrate"],"picked":"AT_ChampionStep+1","floor":48},{"not_picked":["Pray","ClearTheMind","CrushJoints"],"picked":"SKIP","floor":54}],"player_experience":72422,"relics_obtained":[{"floor":1,"key":"AddBug"},{"floor":1,"key":"Baka"},{"floor":8,"key":"AT_SpeedBoots"},{"floor":9,"key":"Strawberry"},{"floor":12,"key":"SecretRecord"},{"floor":14,"key":"Centennial Puzzle"},{"floor":16,"key":"SecretRecord"},{"floor":19,"key":"Necronomicon"},{"floor":22,"key":"SecretRecord"},{"floor":22,"key":"Strawberry"},{"floor":25,"key":"Baka2"},{"floor":25,"key":"Orichalcum"},{"floor":29,"key":"SecretRecord"},{"floor":29,"key":"Smiling Mask"},{"floor":38,"key":"testmod-Brilliant"},{"floor":40,"key":"SecretRecord"},{"floor":40,"key":"SSSystem"},{"floor":43,"key":"FossilizedHelix"},{"floor":44,"key":"SecretRecord"},{"floor":48,"key":"GodSword4"},{"floor":54,"key":"AT_TheCollector"}],"event_choices":[{"damage_healed":0,"gold_gain":175,"player_choice":"AGREE","damage_taken":0,"max_hp_gain":0,"max_hp_loss":0,"event_name":"Liars Game","floor":3,"gold_loss":0,"cards_obtained":["Doubt"]},{"damage_healed":0,"gold_gain":0,"player_choice":"Ignored","damage_taken":0,"max_hp_gain":0,"max_hp_loss":0,"event_name":"Golden Wing","floor":4,"gold_loss":0},{"damage_healed":0,"gold_gain":999,"player_choice":"Sell","damage_taken":0,"max_hp_gain":0,"max_hp_loss":0,"event_name":"恩洛斯的盘子","floor":11,"relics_lost":["testmod-KeyOfTheVoid"],"gold_loss":0},{"damage_healed":0,"gold_gain":0,"player_choice":"Box","damage_taken":0,"relics_obtained":["AT_BellowingDragoncrestRing"],"max_hp_gain":0,"max_hp_loss":0,"event_name":"Big Fish","floor":13,"gold_loss":0,"cards_obtained":["Regret"]},{"damage_healed":0,"gold_gain":0,"player_choice":"Obtained Book","damage_taken":16,"max_hp_gain":0,"max_hp_loss":0,"event_name":"Cursed Tome","floor":19,"gold_loss":0},{"damage_healed":0,"gold_gain":0,"player_choice":"Gave Potion","damage_taken":0,"relics_obtained":["AT_DeathDance"],"max_hp_gain":0,"max_hp_loss":0,"event_name":"WeMeetAgain","floor":20,"gold_loss":0},{"damage_healed":0,"gold_gain":0,"player_choice":"Shed Blood","damage_taken":36,"max_hp_gain":5,"max_hp_loss":0,"event_name":"Forgotten Altar","floor":30,"gold_loss":0},{"cards_removed":["AT_OneInchPunch"],"damage_healed":0,"gold_gain":0,"player_choice":"Removed Attack","damage_taken":0,"max_hp_gain":0,"max_hp_loss":0,"event_name":"Falling","floor":37,"gold_loss":0},{"damage_healed":0,"gold_gain":0,"player_choice":"Fight","damage_taken":0,"max_hp_gain":0,"max_hp_loss":0,"event_name":"Mysterious Sphere","floor":38,"gold_loss":0},{"damage_healed":0,"gold_gain":0,"player_choice":"Swap Relic","damage_taken":0,"relics_obtained":["Velvet Choker"],"max_hp_gain":0,"max_hp_loss":0,"event_name":"给自己的盒子","floor":46,"relics_lost":["AT_ATBox"],"gold_loss":0}],"is_beta":false,"boss_relics":[{"not_picked":["testmod-DreamHouse","Runic Dome"],"picked":"LagranYue:SoulBurningRelic"},{"not_picked":["Busted Crown","EasyGame_NEW"],"picked":"testmod-TimeTraveler"}],"items_purged_floors":[15,23,27,45,49],"is_endless":false,"potions_floor_spawned":[1,2,12,14,21,22,29,31,35,38,41,42],"ascension_level":3}}