{"host":"h1l2j95f0ioyx0nx","time":1612882380,"event":{"mods":["100% Spire Juice","AchievementEnabler","Act Like it!","Arknights","Ascension Reborn","BaseMod","BetterRewards","Gold Saver","GungeonMod","Hermit","Minty Spire (QoL Compilation)","Permanent Neow","Quick Restart","Shop Mod","Spicy Shops","StSLib","The Bug Knight","The Cursed","The Dragon Tamer","The Gatherer","The Hierophant","The Jungle","The Poker Player","The Runesmith"],"gold_per_floor":[1123,440,530,546,565,595,595,805,805,828,67,67,89,123,123,241,241,257,270,54,76,196,196,227,227,227,227,250,270,290,302,314,314,314,314,414,414,430,450,461,461,461,461,491,509,535,585,585,596,596,614,614,614,614,614,7,40,40],"floor_reached":59,"language":"KOR","playtime":7398,"items_purged":["Doubt"],"score":1268,"play_id":"1d754c1d-1e05-4f65-801d-38a263dd6690","local_time":"20210209235300","is_ascension_mode":true,"campfire_choices":[{"floor":7.0,"key":"RECALL"},{"data":"Moonworks:EvilSpyWorkPreparation","floor":12.0,"key":"SMITH"},{"data":"Moonworks:MeltingMemories","floor":15.0,"key":"SMITH"},{"data":"1","floor":23.0,"key":"LIFT"},{"data":"Moonworks:AnotherUltimateWeapon","floor":27.0,"key":"SMITH"},{"data":"2","floor":33.0,"key":"LIFT"},{"data":"3","floor":43,"key":"LIFT"},{"floor":48,"key":"DIG"},{"floor":52,"key":"DIG"},{"floor":55,"key":"DIG"}],"circlet_count":0,"master_deck":["Moonworks:Strike+1","Moonworks:Strike+1","Moonworks:Strike+1","Moonworks:Strike+1","Moonworks:Defend+1","Moonworks:Defend+1","Moonworks:Defend+1","Moonworks:Defend+1","Moonworks:Ambush+1","Moonworks:LongDistanceShot+1","Moonworks:LulusLuckyEgg","Moonworks:EvilMastermind","Moonworks:EvilSpyWorkPreparation+1","Moonworks:NicePresent+1","Moonworks:RagingMadness","Moonworks:CookingTime","Moonworks:RagingMadness","Moonworks:SealedMemories","Moonworks:MeltingMemories+1","Moonworks:AnotherUltimateWeapon+1","Moonworks:Poppoformation+1","Moonworks:ExtendedPhotonRifle","Moonworks:ShieldCounter","Moonworks:ImOnFire","Moonworks:MiracleRedBeanIceCream","DemoMod:Elimentaler","Moonworks:Encore","Shame","Moonworks:Heat300Percent+1","Moonworks:LuckyCharm+1","Moonworks:EvilSpyWorkPreparation+1","Moonworks:MeltingMemories","Madness","Madness","Moonworks:ExtendedPhotonRifle+1","Parasite","Moonworks:BigMagnum+1","Apotheosis","Madness","Moonworks:UnpaidWork","Moonworks:x16BigRocket","Moonworks:MiracleWalker+1"],"relics":["Moonworks:BrokenBomb","Moonworks:Homemark","Anchor","Potion Belt","MerchantsRug","OrangePellets","Boot","Runesmith:Nanobots","CaptainsWheel","Bag of Marbles","Matryoshka","DemoMod:PinkGuonStone","Oddly Smooth Stone","Darkstone Periapt","TheAbacus","HandDrill","StoneCalendar","Odd Mushroom","Girya","Cursed Key","War Paint","Singing Bowl","Letter Opener","DemoMod:RatBoots","DemoMod:ResourcefulSack","DemoMod:PartiallyEatenCheese","Runesmith:UraniumAnvil","Fusion Hammer","DemoMod:ClearGuonStone","Shovel","Runesmith:AutoHammer","Turnip","Eternal Feather","DemoMod:MonsterBlood","DemoMod:DecoyRelic","Gremlin Horn","Chemical X","Mummified Hand","Toolbox","DemoMod:WeirdEgg"],"acts_visited":["Exordium","Exordium","theJungle:Jungle","TheBeyond","TheEnding"],"potions_floor_usage":[47],"damage_taken":[{"damage":0.0,"enemies":"Small Slimes","floor":1.0,"turns":1.0},{"damage":0.0,"enemies":"ats:Genji","floor":4.0,"turns":2.0},{"damage":0.0,"enemies":"2 Louse","floor":5.0,"turns":1.0},{"damage":0.0,"enemies":"3 Sentries","floor":6.0,"turns":4.0},{"damage":0.0,"enemies":"2 Fungi Beasts","floor":10.0,"turns":1.0},{"damage":0.0,"enemies":"3 Louse","floor":13.0,"turns":1.0},{"damage":0.0,"enemies":"The Mushroom Lair","floor":14.0,"turns":2.0},{"damage":39.0,"enemies":"Hexaghost","floor":16.0,"turns":4.0},{"damage":0.0,"enemies":"theJungle:5_Spyders","floor":18.0,"turns":3.0},{"damage":0.0,"enemies":"Shell Parasite","floor":19.0,"turns":2.0},{"damage":2.0,"enemies":"theJungle:Snecko_Cultist_And_Trap","floor":21.0,"turns":3.0},{"damage":0.0,"enemies":"theJungle:Cassacara","floor":24.0,"turns":2.0},{"damage":0.0,"enemies":"DemoMod:Veteran_shot_gun_kin_and_bullet_kin","floor":28.0,"turns":1.0},{"damage":0.0,"enemies":"DemoMod:4_Bullet_Kins","floor":29.0,"turns":3.0},{"damage":0.0,"enemies":"DemoMod:Red_and_blue_shotgun_kin_with_gunsinger","floor":30.0,"turns":1.0},{"damage":0.0,"enemies":"DemoMod:Veteran_shot_gun_kin_and_blue_shotgun_kin","floor":31.0,"turns":1.0},{"damage":0.0,"enemies":"DemoMod:Veteran_shot_gun_kin_and_blue_shotgun_kin_with_gunsinger","floor":32.0,"turns":3.0},{"damage":0,"enemies":"DemoMod:ResourcefulRat","floor":36,"turns":10},{"damage":0,"enemies":"Orb Walker","floor":38,"turns":2},{"damage":0,"enemies":"3 Darklings","floor":39,"turns":4},{"damage":0,"enemies":"Transient","floor":40,"turns":4},{"damage":0,"enemies":"HollowMod:StalkingDevout","floor":44,"turns":5},{"damage":15,"enemies":"Writhing Mass","floor":45,"turns":4},{"damage":2,"enemies":"Mind Bloom Boss Battle","floor":47,"turns":3},{"damage":0,"enemies":"Sphere and 2 Shapes","floor":49,"turns":3},{"damage":0,"enemies":"3 Darklings","floor":51,"turns":1},{"damage":13,"enemies":"Awakened One","floor":53,"turns":7},{"damage":0,"enemies":"Shield and Spear","floor":57,"turns":4},{"damage":1,"enemies":"The Heart","floor":58,"turns":3}],"seed_played":"-1134658264821260650","potions_obtained":[{"floor":1.0,"key":"SteroidPotion"},{"floor":4.0,"key":"AttackPotion"},{"floor":5.0,"key":"LiquidBronze"},{"floor":6.0,"key":"BlessingOfTheForge"},{"floor":10.0,"key":"ColorlessPotion"},{"floor":10.0,"key":"LiquidMemories"},{"floor":13.0,"key":"AttackPotion"},{"floor":13.0,"key":"Block Potion"},{"floor":14.0,"key":"AttackPotion"},{"floor":16.0,"key":"Strength Potion"},{"floor":18.0,"key":"DuplicationPotion"},{"floor":21.0,"key":"FearPotion"},{"floor":24.0,"key":"GamblersBrew"},{"floor":24.0,"key":"Weak Potion"},{"floor":28.0,"key":"ColorlessPotion"},{"floor":31.0,"key":"Strength Potion"},{"floor":32.0,"key":"DemoMod:LeadSkinPotion"},{"floor":40,"key":"LiquidMemories"},{"floor":49,"key":"AttackPotion"}],"is_trial":false,"path_per_floor":["M","$","?","M","M","E","R","?","T","M","$","R","M","?","R","B",null,"M","M","$","M","?","R","E","?","T","R","M","M","M","M","M","R","B","B","B",null,"M","M","M","?","?","R","E","M","T","?","R","M","?","M","R","B",null,"R","$","E","B",null],"character_chosen":"THE_STARBREAKER","items_purchased":["Potion Belt","MerchantsRug","DemoMod:GnawedKey","OrangePellets","Boot","Moonworks:EvilMastermind","DemoMod:PinkGuonStone","Oddly Smooth Stone","Darkstone Periapt","TheAbacus","HandDrill","Moonworks:RagingMadness","StoneCalendar","War Paint","Singing Bowl","Gremlin Horn","Chemical X","Mummified Hand","Toolbox","Moonworks:x16BigRocket"],"campfire_rested":0,"item_purchase_floors":[2,2,2,2,2,2,11,11,11,11,11,11,11,20,20,56,56,56,56,56],"current_hp_per_floor":[65,65,54,54,54,54,54,54,54,54,64,64,64,64,64,40,77,77,77,77,78,73,73,73,79,79,79,79,81,83,85,85,85,81,85,85,91,91,91,91,80,80,80,93,78,84,89,89,100,92,92,110,102,110,110,110,110,109],"gold":40,"neow_bonus":"RANDOM_COMMON_RELIC","is_daily":false,"chose_seed":false,"campfire_upgraded":3,"win_rate":0.0,"timestamp":1612882380,"path_taken":["M","$","?","M","M","E","R","?","T","M","$","R","M","?","R","BOSS","M","M","$","M","?","R","E","?","T","R","M","M","M","M","M","R","BOSS","BOSS","BOSS","M","M","M","?","?","R","E","M","T","?","R","M","?","M","R","BOSS","R","$","E","BOSS"],"items_purchased_type":["Relic","Relic","Relic","Relic","Relic","Card","Relic","Relic","Relic","Relic","Relic","Card","Relic","Relic","Relic","Relic","Relic","Relic","Relic","Card"],"build_version":"2020-12-22","purchased_purges":1,"victory":true,"max_hp_per_floor":[65,65,65,65,65,65,65,65,65,65,72,72,72,72,72,77,77,77,77,77,79,79,79,79,79,79,79,79,81,83,85,85,85,85,85,85,91,91,91,91,91,91,91,93,93,99,101,101,101,103,103,110,110,110,110,110,110,110],"card_choices":[{"not_picked":["Moonworks:IndiscriminateFireSupport","Moonworks:CookingTime"],"picked":"Moonworks:LulusLuckyEgg","floor":1.0},{"not_picked":["Moonworks:IndiscriminateFireSupport","Moonworks:CloudOfSeagulls"],"picked":"Moonworks:EvilSpyWorkPreparation","floor":4.0},{"not_picked":["Moonworks:IndiscriminateFireSupport+1","Moonworks:BigMagnum"],"picked":"Moonworks:NicePresent","floor":5.0},{"not_picked":["Moonworks:BigMagnum+1","Moonworks:DeployBits"],"picked":"Moonworks:RagingMadness","floor":6.0},{"not_picked":["Moonworks:NicePresent","Moonworks:BigMagnum","Moonworks:CloudOfSeagulls+1"],"picked":"SKIP","floor":6.0},{"not_picked":["Moonworks:TreasureThief","Moonworks:SelfDestruct"],"picked":"Moonworks:CookingTime","floor":10.0},{"not_picked":["Moonworks:Assault+1","Moonworks:NicePresent"],"picked":"Moonworks:SealedMemories","floor":13.0},{"not_picked":["Moonworks:SweetBattle","Moonworks:ImOnFire"],"picked":"Moonworks:MeltingMemories","floor":14.0},{"not_picked":["Moonworks:RocketCannon","Moonworks:PlushieMaster"],"picked":"Moonworks:AnotherUltimateWeapon","floor":16.0},{"not_picked":["Moonworks:ForcedRevival","Moonworks:JonathanRush"],"picked":"Moonworks:Poppoformation","floor":18.0},{"not_picked":["Moonworks:JonathanRush+1","Moonworks:EvilSpyWorkPreparation"],"picked":"Moonworks:ExtendedPhotonRifle","floor":19.0},{"not_picked":["Moonworks:UnluckyCharm","Moonworks:DevilHand","Moonworks:NicePresent"],"picked":"Singing Bowl","floor":21.0},{"not_picked":["Moonworks:Assault","Moonworks:LulusLuckyEgg"],"picked":"Moonworks:ShieldCounter","floor":24.0},{"not_picked":["Moonworks:AngelHand+1","Moonworks:FinalSurgery"],"picked":"Moonworks:ImOnFire","floor":28.0},{"not_picked":["Moonworks:Assault+1","Moonworks:SakisCookie+1","Moonworks:CloudOfSeagulls+1"],"picked":"Singing Bowl","floor":29.0},{"not_picked":["Moonworks:LulusLuckyEgg+1","Moonworks:CloudOfSeagulls+1","Moonworks:SakisCookie"],"picked":"Singing Bowl","floor":30.0},{"not_picked":["Moonworks:LeapThroughSpace","Moonworks:IndiscriminateFireSupport","Moonworks:BigMagnum+1"],"picked":"Singing Bowl","floor":31.0},{"not_picked":["Moonworks:IndiscriminateFireSupport+1","Moonworks:JonathanRush+1"],"picked":"Moonworks:MiracleRedBeanIceCream","floor":32.0},{"not_picked":[],"picked":"DemoMod:Elimentaler","floor":36},{"not_picked":["Moonworks:HolyNight","Moonworks:EvilMastermind"],"picked":"Moonworks:Encore","floor":36},{"not_picked":["Moonworks:BigMagnum","Moonworks:EvilSpyWorkPreparation"],"picked":"Moonworks:Heat300Percent+1","floor":37},{"not_picked":["Moonworks:AngelHand","Moonworks:LulusLuckyEgg"],"picked":"Moonworks:LuckyCharm+1","floor":38},{"not_picked":["Moonworks:LulusLuckyEgg+1","Moonworks:CloudOfSeagulls"],"picked":"Moonworks:EvilSpyWorkPreparation+1","floor":39},{"not_picked":["Moonworks:SakisCookie+1","Moonworks:IndiscriminateFireSupport"],"picked":"Moonworks:MeltingMemories","floor":40},{"not_picked":["Moonworks:SakisCookie","Moonworks:ImOnFire+1","Moonworks:EvilSpyWorkPreparation"],"picked":"Singing Bowl","floor":44},{"not_picked":["Moonworks:EvilSpyWorkPreparation+1","Moonworks:Dinner"],"picked":"Moonworks:ExtendedPhotonRifle+1","floor":45},{"not_picked":["Moonworks:IndiscriminateFireSupport","Moonworks:CloudOfSeagulls+1","Moonworks:Assault"],"picked":"Singing Bowl","floor":47},{"not_picked":["Moonworks:IndiscriminateFireSupport","Moonworks:Assault+1"],"picked":"Moonworks:BigMagnum+1","floor":49},{"not_picked":["Blind","Impatience"],"picked":"Apotheosis","floor":50},{"not_picked":["Dramatic Entrance","DemoMod:Deposit","DemoMod:Invincible"],"picked":"Singing Bowl","floor":50},{"not_picked":["Dark Shackles","Forethought"],"picked":"Madness","floor":50},{"not_picked":["Moonworks:AwakeningOfTalent+1","Moonworks:ForcedRevival+1"],"picked":"Moonworks:UnpaidWork","floor":51},{"not_picked":["Moonworks:DeployBits","Moonworks:IndiscriminateFireSupport+1"],"picked":"Moonworks:MiracleWalker+1","floor":57}],"player_experience":186334,"relics_obtained":[{"floor":4.0,"key":"Runesmith:Nanobots"},{"floor":6.0,"key":"CaptainsWheel"},{"floor":9.0,"key":"Bag of Marbles"},{"floor":9.0,"key":"Matryoshka"},{"floor":14.0,"key":"Odd Mushroom"},{"floor":16.0,"key":"Girya"},{"floor":24.0,"key":"Letter Opener"},{"floor":37,"key":"DemoMod:RatBoots"},{"floor":37,"key":"DemoMod:ResourcefulSack"},{"floor":37,"key":"DemoMod:PartiallyEatenCheese"},{"floor":37,"key":"Runesmith:UraniumAnvil"},{"floor":37,"key":"Fusion Hammer"},{"floor":37,"key":"DemoMod:ClearGuonStone"},{"floor":44,"key":"Shovel"},{"floor":46,"key":"Runesmith:AutoHammer"},{"floor":47,"key":"Turnip"},{"floor":48,"key":"Eternal Feather"},{"floor":52,"key":"DemoMod:MonsterBlood"},{"floor":55,"key":"DemoMod:DecoyRelic"},{"floor":57,"key":"DemoMod:WeirdEgg"}],"event_choices":[{"damage_healed":0.0,"max_hp_gain":0.0,"max_hp_loss":0.0,"gold_gain":75.0,"event_name":"World of Goop","player_choice":"Gather Gold","floor":3.0,"gold_loss":0.0,"damage_taken":11.0},{"damage_healed":0.0,"max_hp_gain":0.0,"max_hp_loss":0.0,"gold_gain":175.0,"event_name":"Liars Game","player_choice":"AGREE","floor":8.0,"gold_loss":0.0,"damage_taken":0.0,"cards_obtained":["Doubt"]},{"damage_healed":0.0,"max_hp_gain":0.0,"max_hp_loss":0.0,"gold_gain":0.0,"event_name":"Mushrooms","player_choice":"Fought Mushrooms","floor":14.0,"gold_loss":0.0,"damage_taken":0.0},{"damage_healed":0,"gold_gain":0,"player_choice":"Embrace Madness","damage_taken":11,"max_hp_gain":0,"max_hp_loss":0,"event_name":"Winding Halls","floor":41,"gold_loss":0,"cards_obtained":["Madness","Madness"]},{"damage_healed":0,"gold_gain":0,"player_choice":"Ignored","damage_taken":0,"max_hp_gain":0,"max_hp_loss":0,"event_name":"Falling","floor":42,"gold_loss":0},{"damage_healed":0,"gold_gain":0,"player_choice":"Fight","damage_taken":0,"max_hp_gain":0,"max_hp_loss":0,"event_name":"MindBloom","floor":47,"gold_loss":0},{"damage_healed":0,"gold_gain":0,"player_choice":"Memory 3","damage_taken":10,"max_hp_gain":0,"max_hp_loss":0,"event_name":"SensoryStone","floor":50,"gold_loss":0}],"is_beta":false,"boss_relics":[{"not_picked":["Sozu","Tiny House"],"picked":"Cursed Key"},{"not_picked":[]}],"items_purged_floors":[11],"is_endless":false,"potions_floor_spawned":[10,13,18,19,24,29,30,36,39,40,45,49],"ascension_level":0}}