{"host":"Cenci","time":1612892203,"event":{"mods":["BaseMod","Downfall","Highlight Path","Minty Spire (QoL Compilation)","StSLib"],"gold_per_floor":[99,116,130,40,53,53,53,79,79,79,79,79,79,104,119,215,265,65,80,280,300,56,56,56,56,68,15,45,58,92,108,108,108,108],"floor_reached":32,"language":"ENG","playtime":2070,"items_purged":[],"score":376,"play_id":"3b0d5d4e-b8e2-4d77-9719-7915614fa2f7","local_time":"20210209183643","is_ascension_mode":true,"campfire_choices":[{"floor":1,"key":"RECALL"},{"data":"Guardian:ChargeUp","floor":6,"key":"SMITH"},{"data":"Guardian:HyperBeam_Guardian","floor":9,"key":"SMITH"},{"data":"Guardian:Orbwalk","floor":11,"key":"SMITH"},{"data":"Guardian:Orbwalk","floor":13,"key":"SMITH"},{"data":"Guardian:FloatingOrbs","floor":18,"key":"SMITH"},{"data":"Guardian:Preprogram","floor":25,"key":"SMITH"}],"circlet_count":0,"master_deck":["Guardian:Strike_Guardian","Guardian:Strike_Guardian","Guardian:Strike_Guardian","Guardian:Strike_Guardian","Guardian:Defend_Guardian","Guardian:Defend_Guardian","Guardian:Defend_Guardian","Guardian:Defend_Guardian","Guardian:CurlUp","Guardian:TwinSlam","Guardian:Orbwalk+1","Guardian:TemporalShield","Guardian:ChargeUp+1","Guardian:HyperBeam_Guardian+1","Guardian:Planning","Guardian:Orbwalk+1","Parasite","Guardian:FloatingOrbs+1","Guardian:Planning","Guardian:CompilePackage+1","Guardian:Clone","Guardian:Preprogram+1","Guardian:Gem_Fragmented","Guardian:TemporalShield","Guardian:FuturePlans+1","Guardian:Incinerate"],"relics":["Guardian:ModeShifter","CaptainsWheel","TungstenRod","Bottled Tornado","Tiny House","downfall:HeartBlessingRed","downfall:HeartBlessingBlue","Frozen Eye","Guardian:StasisCodex","Gremlin Horn","Sundial"],"acts_visited":["Exordium","TheCity"],"potions_floor_usage":[16,27,28,30,32],"damage_taken":[{"damage":2,"enemies":"Jaw Worm","floor":2,"turns":6},{"damage":7,"enemies":"Small Slimes","floor":3,"turns":5},{"damage":10,"enemies":"downfall:FleeingMerchant","floor":4,"turns":4},{"damage":0,"enemies":"2 Louse","floor":5,"turns":2},{"damage":9,"enemies":"Gremlin Nob","floor":8,"turns":5},{"damage":0,"enemies":"Lagavulin","floor":14,"turns":6},{"damage":9,"enemies":"Large Slime","floor":15,"turns":5},{"damage":19,"enemies":"IC_STATUS_ARCHETYPE","floor":16,"turns":8},{"damage":0,"enemies":"Shell Parasite","floor":19,"turns":4},{"damage":13,"enemies":"Centurion and Healer","floor":21,"turns":6},{"damage":0,"enemies":"downfall:FleeingMerchant","floor":22,"turns":4},{"damage":17,"enemies":"3 Cultists","floor":26,"turns":6},{"damage":7,"enemies":"downfall:FleeingMerchant","floor":27,"turns":4},{"damage":7,"enemies":"Gremlin Leader","floor":28,"turns":6},{"damage":7,"enemies":"Snecko","floor":29,"turns":6},{"damage":28,"enemies":"Book of Stabbing","floor":30,"turns":4},{"damage":5,"enemies":"Cultist and Chosen","floor":31,"turns":4},{"damage":7,"enemies":"Shelled Parasite and Fungi","floor":32,"turns":2}],"seed_played":"955611519561682503","potions_obtained":[{"floor":3,"key":"AttackPotion"},{"floor":5,"key":"AttackPotion"},{"floor":14,"key":"CultistPotion"},{"floor":15,"key":"AttackPotion"},{"floor":17,"key":"Guardian:DefensiveModePotion"},{"floor":28,"key":"PowerPotion"}],"is_trial":false,"path_per_floor":["R","M","M","$","M","R","T","E","R","?","R","?","R","E","M","B",null,"R","M","?","M","$","?","T","R","M","$","E","M","E","M","M"],"character_chosen":"GUARDIAN","items_purchased":["Guardian:HyperBeam_Guardian","Guardian:Preprogram","Frozen Eye","Guardian:Gem_Fragmented"],"campfire_rested":0,"item_purchase_floors":[4,22,22,27],"current_hp_per_floor":[72,70,63,53,53,53,53,44,44,62,62,62,62,62,53,34,77,87,87,87,74,74,74,74,74,57,50,43,36,8,3,0,0,0],"gold":108,"neow_bonus":"ONE_RARE_RELIC","is_daily":false,"chose_seed":false,"campfire_upgraded":6,"win_rate":0.0,"timestamp":1612892203,"path_taken":["R","M","M","$","M","R","T","E","R","?","R","?","R","E","M","BOSS","R","M","?","M","$","?","T","R","M","?","E","M","E","M","M"],"items_purchased_type":["Card","Card","Relic","Card"],"build_version":"2020-11-17","purchased_purges":0,"victory":false,"max_hp_per_floor":[72,72,72,72,72,72,72,72,72,72,72,72,72,72,72,72,77,87,87,87,87,87,87,87,87,87,87,87,87,87,87,87,87,87],"card_choices":[{"not_picked":["Guardian:Gem_Lightblue","Guardian:Gem_Green"],"picked":"Guardian:Orbwalk","floor":2},{"not_picked":["Guardian:Gem_Lightblue","Guardian:BronzeOrb"],"picked":"Guardian:TemporalShield","floor":3},{"not_picked":["Guardian:ExploitGems","Guardian:RollAttack"],"picked":"Guardian:ChargeUp","floor":4},{"not_picked":["Guardian:ShieldCharger","Guardian:BronzeArmor"],"picked":"Guardian:Planning","floor":5},{"not_picked":["Guardian:Incinerate","Guardian:Gem_Fragmented"],"picked":"Guardian:Orbwalk","floor":8},{"not_picked":["Guardian:SpikerProtocol","Guardian:Gem_Red"],"picked":"Guardian:FloatingOrbs","floor":14},{"not_picked":["Guardian:TimeCapacitor","Guardian:TemporalShield"],"picked":"Guardian:Planning","floor":15},{"not_picked":["Guardian:Gem_Orange","Guardian:ConstructionForm"],"picked":"Guardian:CompilePackage","floor":16},{"not_picked":["Guardian:Repulse","Guardian:Gem_Green"],"picked":"Guardian:Clone","floor":17},{"not_picked":["Guardian:RollAttack","Guardian:TemporalStrike+1","Guardian:TimeBomb+1"],"picked":"SKIP","floor":19},{"not_picked":["Guardian:PrimingBeam","Guardian:ShieldCharger"],"picked":"Guardian:Gem_Blue","floor":21},{"not_picked":["Guardian:Gem_Red","Guardian:FierceBash","Guardian:TimeSifter"],"picked":"SKIP","floor":22},{"not_picked":["Guardian:CrystalBeam","Guardian:MultiBeam+1","Guardian:TemporalStrike"],"picked":"SKIP","floor":26},{"not_picked":["Guardian:DecasProtection","Guardian:Gem_Red","Guardian:Planning"],"picked":"SKIP","floor":27},{"not_picked":["Guardian:GatlingBeam","Guardian:PrimingBeam"],"picked":"Guardian:TemporalShield","floor":28},{"not_picked":["Guardian:Planning+1","Guardian:WalkerClaw"],"picked":"Guardian:FuturePlans+1","floor":29},{"not_picked":["Guardian:Preprogram","Guardian:PiercingHide+1","Guardian:TemporalStrike"],"picked":"SKIP","floor":30},{"not_picked":["Guardian:VentSteam","Guardian:Gem_Purple"],"picked":"Guardian:Incinerate","floor":31}],"player_experience":299736,"relics_obtained":[{"floor":8,"key":"TungstenRod"},{"floor":14,"key":"Bottled Tornado"},{"floor":24,"key":"Guardian:StasisCodex"},{"floor":28,"key":"Gremlin Horn"},{"floor":30,"key":"Sundial"}],"event_choices":[{"damage_healed":18,"gold_gain":0,"player_choice":"Healed and dodged fight","damage_taken":0,"max_hp_gain":0,"max_hp_loss":0,"event_name":"Mushrooms","floor":10,"gold_loss":0,"cards_obtained":["Parasite"]},{"damage_healed":0,"gold_gain":0,"player_choice":"Fled","damage_taken":0,"max_hp_gain":0,"max_hp_loss":0,"event_name":"Scrap Ooze","floor":12,"gold_loss":0}],"is_beta":true,"boss_relics":[{"not_picked":["SacredBark","Runic Pyramid"],"picked":"Tiny House"}],"items_purged_floors":[],"is_endless":false,"potions_floor_spawned":[3,5,14,15,21,28],"killed_by":"Shelled Parasite and Fungi","ascension_level":4}}