{"host":"3qkmyeoym75lj4wn","time":1612908317,"event":{"mods":["2.2 Compatiblity","BaseMod","Block Reminder","Colored Powertips","Highlight Path","Minty Spire (QoL Compilation)","Permanent Neow","Potion Indicator Mod","Rare Cards Sparkle","Relic Stats","StSLib","Unceasing Turn Reminder"],"gold_per_floor":[109,129,140,140,155,155,183,211,234,249,281,33,33,33,33,33,33],"floor_reached":16,"language":"ENG","playtime":488,"items_purged":["Zap"],"score":220,"play_id":"76177bdf-f9ad-44bc-92a4-5af95a431eca","local_time":"20210209220517","is_ascension_mode":true,"campfire_choices":[{"data":"Hyperbeam","floor":6,"key":"SMITH"},{"data":"Fusion","floor":15,"key":"SMITH"}],"circlet_count":0,"master_deck":["AscendersBane","Strike_B","Strike_B","Strike_B","Strike_B","Defend_B","Defend_B","Defend_B","Defend_B","Dualcast","Hyperbeam+1","Fusion+1","BootSequence","Sweeping Beam","Gash","Conserve Battery","Steam","Reboot","Hyperbeam+1"],"relics":["Cracked Core","Anchor","Odd Mushroom","Toy Ornithopter","Oddly Smooth Stone","DollysMirror"],"acts_visited":["Exordium"],"potions_floor_usage":[7,7,11,16],"damage_taken":[{"damage":7,"enemies":"Jaw Worm","floor":1,"turns":2},{"damage":0,"enemies":"2 Louse","floor":2,"turns":1},{"damage":0,"enemies":"Small Slimes","floor":3,"turns":2},{"damage":2,"enemies":"Exordium Wildlife","floor":5,"turns":4},{"damage":20,"enemies":"Gremlin Nob","floor":7,"turns":4},{"damage":0,"enemies":"The Mushroom Lair","floor":8,"turns":3},{"damage":0,"enemies":"Looter","floor":10,"turns":3},{"damage":17,"enemies":"Lagavulin","floor":11,"turns":5},{"damage":51,"enemies":"Hexaghost","floor":16,"turns":9}],"seed_played":"-6040025020263211499","potions_obtained":[{"floor":3,"key":"PowerPotion"},{"floor":5,"key":"Block Potion"},{"floor":7,"key":"PowerPotion"},{"floor":10,"key":"FocusPotion"},{"floor":11,"key":"PowerPotion"}],"is_trial":false,"path_per_floor":["M","M","M","?","M","R","E","?","T","M","E","$","?","?","R","B"],"character_chosen":"DEFECT","items_purchased":["DollysMirror"],"campfire_rested":0,"item_purchase_floors":[12],"current_hp_per_floor":[57,57,57,57,55,55,35,35,35,35,23,23,23,46,46,0,0],"gold":33,"neow_bonus":"ONE_RANDOM_RARE_CARD","is_daily":false,"chose_seed":false,"campfire_upgraded":2,"win_rate":0.0,"timestamp":1612908317,"path_taken":["M","M","M","?","M","R","E","?","T","M","E","$","?","?","R","BOSS"],"items_purchased_type":["Relic"],"build_version":"2020-12-22","purchased_purges":1,"victory":false,"max_hp_per_floor":[71,71,71,71,71,71,71,71,71,71,71,71,71,71,71,71,71],"relic_stats":{"counters":[9,33],"obtain_stats":[{"Anchor":7,"DollysMirror":12,"Oddly Smooth Stone":11,"Odd Mushroom":8,"Cracked Core":0,"Toy Ornithopter":9},{"Anchor":5,"DollysMirror":8,"Oddly Smooth Stone":8,"Odd Mushroom":6,"Cracked Core":0,"Toy Ornithopter":6},{"Anchor":13,"DollysMirror":24,"Oddly Smooth Stone":24,"Odd Mushroom":16,"Cracked Core":0,"Toy Ornithopter":16}],"Toy Ornithopter":10},"card_choices":[{"not_picked":["Redo","Reinforced Body"],"picked":"Fusion","floor":1},{"not_picked":["Compile Driver","Chill"],"picked":"BootSequence","floor":2},{"not_picked":["Compile Driver","Lockon","Coolheaded"],"picked":"SKIP","floor":3},{"not_picked":["Stack","Cold Snap"],"picked":"Sweeping Beam","floor":5},{"not_picked":["Hello World","Ball Lightning"],"picked":"Gash","floor":7},{"not_picked":["Rebound","Lockon"],"picked":"Conserve Battery","floor":8},{"not_picked":["Heatsinks","Ball Lightning"],"picked":"Steam","floor":10},{"not_picked":["Beam Cell","Chill"],"picked":"Reboot","floor":11}],"player_experience":1743548,"relics_obtained":[{"floor":7,"key":"Anchor"},{"floor":8,"key":"Odd Mushroom"},{"floor":9,"key":"Toy Ornithopter"},{"floor":11,"key":"Oddly Smooth Stone"}],"event_choices":[{"damage_healed":0,"gold_gain":0,"player_choice":"Ignored","damage_taken":0,"max_hp_gain":0,"max_hp_loss":0,"event_name":"Liars Game","floor":4,"gold_loss":0},{"damage_healed":0,"gold_gain":0,"player_choice":"Fought Mushrooms","damage_taken":0,"max_hp_gain":0,"max_hp_loss":0,"event_name":"Mushrooms","floor":8,"gold_loss":0},{"damage_healed":0,"gold_gain":0,"player_choice":"Ignored","damage_taken":0,"max_hp_gain":0,"max_hp_loss":0,"event_name":"Shining Light","floor":13,"gold_loss":0},{"damage_healed":23,"gold_gain":0,"player_choice":"Banana","damage_taken":0,"max_hp_gain":0,"max_hp_loss":0,"event_name":"Big Fish","floor":14,"gold_loss":0}],"is_beta":false,"boss_relics":[],"items_purged_floors":[12],"is_endless":false,"potions_floor_spawned":[3,5,7,10,11],"killed_by":"Hexaghost","ascension_level":20}}