{"host":"anl785ehjgcmdvvq","time":1612874318,"event":{"mods":["AchievementEnabler","BaseMod","Minty Spire (QoL Compilation)"],"gold_per_floor":[113,128,128,142,142,142,168,168,168,196,206,206,222,136,136,236,236,256,256,267,278,278,278,290,307,307,307,319,330,23,0,0,0,0],"floor_reached":33,"language":"ENG","playtime":1279,"items_purged":[],"score":324,"play_id":"da8ea2e5-627c-4655-910d-976f77f841fe","local_time":"20210209153838","is_ascension_mode":true,"campfire_choices":[{"data":"Perfected Strike","floor":6,"key":"SMITH"},{"data":"Bash","floor":8,"key":"SMITH"},{"floor":12,"key":"RECALL"},{"floor":15,"key":"REST"},{"floor":23,"key":"REST"},{"floor":27,"key":"REST"},{"floor":32,"key":"REST"}],"circlet_count":0,"master_deck":["Strike_R","Strike_R","Strike_R","Strike_R","Strike_R","Defend_R+1","Defend_R","Defend_R","Bash+1","Metallicize+1","Perfected Strike+1","Clash","Clothesline","Thunderclap","Flame Barrier","Headbutt","Metallicize","CurseOfTheBell","Dual Wield+1","Combust+1","Intimidate+1","Infernal Blade","Armaments+1"],"relics":["Burning Blood","Oddly Smooth Stone","Prayer Wheel","CaptainsWheel","Calling Bell","Toy Ornithopter","Self Forming Clay","Girya","Molten Egg 2","Ornamental Fan"],"acts_visited":["Exordium","TheCity"],"potions_floor_usage":[4,7,7,7,16,16,16,25,33,33,33],"damage_taken":[{"damage":8,"enemies":"Small Slimes","floor":1,"turns":5},{"damage":4,"enemies":"Cultist","floor":2,"turns":4},{"damage":2,"enemies":"Jaw Worm","floor":4,"turns":3},{"damage":13,"enemies":"3 Sentries","floor":7,"turns":7},{"damage":35,"enemies":"Lagavulin","floor":10,"turns":6},{"damage":8,"enemies":"Red Slaver","floor":11,"turns":3},{"damage":3,"enemies":"2 Fungi Beasts","floor":13,"turns":3},{"damage":14,"enemies":"Slime Boss","floor":16,"turns":9},{"damage":8,"enemies":"Shell Parasite","floor":18,"turns":7},{"damage":26,"enemies":"3 Byrds","floor":20,"turns":6},{"damage":49,"enemies":"Cultist and Chosen","floor":21,"turns":7},{"damage":24,"enemies":"Chosen and Byrds","floor":24,"turns":6},{"damage":18,"enemies":"Snake Plant","floor":25,"turns":5},{"damage":27,"enemies":"3 Cultists","floor":28,"turns":7},{"damage":24,"enemies":"Cultist and Chosen","floor":29,"turns":8},{"damage":62,"enemies":"Automaton","floor":33,"turns":8}],"seed_played":"3523920002463339994","potions_obtained":[{"floor":1,"key":"AttackPotion"},{"floor":2,"key":"EntropicBrew"},{"floor":10,"key":"FearPotion"},{"floor":21,"key":"SteroidPotion"},{"floor":24,"key":"ColorlessPotion"},{"floor":28,"key":"SpeedPotion"}],"is_trial":false,"path_per_floor":["M","M","?","M","?","R","E","R","T","E","M","R","M","$","R","B",null,"M","?","M","M","?","R","M","M","T","R","M","M","$","?","R","B"],"character_chosen":"IRONCLAD","items_purchased":["Metallicize","Block Potion","Ornamental Fan","Strength Potion"],"campfire_rested":4,"item_purchase_floors":[14,14,30,30],"current_hp_per_floor":[78,80,64,68,68,68,76,76,76,47,45,45,48,48,72,64,76,74,90,70,27,27,54,36,29,29,56,35,17,17,17,44,0,0],"gold":0,"neow_bonus":"RANDOM_COMMON_RELIC","is_daily":false,"chose_seed":false,"campfire_upgraded":2,"win_rate":0.0,"timestamp":1612874318,"path_taken":["M","M","?","M","?","R","E","R","T","E","M","R","?","$","R","BOSS","M","?","?","M","?","R","M","M","T","R","?","M","?","?","R","BOSS"],"items_purchased_type":["Card","Potion","Relic","Potion"],"build_version":"2020-12-22","purchased_purges":0,"victory":false,"max_hp_per_floor":[80,80,80,80,80,80,80,80,80,80,80,80,80,80,80,80,80,80,90,90,90,90,90,90,90,90,90,90,90,90,90,90,90,90],"card_choices":[{"not_picked":["Twin Strike","Iron Wave"],"picked":"Metallicize","floor":1},{"not_picked":["Intimidate","Flex"],"picked":"Perfected Strike","floor":2},{"not_picked":["Iron Wave","Battle Trance"],"picked":"Clash","floor":4},{"not_picked":["Spot Weakness","Anger","Havoc"],"picked":"SKIP","floor":7},{"not_picked":["Twin Strike","Reckless Charge"],"picked":"Clothesline","floor":10},{"not_picked":["Battle Trance","Exhume"],"picked":"Thunderclap","floor":11},{"not_picked":["Reckless Charge","Wild Strike","Disarm"],"picked":"SKIP","floor":11},{"not_picked":["Body Slam","True Grit"],"picked":"Flame Barrier","floor":13},{"not_picked":["Cleave","Anger"],"picked":"Headbutt","floor":13},{"not_picked":["Exhume","Limit Break"],"picked":"Reaper","floor":16},{"not_picked":["Wild Strike","Pommel Strike"],"picked":"Dual Wield+1","floor":18},{"not_picked":["Sentinel","Shrug It Off","Pummel"],"picked":"SKIP","floor":18},{"not_picked":["Armaments","Warcry"],"picked":"Combust+1","floor":20},{"not_picked":["Sword Boomerang","Anger+1","Warcry"],"picked":"SKIP","floor":20},{"not_picked":["Havoc+1","Pummel"],"picked":"Intimidate+1","floor":21},{"not_picked":["Perfected Strike","Iron Wave","Cleave+1"],"picked":"SKIP","floor":21},{"not_picked":["Anger","Headbutt"],"picked":"Infernal Blade","floor":24},{"not_picked":["Power Through","Headbutt"],"picked":"Armaments+1","floor":24},{"not_picked":["Dropkick","Iron Wave","Second Wind"],"picked":"SKIP","floor":25},{"not_picked":["Twin Strike","Shrug It Off","Demon Form"],"picked":"SKIP","floor":25},{"not_picked":["Pommel Strike+1","Twin Strike+1","Armaments"],"picked":"SKIP","floor":28},{"not_picked":["Intimidate","Shrug It Off","Anger+1"],"picked":"SKIP","floor":28},{"not_picked":["Dropkick+1","True Grit","Pommel Strike+1"],"picked":"SKIP","floor":29},{"not_picked":["Double Tap","Cleave+1","Evolve"],"picked":"SKIP","floor":29}],"player_experience":128921,"relics_obtained":[{"floor":7,"key":"Prayer Wheel"},{"floor":10,"key":"CaptainsWheel"},{"floor":17,"key":"Toy Ornithopter"},{"floor":17,"key":"Self Forming Clay"},{"floor":17,"key":"Girya"},{"floor":26,"key":"Molten Egg 2"}],"event_choices":[{"damage_healed":0,"gold_gain":0,"player_choice":"Entered Light","damage_taken":16,"max_hp_gain":0,"max_hp_loss":0,"event_name":"Shining Light","floor":3,"gold_loss":0,"cards_upgraded":["Metallicize","Defend_R"]},{"damage_healed":0,"gold_gain":0,"player_choice":"0 cards matched","damage_taken":0,"max_hp_gain":0,"max_hp_loss":0,"event_name":"Match and Keep!","floor":5,"gold_loss":0,"cards_obtained":[]},{"cards_removed":["Reaper"],"damage_healed":6,"gold_gain":0,"player_choice":"Offered Rare","damage_taken":0,"max_hp_gain":10,"max_hp_loss":0,"event_name":"Bonfire Elementals","floor":19,"gold_loss":0},{"cards_removed":["Defend_R"],"damage_healed":0,"gold_gain":0,"player_choice":"Purged","damage_taken":0,"max_hp_gain":0,"max_hp_loss":0,"event_name":"Purifier","floor":22,"gold_loss":0},{"damage_healed":0,"gold_gain":0,"player_choice":"Paid Fearfully","damage_taken":0,"max_hp_gain":0,"max_hp_loss":0,"event_name":"Masked Bandits","floor":31,"gold_loss":23}],"is_beta":false,"boss_relics":[{"not_picked":["Mark of Pain","Busted Crown"],"picked":"Calling Bell"}],"items_purged_floors":[],"is_endless":false,"potions_floor_spawned":[1,2,10,21,24,28],"killed_by":"Automaton","ascension_level":5}}