{"host":"2n2g1vowfllvjtvi","time":1612863607,"event":{"mods":["AchievementEnabler","BaseMod","Custom Start","GifTheSpireLib","Keyboard Shortcuts","Minty Spire (QoL Compilation)","Permanent Neow","Quick Restart","StSLib","SuperFastMode"],"gold_per_floor":[119,136,136,151,11,11,21,36,36,66,85,85,96,123,123,224,224,235,6,19,19,38,38,38,73,120,120,40,40,66,66,66,166,166,177,227,15,15,40,82,99,36,36,36,61,90,124,141,141,141,141,141,65,105,105,105],"floor_reached":55,"language":"KOR","playtime":2336,"items_purged":["Strike_P","Strike_P+1","Strike_P+1"],"score":1041,"play_id":"edffe166-6d0e-424e-83dd-5bae0abe3198","local_time":"20210209184007","is_ascension_mode":true,"campfire_choices":[{"data":"LessonLearned","floor":6.0,"key":"SMITH"},{"floor":12.0,"key":"REST"},{"data":"Scrawl","floor":15.0,"key":"SMITH"},{"data":"Eruption","floor":23.0,"key":"SMITH"},{"floor":27.0,"key":"REST"},{"data":"Fasting2","floor":29.0,"key":"SMITH"},{"data":"Evaluate","floor":32.0,"key":"SMITH"},{"floor":44.0,"key":"REST"},{"floor":49.0,"key":"RECALL"},{"floor":52.0,"key":"REST"}],"circlet_count":0,"master_deck":["Defend_P+1","Defend_P+1","Defend_P+1","Eruption+1","Vigilance+1","FearNoEvil+1","Scrawl+1","Wallop+1","Halt+1","LessonLearned+1","WheelKick+1","EmptyFist+1","Evaluate+1","Meditate+1","DeusExMachina+1","Fasting2+1","MentalFortress+1","Study+1","Adaptation+1","TalkToTheHand+1","Indignation+1"],"relics":["PureWater","Orichalcum","Ginger","Sozu","ClockworkSouvenir","Gremlin Horn","Regal Pillow","CeramicFish","Cursed Key","Prayer Wheel","Membership Card","Molten Egg 2","TeardropLocket","Dream Catcher","Bag of Preparation","FossilizedHelix"],"acts_visited":["Exordium","TheCity","TheBeyond","TheEnding"],"potions_floor_usage":[],"damage_taken":[{"damage":0.0,"enemies":"2 Louse","floor":1.0,"turns":2.0},{"damage":0.0,"enemies":"Cultist","floor":2.0,"turns":2.0},{"damage":0.0,"enemies":"Small Slimes","floor":4.0,"turns":2.0},{"damage":0.0,"enemies":"2 Fungi Beasts","floor":7.0,"turns":3.0},{"damage":2.0,"enemies":"Exordium Thugs","floor":8.0,"turns":5.0},{"damage":22.0,"enemies":"3 Sentries","floor":10.0,"turns":8.0},{"damage":6.0,"enemies":"Gremlin Gang","floor":11.0,"turns":4.0},{"damage":0.0,"enemies":"Red Slaver","floor":13.0,"turns":3.0},{"damage":4.0,"enemies":"Gremlin Nob","floor":14.0,"turns":3.0},{"damage":33.0,"enemies":"The Guardian","floor":16.0,"turns":15.0},{"damage":0.0,"enemies":"Spheric Guardian","floor":18.0,"turns":2.0},{"damage":1.0,"enemies":"Shell Parasite","floor":20.0,"turns":5.0},{"damage":1.0,"enemies":"Chosen and Byrds","floor":22.0,"turns":5.0},{"damage":15.0,"enemies":"Book of Stabbing","floor":25.0,"turns":5.0},{"damage":0.0,"enemies":"Slavers","floor":30.0,"turns":4.0},{"damage":0.0,"enemies":"Automaton","floor":33.0,"turns":9.0},{"damage":0.0,"enemies":"3 Shapes","floor":35.0,"turns":2.0},{"damage":0.0,"enemies":"Mind Bloom Boss Battle","floor":36.0,"turns":5.0},{"damage":0.0,"enemies":"Orb Walker","floor":39.0,"turns":1.0},{"damage":9.0,"enemies":"Nemesis","floor":40.0,"turns":5.0},{"damage":0.0,"enemies":"Sphere and 2 Shapes","floor":41.0,"turns":3.0},{"damage":0.0,"enemies":"Giant Head","floor":45.0,"turns":5.0},{"damage":12.0,"enemies":"Transient","floor":46.0,"turns":5.0},{"damage":0.0,"enemies":"Nemesis","floor":47.0,"turns":5.0},{"damage":0.0,"enemies":"4 Shapes","floor":48.0,"turns":2.0},{"damage":8.0,"enemies":"Donu and Deca","floor":50.0,"turns":6.0},{"damage":0,"enemies":"Shield and Spear","floor":54,"turns":5},{"damage":66,"enemies":"The Heart","floor":55,"turns":8}],"seed_played":"7195623122533520907","potions_obtained":[{"floor":1.0,"key":"FearPotion"},{"floor":2.0,"key":"SteroidPotion"},{"floor":7.0,"key":"SmokeBomb"},{"floor":14.0,"key":"SkillPotion"}],"is_trial":false,"path_per_floor":["M","M","?","M","$","R","M","M","T","E","M","R","M","E","R","B",null,"M","$","M","?","M","R","?","E","T","R","$","R","E","?","R","B",null,"M","?","$","?","M","E","M","$","T","R","E","M","E","M","R","B",null,"R","$","E","B"],"character_chosen":"WATCHER","items_purchased":["LessonLearned","ClockworkSouvenir","Fasting2","Membership Card","MentalFortress","Bag of Preparation"],"campfire_rested":4,"item_purchase_floors":[5,19,28,37,37,53],"current_hp_per_floor":[65,65,65,65,65,65,65,63,63,41,35,54,54,50,50,17,65,65,65,64,64,63,63,63,48,48,65,65,65,65,65,65,65,65,65,65,65,65,65,56,56,56,56,65,65,53,53,53,53,45,65,65,65,65,0,0],"gold":105,"neow_bonus":"TRANSFORM_TWO_CARDS","is_daily":false,"chose_seed":false,"campfire_upgraded":5,"win_rate":0.0,"timestamp":1612863607,"path_taken":["M","M","?","M","$","R","M","?","T","E","M","R","M","E","R","BOSS","M","$","M","?","M","R","?","E","T","R","$","R","E","?","R","BOSS","M","?","$","?","M","E","M","?","T","R","E","M","E","M","R","BOSS","R","$","E","BOSS"],"items_purchased_type":["Card","Relic","Card","Relic","Card","Relic"],"build_version":"2020-12-22","purchased_purges":3,"victory":false,"max_hp_per_floor":[65,65,65,65,65,65,65,65,65,65,65,65,65,65,65,65,65,65,65,65,65,65,65,65,65,65,65,65,65,65,65,65,65,65,65,65,65,65,65,65,65,65,65,65,65,65,65,65,65,65,65,65,65,65,65,65],"card_choices":[{"not_picked":["DeceiveReality","ThirdEye"],"picked":"Wallop","floor":1.0},{"not_picked":["Consecrate","SignatureMove","ClearTheMind"],"picked":"SKIP","floor":2.0},{"not_picked":["BowlingBash","FollowUp"],"picked":"Halt","floor":4.0},{"not_picked":["Prostrate","Halt"],"picked":"WheelKick","floor":7.0},{"not_picked":["Nirvana","ClearTheMind"],"picked":"EmptyFist","floor":8.0},{"not_picked":["Prostrate","MasterReality"],"picked":"Evaluate","floor":10.0},{"not_picked":["FearNoEvil","FlyingSleeves","ThirdEye"],"picked":"SKIP","floor":11.0},{"not_picked":["Crescendo","Meditate","FollowUp"],"picked":"SKIP","floor":13.0},{"not_picked":["Crescendo","FollowUp"],"picked":"Meditate","floor":13.0},{"not_picked":["SandsOfTime","Omniscience","CrushJoints"],"picked":"SKIP","floor":14.0},{"not_picked":["CutThroughFate","EmptyFist","Nirvana+1"],"picked":"SKIP","floor":18.0},{"not_picked":["BattleHymn+1","InnerPeace","Wallop"],"picked":"SKIP","floor":20.0},{"not_picked":["BowlingBash","Indignation","PathToVictory"],"picked":"SKIP","floor":22.0},{"not_picked":["ThirdEye","EmptyBody","Halt"],"picked":"SKIP","floor":25.0},{"not_picked":["DeceiveReality","Crescendo","Wallop+1"],"picked":"SKIP","floor":30.0},{"not_picked":["Wallop","Halt+1","BowlingBash"],"picked":"SKIP","floor":35.0},{"not_picked":["MentalFortress","Evaluate"],"picked":"Study+1","floor":39.0},{"not_picked":["WaveOfTheHand","PathToVictory","ReachHeaven+1"],"picked":"SKIP","floor":39.0},{"not_picked":["Prostrate","Evaluate"],"picked":"Adaptation+1","floor":40.0},{"not_picked":["FollowUp+1","FlurryOfBlows+1","ThirdEye"],"picked":"SKIP","floor":41.0},{"not_picked":["FlurryOfBlows+1","EmptyFist+1","Devotion"],"picked":"SKIP","floor":41.0},{"not_picked":["Crescendo+1","Prostrate+1","FlyingSleeves+1"],"picked":"SKIP","floor":45.0},{"not_picked":["Fasting2+1","EmptyFist+1"],"picked":"TalkToTheHand+1","floor":46.0},{"not_picked":["FollowUp+1","FearNoEvil+1","EmptyFist+1"],"picked":"SKIP","floor":46.0},{"not_picked":["CrushJoints+1","Alpha","FollowUp+1"],"picked":"SKIP","floor":47.0},{"not_picked":["Wallop+1","Study+1","Collect"],"picked":"SKIP","floor":48.0},{"not_picked":["FlyingSleeves+1","FlurryOfBlows+1","SashWhip+1"],"picked":"SKIP","floor":48.0},{"not_picked":["CrushJoints+1","Evaluate+1"],"picked":"Indignation+1","floor":54}],"player_experience":219795,"relics_obtained":[{"floor":10.0,"key":"Orichalcum"},{"floor":14.0,"key":"Ginger"},{"floor":25.0,"key":"Gremlin Horn"},{"floor":26.0,"key":"Regal Pillow"},{"floor":30.0,"key":"CeramicFish"},{"floor":36.0,"key":"Prayer Wheel"},{"floor":40.0,"key":"Molten Egg 2"},{"floor":45.0,"key":"TeardropLocket"},{"floor":47.0,"key":"Dream Catcher"},{"floor":54,"key":"FossilizedHelix"}],"event_choices":[{"damage_healed":0.0,"max_hp_gain":0.0,"max_hp_loss":0.0,"gold_gain":0.0,"event_name":"Match and Keep!","player_choice":"0 cards matched","floor":3.0,"gold_loss":0.0,"damage_taken":0.0,"cards_obtained":[]},{"damage_healed":0.0,"max_hp_gain":0.0,"max_hp_loss":0.0,"gold_gain":0.0,"event_name":"Ghosts","player_choice":"Ignored","floor":21.0,"gold_loss":0.0,"damage_taken":0.0},{"damage_healed":0.0,"max_hp_gain":0.0,"max_hp_loss":0.0,"gold_gain":0.0,"event_name":"The Library","player_choice":"Read","floor":24.0,"gold_loss":0.0,"damage_taken":0.0,"cards_obtained":["DeusExMachina"]},{"damage_healed":0.0,"max_hp_gain":0.0,"max_hp_loss":0.0,"gold_gain":0.0,"event_name":"Vampires","player_choice":"Ignored","floor":31.0,"gold_loss":0.0,"damage_taken":0.0},{"damage_healed":0.0,"max_hp_gain":0.0,"max_hp_loss":0.0,"gold_gain":0.0,"event_name":"MindBloom","player_choice":"Fight","floor":36.0,"gold_loss":0.0,"damage_taken":0.0},{"damage_healed":0.0,"max_hp_gain":0.0,"max_hp_loss":0.0,"gold_gain":0.0,"event_name":"Upgrade Shrine","player_choice":"Upgraded","floor":38.0,"gold_loss":0.0,"damage_taken":0.0,"cards_upgraded":["MentalFortress"]}],"is_beta":false,"boss_relics":[{"not_picked":["HolyWater","SacredBark"],"picked":"Sozu"},{"not_picked":["Runic Dome","Black Star"],"picked":"Cursed Key"}],"items_purged_floors":[19,37,42],"is_endless":false,"potions_floor_spawned":[1,2,7,14,18,22,25,35,40,45,46,48],"killed_by":"The Heart","ascension_level":3}}