{"host":"121m0oxswv9tg9hk","time":1612878008,"event":{"mods":["AchievementEnabler","BaseMod","Better Third Choice","Downfall","Minty Spire (QoL Compilation)","StSLib"],"gold_per_floor":[99,116,136,156,168,168,168,168,203,216,232,232,332,359,372,470,470,370,390,402,417,417,417,417,417],"floor_reached":23,"language":"ENG","playtime":1740,"items_purged":[],"score":297,"play_id":"68ebfce4-ba78-4a11-a6dc-4cc2185ef934","local_time":"20210209144008","is_ascension_mode":true,"campfire_choices":[{"data":"hexamod:Float","floor":1,"key":"SMITH"},{"floor":6,"key":"REST"},{"data":"hexamod:Rewind","floor":18,"key":"SMITH"}],"circlet_count":0,"master_deck":["hexamod:Strike","hexamod:Strike","hexamod:Defend","hexamod:Defend","hexamod:Defend+1","hexamod:Defend","hexamod:Float+1","hexamod:HauntingEcho+1","hexamod:BacktrackSmack","hexamod:VolcanoVisage+1","hexamod:EmpoweredFlame","hexamod:Rewind+1","hexamod:SuperheatedStrike","hexamod:VolcanoVisage","hexamod:SuperheatedStrike","hexamod:SearingWound","hexamod:FirstSeal","hexamod:GhostOfSpireFuture","hexamod:HeatMetal","hexamod:InspiringFlames","Regret","hexamod:FlameSwitch"],"relics":["hexamod:SpiritBrand","StrikeDummy","Blue Candle","Potion Belt","Slimebound:PreparedRelic","Empty Cage","downfall:HeartBlessingGreen"],"acts_visited":["Exordium","TheCity"],"potions_floor_usage":[9,11,14,15,16,23],"damage_taken":[{"damage":2,"enemies":"Jaw Worm","floor":2,"turns":3},{"damage":8,"enemies":"Small Slimes","floor":3,"turns":3},{"damage":0,"enemies":"Cultist","floor":4,"turns":3},{"damage":6,"enemies":"Blue Slaver","floor":5,"turns":4},{"damage":11,"enemies":"Gremlin Nob","floor":9,"turns":3},{"damage":0,"enemies":"Red Slaver","floor":10,"turns":4},{"damage":7,"enemies":"3 Louse","floor":11,"turns":3},{"damage":16,"enemies":"downfall:LadyInBlue","floor":13,"turns":8},{"damage":5,"enemies":"3 Sentries","floor":14,"turns":5},{"damage":3,"enemies":"Large Slime","floor":15,"turns":4},{"damage":23,"enemies":"DF_ARCHETYPE_STREAMLINE","floor":16,"turns":6},{"damage":7,"enemies":"3 Byrds","floor":19,"turns":4},{"damage":10,"enemies":"Shell Parasite","floor":20,"turns":4},{"damage":32,"enemies":"Snake Plant","floor":21,"turns":4},{"damage":19,"enemies":"3 Cultists","floor":23,"turns":3}],"seed_played":"5788796456283193615","potions_obtained":[{"floor":2,"key":"Dexterity Potion"},{"floor":4,"key":"DistilledChaos"},{"floor":10,"key":"Energy Potion"},{"floor":13,"key":"Ancient Potion"},{"floor":13,"key":"Dexterity Potion"},{"floor":13,"key":"PowerPotion"},{"floor":13,"key":"DuplicationPotion"},{"floor":15,"key":"SteroidPotion"},{"floor":19,"key":"FearPotion"},{"floor":21,"key":"ColorlessPotion"}],"is_trial":false,"path_per_floor":["R","M","M","M","M","R","T","?","E","M","M","T","?","E","M","B",null,"R","M","M","M","?","M"],"character_chosen":"THE_SPIRIT","items_purchased":[],"campfire_rested":1,"item_purchase_floors":[],"current_hp_per_floor":[63,61,53,53,47,68,68,68,57,57,50,50,34,29,26,3,53,53,46,36,11,11,0,0,0],"gold":417,"neow_bonus":"REMOVE_CARD","is_daily":false,"chose_seed":false,"campfire_upgraded":2,"win_rate":0.0,"timestamp":1612878008,"path_taken":["R","M","M","M","M","R","T","?","E","M","M","?","?","E","M","BOSS","R","M","M","?","?","M"],"items_purchased_type":[],"build_version":"2020-12-22","purchased_purges":0,"victory":false,"max_hp_per_floor":[70,70,70,70,70,70,70,70,70,70,70,70,70,70,70,70,70,70,70,70,70,70,70,70,70],"card_choices":[{"not_picked":["hexamod:BurningTouch","hexamod:HeatCrush"],"picked":"hexamod:HauntingEcho","floor":2},{"not_picked":["hexamod:ShieldOfDarkness","hexamod:BurningTouch"],"picked":"hexamod:BacktrackSmack","floor":3},{"not_picked":["hexamod:SpectralAdrenaline","hexamod:NightmareGuise"],"picked":"hexamod:SpectersWail","floor":4},{"not_picked":["hexamod:SpectralAdrenaline","hexamod:AdvancingGuard"],"picked":"hexamod:VolcanoVisage","floor":5},{"not_picked":["hexamod:Firestarter","hexamod:ExtraCrispy"],"picked":"hexamod:EmpoweredFlame","floor":9},{"not_picked":["hexamod:NightmareStrike","hexamod:PhantomCloak"],"picked":"hexamod:HauntingEcho","floor":10},{"not_picked":["hexamod:HauntingEcho","hexamod:PowerFromBeyond"],"picked":"hexamod:Rewind","floor":11},{"not_picked":["hexamod:FastForward","hexamod:SwordOfDarkness"],"picked":"hexamod:SuperheatedStrike","floor":13},{"not_picked":["hexamod:ThermalTransfer","hexamod:ShieldOfDarkness"],"picked":"hexamod:VolcanoVisage","floor":14},{"not_picked":["hexamod:HeatMetal","hexamod:RainOfEmbers"],"picked":"hexamod:SuperheatedStrike","floor":15},{"not_picked":["hexamod:HexaLevel","hexamod:WildfireWeapon"],"picked":"hexamod:SearingWound","floor":16},{"not_picked":["hexamod:HeatMetal+1","hexamod:SwordOfDarkness","hexamod:PowerFromBeyond"],"picked":"SKIP","floor":19},{"not_picked":["hexamod:SpectralAdrenaline","hexamod:SwordOfDarkness"],"picked":"hexamod:FirstSeal","floor":20},{"not_picked":["hexamod:FastForward","hexamod:FlamesFromBeyond"],"picked":"hexamod:GhostOfSpireFuture","floor":21}],"player_experience":2655351,"relics_obtained":[{"floor":7,"key":"StrikeDummy"},{"floor":9,"key":"Blue Candle"},{"floor":13,"key":"Potion Belt"},{"floor":14,"key":"Slimebound:PreparedRelic"}],"event_choices":[],"is_beta":false,"boss_relics":[{"not_picked":["Runic Dome","Tiny House"],"picked":"Empty Cage"}],"items_purged_floors":[],"is_endless":false,"potions_floor_spawned":[2,4,10,13,15,19,21],"killed_by":"3 Cultists","ascension_level":9}}