{"host":"pletss163z7s8pvv","time":1612856541,"event":{"mods":["AchievementEnabler","BaseMod","Better Altar","Better Match","Better Note","Better Sensory Stone","Better Skull","Better Third Choice","BetterRewards","CapriCore","ChefMod","Colored Map","Colored Powertips","Conspire","Energized Spire","Evolution","GifTheSpireLib","Hermit","Ironclad Rager","Jedi Mod","Marked Mod","Minty Spire (QoL Compilation)","Retaliation","Spicy Shops","StS++","StSLib","The Alterego","The Blue Laboratory","The Cursed","The Disciple","The Forsaken"],"gold_per_floor":[114,114,20,35,50,80,80,95,95,125,155,155,185,185,185,285,285,300,225,240,255,42,42,42,42,42,42,42,8,8,8,8,8,8,8,8,8,8,8,8,8,8,8,8,8,17,32,47,47,47],"floor_reached":51,"language":"ENG","playtime":805,"items_purged":[],"score":1431,"play_id":"eeb42666-bb71-4466-be15-040458c36d64","local_time":"20210209014221","daily_mods":["Draft","Hoarder","DeadlyEvents"],"is_ascension_mode":false,"campfire_choices":[{"data":"Mind Blast","floor":7,"key":"SMITH"},{"data":"Mind Blast","floor":12,"key":"SMITH"},{"data":"Mind Blast","floor":15,"key":"SMITH"},{"data":"Blade Dance","floor":23,"key":"SMITH"},{"data":"jedi:studyshivs","floor":25,"key":"SMITH"},{"floor":32,"key":"REST"},{"floor":40,"key":"REST"},{"data":"Caltrops","floor":45,"key":"SMITH"},{"floor":49,"key":"REST"}],"circlet_count":0,"master_deck":["Caltrops","Caltrops","Caltrops+1","jedi:unstablefumes","jedi:unstablefumes","Footwork","Footwork","Footwork","Slice","Slice","Slice","PiercingWail","PiercingWail","PiercingWail","Blade Dance","Blade Dance","Blade Dance+1","Bane","Bane+1","Bane","Backflip","Backflip","Backflip","Bane","Bane","Bane","Dodge and Roll","Dodge and Roll","Dodge and Roll","Crippling Poison","Crippling Poison","Crippling Poison","Dagger Spray","Dagger Spray","Dagger Spray","Finisher","Finisher","Finisher","Poisoned Stab","Poisoned Stab","Poisoned Stab","Deflect","Deflect","Deflect","jedi:pocketpoison","jedi:pocketpoison","jedi:pocketpoison+1","Mind Blast+1","Mind Blast+1","Mind Blast+1","Bane","Bane","Bane","Cloak And Dagger","Cloak And Dagger+1","Cloak And Dagger","Sucker Punch","Sucker Punch","Sucker Punch","Dagger Spray","Dagger Spray","Dagger Spray","StSpp:Anticipation","StSpp:Anticipation","StSpp:Anticipation","jedi:rejectivetoxin","jedi:rejectivetoxin","jedi:rejectivetoxin","Endless Agony","Endless Agony","Endless Agony","jedi:rejectivetoxin","jedi:rejectivetoxin","jedi:rejectivetoxin","jedi:pocketpoison+1","jedi:pocketpoison+1","jedi:pocketpoison+1","Metamorphosis+1","Metamorphosis+1","Metamorphosis+1","Deflect","Deflect","Deflect","Dodge and Roll+1","Dodge and Roll+1","Dodge and Roll+1","Endless Agony","Endless Agony","Endless Agony","jedi:studyshivs","jedi:studyshivs","jedi:studyshivs+1","Heel Hook","Heel Hook","Heel Hook","jedi:acidrain","jedi:acidrain","jedi:acidrain","Backflip+1","Backflip+1","Backflip+1","StSpp:Dive+1","StSpp:Dive+1","StSpp:Dive+1","Terror","Terror","Terror","Die Die Die","Die Die Die","Die Die Die","jedi:pocketpoison","jedi:pocketpoison","jedi:pocketpoison","Slice+1","Slice+1","Slice+1","Deflect","Deflect","Deflect","theForsaken:PlagueCurse","theForsaken:PlagueCurse","theForsaken:PlagueCurse","Die Die Die","Die Die Die","Die Die Die","Dagger Throw","Dagger Throw","Dagger Throw","Die Die Die","Die Die Die","Die Die Die","Slice+1","Slice+1","Slice+1","Deadly Poison","Deadly Poison","Deadly Poison","Quick Slash","Quick Slash","Quick Slash","Cloak And Dagger","Cloak And Dagger","Cloak And Dagger","StSpp:PoisonousPunch","StSpp:PoisonousPunch","StSpp:PoisonousPunch"],"relics":["Ring of the Snake","EVO:Axolotl","War Paint","Potion Belt","StSpp:ChessPiece","Snake Skull","Vajra","SlaversCollar","jedi:archwizardhat","jedi:ominousloannote","Bottled Lightning","ClockworkSouvenir","Blue Candle","Dream Catcher","Happy Flower","Oddly Smooth Stone","Tiny House","theForsaken:PlagueMask","PreservedInsect","jedi:ghostblades","Bronze Scales","jedi:rubbersling","StSpp:WoodenPendulum"],"acts_visited":["Exordium","TheCity","TheBeyond"],"potions_floor_usage":[35,50,50,50,50,50],"damage_taken":[{"damage":4,"enemies":"conspire:RoseBush","floor":1,"turns":3},{"damage":0,"enemies":"Cultist","floor":4,"turns":1},{"damage":0,"enemies":"Small Slimes","floor":5,"turns":2},{"damage":16,"enemies":"Gremlin Nob","floor":6,"turns":3},{"damage":0,"enemies":"Exordium Thugs","floor":8,"turns":2},{"damage":0,"enemies":"Lagavulin","floor":10,"turns":2},{"damage":0,"enemies":"Gremlin Nob","floor":11,"turns":1},{"damage":0,"enemies":"3 Sentries","floor":13,"turns":3},{"damage":23,"enemies":"The Guardian","floor":16,"turns":4},{"damage":0,"enemies":"Spheric Guardian","floor":18,"turns":1},{"damage":0,"enemies":"Shell Parasite","floor":20,"turns":1},{"damage":0,"enemies":"Centurion and Healer","floor":21,"turns":1},{"damage":0,"enemies":"Slavers","floor":24,"turns":1},{"damage":55,"enemies":"conspire:HollyBat","floor":28,"turns":16},{"damage":0,"enemies":"Gremlin Leader","floor":30,"turns":1},{"damage":0,"enemies":"Shelled Parasite and Fungi","floor":31,"turns":1},{"damage":53,"enemies":"Champ","floor":33,"turns":4},{"damage":3,"enemies":"3 Shapes","floor":35,"turns":1},{"damage":0,"enemies":"3 Darklings","floor":36,"turns":1},{"damage":0,"enemies":"Nemesis","floor":39,"turns":1},{"damage":0,"enemies":"Reptomancer","floor":42,"turns":1},{"damage":0,"enemies":"Giant Head","floor":44,"turns":1},{"damage":0,"enemies":"Reptomancer","floor":46,"turns":1},{"damage":0,"enemies":"Sphere and 2 Shapes","floor":47,"turns":1},{"damage":12,"enemies":"4 Shapes","floor":48,"turns":2},{"damage":20,"enemies":"Donu and Deca","floor":50,"turns":2}],"seed_played":"-878916022338446095","potions_obtained":[{"floor":1,"key":"blueLaboratory:BottleOfRum"},{"floor":8,"key":"blueLaboratory:HummingbirdPotion"},{"floor":11,"key":"ColorlessPotion"},{"floor":21,"key":"blueLaboratory:FrostheartPotion"},{"floor":28,"key":"blueLaboratory:TrueEctoplasm"},{"floor":33,"key":"blueLaboratory:EmptyBottle"},{"floor":34,"key":"jedi:StrikingPotion"},{"floor":35,"key":"blueLaboratory:BottleOfRum"},{"floor":42,"key":"blueLaboratory:BottleOfVodka"},{"floor":46,"key":"blueLaboratory:SavagePotion"}],"is_trial":false,"path_per_floor":["M","?","$","M","M","E","R","M","T","E","E","R","E","?","R","B",null,"M","?","M","M","$","R","E","R","T","T","M","$","E","M","R","B",null,"M","M","?","$","E","R","$","E","T","E","R","E","M","M","R","B",null],"character_chosen":"THE_SILENT","items_purchased":["Mind Blast","jedi:archwizardhat","jedi:ominousloannote","Bottled Lightning","ClockworkSouvenir","Endless Agony","jedi:acidrain"],"campfire_rested":3,"item_purchase_floors":[3,22,22,22,22,22,29],"current_hp_per_floor":[89,93,93,93,93,77,77,77,77,77,77,77,77,93,93,70,93,93,93,93,93,93,93,93,93,93,93,38,38,38,38,65,12,98,95,95,95,95,95,98,98,98,98,98,98,98,98,86,98,78],"gold":47,"neow_bonus":"","is_daily":true,"chose_seed":false,"campfire_upgraded":6,"win_rate":0.0,"timestamp":1612856541,"path_taken":["M","?","$","?","M","E","R","M","T","E","?","R","?","?","R","BOSS","M","?","M","M","$","R","E","R","T","?","?","$","?","M","R","BOSS","M","M","?","?","?","R","$","E","T","?","R","?","M","M","R","BOSS"],"items_purchased_type":["Card","Relic","Relic","Relic","Relic","Card","Card"],"build_version":"2020-12-22","purchased_purges":0,"victory":true,"max_hp_per_floor":[93,93,93,93,93,93,93,93,93,93,93,93,93,93,93,93,93,93,93,93,93,93,93,93,93,93,93,93,93,93,93,93,93,98,98,98,98,98,98,98,98,98,98,98,98,98,98,98,98,98],"card_choices":[{"not_picked":["Deflect","Flying Knee"],"picked":"Caltrops","floor":0},{"not_picked":["Acrobatics","Bouncing Flask"],"picked":"jedi:unstablefumes","floor":0},{"not_picked":["Underhanded Strike","Dodge and Roll"],"picked":"Footwork","floor":0},{"not_picked":["Acrobatics","Well Laid Plans"],"picked":"Slice","floor":0},{"not_picked":["StSpp:Dive","StSpp:Throw"],"picked":"PiercingWail","floor":0},{"not_picked":["Acrobatics","Cloak And Dagger"],"picked":"Blade Dance","floor":0},{"not_picked":["All Out Attack","Underhanded Strike"],"picked":"Bane","floor":0},{"not_picked":["Dagger Throw","Flying Knee"],"picked":"Backflip","floor":0},{"not_picked":["Deadly Poison","Slice"],"picked":"Bane","floor":0},{"not_picked":["Underhanded Strike","StSpp:Dive"],"picked":"Dodge and Roll","floor":0},{"not_picked":["Flying Knee","Riddle With Holes"],"picked":"Crippling Poison","floor":0},{"not_picked":["Sucker Punch","Underhanded Strike"],"picked":"Dagger Spray","floor":0},{"not_picked":["Deadly Poison","Acrobatics"],"picked":"Finisher","floor":0},{"not_picked":["Underhanded Strike","Outmaneuver"],"picked":"Poisoned Stab","floor":0},{"not_picked":["Sucker Punch","Quick Slash"],"picked":"Deflect","floor":0},{"not_picked":["Bane","Prepared"],"picked":"jedi:pocketpoison","floor":1},{"not_picked":["Cloak And Dagger","Predator"],"picked":"Bane","floor":4},{"not_picked":["Bouncing Flask","Flying Knee"],"picked":"Cloak And Dagger","floor":5},{"not_picked":["Backflip","Eviscerate"],"picked":"Sucker Punch","floor":6},{"not_picked":["Well Laid Plans","conspire:PoisonWeapons"],"picked":"Dagger Spray","floor":8},{"not_picked":["conspire:DoublingDagger","Tools of the Trade"],"picked":"StSpp:Anticipation","floor":10},{"not_picked":["Deflect","Cloak And Dagger"],"picked":"jedi:rejectivetoxin","floor":11},{"not_picked":["conspire:DoublingDagger","Blade Dance"],"picked":"Endless Agony","floor":13},{"not_picked":["A Thousand Cuts","Grand Finale"],"picked":"jedi:rejectivetoxin","floor":16},{"not_picked":["Blur","Quick Slash"],"picked":"jedi:pocketpoison+1","floor":18},{"not_picked":["Magnetism+1","Apotheosis+1"],"picked":"Metamorphosis+1","floor":19},{"not_picked":["Outmaneuver","Bane+1"],"picked":"Deflect","floor":20},{"not_picked":["Deflect","Quick Slash"],"picked":"Dodge and Roll+1","floor":21},{"not_picked":["StSpp:FiercePoison","Prepared"],"picked":"jedi:studyshivs","floor":24},{"not_picked":["Skewer+1","Blur"],"picked":"Heel Hook","floor":28},{"not_picked":["jedi:pocketpoison","Acrobatics+1"],"picked":"Backflip+1","floor":30},{"not_picked":["Predator","Caltrops+1"],"picked":"StSpp:Dive+1","floor":31},{"not_picked":["Prepared","Crippling Poison+1"],"picked":"Terror","floor":32},{"not_picked":["Adrenaline","Phantasmal Killer"],"picked":"Die Die Die","floor":33},{"not_picked":["StSpp:Dive+1","Bane"],"picked":"jedi:pocketpoison","floor":34},{"not_picked":["Distraction","Cloak And Dagger"],"picked":"Slice+1","floor":35},{"not_picked":["Acrobatics","Eviscerate+1"],"picked":"Deflect","floor":36},{"not_picked":["Deadly Poison","StSpp:FiercePoison"],"picked":"Die Die Die","floor":39},{"not_picked":["Cloak And Dagger","PiercingWail"],"picked":"Dagger Throw","floor":40},{"not_picked":["Backstab","StSpp:Anticipation+1"],"picked":"Die Die Die","floor":42},{"not_picked":["jedi:unstablefumes+1","Outmaneuver+1"],"picked":"Slice+1","floor":44},{"not_picked":["StSpp:Dive+1","jedi:pocketpoison"],"picked":"Deadly Poison","floor":46},{"not_picked":["Dagger Throw","Underhanded Strike+1","Reflex+1","StSpp:Dive+1"],"picked":"Quick Slash","floor":47},{"not_picked":["Grand Finale","Dash+1","Poisoned Stab+1","Dagger Throw+1"],"picked":"Cloak And Dagger","floor":48},{"not_picked":["Acrobatics+1","Masterful Stab+1","Heel Hook","Expertise+1"],"picked":"StSpp:PoisonousPunch","floor":49}],"player_experience":512111,"relics_obtained":[{"floor":6,"key":"War Paint"},{"floor":9,"key":"Potion Belt"},{"floor":10,"key":"StSpp:ChessPiece"},{"floor":11,"key":"Snake Skull"},{"floor":13,"key":"Vajra"},{"floor":24,"key":"Blue Candle"},{"floor":26,"key":"Dream Catcher"},{"floor":27,"key":"Happy Flower"},{"floor":30,"key":"Oddly Smooth Stone"},{"floor":39,"key":"PreservedInsect"},{"floor":42,"key":"jedi:ghostblades"},{"floor":43,"key":"Bronze Scales"},{"floor":44,"key":"jedi:rubbersling"},{"floor":46,"key":"StSpp:WoodenPendulum"}],"event_choices":[{"cards_removed":["jedi:unstablefumes"],"damage_healed":4,"gold_gain":0,"player_choice":"Offered Uncommon","damage_taken":0,"max_hp_gain":0,"max_hp_loss":0,"event_name":"Bonfire Elementals","floor":2,"gold_loss":0},{"damage_healed":31,"gold_gain":0,"player_choice":"Banana","damage_taken":0,"max_hp_gain":0,"max_hp_loss":0,"event_name":"Big Fish","floor":14,"gold_loss":0},{"damage_healed":0,"gold_gain":0,"player_choice":"2","damage_taken":0,"max_hp_gain":0,"max_hp_loss":0,"event_name":"betterMatch:BetterMatch","floor":19,"gold_loss":0,"cards_obtained":["betterMatch:ColorlessRareCard"]},{"damage_healed":0,"gold_gain":0,"player_choice":"Obtain Plague Curse","damage_taken":0,"max_hp_gain":0,"max_hp_loss":0,"event_name":"Plague Doctor","floor":37,"gold_loss":0,"cards_obtained":["theForsaken:PlagueCurse"]}],"is_beta":false,"boss_relics":[{"not_picked":["energizedSpire:NeverEndingSparkler","WristBlade"],"picked":"SlaversCollar"},{"not_picked":["Velvet Choker","StSpp:FireArrow"],"picked":"Tiny House"}],"items_purged_floors":[],"is_endless":false,"potions_floor_spawned":[1,8,11,21,28,31,33,35,42,44,46,48],"ascension_level":0}}