{"host":"6drv1qzpbnls60z2","time":1612884635,"event":{"mods":["ATMod(°¢èªMod)","Act Like it!","BaseMod","Hallownest","Jedi Mod","Minty Spire (QoL Compilation)","Reliquary","Replay The Spire","Shop Mod","Spicy Shops","StSLib","The Dragon Tamer","Uncapped","¡¾ÒÅÎï¿¨ÅÆ¡¿REMEMod","²ÐÁôÖ®Îï","óô»ðÖ¸ÄÏ"],"gold_per_floor":[110,160,44,61,74,74,74,107,107,6,6,6,6,6],"floor_reached":12,"language":"ZHS","playtime":589,"items_purged":[],"score":252,"play_id":"ead4cfdf-3077-428c-b1a5-0f6f3dec804a","local_time":"20210209233035","daily_mods":["Heirloom","Time Dilation","Flight"],"is_ascension_mode":true,"metric_token":1047,"campfire_choices":[{"data":"DTMod:SwitchingTactic","floor":6,"key":"SMITH"},{"data":"DTMod:Adaptation","floor":7,"key":"SMITH"},{"data":"AT_ChampionKick","floor":11,"key":"SMITH"}],"dtmod_dragon_data":[0,46,-1,-1,0,0],"circlet_count":0,"master_deck":["AscendersBane","DTMod:Strike","DTMod:Strike","DTMod:Strike","DTMod:Strike","DTMod:DoubleHit","DTMod:TargetDefense","DTMod:TargetDefense","DTMod:TargetDefense","DTMod:TargetDefense","DTMod:SwitchingTactic+1","AT_ChampionKick+1","DTMod:Adaptation+1","DTMod:MagiciansMark","DTMod:RunningTactic","DTMod:HeatWave","DTMod:QuickFly","DTMod:CalculatedDefense","DTMod:Hide","DTMod:WarmUp"],"relics":["DTMod:PactStone","AT_ATBox","REME_ComplimentaryCards","jedi:purplefairy","jedi:Pinwheel","Replay:Wax Seal"],"acts_visited":["Exordium"],"potions_floor_usage":[5],"damage_taken":[{"damage":0,"enemies":"Small Slimes","floor":1,"turns":3},{"damage":6,"enemies":"Cultist","floor":4,"turns":4},{"damage":5,"enemies":"Jaw Worm","floor":5,"turns":2},{"damage":25,"enemies":"Lagavulin","floor":8,"turns":7},{"damage":19,"enemies":"Gremlin Nob","floor":12,"turns":4}],"seed_played":"8686848128233820681","potions_obtained":[{"floor":1,"key":"SteroidPotion"}],"is_trial":true,"path_per_floor":["M","?","$","M","M","R","R","E","T","R","R","E"],"character_chosen":"THE_DT","items_purchased":["DTMod:RunningTactic","DTMod:Hide","DTMod:WarmUp"],"campfire_rested":0,"item_purchase_floors":[3,10,10],"current_hp_per_floor":[37,37,37,31,26,41,41,16,16,16,17,0,0,0],"gold":6,"neow_bonus":"","is_daily":false,"chose_seed":false,"campfire_upgraded":3,"win_rate":0.0,"timestamp":1612884635,"path_taken":["M","?","$","M","?","R","R","E","T","R","R","E"],"items_purchased_type":["Card","Card","Card"],"build_version":"2020-12-22","purchased_purges":0,"victory":false,"max_hp_per_floor":[41,41,41,41,41,41,41,41,41,41,41,41,41,41],"card_choices":[{"not_picked":["DTMod:BreakAttack","DTMod:Conduct"],"picked":"DTMod:MagiciansMark","floor":1},{"not_picked":["DTMod:FlameSlash","DTMod:TauntingStrike"],"picked":"DTMod:HeatWave","floor":4},{"not_picked":["DTMod:Weaken","DTMod:Hide"],"picked":"DTMod:QuickFly","floor":5},{"not_picked":["DTMod:Punisher","DTMod:CleansingStrike"],"picked":"DTMod:CalculatedDefense","floor":8}],"player_experience":15242,"relics_obtained":[{"floor":8,"key":"jedi:Pinwheel"},{"floor":9,"key":"Replay:Wax Seal"}],"event_choices":[{"damage_healed":0,"gold_gain":50,"player_choice":"Pray","damage_taken":0,"max_hp_gain":0,"max_hp_loss":0,"event_name":"Golden Shrine","floor":2,"gold_loss":0}],"is_beta":false,"boss_relics":[],"items_purged_floors":[],"is_endless":true,"potions_floor_spawned":[1],"killed_by":"Gremlin Nob","ascension_level":20}}