{"host":"gnfs9pc52tj5b2xa","time":1612859499,"event":{"mods":["BaseMod","Minty Spire (QoL Compilation)","Relic Sorter","Relic Stats","Slay the Relics Exporter","ojb\u0027s Better Paths Mod","ojb\u0027s Info Mod"],"gold_per_floor":[116,87,87,99,99,130,130,55,55,69,121,121,131,206,206,281,281,296,296,296,315,4,38,38,69,96,366,384,42,42,92,92,166,166,177,127,127,145,145,175,175,175,175,203,18,54,124,174,174,219,269,269,269,2,52,52,52],"floor_reached":56,"language":"ENG","playtime":12093,"items_purged":["Writhe","Strike_R"],"score":1995,"play_id":"e07adce0-b290-4327-8362-97a68e5b77fa","local_time":"20210209003139","is_ascension_mode":true,"campfire_choices":[{"data":"Bash","floor":7,"key":"SMITH"},{"data":"Clothesline","floor":15,"key":"SMITH"},{"floor":24,"key":"REST"},{"data":"Armaments","floor":30,"key":"SMITH"},{"data":"Offering","floor":32,"key":"SMITH"},{"floor":42,"key":"REST"},{"floor":49,"key":"RECALL"},{"floor":53,"key":"REST"}],"circlet_count":0,"master_deck":["AscendersBane","Strike_R","Strike_R","Strike_R","Defend_R","Defend_R","Defend_R","Defend_R","Bash+1","Armaments+1","Clothesline+1","Searing Blow","Rampage","Iron Wave","Thunderclap","Dropkick","Offering+1","Disarm","Uppercut","Shrug It Off+1","True Grit","Armaments+1","Corruption","Second Wind+1","HandOfGreed","Discovery","Clothesline+1","Sentinel","Dropkick","Sentinel+1","True Grit+1","Apotheosis"],"relics":["Burning Blood","NeowsBlessing","Juzu Bracelet","Paper Frog","Lantern","Velvet Choker","Shuriken","Membership Card","Meat on the Bone","Toy Ornithopter","Mango","PreservedInsect","Lee\u0027s Waffle","Thread and Needle","Snecko Eye","Bag of Marbles","Oddly Smooth Stone","Anchor","Frozen Eye","Turnip","FossilizedHelix","Calipers","Champion Belt"],"acts_visited":["Exordium","TheCity","TheBeyond","TheEnding"],"potions_floor_usage":[16,16,23,27,28,33,40,50,56],"damage_taken":[{"damage":0,"enemies":"Cultist","floor":1,"turns":1},{"damage":0,"enemies":"Small Slimes","floor":4,"turns":1},{"damage":0,"enemies":"3 Sentries","floor":6,"turns":2},{"damage":1,"enemies":"2 Louse","floor":10,"turns":3},{"damage":5,"enemies":"Blue Slaver","floor":13,"turns":3},{"damage":47,"enemies":"The Guardian","floor":16,"turns":12},{"damage":22,"enemies":"Shell Parasite","floor":18,"turns":3},{"damage":14,"enemies":"3 Byrds","floor":21,"turns":6},{"damage":36,"enemies":"Slavers","floor":23,"turns":7},{"damage":17,"enemies":"Gremlin Leader","floor":25,"turns":5},{"damage":15,"enemies":"Snecko","floor":28,"turns":4},{"damage":50,"enemies":"Automaton","floor":33,"turns":11},{"damage":19,"enemies":"3 Shapes","floor":35,"turns":5},{"damage":37,"enemies":"3 Darklings","floor":38,"turns":5},{"damage":48,"enemies":"Giant Head","floor":40,"turns":7},{"damage":7,"enemies":"Nemesis","floor":44,"turns":5},{"damage":2,"enemies":"Writhing Mass","floor":46,"turns":6},{"damage":0,"enemies":"2 Orb Walkers","floor":47,"turns":4},{"damage":0,"enemies":"Mind Bloom Boss Battle","floor":48,"turns":6},{"damage":45,"enemies":"Donu and Deca","floor":50,"turns":10},{"damage":22,"enemies":"Awakened One","floor":51,"turns":55},{"damage":33,"enemies":"Shield and Spear","floor":55,"turns":7},{"damage":79,"enemies":"The Heart","floor":56,"turns":6}],"seed_played":"6311957818816310775","potions_obtained":[{"floor":6,"key":"Swift Potion"},{"floor":10,"key":"Energy Potion"},{"floor":18,"key":"LiquidMemories"},{"floor":28,"key":"Weak Potion"},{"floor":44,"key":"CultistPotion"},{"floor":47,"key":"Strength Potion"},{"floor":48,"key":"LiquidMemories"}],"is_trial":false,"path_per_floor":["M","$","?","M","?","E","R","?","T","M","T","?","M","?","R","B",null,"M","?","?","M","$","E","R","E","T","?","M","$","R","?","R","B",null,"M","$","?","M","?","E","?","R","T","E","$","M","?","?","R","B","B",null,"R","$","E","B"],"character_chosen":"IRONCLAD","items_purchased":["Clothesline","Membership Card","Meat on the Bone","Lee\u0027s Waffle","Thread and Needle","True Grit","Armaments","Dropkick","Anchor","Frozen Eye","Calipers","Apotheosis"],"campfire_rested":3,"item_purchase_floors":[2,22,22,29,29,29,29,45,45,45,54,54],"current_hp_per_floor":[74,74,74,75,75,75,75,75,75,75,75,75,75,64,64,23,62,46,46,46,38,38,20,42,57,57,19,27,101,101,101,101,62,91,78,78,78,59,49,24,24,54,54,65,65,69,75,81,81,59,55,90,101,101,74,0,0],"gold":52,"neow_bonus":"THREE_ENEMY_KILL","is_daily":false,"chose_seed":false,"campfire_upgraded":4,"win_rate":0.0,"timestamp":1612859499,"path_taken":["M","?","?","?","?","E","R","?","T","M","?","?","M","?","R","BOSS","M","?","?","M","$","E","R","E","T","?","M","$","R","?","R","BOSS","M","$","?","M","?","E","?","R","T","E","$","M","?","?","R","BOSS","BOSS","R","$","E","BOSS"],"items_purchased_type":["Card","Relic","Relic","Relic","Relic","Card","Card","Card","Relic","Relic","Relic","Card"],"build_version":"2020-12-22","purchased_purges":2,"victory":false,"max_hp_per_floor":[75,75,75,75,75,75,75,75,75,75,75,75,75,75,75,75,75,75,75,75,75,75,75,75,89,89,94,94,101,101,101,101,101,101,101,101,101,101,101,101,101,101,101,101,101,101,101,101,101,101,101,101,101,101,101,101,101],"relic_stats":{"Lee\u0027s Waffle":74,"counters":[23,174],"Shuriken":[51],"Snecko Eye":[198,214,213,204],"PreservedInsect":257,"Turnip":[2],"Juzu Bracelet":2,"Champion Belt":[3],"obtain_stats":[{"Lantern":11,"Lee\u0027s Waffle":29,"Calipers":54,"NeowsBlessing":0,"Velvet Choker":17,"Oddly Smooth Stone":44,"Mango":25,"Thread and Needle":29,"PreservedInsect":26,"Juzu Bracelet":6,"Burning Blood":0,"Frozen Eye":45,"Anchor":45,"Shuriken":20,"Snecko Eye":34,"Turnip":47,"Bag of Marbles":40,"Membership Card":22,"Champion Belt":55,"Toy Ornithopter":23,"FossilizedHelix":48,"Paper Frog":9,"Meat on the Bone":22},{"Lantern":4,"Lee\u0027s Waffle":11,"Calipers":21,"NeowsBlessing":0,"Velvet Choker":6,"Oddly Smooth Stone":16,"Mango":10,"Thread and Needle":11,"PreservedInsect":10,"Juzu Bracelet":3,"Burning Blood":0,"Frozen Eye":16,"Anchor":16,"Shuriken":7,"Snecko Eye":12,"Turnip":18,"Bag of Marbles":15,"Membership Card":8,"Champion Belt":22,"Toy Ornithopter":9,"FossilizedHelix":19,"Paper Frog":3,"Meat on the Bone":8},{"Lantern":7,"Lee\u0027s Waffle":47,"Calipers":161,"NeowsBlessing":0,"Velvet Choker":22,"Oddly Smooth Stone":80,"Mango":43,"Thread and Needle":47,"PreservedInsect":43,"Juzu Bracelet":4,"Burning Blood":0,"Frozen Eye":80,"Anchor":80,"Shuriken":25,"Snecko Eye":58,"Turnip":90,"Bag of Marbles":75,"Membership Card":31,"Champion Belt":168,"Toy Ornithopter":38,"FossilizedHelix":96,"Paper Frog":4,"Meat on the Bone":31}],"Burning Blood":115,"Toy Ornithopter":30,"Meat on the Bone":96},"card_choices":[{"not_picked":["Wild Strike","Clash"],"picked":"Armaments","floor":1},{"not_picked":["Heavy Blade","Armaments"],"picked":"Rampage","floor":4},{"not_picked":["Blood for Blood","Combust"],"picked":"Iron Wave","floor":6},{"not_picked":["Havoc","Cleave"],"picked":"Thunderclap","floor":10},{"not_picked":["Pommel Strike","Bludgeon"],"picked":"Dropkick","floor":13},{"not_picked":["Juggernaut","Limit Break"],"picked":"Offering","floor":16},{"not_picked":["Heavy Blade+1","Warcry"],"picked":"Disarm","floor":18},{"not_picked":["Clash","Twin Strike+1"],"picked":"Shrug It Off+1","floor":21},{"not_picked":["Twin Strike","Bloodletting","Headbutt"],"picked":"SKIP","floor":23},{"not_picked":["Evolve","Bloodletting","Body Slam"],"picked":"SKIP","floor":25},{"not_picked":["Evolve","Bloodletting","Body Slam"],"picked":"SKIP","floor":25},{"not_picked":["Iron Wave","Cleave","Demon Form"],"picked":"SKIP","floor":28},{"not_picked":["Double Tap","Berserk"],"picked":"Corruption","floor":33},{"not_picked":["Fire Breathing+1","Headbutt+1","Twin Strike"],"picked":"SKIP","floor":35},{"not_picked":["Evolve+1","Iron Wave"],"picked":"Second Wind+1","floor":38},{"not_picked":["Metamorphosis","Bandage Up"],"picked":"HandOfGreed","floor":39},{"not_picked":["Good Instincts","Impatience"],"picked":"Discovery","floor":39},{"not_picked":["Blood for Blood","Body Slam"],"picked":"Clothesline+1","floor":40},{"not_picked":["Intimidate","Evolve"],"picked":"Sentinel","floor":44},{"not_picked":["Bloodletting","True Grit","Rampage"],"picked":"SKIP","floor":46},{"not_picked":["Clash","Blood for Blood"],"picked":"Sentinel+1","floor":47},{"not_picked":["Headbutt","Flex"],"picked":"True Grit+1","floor":48},{"not_picked":["Dual Wield","Infernal Blade","Blood for Blood"],"picked":"SKIP","floor":55}],"player_experience":1293859,"relics_obtained":[{"floor":6,"key":"Juzu Bracelet"},{"floor":9,"key":"Paper Frog"},{"floor":11,"key":"Lantern"},{"floor":23,"key":"Toy Ornithopter"},{"floor":25,"key":"Mango"},{"floor":26,"key":"PreservedInsect"},{"floor":40,"key":"Bag of Marbles"},{"floor":44,"key":"Oddly Smooth Stone"},{"floor":47,"key":"Turnip"},{"floor":48,"key":"FossilizedHelix"},{"floor":55,"key":"Champion Belt"}],"event_choices":[{"damage_healed":0,"gold_gain":0,"player_choice":"2 cards matched","damage_taken":0,"max_hp_gain":0,"max_hp_loss":0,"event_name":"Match and Keep!","floor":3,"gold_loss":0,"cards_obtained":["Searing Blow","Bash"]},{"damage_healed":0,"gold_gain":0,"player_choice":"Grow","damage_taken":0,"max_hp_gain":0,"max_hp_loss":0,"event_name":"Living Wall","floor":5,"gold_loss":0,"cards_upgraded":["Armaments"]},{"cards_removed":["Strike_R"],"damage_healed":0,"gold_gain":0,"player_choice":"Card Removal","damage_taken":0,"max_hp_gain":0,"max_hp_loss":0,"event_name":"The Cleric","floor":8,"gold_loss":75},{"damage_healed":0,"gold_gain":0,"player_choice":"Ignored","damage_taken":0,"max_hp_gain":0,"max_hp_loss":0,"event_name":"Liars Game","floor":12,"gold_loss":0},{"damage_healed":0,"gold_gain":75,"player_choice":"Gather Gold","damage_taken":11,"max_hp_gain":0,"max_hp_loss":0,"event_name":"World of Goop","floor":14,"gold_loss":0},{"damage_healed":0,"gold_gain":0,"player_choice":"Read","damage_taken":0,"max_hp_gain":0,"max_hp_loss":0,"event_name":"The Library","floor":19,"gold_loss":0,"cards_obtained":["Uppercut"]},{"damage_healed":0,"gold_gain":0,"player_choice":"Opened","damage_taken":0,"relics_obtained":["Shuriken"],"max_hp_gain":0,"max_hp_loss":0,"event_name":"The Mausoleum","floor":20,"gold_loss":0,"cards_obtained":["Writhe"]},{"damage_healed":0,"gold_gain":270,"player_choice":"GOLD GOLD POTION POTION POTION GOLD ","damage_taken":48,"max_hp_gain":0,"max_hp_loss":0,"event_name":"Knowing Skull","floor":27,"potions_obtained":["Explosive Potion","Fruit Juice","LiquidMemories"],"gold_loss":0,"cards_obtained":[]},{"damage_healed":0,"gold_gain":50,"player_choice":"Stole From Cult","damage_taken":0,"max_hp_gain":0,"max_hp_loss":0,"event_name":"Nest","floor":31,"gold_loss":0},{"damage_healed":0,"gold_gain":0,"player_choice":"Ignored","damage_taken":0,"max_hp_gain":0,"max_hp_loss":0,"event_name":"Tomb of Lord Red Mask","floor":37,"gold_loss":0},{"damage_healed":0,"gold_gain":0,"player_choice":"Memory 3","damage_taken":10,"max_hp_gain":0,"max_hp_loss":0,"event_name":"SensoryStone","floor":39,"gold_loss":0},{"cards_removed":["Bash"],"damage_healed":0,"gold_gain":0,"player_choice":"Removed Attack","damage_taken":0,"max_hp_gain":0,"max_hp_loss":0,"event_name":"Falling","floor":41,"gold_loss":0},{"damage_healed":0,"gold_gain":0,"player_choice":"Fight","damage_taken":0,"max_hp_gain":0,"max_hp_loss":0,"event_name":"Mysterious Sphere","floor":47,"gold_loss":0},{"damage_healed":0,"gold_gain":0,"player_choice":"Fight","damage_taken":0,"max_hp_gain":0,"max_hp_loss":0,"event_name":"MindBloom","floor":48,"gold_loss":0}],"is_beta":false,"boss_relics":[{"not_picked":["SlaversCollar","Black Blood"],"picked":"Velvet Choker"},{"not_picked":["SacredBark","Tiny House"],"picked":"Snecko Eye"}],"items_purged_floors":[29,36],"is_endless":false,"potions_floor_spawned":[6,10,18,28,44,47,48],"killed_by":"The Heart","ascension_level":20}}