{"host":"it04jaz8eul1eh3d","time":1612878681,"event":{"mods":["AchievementEnabler","BaseMod","Colored Map","DeckTracker","Keyboard Shortcuts","Minty Spire (QoL Compilation)","SuperFastMode"],"gold_per_floor":[18,18,31,54,329,365,388,388,413,429,429,447,32,2,2,126,126,150,150,123,123,39,39,66,66,66],"floor_reached":25,"language":"KOR","playtime":775,"items_purged":["Regret"],"score":221,"play_id":"f72db0ba-03af-4b40-9388-0df3aa5c5442","local_time":"20210209225121","is_ascension_mode":false,"campfire_choices":[{"floor":11,"key":"REST"},{"data":"Heavy Blade","floor":15,"key":"SMITH"},{"data":"Heavy Blade","floor":23,"key":"SMITH"}],"circlet_count":0,"master_deck":["Strike_R","Strike_R","Strike_R","Strike_R","Strike_R","Defend_R","Defend_R","Defend_R","Defend_R","Bash","Limit Break+1","Flame Barrier","Injury","Heavy Blade+1","Inflame","Warcry","Twin Strike","Inflame","Double Tap","Heavy Blade","Impervious","Shame","Inflame","Heavy Blade+1","Metallicize"],"relics":["Black Blood","Bloody Idol","Smiling Mask","Anchor","Toolbox","Potion Belt","Juzu Bracelet"],"acts_visited":["Exordium","TheCity"],"potions_floor_usage":[10,24,24,25],"damage_taken":[{"damage":12,"enemies":"Small Slimes","floor":1,"turns":5},{"damage":5,"enemies":"2 Louse","floor":3,"turns":3},{"damage":1,"enemies":"Cultist","floor":4,"turns":4},{"damage":65,"enemies":"Gremlin Nob","floor":6,"turns":6},{"damage":14,"enemies":"Large Slime","floor":7,"turns":7},{"damage":6,"enemies":"Red Slaver","floor":10,"turns":4},{"damage":3,"enemies":"Exordium Thugs","floor":12,"turns":4},{"damage":5,"enemies":"Looter","floor":14,"turns":4},{"damage":12,"enemies":"Hexaghost","floor":16,"turns":9},{"damage":30,"enemies":"3 Byrds","floor":18,"turns":6},{"damage":21,"enemies":"2 Thieves","floor":20,"turns":5},{"damage":44,"enemies":"Book of Stabbing","floor":24,"turns":6},{"damage":28,"enemies":"Shelled Parasite and Fungi","floor":25,"turns":4}],"seed_played":"-6163001555646939226","potions_obtained":[{"floor":3,"key":"ColorlessPotion"},{"floor":4,"key":"Block Potion"},{"floor":6,"key":"DuplicationPotion"},{"floor":12,"key":"PowerPotion"}],"is_trial":false,"path_per_floor":["M","?","M","M","?","E","M","?","T","M","R","M","$","M","R","B",null,"M","?","M","?","$","R","E","M"],"character_chosen":"IRONCLAD","items_purchased":["Inflame","Double Tap","Toolbox","Inflame","Heavy Blade"],"campfire_rested":1,"item_purchase_floors":[13,13,13,22,22],"current_hp_per_floor":[74,74,75,80,80,21,13,13,13,13,37,40,40,41,41,35,80,62,62,53,53,53,53,26,0,0],"gold":66,"neow_bonus":"THREE_RARE_CARDS","is_daily":false,"chose_seed":false,"campfire_upgraded":2,"win_rate":0.0,"timestamp":1612878681,"path_taken":["M","?","M","M","?","E","?","?","T","?","R","M","?","M","R","BOSS","M","?","M","?","$","R","E","M"],"items_purchased_type":["Card","Card","Relic","Card","Card"],"build_version":"2020-12-22","purchased_purges":1,"victory":false,"max_hp_per_floor":[80,80,80,80,80,80,80,80,80,80,80,80,80,80,80,80,80,80,80,80,80,80,80,80,80,80],"card_choices":[{"not_picked":["Feed","Immolate"],"picked":"Limit Break","floor":0},{"not_picked":["Thunderclap","Dual Wield"],"picked":"Flame Barrier","floor":1},{"not_picked":["Second Wind","Iron Wave"],"picked":"Heavy Blade","floor":3},{"not_picked":["Reckless Charge","Combust"],"picked":"Inflame","floor":4},{"not_picked":["True Grit","Perfected Strike"],"picked":"Warcry","floor":6},{"not_picked":["Pommel Strike","Warcry","Cleave"],"picked":"SKIP","floor":7},{"not_picked":["Armaments","Entrench"],"picked":"Twin Strike","floor":10},{"not_picked":["Pommel Strike","Flex","Body Slam"],"picked":"SKIP","floor":12},{"not_picked":["Metallicize","True Grit"],"picked":"Heavy Blade","floor":14},{"not_picked":["Exhume","Brutality"],"picked":"Impervious","floor":16},{"not_picked":["Thunderclap","Disarm+1","Headbutt"],"picked":"SKIP","floor":18},{"not_picked":["Iron Wave+1","Body Slam","True Grit"],"picked":"SKIP","floor":20},{"not_picked":["Corruption","Perfected Strike"],"picked":"Metallicize","floor":24}],"player_experience":147545,"relics_obtained":[{"floor":6,"key":"Smiling Mask"},{"floor":9,"key":"Anchor"},{"floor":24,"key":"Juzu Bracelet"}],"event_choices":[{"damage_healed":0,"gold_gain":0,"player_choice":"Take Wound","damage_taken":0,"relics_obtained":["Golden Idol"],"max_hp_gain":0,"max_hp_loss":0,"event_name":"Golden Idol","floor":2,"gold_loss":0,"cards_obtained":["Injury"]},{"damage_healed":0,"gold_gain":275,"player_choice":"Desecrate","damage_taken":0,"max_hp_gain":0,"max_hp_loss":0,"event_name":"Golden Shrine","floor":5,"gold_loss":0,"cards_obtained":["Regret"]},{"damage_healed":0,"gold_gain":0,"player_choice":"Upgraded","damage_taken":0,"max_hp_gain":0,"max_hp_loss":0,"event_name":"Upgrade Shrine","floor":8,"gold_loss":0,"cards_upgraded":["Limit Break"]},{"damage_healed":0,"gold_gain":0,"player_choice":"Stole Relic","damage_taken":0,"relics_obtained":["Potion Belt"],"max_hp_gain":0,"max_hp_loss":0,"event_name":"Addict","floor":19,"gold_loss":0,"cards_obtained":["Shame"]},{"damage_healed":0,"gold_gain":0,"player_choice":"Gave Idol","damage_taken":0,"relics_obtained":["Bloody Idol"],"max_hp_gain":0,"max_hp_loss":0,"event_name":"Forgotten Altar","floor":21,"relics_lost":["Golden Idol"],"gold_loss":0}],"is_beta":false,"boss_relics":[{"not_picked":["Tiny House","Black Star"],"picked":"Black Blood"}],"items_purged_floors":[13],"is_endless":false,"potions_floor_spawned":[3,4,6,12,18],"killed_by":"Shelled Parasite and Fungi","ascension_level":0}}