{"host":"xp5rvh2jwe2ejyfm","time":1612913873,"event":{"mods":["2.2 Compatiblity","Aspiration","BaseMod","Better Altar","Better Match","Better Note","Better Sensory Stone","Better Skull","BetterRewards","Colored Powertips","Conspire","Downfall","GifTheSpireLib","Gremlin Mod","GungeonMod","Hermit","Hubris","Jorbs\u0027s Wanderer Trilogy","Minty Spire (QoL Compilation)","Potionbrewer","Quick Restart","Replay The Spire","Robot Space Explorer","Shade Mod","Somnambulant","StSLib","The Bug Knight","The Clintock","The Construct","The Cursed","The Disciple","The Forsaken","The Hierophant","The Necromancer","The Runesmith","The Servant 0.9.4","The Valiant","The Witch","TheFirefly","thorton"],"gold_per_floor":[115,135,54,64,64,93,7,20,20,20,55,55,75,88,88,185,185,204,224,67,78,78,111,210,210,210],"floor_reached":25,"language":"ENG","playtime":1054,"items_purged":[],"score":283,"play_id":"dfc400ce-96ef-46ce-b84a-247fbf20209a","local_time":"20210209183753","is_ascension_mode":false,"campfire_choices":[{"floor":15,"key":"RECALL"}],"circlet_count":0,"master_deck":["Shade:Strike_Shade","Shade:Strike_Shade","Shade:Strike_Shade","Shade:Strike_Shade","Shade:Defend_Shade","Shade:Defend_Shade","Shade:Defend_Shade","Shade:Defend_Shade","Shade:AnimateDead+1","Shade:CarefulCut","Shade:GraveStillness","Shade:PoundOfFlesh","Shade:Carnophage","Shade:FleshToFlesh","Shade:WallOfFlesh","Shade:Bonestorm","Shade:WallOfFlesh","Shade:WallOfFlesh","Shade:ExtraLimbs","Shade:SpectralStrikes","Shade:SoulToxin","Shade:FleshToFlesh","Shade:OfferingToTheBeyond","Shade:Bonestorm","Shade:Trample+1","Shade:Putrefaction","Shade:SkeletonHug+1","Shade:Trample"],"relics":["Shade:YorickSkull","NeowsBlessing","aspiration:SeaSaltIceCream","BlackCat","Slimebound:StickyStick","theForsaken:Gavel","hubris:ScarierMask","Shovel"],"acts_visited":["Exordium","TheCity"],"potions_floor_usage":[6,6,6,11,16,21],"damage_taken":[{"damage":0,"enemies":"Cultist","floor":1,"turns":1},{"damage":0,"enemies":"2 Louse","floor":2,"turns":1},{"damage":0,"enemies":"Small Slimes","floor":4,"turns":2},{"damage":0,"enemies":"3 Sentries","floor":6,"turns":8},{"damage":0,"enemies":"2 Fungi Beasts","floor":8,"turns":6},{"damage":3,"enemies":"Gremlin Nob","floor":11,"turns":4},{"damage":0,"enemies":"Exordium Wildlife","floor":13,"turns":6},{"damage":0,"enemies":"Large Slime","floor":14,"turns":9},{"damage":2,"enemies":"Slime Boss","floor":16,"turns":14},{"damage":2,"enemies":"Spheric Guardian","floor":18,"turns":11},{"damage":0,"enemies":"Chosen","floor":19,"turns":7},{"damage":19,"enemies":"Snake Plant","floor":21,"turns":7},{"damage":0,"enemies":"conspire:Head Lice","floor":23,"turns":10},{"damage":47,"enemies":"Book of Stabbing","floor":25,"turns":6}],"seed_played":"7159606331808855246","potions_obtained":[{"floor":1,"key":"ColorlessPotion"},{"floor":4,"key":"SteroidPotion"},{"floor":5,"key":"Strength Potion"},{"floor":5,"key":"Dexterity Potion"},{"floor":6,"key":"champ:CounterPotion"},{"floor":11,"key":"champ:CounterPotion"},{"floor":18,"key":"Weak Potion"}],"is_trial":false,"path_per_floor":["M","M","$","M","?","E","$","M","T","$","E","?","M","M","R","B",null,"M","M","$","M","?","E","?","E"],"character_chosen":"SHADE","items_purchased":["Shade:Carnophage","Shade:Bonestorm","Shade:WallOfFlesh","Shade:Putrefaction"],"campfire_rested":0,"item_purchase_floors":[3,7,7,20],"current_hp_per_floor":[65,65,65,65,65,65,65,65,65,65,62,62,62,62,62,60,65,63,63,63,44,44,44,44,0,0],"gold":210,"neow_bonus":"THREE_ENEMY_KILL","is_daily":false,"chose_seed":false,"campfire_upgraded":0,"win_rate":0.0,"timestamp":1612913873,"path_taken":["M","M","$","?","?","E","$","M","T","?","E","?","M","M","R","BOSS","M","M","$","M","?","E","?","E"],"items_purchased_type":["Card","Card","Card","Card"],"build_version":"2020-12-22","purchased_purges":0,"victory":false,"max_hp_per_floor":[65,65,65,65,65,65,65,65,65,65,65,65,65,65,65,65,65,65,65,65,65,65,65,65,65,65],"card_choices":[{"not_picked":["Shade:FingerOfDeath","Shade:AuraOfUnlife"],"picked":"Shade:GraveStillness","floor":1},{"not_picked":["Shade:Premonition","Shade:GreyBargain"],"picked":"Shade:PoundOfFlesh","floor":2},{"not_picked":["Shade:SpontaneousRitual","Shade:ExtraLimbs"],"picked":"Shade:FleshToFlesh","floor":4},{"not_picked":["Shade:Premonition","Shade:ExtraLimbs"],"picked":"Shade:WallOfFlesh","floor":6},{"not_picked":["Shade:FleshOffering","Shade:Doomsay"],"picked":"Shade:ExtraLimbs","floor":8},{"not_picked":["Shade:SkeletonHug","Shade:FuneraryArmor"],"picked":"Shade:SpectralStrikes","floor":11},{"not_picked":["Shade:FuneraryArmor","Shade:Trample"],"picked":"Shade:SoulToxin","floor":13},{"not_picked":["Shade:StitchTogether","Shade:BoneShards"],"picked":"Shade:FleshToFlesh","floor":14},{"not_picked":["Shade:OneIsEnough","Shade:SelfBurial"],"picked":"Shade:OfferingToTheBeyond","floor":16},{"not_picked":["Shade:Haruspicy+1","Shade:WallOfFlesh"],"picked":"Shade:Bonestorm","floor":18},{"not_picked":["Shade:CommandSoldier","Shade:ClawBack"],"picked":"Shade:Trample+1","floor":19},{"not_picked":["Shade:Excise","Shade:CallOfTheGrave"],"picked":"Shade:SkeletonHug+1","floor":21},{"not_picked":["Shade:Asphyxiate","Shade:Premonition"],"picked":"Shade:Trample","floor":23}],"player_experience":479470,"relics_obtained":[{"floor":6,"key":"aspiration:SeaSaltIceCream"},{"floor":9,"key":"Slimebound:StickyStick"},{"floor":11,"key":"theForsaken:Gavel"},{"floor":23,"key":"Shovel"}],"event_choices":[{"damage_healed":0,"gold_gain":0,"player_choice":"Got Potions","damage_taken":0,"max_hp_gain":0,"max_hp_loss":0,"event_name":"Lab","floor":5,"gold_loss":0},{"damage_healed":0,"gold_gain":0,"player_choice":"Grow","damage_taken":0,"max_hp_gain":0,"max_hp_loss":0,"event_name":"Living Wall","floor":12,"gold_loss":0,"cards_upgraded":["Shade:AnimateDead"]},{"cards_removed":["Shade:AnimateDead"],"damage_healed":0,"gold_gain":0,"player_choice":"Give","damage_taken":0,"max_hp_gain":0,"max_hp_loss":0,"event_name":"betterNote:BetterNote","floor":22,"gold_loss":0,"cards_obtained":["None"]},{"damage_healed":0,"gold_gain":99,"player_choice":"Stole From Cult","damage_taken":0,"max_hp_gain":0,"max_hp_loss":0,"event_name":"Nest","floor":24,"gold_loss":0}],"is_beta":false,"boss_relics":[{"not_picked":["Runic Pyramid","hubris:CrackedHourglass"],"picked":"hubris:ScarierMask"}],"items_purged_floors":[],"is_endless":false,"potions_floor_spawned":[1,4,6,11,18],"killed_by":"Book of Stabbing","ascension_level":0}}