{"host":"b9sas8jv6tsy9swm","time":1612872920,"event":{"mods":["AchievementEnabler","BaseMod","Minty Spire (QoL Compilation)","Permanent Neow","Quick Restart","Replay The Spire","StSLib"],"gold_per_floor":[119,119,137,155,6,38,38,52,52,79,91,118,50,81,81,81,81],"floor_reached":16,"language":"ZHS","playtime":780,"items_purged":["Strike_R"],"score":202,"play_id":"b6df7373-3f05-46c1-9421-44205e66c96d","local_time":"20210209201520","is_ascension_mode":true,"campfire_choices":[{"data":"ReplayTheSpireMod:Strike From Hell","floor":7.0,"key":"SMITH"}],"circlet_count":0,"master_deck":["Strike_R","Strike_R","Defend_R","Defend_R","Defend_R","Bash+1","Flame Barrier+1","Dropkick+1","Abandon+1","ReplayTheSpireMod:Strike From Hell+1","Shrug It Off","Sentinel","Dark Embrace","True Grit","Dual Wield","Second Wind","Fire Breathing"],"relics":["Astrolabe","Omamori","Gremlin Food","Quantum Egg","Pantograph","Prayer Wheel"],"acts_visited":["Exordium"],"potions_floor_usage":[],"damage_taken":[{"damage":0.0,"enemies":"Small Slimes","floor":1.0,"turns":3.0},{"damage":0.0,"enemies":"Cultist","floor":3.0,"turns":2.0},{"damage":0.0,"enemies":"Jaw Worm","floor":4.0,"turns":3.0},{"damage":0.0,"enemies":"Gremlin Nob","floor":6.0,"turns":3.0},{"damage":2.0,"enemies":"Exordium Thugs","floor":8.0,"turns":3.0},{"damage":24.0,"enemies":"3 Sentries","floor":10.0,"turns":10.0},{"damage":3.0,"enemies":"Looter","floor":11.0,"turns":3.0},{"damage":2.0,"enemies":"Gremlin Nob","floor":12.0,"turns":3.0},{"damage":19.0,"enemies":"3 Sentries","floor":14.0,"turns":7.0},{"damage":16,"enemies":"The Guardian","floor":16,"turns":6}],"seed_played":"-5757399337443578029","potions_obtained":[{"floor":3.0,"key":"SteroidPotion"},{"floor":4.0,"key":"AttackPotion"},{"floor":11.0,"key":"AttackPotion"},{"floor":15.0,"key":"Cursed Concoction"},{"floor":15.0,"key":"LiquidMemories"}],"is_trial":false,"path_per_floor":["M","?","M","M","$","E","R","M","T","E","M","E","$","E","R","B"],"character_chosen":"IRONCLAD","items_purchased":["Dark Embrace","Second Wind"],"campfire_rested":0,"item_purchase_floors":[5,13],"current_hp_per_floor":[72,72,72,72,72,72,72,70,70,46,43,41,41,22,22,31,31],"gold":81,"neow_bonus":"BOSS_RELIC","is_daily":false,"chose_seed":false,"campfire_upgraded":1,"win_rate":0.0,"timestamp":1612872920,"path_taken":["M","?","M","?","$","E","R","M","T","E","?","E","?","E","R","BOSS"],"items_purchased_type":["Card","Card"],"build_version":"2020-12-22","purchased_purges":1,"victory":false,"max_hp_per_floor":[80,80,80,80,80,80,80,80,80,80,80,80,80,80,80,80,80],"card_choices":[{"not_picked":["Flex","Spot Weakness"],"picked":"ReplayTheSpireMod:Strike From Hell","floor":1.0},{"not_picked":["Heavy Blade","Run Through"],"picked":"Shrug It Off","floor":3.0},{"not_picked":["ReplayTheSpireMod:Strike From Hell","Replay:Undeath\u0027s Touch"],"picked":"Sentinel","floor":4.0},{"not_picked":["Reckless Charge","Entrench","Massacre"],"picked":"SKIP","floor":6.0},{"not_picked":["ReplayTheSpireMod:Muscle Training","Replay:Undeath\u0027s Touch","Hemokinesis"],"picked":"SKIP","floor":8.0},{"not_picked":["Blood for Blood","Body Slam"],"picked":"True Grit","floor":10.0},{"not_picked":["Wild Strike","Clothesline"],"picked":"Dual Wield","floor":11.0},{"not_picked":["Rampage","Heavy Blade","ReplayTheSpireMod:Corrosion Curse"],"picked":"SKIP","floor":12.0},{"not_picked":["Impervious","Headbutt"],"picked":"Fire Breathing","floor":14.0}],"player_experience":374435,"relics_obtained":[{"floor":6.0,"key":"Omamori"},{"floor":9.0,"key":"Gremlin Food"},{"floor":10.0,"key":"Quantum Egg"},{"floor":12.0,"key":"Pantograph"},{"floor":14.0,"key":"Prayer Wheel"}],"event_choices":[{"damage_healed":0.0,"max_hp_gain":0.0,"max_hp_loss":0.0,"gold_gain":0.0,"event_name":"Upgrade Shrine","player_choice":"Upgraded","floor":2.0,"gold_loss":0.0,"damage_taken":0.0,"cards_upgraded":["Bash"]}],"is_beta":false,"boss_relics":[],"items_purged_floors":[5],"is_endless":false,"potions_floor_spawned":[3,4,11],"killed_by":"The Guardian","ascension_level":6}}