{"host":"ehk2vz3jeqz7o4kx","time":1612886507,"event":{"mods":["Aspiration","BaseMod","Colored Powertips","Hermit","Highlight Path","Hubris","Infinite Spire","Minty Spire (QoL Compilation)","Relic Stats","StSLib","everything is the same but u backflip on backflip"],"gold_per_floor":[117,117,117,117,131,131,161,188,188,37,48,48,72,85,85,190,190,207,221,321,334,352,352,352,365,365,397,408,408,408,82,82,187,187,199,199,245,245,76,107,107,437,461,461,480,480,495,511,511,511,511],"floor_reached":50,"language":"ENG","playtime":2265,"items_purged":["Defend_R","Strike_R"],"score":545,"play_id":"79316aa7-7326-428d-9563-3677f774c24e","local_time":"20210209160147","daily_mods":["Heirloom"],"is_ascension_mode":false,"campfire_choices":[{"data":"Heavy Blade","floor":6,"key":"SMITH"},{"data":"Shrug It Off","floor":12,"key":"SMITH"},{"data":"Perfected Strike","floor":15,"key":"SMITH"},{"floor":23,"key":"REST"},{"floor":30,"key":"REST"},{"floor":32,"key":"REST"},{"data":"Double Tap","floor":41,"key":"SMITH"},{"floor":44,"key":"REST"},{"floor":46,"key":"REST"},{"data":"Demon Form","floor":49,"key":"SMITH"}],"circlet_count":0,"master_deck":["Strike_R","Strike_R","Strike_R","Strike_R","Defend_R","Defend_R","Defend_R","Bash","Heavy Blade+1","Shrug It Off+1","Perfected Strike+1","Heavy Blade+1","Flex","Demon Form+1","Twin Strike","Terror","Perfected Strike","Skewer","Inflame","Poisoned Stab","PiercingWail","Double Tap+1","Bouncing Flask+1","Flash of Steel","Bouncing Flask","Rage","PiercingWail+1","Cleave+1","Parasite","Carnage+1"],"relics":["DollysMirror","NlothsMask","aspiration:SupercapacitiveCoin","hubris:CrackedHourglass","Sundial","Burning Blood","hubris:FruitBowl","infinitespire:Chaos","aspiration:SilentSkillbook","Darkstone Periapt","Gambling Chip","aspiration:HummingbirdHeart","aspiration:PoetsPen_weak","CaptainsWheel","hubris:Icosahedron","aspiration:Lifesprig","Old Coin","Vajra"],"acts_visited":["Exordium","TheCity","TheBeyond"],"potions_floor_usage":[16,16,24,28,42,50],"damage_taken":[{"damage":5,"enemies":"Cultist","floor":1,"turns":4},{"damage":1,"enemies":"Jaw Worm","floor":5,"turns":3},{"damage":21,"enemies":"Gremlin Nob","floor":7,"turns":4},{"damage":5,"enemies":"Small Slimes","floor":11,"turns":2},{"damage":0,"enemies":"Looter","floor":14,"turns":3},{"damage":26,"enemies":"Slime Boss","floor":16,"turns":7},{"damage":14,"enemies":"Shell Parasite","floor":18,"turns":6},{"damage":24,"enemies":"2 Thieves","floor":19,"turns":4},{"damage":14,"enemies":"Chosen and Byrds","floor":21,"turns":5},{"damage":15,"enemies":"Snecko","floor":22,"turns":4},{"damage":0,"enemies":"Cultist and Chosen","floor":24,"turns":1},{"damage":12,"enemies":"Centurion and Healer","floor":25,"turns":4},{"damage":78,"enemies":"Book of Stabbing","floor":27,"turns":6},{"damage":4,"enemies":"3 Cultists","floor":28,"turns":4},{"damage":19,"enemies":"hubris:MusketHawk","floor":33,"turns":6},{"damage":4,"enemies":"3 Shapes","floor":35,"turns":3},{"damage":22,"enemies":"2 Orb Walkers","floor":37,"turns":4},{"damage":16,"enemies":"Reptomancer","floor":40,"turns":4},{"damage":42,"enemies":"Giant Head","floor":42,"turns":6},{"damage":8,"enemies":"3 Darklings","floor":45,"turns":3},{"damage":0,"enemies":"Writhing Mass","floor":47,"turns":2},{"damage":32,"enemies":"4 Shapes","floor":48,"turns":3},{"damage":57,"enemies":"infinitespire:MassOfShapes","floor":50,"turns":5}],"seed_played":"-380112904993723188","potions_obtained":[{"floor":7,"key":"SkillPotion"},{"floor":18,"key":"FairyPotion"},{"floor":22,"key":"SmokeBomb"},{"floor":27,"key":"Swift Potion"},{"floor":40,"key":"AttackPotion"},{"floor":47,"key":"ColorlessPotion"}],"is_trial":true,"path_per_floor":["M","?","?","?","M","R","E","T","T","$","M","R","T","M","R","B",null,"M","M","?","M","M","R","M","M","T","E","M","?","R","$","R","B",null,"M","?","?","?","$","E","R","E","T","R","M","R","M","M","R","B"],"character_chosen":"IRONCLAD","items_purchased":["infinitespire:Chaos","aspiration:HummingbirdHeart","Rage"],"campfire_rested":5,"item_purchase_floors":[10,31,39],"current_hp_per_floor":[80,80,80,73,78,78,63,63,63,63,64,64,64,70,70,50,80,72,54,54,46,37,61,67,61,61,18,20,28,52,52,76,63,80,80,80,64,64,64,54,54,18,18,42,40,64,79,53,53,0,0],"gold":511,"neow_bonus":"","is_daily":false,"chose_seed":false,"campfire_upgraded":5,"win_rate":0.0,"timestamp":1612886507,"path_taken":["M","?","?","?","M","R","E","?","T","?","M","R","?","M","R","BOSS","M","?","?","M","?","R","M","M","T","E","M","?","R","?","R","BOSS","M","?","?","?","$","E","R","E","T","R","M","R","M","M","R","BOSS"],"items_purchased_type":["Relic","Relic","Card"],"build_version":"2020-12-22","purchased_purges":2,"victory":false,"max_hp_per_floor":[80,80,80,80,80,80,80,80,80,80,80,80,80,80,80,80,80,80,80,80,80,80,80,80,80,80,80,80,80,80,80,80,80,80,80,80,80,80,80,80,80,80,80,80,80,80,89,89,89,89,89],"relic_stats":{"Darkstone Periapt":6,"counters":[23,93],"Sundial":[10],"Gambling Chip":[50],"obtain_stats":[{"Darkstone Periapt":26,"aspiration:Lifesprig":40,"Vajra":43,"aspiration:PoetsPen_weak":34,"Ancient Tea Set":2,"Burning Blood":0,"Old Coin":42,"hubris:Icosahedron":38,"hubris:AstralHammer":0,"DollysMirror":10,"Sundial":10,"Gambling Chip":27,"infinitespire:Chaos":10,"InkBottle":9,"aspiration:ChemicalBlood":4,"aspiration:SupercapacitiveCoin":10,"Oddly Smooth Stone":7,"infinitespire:EmptyRelic":10,"hubris:FruitBowl":10,"aspiration:HummingbirdHeart":31,"CaptainsWheel":37,"aspiration:SilentSkillbook":17,"hubris:TenFootPole":8,"hubris:CrackedHourglass":10,"NlothsMask":10},{"Darkstone Periapt":12,"aspiration:Lifesprig":18,"Vajra":19,"aspiration:PoetsPen_weak":15,"Ancient Tea Set":1,"Burning Blood":0,"Old Coin":19,"hubris:Icosahedron":17,"hubris:AstralHammer":0,"DollysMirror":3,"Sundial":3,"Gambling Chip":13,"infinitespire:Chaos":3,"InkBottle":3,"aspiration:ChemicalBlood":1,"aspiration:SupercapacitiveCoin":3,"Oddly Smooth Stone":3,"infinitespire:EmptyRelic":3,"hubris:FruitBowl":3,"aspiration:HummingbirdHeart":14,"CaptainsWheel":17,"aspiration:SilentSkillbook":6,"hubris:TenFootPole":3,"hubris:CrackedHourglass":3,"NlothsMask":3},{"Darkstone Periapt":47,"aspiration:Lifesprig":74,"Vajra":80,"aspiration:PoetsPen_weak":63,"Ancient Tea Set":4,"Burning Blood":0,"Old Coin":80,"hubris:Icosahedron":70,"hubris:AstralHammer":0,"DollysMirror":11,"Sundial":11,"Gambling Chip":53,"infinitespire:Chaos":11,"InkBottle":11,"aspiration:ChemicalBlood":4,"aspiration:SupercapacitiveCoin":11,"Oddly Smooth Stone":11,"infinitespire:EmptyRelic":11,"hubris:FruitBowl":11,"aspiration:HummingbirdHeart":57,"CaptainsWheel":70,"aspiration:SilentSkillbook":23,"hubris:TenFootPole":11,"hubris:CrackedHourglass":11,"NlothsMask":11}],"Burning Blood":129},"card_choices":[{"not_picked":["Headbutt","Rampage"],"picked":"Heavy Blade","floor":1},{"not_picked":["Power Through","Pommel Strike"],"picked":"Shrug It Off","floor":5},{"not_picked":["Cleave","Shockwave"],"picked":"Perfected Strike","floor":7},{"not_picked":["Anger","Iron Wave","Warcry"],"picked":"SKIP","floor":11},{"not_picked":["Berserk","Bloodletting"],"picked":"Flex","floor":14},{"not_picked":["Brutality","Juggernaut"],"picked":"Demon Form","floor":16},{"not_picked":["Escape Plan","Blood for Blood","Well Laid Plans"],"picked":"Twin Strike","floor":18},{"not_picked":["Clothesline","Flex+1","Warcry"],"picked":"Terror","floor":19},{"not_picked":["Prepared","Power Through+1","All Out Attack"],"picked":"Perfected Strike","floor":21},{"not_picked":["Thunderclap","Blade Dance","Noxious Fumes"],"picked":"Skewer","floor":22},{"not_picked":["Accuracy","Finisher","Dropkick"],"picked":"Inflame","floor":25},{"not_picked":["Clothesline","Grand Finale","hubris:TrickCloak"],"picked":"Poisoned Stab","floor":27},{"not_picked":["True Grit","Armaments","Blade Dance"],"picked":"PiercingWail","floor":28},{"not_picked":["Brutality","Fiend Fire","Phantasmal Killer"],"picked":"Double Tap","floor":33},{"not_picked":["Flechettes+1","Wild Strike","Endless Agony+1"],"picked":"Bouncing Flask+1","floor":35},{"not_picked":["Discovery","hubris:Ssssneak","Mind Blast"],"picked":"Flash of Steel","floor":36},{"not_picked":["Havoc","Poisoned Stab","Anger+1"],"picked":"Bouncing Flask","floor":37},{"not_picked":["Hemokinesis+1","Reflex+1","Night Terror"],"picked":"PiercingWail+1","floor":40},{"not_picked":["All Out Attack+1","Intimidate+1","Barricade"],"picked":"Cleave+1","floor":42},{"not_picked":["Flying Knee+1","hubris:ReadiedAction+1","Burning Pact","Prepared"],"picked":"SKIP","floor":45},{"not_picked":["Endless Agony+1","Concentrate","Feel No Pain","Warcry+1"],"picked":"SKIP","floor":47},{"not_picked":["Sentinel+1","Reflex+1","hubris:SlightOfHand+1"],"picked":"Carnage+1","floor":48}],"player_experience":318490,"relics_obtained":[{"floor":7,"key":"Oddly Smooth Stone"},{"floor":8,"key":"hubris:TenFootPole"},{"floor":9,"key":"InkBottle"},{"floor":26,"key":"Darkstone Periapt"},{"floor":27,"key":"Gambling Chip"},{"floor":37,"key":"CaptainsWheel"},{"floor":40,"key":"aspiration:Lifesprig"},{"floor":42,"key":"Old Coin"},{"floor":43,"key":"Vajra"}],"event_choices":[{"damage_healed":0,"gold_gain":0,"player_choice":"Box","damage_taken":0,"relics_obtained":["Ancient Tea Set"],"max_hp_gain":0,"max_hp_loss":0,"event_name":"Big Fish","floor":2,"gold_loss":0,"cards_obtained":["Regret"]},{"damage_healed":0,"gold_gain":0,"player_choice":"Success","damage_taken":7,"relics_obtained":["aspiration:ChemicalBlood"],"max_hp_gain":0,"max_hp_loss":0,"event_name":"Scrap Ooze","floor":4,"gold_loss":0},{"damage_healed":0,"gold_gain":100,"player_choice":"Pray","damage_taken":0,"max_hp_gain":0,"max_hp_loss":0,"event_name":"Golden Shrine","floor":20,"gold_loss":0},{"damage_healed":0,"gold_gain":0,"player_choice":"Memory 1","damage_taken":0,"max_hp_gain":0,"max_hp_loss":0,"event_name":"SensoryStone","floor":36,"gold_loss":0},{"damage_healed":0,"gold_gain":0,"player_choice":"Fight","damage_taken":0,"max_hp_gain":0,"max_hp_loss":0,"event_name":"Mysterious Sphere","floor":37,"gold_loss":0}],"is_beta":false,"boss_relics":[{"not_picked":["hubris:GrandSneckoEye","Cursed Key"],"picked":"aspiration:SilentSkillbook"},{"not_picked":["hubris:BlackHole","Black Blood"],"picked":"aspiration:PoetsPen_weak"}],"items_purged_floors":[31,39],"is_endless":false,"potions_floor_spawned":[7,18,22,27,40,47],"killed_by":"infinitespire:MassOfShapes","ascension_level":0}}