{"host":"epc8efk9vrywpcsw","time":1612878948,"event":{"mods":["BaseMod","Minty Spire (QoL Compilation)","Relic Stats","StSLib"],"gold_per_floor":[112,112,88,108,128,128,49,59,59,72,83,112,50,63,63,137,137,157,157,157,174,194,194,194,219,219,219,86,86,22,37,37,111,111,122,122,132,57,77,77,43,61,61,78,106,157,183,202,202,202,202],"floor_reached":50,"language":"ENG","playtime":1633,"items_purged":[],"score":1148,"play_id":"18b8304f-4310-441b-908d-6015f3f1f176","local_time":"20210209145548","is_ascension_mode":true,"campfire_choices":[{"floor":6,"key":"REST"},{"floor":15,"key":"REST"},{"floor":23,"key":"REST"},{"floor":32,"key":"REST"},{"floor":40,"key":"REST"},{"floor":49,"key":"REST"}],"circlet_count":0,"master_deck":["AscendersBane","Defend_G","Defend_G","Defend_G","Defend_G","Survivor","Neutralize","Accuracy","Blade Dance","Footwork","Choke","Dagger Spray","Terror","Infinite Blades","Infinite Blades","After Image","Skewer+1","Venomology+1","Accuracy+1","Calculated Gamble+1","Backflip","Footwork","Storm of Steel","Predator","Die Die Die","Infinite Blades","Footwork","Accuracy+1","Predator+1","Escape Plan"],"relics":["Fusion Hammer","Akabeko","The Courier","Astrolabe","MutagenicStrength","Gremlin Horn","FossilizedHelix","Mummified Hand","OrangePellets","Black Star","Ornamental Fan","Meat on the Bone","Darkstone Periapt","Ginger","PreservedInsect","Bronze Scales"],"acts_visited":["Exordium","TheCity","TheBeyond"],"potions_floor_usage":[16,21,22,25,25,25,33,33,37,44,45,47,50,50],"damage_taken":[{"damage":1,"enemies":"Cultist","floor":1,"turns":4},{"damage":2,"enemies":"Jaw Worm","floor":4,"turns":4},{"damage":8,"enemies":"2 Louse","floor":5,"turns":3},{"damage":9,"enemies":"2 Fungi Beasts","floor":8,"turns":4},{"damage":5,"enemies":"Red Slaver","floor":10,"turns":3},{"damage":6,"enemies":"Exordium Thugs","floor":11,"turns":4},{"damage":3,"enemies":"3 Sentries","floor":12,"turns":5},{"damage":1,"enemies":"Large Slime","floor":14,"turns":4},{"damage":14,"enemies":"The Guardian","floor":16,"turns":8},{"damage":7,"enemies":"Chosen","floor":18,"turns":3},{"damage":25,"enemies":"Shell Parasite","floor":21,"turns":4},{"damage":22,"enemies":"Snecko","floor":22,"turns":6},{"damage":10,"enemies":"Slavers","floor":25,"turns":4},{"damage":9,"enemies":"Centurion and Healer","floor":31,"turns":3},{"damage":7,"enemies":"Collector","floor":33,"turns":6},{"damage":0,"enemies":"Orb Walker","floor":35,"turns":3},{"damage":5,"enemies":"3 Shapes","floor":37,"turns":7},{"damage":12,"enemies":"Jaw Worm Horde","floor":39,"turns":2},{"damage":0,"enemies":"3 Darklings","floor":42,"turns":3},{"damage":0,"enemies":"Maw","floor":44,"turns":6},{"damage":0,"enemies":"Reptomancer","floor":45,"turns":4},{"damage":13,"enemies":"2 Orb Walkers","floor":46,"turns":3},{"damage":0,"enemies":"Nemesis","floor":47,"turns":3},{"damage":0,"enemies":"Sphere and 2 Shapes","floor":48,"turns":2},{"damage":41,"enemies":"Awakened One","floor":50,"turns":4}],"seed_played":"-6462688220606488363","potions_obtained":[{"floor":1,"key":"FearPotion"},{"floor":8,"key":"Strength Potion"},{"floor":16,"key":"Energy Potion"},{"floor":18,"key":"Strength Potion"},{"floor":22,"key":"CunningPotion"},{"floor":33,"key":"SpeedPotion"},{"floor":35,"key":"Explosive Potion"},{"floor":47,"key":"PowerPotion"}],"is_trial":false,"path_per_floor":["M","?","$","M","M","R","$","M","T","M","M","E","$","M","R","B",null,"M","?","?","M","M","R","T","E","T","?","$","?","$","M","R","B",null,"M","?","M","?","M","R","$","M","T","M","E","?","E","M","R","B"],"character_chosen":"THE_SILENT","items_purchased":["Blade Dance","Choke","Infinite Blades","OrangePellets","Footwork","Infinite Blades"],"campfire_rested":6,"item_purchase_floors":[3,7,13,28,30,41],"current_hp_per_floor":[58,51,51,49,41,60,60,51,51,46,40,37,37,36,55,41,60,53,53,76,51,29,51,51,41,41,41,41,41,41,32,54,47,69,69,69,64,64,52,74,74,74,74,74,74,61,61,61,76,35,35],"gold":202,"neow_bonus":"BOSS_RELIC","is_daily":false,"chose_seed":false,"campfire_upgraded":0,"win_rate":0.0,"timestamp":1612878948,"path_taken":["M","?","$","M","M","R","$","M","T","M","M","E","?","?","R","BOSS","M","?","?","?","M","R","?","E","T","?","$","?","$","M","R","BOSS","M","?","M","?","?","R","$","M","T","M","E","?","E","M","R","BOSS"],"items_purchased_type":["Card","Card","Card","Relic","Card","Card"],"build_version":"2020-12-22","purchased_purges":0,"victory":false,"max_hp_per_floor":[66,66,66,66,66,66,66,66,66,66,66,66,66,66,66,66,66,66,66,76,76,76,76,76,76,76,76,76,76,76,76,76,76,76,76,76,76,76,76,76,76,76,76,76,76,76,76,76,76,76,76],"relic_stats":{"Darkstone Periapt":0,"Gremlin Horn":[19,19],"counters":[25,102],"Astrolabe":["Skewer","Venomology","Corpse Explosion"],"PreservedInsect":0,"Ginger":[0],"OrangePellets":[14],"Mummified Hand":[73],"Ornamental Fan":[72],"Bronze Scales":[33],"Black Star":2,"obtain_stats":[{"Darkstone Periapt":45,"Gremlin Horn":24,"Astrolabe":17,"The Courier":12,"PreservedInsect":47,"Ginger":46,"Akabeko":9,"OrangePellets":28,"Mummified Hand":26,"Ornamental Fan":43,"MutagenicStrength":19,"Bronze Scales":47,"Fusion Hammer":0,"Black Star":34,"FossilizedHelix":25,"Ring of the Snake":0,"Meat on the Bone":45},{"Darkstone Periapt":21,"Gremlin Horn":12,"Astrolabe":9,"The Courier":7,"PreservedInsect":23,"Ginger":22,"Akabeko":4,"OrangePellets":13,"Mummified Hand":13,"Ornamental Fan":19,"MutagenicStrength":10,"Bronze Scales":23,"Fusion Hammer":0,"Black Star":15,"FossilizedHelix":13,"Ring of the Snake":0,"Meat on the Bone":21},{"Darkstone Periapt":90,"Gremlin Horn":52,"Astrolabe":39,"The Courier":27,"PreservedInsect":96,"Ginger":93,"Akabeko":15,"OrangePellets":56,"Mummified Hand":56,"Ornamental Fan":80,"MutagenicStrength":42,"Bronze Scales":96,"Fusion Hammer":0,"Black Star":65,"FossilizedHelix":56,"Ring of the Snake":0,"Meat on the Bone":90}],"Meat on the Bone":0},"card_choices":[{"not_picked":["Eviscerate","Skewer"],"picked":"Accuracy","floor":1},{"not_picked":["Deadly Poison","Outmaneuver","Concentrate"],"picked":"SKIP","floor":4},{"not_picked":["Leg Sweep","Deflect"],"picked":"Footwork","floor":5},{"not_picked":["Underhanded Strike","Distraction"],"picked":"Dagger Spray","floor":8},{"not_picked":["Setup","Dagger Throw"],"picked":"Terror","floor":10},{"not_picked":["Outmaneuver","Dodge and Roll"],"picked":"Infinite Blades","floor":11},{"not_picked":["Poisoned Stab","Slice","Dagger Throw"],"picked":"SKIP","floor":12},{"not_picked":["Poisoned Stab","Outmaneuver","Dagger Throw"],"picked":"SKIP","floor":14},{"not_picked":["A Thousand Cuts","Glass Knife"],"picked":"After Image","floor":16},{"not_picked":["Flying Knee+1","Quick Slash"],"picked":"Accuracy+1","floor":18},{"not_picked":["Sucker Punch","Deflect"],"picked":"Calculated Gamble+1","floor":21},{"not_picked":["Deflect","Flying Knee","Endless Agony"],"picked":"SKIP","floor":22},{"not_picked":["Well Laid Plans+1","Dagger Throw"],"picked":"Backflip","floor":25},{"not_picked":["Bane","Flying Knee+1","Calculated Gamble"],"picked":"SKIP","floor":31},{"not_picked":["Night Terror","Bullet Time"],"picked":"Storm of Steel","floor":33},{"not_picked":["Dodge and Roll+1","Leg Sweep","Concentrate"],"picked":"SKIP","floor":35},{"not_picked":["Masterful Stab","Bane","Outmaneuver"],"picked":"SKIP","floor":37},{"not_picked":["Prepared","Choke+1","Eviscerate"],"picked":"SKIP","floor":39},{"not_picked":["Deflect","Skewer"],"picked":"Footwork","floor":42},{"not_picked":["Backflip","Noxious Fumes"],"picked":"Accuracy+1","floor":44},{"not_picked":["Tactician+1","Caltrops","Dagger Throw+1"],"picked":"SKIP","floor":45},{"not_picked":["Well Laid Plans","Riddle With Holes"],"picked":"Predator+1","floor":46},{"not_picked":["Tactician+1","Bouncing Flask"],"picked":"Escape Plan","floor":47},{"not_picked":["Wraith Form v2","Concentrate","All Out Attack+1"],"picked":"SKIP","floor":48}],"player_experience":502925,"relics_obtained":[{"floor":9,"key":"Akabeko"},{"floor":12,"key":"The Courier"},{"floor":24,"key":"Gremlin Horn"},{"floor":25,"key":"FossilizedHelix"},{"floor":26,"key":"Mummified Hand"},{"floor":43,"key":"Ornamental Fan"},{"floor":45,"key":"Meat on the Bone"},{"floor":45,"key":"Darkstone Periapt"},{"floor":46,"key":"Ginger"},{"floor":47,"key":"PreservedInsect"},{"floor":47,"key":"Bronze Scales"}],"event_choices":[{"cards_removed":["Strike_G"],"damage_healed":0,"gold_gain":0,"player_choice":"Card Removal","damage_taken":7,"max_hp_gain":0,"max_hp_loss":0,"event_name":"Golden Wing","floor":2,"gold_loss":0},{"damage_healed":0,"gold_gain":0,"player_choice":"Inject Mutagens","damage_taken":0,"relics_obtained":["MutagenicStrength"],"max_hp_gain":0,"max_hp_loss":0,"event_name":"Drug Dealer","floor":19,"gold_loss":0},{"cards_removed":["Corpse Explosion"],"damage_healed":13,"gold_gain":0,"player_choice":"Offered Rare","damage_taken":0,"max_hp_gain":10,"max_hp_loss":0,"event_name":"Bonfire Elementals","floor":20,"gold_loss":0},{"damage_healed":0,"gold_gain":0,"player_choice":"Ignored","damage_taken":0,"max_hp_gain":0,"max_hp_loss":0,"event_name":"Beggar","floor":27,"gold_loss":0},{"damage_healed":0,"gold_gain":0,"player_choice":"Ignored","damage_taken":0,"max_hp_gain":0,"max_hp_loss":0,"event_name":"Vampires","floor":29,"gold_loss":0},{"damage_healed":0,"gold_gain":0,"player_choice":"Ignored","damage_taken":0,"max_hp_gain":0,"max_hp_loss":0,"event_name":"Tomb of Lord Red Mask","floor":36,"gold_loss":0},{"damage_healed":0,"gold_gain":0,"cards_transformed":["Strike_G","Strike_G"],"player_choice":"Transformed Cards","damage_taken":0,"max_hp_gain":0,"max_hp_loss":0,"event_name":"Designer","floor":38,"gold_loss":75,"cards_obtained":["Predator","Die Die Die"]},{"damage_healed":0,"gold_gain":0,"player_choice":"Fight","damage_taken":0,"max_hp_gain":0,"max_hp_loss":0,"event_name":"Mysterious Sphere","floor":46,"gold_loss":0}],"is_beta":false,"boss_relics":[{"not_picked":["Runic Dome","Snecko Eye"],"picked":"Astrolabe"},{"not_picked":["Tiny House","Coffee Dripper"],"picked":"Black Star"}],"items_purged_floors":[],"is_endless":false,"potions_floor_spawned":[1,8,10,12,16,18,22,33,35,44,47,48],"killed_by":"Awakened One","ascension_level":20}}