{"host":"njruw0b0uprlitpx","time":1612855462,"event":{"mods":["2.2 Compatiblity","Act Like it!","Aspiration","Bartender","BaseMod","Better Altar","Better Match","Better Note","Better Sensory Stone","Better Skull","Better Third Choice","BetterRewards","Block Reminder","Colored Map","Colored Powertips","Curses Come First","Energized Spire","Hallownest","Jedi Mod","Keyboard Shortcuts","Magitek Elite","Minty Spire (QoL Compilation)","Quick Restart","Rare Cards Sparkle","Relic Stats","Replay The Spire","SacredBarkPlus","Spicy Shops","StSLib","SuperFastMode","The Blackbeard"],"gold_per_floor":[115,128,128,128,3,3,21,21,21,33,44,44,230,250,250,323,323,333,351,5,5,51,78,78,112,159,172,172,188,188,14,14,85,85,105,471,487,647,659,659,689,706,752,780,73,89,89,116,116,116],"floor_reached":51,"language":"ENG","playtime":4744,"items_purged":["Defend_Bartender","Decay","Hallownest:skillLeafShield","Hallownest:skillLeafShield","Pain","Strike_Bartender"],"score":2060,"play_id":"5dcc7fd0-b445-4825-8498-006f8ad06291","local_time":"20210209012422","is_ascension_mode":true,"campfire_choices":[{"data":"1","floor":6.0,"key":"LIFT"},{"data":"2","floor":8.0,"key":"LIFT"},{"data":"Raptor_Form","floor":12.0,"key":"SMITH"},{"data":"3","floor":15.0,"key":"LIFT"},{"data":"Momentum","floor":24.0,"key":"SMITH"},{"data":"Breathe_Deep","floor":28.0,"key":"SMITH"},{"data":"Breathe_Deep","floor":30.0,"key":"SMITH"},{"data":"Ball_Of_Ice","floor":32.0,"key":"SMITH"},{"data":"Patience","floor":40,"key":"SMITH"},{"data":"Rope_A_Dope","floor":47,"key":"SMITH"},{"data":"Ball_Of_Ice","floor":49,"key":"SMITH"}],"circlet_count":1,"master_deck":["AscendersBane","Somersault","Ball_Of_Ice+1","Ball_Of_Ice+1","Cross","jedi:LeechingStrike","Rope_A_Dope+1","Momentum+1","Hook","Raptor_Form+1","Cross","Windup+1","Waterkick","Dart+1","Greased_Lightning+1","Breathe_Deep+1","Glare+1","Breathe_Deep+1","Ripple+1","Ripple+1","Ball_Of_Ice+1","Stick_and_Move","Axe_Heel_Kick","Sucker_Punch","Meteodrive+1","Scowl+1","Wall_of_Ice+1","Moonsault_Kick+1","Hook+1","Patience+1","Alacrity+1","Ripple+1","Sucker_Punch","Training_Dummy+1","Replay:Bootleg Shield Generator+1","Windup+1"],"relics":["Sneakers","BargainBundle","Replay:Ringing Soul","Girya","HornCleat","Power_Wrist","jedi:heavyjacket","Membership Card","ReplayTheSpireMod:CursedCoin","Toxic Egg 2","Bag of Marbles","Replay:Grab Bag","jedi:hotpepper","Philosopher\u0027s Stone","Gem_Box","Garlic","Omamori","Anchor","Regal Pillow","Cleaning_Rag","Orrery","Kintsugi","Hallownest:GodTamersBeastRelic","Blood Vial","Pet Ghost","aspiration:Nostalgia","PureWater","aspiration:SeaSaltIceCream","Circlet","Guide Book","Replay:Rubber Ducky","Mango","ClockworkSouvenir","jedi:shrinkray","CaptainsWheel"],"acts_visited":["Hallownest:Greenpath","Hallownest:CityofTears","Hallownest:KingdomsEdge"],"potions_floor_usage":[38],"damage_taken":[{"damage":0.0,"enemies":"Hallownest:2_Tiktiks_and_1_Crawlid","floor":1.0,"turns":3.0},{"damage":0.0,"enemies":"Hallownest:monsterHuskGuard","floor":2.0,"turns":3.0},{"damage":0.0,"enemies":"Hallownest:monsterHuskWarrior","floor":7.0,"turns":3.0},{"damage":4.0,"enemies":"Hallownest:1_Baldur_1_Crawlid_1_Warrior","floor":10.0,"turns":3.0},{"damage":4.0,"enemies":"Hallownest:1_Ooma_and_2_Uuma","floor":11.0,"turns":5.0},{"damage":11.0,"enemies":"Hallownest:Guard_and_Warrior","floor":14.0,"turns":5.0},{"damage":10.0,"enemies":"Hallownest:BossHornet","floor":16.0,"turns":8.0},{"damage":0.0,"enemies":"Hallownest:2_Mistakes","floor":18.0,"turns":4.0},{"damage":7.0,"enemies":"Hallownest:3_Youths","floor":19.0,"turns":5.0},{"damage":9.0,"enemies":"Hallownest:Glutton_and_Coward","floor":22.0,"turns":3.0},{"damage":6.0,"enemies":"Hallownest:eliteSoulWarrior","floor":23.0,"turns":4.0},{"damage":12.0,"enemies":"Hallownest:eliteWatcherKnight","floor":25.0,"turns":7.0},{"damage":4.0,"enemies":"Hallownest:2_Flukemon","floor":27.0,"turns":4.0},{"damage":3.0,"enemies":"Hallownest:Master_and_Novice","floor":29.0,"turns":3.0},{"damage":0.0,"enemies":"Hallownest:BossSoulMaster","floor":33.0,"turns":4.0},{"damage":3,"enemies":"Hallownest:2_Littles","floor":35,"turns":3},{"damage":0,"enemies":"Hallownest:Shield_Heavy","floor":37,"turns":3},{"damage":0,"enemies":"Hallownest:Shield_Heavy","floor":38,"turns":2},{"damage":0,"enemies":"Hallownest:Shield_Heavy","floor":38,"turns":4},{"damage":0,"enemies":"Hallownest:Shield_Heavy","floor":38,"turns":4},{"damage":0,"enemies":"Hallownest:Shield_Heavy","floor":38,"turns":2},{"damage":0,"enemies":"Hallownest:Xero_Hu_Marmu","floor":39,"turns":3},{"damage":13,"enemies":"Hallownest:eliteHiveKnight","floor":41,"turns":2},{"damage":0,"enemies":"Hallownest:2_Great","floor":42,"turns":3},{"damage":0,"enemies":"Hallownest:StalkingDevout","floor":44,"turns":3},{"damage":0,"enemies":"Hallownest:Slobbering_and_Violent","floor":46,"turns":2},{"damage":0,"enemies":"Hallownest:eliteCollector","floor":48,"turns":3},{"damage":70,"enemies":"Hallownest:BossHollowKnight","floor":50,"turns":4}],"seed_played":"377448539728861399","potions_obtained":[{"floor":10.0,"key":"SkillPotion"},{"floor":11.0,"key":"Milkshake"},{"floor":16.0,"key":"FearPotion"},{"floor":39,"key":"BlessingOfTheForge"},{"floor":42,"key":"Adrenaline Potion"}],"is_trial":false,"path_per_floor":["M","M","?","?","$","R","M","R","T","M","?","R","?","M","R","B",null,"M","M","$","T","M","E","R","E","T","M","R","M","R","$","R","B",null,"M","?","M","?","M","R","E","M","T","E","$","M","R","E","R","B",null],"character_chosen":"BARTENDER","items_purchased":["BargainBundle","Replay:Ringing Soul","Ball_Of_Ice","Cross","HornCleat","jedi:LeechingStrike","Rope_A_Dope","Power_Wrist","jedi:heavyjacket","Momentum","Membership Card","ReplayTheSpireMod:CursedCoin","Toxic Egg 2","Windup+1","Breathe_Deep","Ripple+1","Garlic","AttackPotion","Orrery","aspiration:SeaSaltIceCream","Guide Book","Replay:Rubber Ducky","Mango","ClockworkSouvenir","jedi:shrinkray","LiquidMemories","Training_Dummy+1","Replay:Bootleg Shield Generator+1"],"campfire_rested":0,"item_purchase_floors":[0,0,0,0,0,0,0,0,0,0,0,5,5,5,20,20,20,20,31,45,45,45,45,45,45,45,45,45],"current_hp_per_floor":[71,74,77,80,83,83,86,86,86,85,84,84,61,68,68,77,71,73,72,74,74,75,78,78,81,81,80,80,83,83,85,85,89,89,91,35,58,81,95,95,82,95,95,95,104,104,104,106,106,36],"gold":116,"neow_bonus":"","is_daily":false,"chose_seed":false,"campfire_upgraded":8,"win_rate":0.0,"timestamp":1612855462,"path_taken":["M","M","?","?","$","R","M","R","T","M","?","R","?","?","R","BOSS","M","M","$","?","M","E","R","E","T","M","R","?","R","$","R","BOSS","M","?","?","?","M","R","E","M","T","E","$","M","R","E","R","BOSS"],"items_purchased_type":["Relic","Relic","Card","Card","Relic","Card","Card","Relic","Relic","Card","Relic","Relic","Relic","Card","Card","Card","Relic","Potion","Relic","Relic","Relic","Relic","Relic","Relic","Relic","Potion","Card","Card"],"build_version":"2020-12-22","purchased_purges":6,"victory":true,"max_hp_per_floor":[71,74,77,80,83,83,86,86,86,89,92,92,92,92,92,95,71,73,73,75,75,77,79,79,81,81,83,83,85,85,87,87,89,89,91,91,93,93,95,95,95,95,95,95,104,104,104,106,106,106],"relic_stats":{"Blood Vial":18,"Regal Pillow":27,"counters":[72,242],"obtain_stats":[{"Tiny House":34,"Calipers":41,"jedi:shrinkray":45,"Blood Vial":29,"Replay:Ringing Soul":26,"HornCleat":38,"jedi:firstaidkit":5,"Philosopher\u0027s Stone":17,"Toxic Egg 2":5,"Girya":0,"aspiration:StickyExplosives":7,"Sneakers":0,"aspiration:Nostalgia":11,"ReplayTheSpireMod:CursedCoin":12,"Replay:Grab Bag":17,"Oddly Smooth Stone":13,"aspiration:SeaSaltIceCream":45,"OrangePellets":0,"jedi:heavyjacket":0,"jedi:hotpepper":17,"ReplayTheSpireMod:TigerMarble":24,"Kintsugi":34,"aspiration:HatOfInfinitePower":0,"ReplayTheSpireMod:DimensionalGlitch":34,"Mirror":39,"aspiration:Lifesprig":0,"Regal Pillow":25,"Piano_Music":25,"Mango":29,"Blue Doll":9,"GremlinMask":19,"Sizzling Blood":11,"Replay:Multitool":0,"Cursed Key":17,"White_Cape":20,"Power_Wrist":0,"Hallownest:GodTamersBeastRelic":38,"Pet Ghost":43,"Cleaning_Rag":26,"Replay:Rubber Ducky":45,"ClockworkSouvenir":45,"Chameleon Ring":11,"Replay:Bottled Snecko":26,"Potion Belt":12,"BargainBundle":0,"Guide Book":45,"Circlet":45,"Omamori":21,"Orichalcum":8,"Frozen Egg 2":9,"Anchor":23,"CaptainsWheel":48,"jedi:kaleidoscope":37,"jedi:ominousloannote":5,"Orrery":8,"Bag of Marbles":48,"Garlic":20,"Membership Card":0,"Gem_Box":17,"PureWater":44,"jedi:arcanewood":28,"ReplayTheSpireMod:ShopPack":5},{"Tiny House":36,"Calipers":39,"jedi:shrinkray":69,"Blood Vial":35,"Replay:Ringing Soul":13,"HornCleat":38,"jedi:firstaidkit":3,"Philosopher\u0027s Stone":51,"Toxic Egg 2":46,"Girya":44,"aspiration:StickyExplosives":25,"Sneakers":0,"aspiration:Nostalgia":6,"ReplayTheSpireMod:CursedCoin":6,"Replay:Grab Bag":51,"Oddly Smooth Stone":29,"aspiration:SeaSaltIceCream":69,"OrangePellets":21,"jedi:heavyjacket":44,"jedi:hotpepper":51,"ReplayTheSpireMod:TigerMarble":34,"Kintsugi":59,"aspiration:HatOfInfinitePower":0,"ReplayTheSpireMod:DimensionalGlitch":17,"Mirror":38,"aspiration:Lifesprig":21,"Regal Pillow":56,"Piano_Music":34,"Mango":15,"Blue Doll":25,"GremlinMask":32,"Sizzling Blood":6,"Replay:Multitool":21,"Cursed Key":9,"White_Cape":32,"Power_Wrist":44,"Hallownest:GodTamersBeastRelic":65,"Pet Ghost":68,"Cleaning_Rag":56,"Replay:Rubber Ducky":69,"ClockworkSouvenir":69,"Chameleon Ring":27,"Replay:Bottled Snecko":34,"Potion Belt":6,"BargainBundle":44,"Guide Book":69,"Circlet":69,"Omamori":53,"Orichalcum":5,"Frozen Egg 2":5,"Anchor":55,"CaptainsWheel":71,"jedi:kaleidoscope":38,"jedi:ominousloannote":3,"Orrery":25,"Bag of Marbles":43,"Garlic":53,"Membership Card":44,"Gem_Box":51,"PureWater":69,"jedi:arcanewood":34,"ReplayTheSpireMod:ShopPack":3},{"Tiny House":113,"Calipers":124,"jedi:shrinkray":233,"Blood Vial":108,"Replay:Ringing Soul":34,"HornCleat":121,"jedi:firstaidkit":6,"Philosopher\u0027s Stone":170,"Toxic Egg 2":146,"Girya":140,"aspiration:StickyExplosives":67,"Sneakers":0,"aspiration:Nostalgia":14,"ReplayTheSpireMod:CursedCoin":14,"Replay:Grab Bag":170,"Oddly Smooth Stone":83,"aspiration:SeaSaltIceCream":233,"OrangePellets":57,"jedi:heavyjacket":140,"jedi:hotpepper":170,"ReplayTheSpireMod:TigerMarble":105,"Kintsugi":204,"aspiration:HatOfInfinitePower":0,"ReplayTheSpireMod:DimensionalGlitch":46,"Mirror":121,"aspiration:Lifesprig":57,"Regal Pillow":193,"Piano_Music":105,"Mango":40,"Blue Doll":67,"GremlinMask":97,"Sizzling Blood":14,"Replay:Multitool":57,"Cursed Key":21,"White_Cape":97,"Power_Wrist":140,"Hallownest:GodTamersBeastRelic":222,"Pet Ghost":230,"Cleaning_Rag":193,"Replay:Rubber Ducky":233,"ClockworkSouvenir":233,"Chameleon Ring":76,"Replay:Bottled Snecko":105,"Potion Belt":14,"BargainBundle":140,"Guide Book":233,"Circlet":233,"Omamori":179,"Orichalcum":11,"Frozen Egg 2":11,"Anchor":186,"CaptainsWheel":238,"jedi:kaleidoscope":121,"jedi:ominousloannote":6,"Orrery":67,"Bag of Marbles":134,"Garlic":179,"Membership Card":140,"Gem_Box":170,"PureWater":233,"jedi:arcanewood":105,"ReplayTheSpireMod:ShopPack":6}]},"card_choices":[{"not_picked":["Snap_Punch","Feint"],"picked":"Hook","floor":1.0},{"not_picked":["Sucker_Punch","Stick_and_Move"],"picked":"Raptor_Form","floor":2.0},{"not_picked":["Scowl+1","Snap_Punch"],"picked":"Waterkick","floor":7.0},{"not_picked":["On_The_Rocks+1","Feint+1"],"picked":"Dart+1","floor":10.0},{"not_picked":["Hook","Pony_Shot"],"picked":"Greased_Lightning+1","floor":11.0},{"not_picked":["Pony_Shot","Tornado_Kick","Well_Drinks+1"],"picked":"SKIP","floor":14.0},{"not_picked":["Top_Shelf+1","Spirits_Within"],"picked":"Breathe_Deep","floor":16.0},{"not_picked":["Hook","Dragonkick"],"picked":"Glare+1","floor":18.0},{"not_picked":["Press_Forward+1","Scoop+1","Cross"],"picked":"SKIP","floor":19.0},{"not_picked":["Raptor_Form","Fight_Dirty"],"picked":"Ball_Of_Ice+1","floor":22.0},{"not_picked":["Step_Of_The_Wind+1","Press_Forward+1"],"picked":"Stick_and_Move","floor":23.0},{"not_picked":["Foot_Thrust+1","Waterkick"],"picked":"Axe_Heel_Kick","floor":25.0},{"not_picked":["Ball_Of_Ice+1","Stick_and_Move"],"picked":"Sucker_Punch","floor":27.0},{"not_picked":["Hook","Foot_Thrust"],"picked":"Meteodrive","floor":29.0},{"not_picked":["Spirits_Within","Hook"],"picked":"Scowl+1","floor":31.0},{"not_picked":["Step_Of_The_Wind+1","Bicycle_Kick"],"picked":"Wall_of_Ice+1","floor":31.0},{"not_picked":["Meteodrive","Glare+1"],"picked":"Moonsault_Kick","floor":31.0},{"not_picked":["Phantom_Blow","Free_Pour+1"],"picked":"Hook+1","floor":31.0},{"not_picked":["Beat_Rush","Moonsault_Kick"],"picked":"Patience","floor":33.0},{"not_picked":["Momentum","On_The_Rocks+1"],"picked":"Alacrity+1","floor":35},{"not_picked":["Pony_Shot","Greased_Lightning+1"],"picked":"Ripple+1","floor":37},{"not_picked":["Bitters+1","Ball_Of_Ice+1"],"picked":"Sucker_Punch","floor":39},{"not_picked":["Scoop+1","Center_Self+1","Greased_Lightning+1"],"picked":"SKIP","floor":41},{"not_picked":["Free_Pour+1","Fading_Blow","Bitters+1"],"picked":"SKIP","floor":42},{"not_picked":["Press_Forward+1","On_The_Rocks+1","Mirage+1"],"picked":"SKIP","floor":44},{"not_picked":["Blizzard_Spikes+1","Dart+1","Dancing_Jab"],"picked":"SKIP","floor":46},{"not_picked":["Rope_A_Dope","Sucker_Punch"],"picked":"Windup+1","floor":48}],"player_experience":1256571,"relics_obtained":[{"floor":9.0,"key":"Bag of Marbles"},{"floor":21.0,"key":"Omamori"},{"floor":23.0,"key":"Anchor"},{"floor":25.0,"key":"Regal Pillow"},{"floor":26.0,"key":"Cleaning_Rag"},{"floor":41,"key":"Blood Vial"},{"floor":43,"key":"Pet Ghost"},{"floor":44,"key":"aspiration:Nostalgia"},{"floor":48,"key":"CaptainsWheel"}],"event_choices":[{"damage_healed":0.0,"max_hp_gain":0.0,"max_hp_loss":0.0,"gold_gain":186.0,"event_name":"betterSkull:BetterSkull","player_choice":"GO GO ","floor":13.0,"gold_loss":0.0,"damage_taken":25.0,"cards_upgraded":[],"relics_obtained":[]},{"damage_healed":0,"gold_gain":366,"player_choice":"GO GO GO GO UP ","damage_taken":62,"relics_obtained":[],"max_hp_gain":0,"max_hp_loss":0,"event_name":"betterSkull:BetterSkull","floor":36,"gold_loss":0,"cards_upgraded":["Meteodrive"]}],"is_beta":false,"boss_relics":[{"not_picked":["energizedSpire:SpiderWeb","Ring of Chaos"],"picked":"Replay:Grab Bag"},{"not_picked":["energizedSpire:DeadBattery","Coffee Dripper"],"picked":"jedi:hotpepper"},{"not_picked":["Fusion Hammer","energizedSpire:EnergizedDie"],"picked":"Philosopher\u0027s Stone"},{"not_picked":["Snecko Heart","Empty Cage"],"picked":"Gem_Box"},{"not_picked":["SlaversCollar","aspiration:DefectSkillbook"],"picked":"Kintsugi"}],"items_purged_floors":[0,5,20,20,31,45],"is_endless":false,"potions_floor_spawned":[10,11,16,18,25,29,38,39,42,44,46,48],"ascension_level":18}}