{"host":"d4km6p8r92tm3vpl","time":1612891243,"event":{"mods":["AchievementEnabler","BaseMod","Colored Map","Colored Powertips","DeckTracker","Minty Spire (QoL Compilation)","Relic Stats","StSLib"],"gold_per_floor":[109,126,145,145,164,164,196,51,51,4,39,39,39,54,54,126,126,143,163,163,163,180,180,214,11,11,11,23,23,55,65,65,138,138,149,162,187,199,210,210,220,220,220,237,271,287,319,319,319,319,319],"floor_reached":50,"language":"ENG","playtime":1715,"items_purged":["Strike_G"],"score":1094,"play_id":"bf40940a-5253-44eb-8d5e-ae4dc1920f71","local_time":"20210209122043","is_ascension_mode":true,"campfire_choices":[{"floor":6,"key":"REST"},{"floor":15,"key":"REST"},{"data":"Adrenaline","floor":23,"key":"SMITH"},{"data":"Blade Dance","floor":27,"key":"SMITH"},{"floor":32,"key":"REST"},{"data":"Adrenaline","floor":40,"key":"SMITH"},{"data":"Accuracy","floor":42,"key":"SMITH"},{"floor":49,"key":"RECALL"}],"circlet_count":0,"master_deck":["AscendersBane","Defend_G+1","Defend_G","Defend_G","Defend_G","Survivor","Neutralize","Dagger Throw","Blade Dance+1","Accuracy","Accuracy+1","Flying Knee","A Thousand Cuts+1","Dagger Spray","Infinite Blades","Acrobatics","Noxious Fumes","Adrenaline+1","Footwork+1","PiercingWail","Deflect+1","Prepared","Blade Dance","Adrenaline+1","Skewer+1","Venomology+1","Slice+1","Terror+1","Deflect","Dodge and Roll","Backstab+1","Blade Dance","Infinite Blades","Noxious Fumes+1","Escape Plan"],"relics":["Ring of the Snake","NeowsBlessing","HornCleat","Mummified Hand","Blue Candle","Runic Pyramid","Bottled Tornado","OrangePellets","Molten Egg 2","War Paint","Astrolabe","Tough Bandages","Bottled Flame","Bottled Lightning"],"acts_visited":["Exordium","TheCity","TheBeyond"],"potions_floor_usage":[28,33,44,46,47,47,50],"damage_taken":[{"damage":0,"enemies":"2 Louse","floor":1,"turns":1},{"damage":0,"enemies":"Cultist","floor":2,"turns":1},{"damage":0,"enemies":"Jaw Worm","floor":3,"turns":1},{"damage":20,"enemies":"2 Fungi Beasts","floor":5,"turns":3},{"damage":28,"enemies":"Gremlin Nob","floor":7,"turns":5},{"damage":10,"enemies":"3 Sentries","floor":11,"turns":6},{"damage":8,"enemies":"Exordium Thugs","floor":14,"turns":5},{"damage":24,"enemies":"The Guardian","floor":16,"turns":9},{"damage":0,"enemies":"Spheric Guardian","floor":18,"turns":3},{"damage":0,"enemies":"Shell Parasite","floor":19,"turns":3},{"damage":0,"enemies":"Centurion and Healer","floor":22,"turns":4},{"damage":12,"enemies":"Slavers","floor":24,"turns":4},{"damage":0,"enemies":"Cultist and Chosen","floor":28,"turns":3},{"damage":8,"enemies":"Gremlin Leader","floor":30,"turns":4},{"damage":2,"enemies":"Snake Plant","floor":31,"turns":4},{"damage":0,"enemies":"Champ","floor":33,"turns":8},{"damage":12,"enemies":"3 Shapes","floor":35,"turns":3},{"damage":3,"enemies":"Orb Walker","floor":36,"turns":2},{"damage":0,"enemies":"Mind Bloom Boss Battle","floor":37,"turns":3},{"damage":9,"enemies":"Transient","floor":38,"turns":5},{"damage":0,"enemies":"Maw","floor":39,"turns":6},{"damage":0,"enemies":"4 Shapes","floor":41,"turns":2},{"damage":5,"enemies":"Writhing Mass","floor":44,"turns":3},{"damage":0,"enemies":"Giant Head","floor":45,"turns":5},{"damage":0,"enemies":"Spire Growth","floor":46,"turns":4},{"damage":9,"enemies":"Reptomancer","floor":47,"turns":5},{"damage":25,"enemies":"Donu and Deca","floor":50,"turns":3}],"seed_played":"9220719326235932805","potions_obtained":[{"floor":2,"key":"Swift Potion"},{"floor":7,"key":"CunningPotion"},{"floor":14,"key":"FairyPotion"},{"floor":28,"key":"PowerPotion"}],"is_trial":false,"path_per_floor":["M","M","M","?","M","R","E","$","T","$","E","?","?","M","R","B",null,"M","M","?","?","M","R","E","$","T","R","M","$","E","M","R","B",null,"M","M","?","M","M","R","M","R","T","M","E","M","E","?","R","B"],"character_chosen":"THE_SILENT","items_purchased":["A Thousand Cuts","Dagger Spray","OrangePellets","Deflect"],"campfire_rested":3,"item_purchase_floors":[8,10,25,25],"current_hp_per_floor":[59,59,59,59,39,58,30,30,30,30,20,20,20,12,31,7,51,51,51,51,51,51,51,39,39,39,39,39,39,31,29,48,48,62,50,47,47,38,38,38,38,38,38,33,33,33,24,24,24,0,0],"gold":319,"neow_bonus":"THREE_ENEMY_KILL","is_daily":false,"chose_seed":false,"campfire_upgraded":4,"win_rate":0.0,"timestamp":1612891243,"path_taken":["M","M","M","?","M","R","E","$","T","?","E","?","?","M","R","BOSS","M","M","?","?","M","R","E","$","T","R","M","?","E","M","R","BOSS","M","M","?","M","M","R","M","R","T","M","E","M","E","?","R","BOSS"],"items_purchased_type":["Card","Card","Relic","Card"],"build_version":"2020-12-22","purchased_purges":1,"victory":false,"max_hp_per_floor":[66,66,66,66,66,66,66,66,66,66,66,66,66,66,66,66,66,66,66,66,66,66,66,66,66,66,66,66,66,66,66,66,66,66,66,66,66,66,66,66,66,66,66,66,66,66,66,66,66,66,66],"relic_stats":{"OrangePellets":[12],"Tough Bandages":[51],"counters":[27,105],"Mummified Hand":[108],"Blue Candle":[0],"Astrolabe":["Skewer","Venomology","Slice"],"War Paint":["Defend_G","Deflect"],"obtain_stats":[{"NeowsBlessing":0,"Blue Candle":11,"Astrolabe":34,"Bottled Tornado":24,"War Paint":30,"OrangePellets":25,"Tough Bandages":37,"Bottled Flame":45,"HornCleat":7,"Mummified Hand":9,"Molten Egg 2":26,"Bottled Lightning":47,"Ring of the Snake":0,"Runic Pyramid":17},{"NeowsBlessing":0,"Blue Candle":6,"Astrolabe":16,"Bottled Tornado":12,"War Paint":14,"OrangePellets":12,"Tough Bandages":19,"Bottled Flame":24,"HornCleat":5,"Mummified Hand":5,"Molten Egg 2":12,"Bottled Lightning":26,"Ring of the Snake":0,"Runic Pyramid":8},{"NeowsBlessing":0,"Blue Candle":17,"Astrolabe":64,"Bottled Tornado":45,"War Paint":52,"OrangePellets":45,"Tough Bandages":72,"Bottled Flame":93,"HornCleat":11,"Mummified Hand":11,"Molten Egg 2":45,"Bottled Lightning":102,"Ring of the Snake":0,"Runic Pyramid":31}],"Ring of the Snake":[54]},"card_choices":[{"not_picked":["Sucker Punch","Quick Slash"],"picked":"Dagger Throw","floor":1},{"not_picked":["Outmaneuver","Deflect"],"picked":"Blade Dance","floor":2},{"not_picked":["Concentrate","Backflip"],"picked":"Accuracy","floor":3},{"not_picked":["Deflect","Noxious Fumes"],"picked":"Accuracy","floor":5},{"not_picked":["Tactician","Prepared"],"picked":"Flying Knee","floor":7},{"not_picked":["Distraction","Well Laid Plans"],"picked":"Infinite Blades","floor":11},{"not_picked":["Corpse Explosion","Dodge and Roll"],"picked":"Noxious Fumes","floor":14},{"not_picked":["Wraith Form v2","Night Terror"],"picked":"Adrenaline","floor":16},{"not_picked":["Endless Agony","Backflip"],"picked":"Footwork+1","floor":18},{"not_picked":["Backflip","Riddle With Holes","Skewer"],"picked":"SKIP","floor":19},{"not_picked":["Outmaneuver+1","Underhanded Strike"],"picked":"PiercingWail","floor":22},{"not_picked":["Outmaneuver","Dagger Spray","Tactician"],"picked":"SKIP","floor":24},{"not_picked":["Flying Knee+1","PiercingWail"],"picked":"Prepared","floor":28},{"not_picked":["Bane+1","Backflip"],"picked":"Blade Dance","floor":30},{"not_picked":["Calculated Gamble+1","Slice+1","Quick Slash+1"],"picked":"SKIP","floor":31},{"not_picked":["Envenom","Venomology"],"picked":"Adrenaline","floor":33},{"not_picked":["Prepared+1","Masterful Stab+1"],"picked":"Terror+1","floor":35},{"not_picked":["Sucker Punch+1","Quick Slash+1"],"picked":"Deflect","floor":36},{"not_picked":["Poisoned Stab+1","Quick Slash+1"],"picked":"Dodge and Roll","floor":37},{"not_picked":["Flying Knee+1","Endless Agony+1"],"picked":"Backstab+1","floor":38},{"not_picked":["Riddle With Holes+1","All Out Attack+1","Crippling Poison+1"],"picked":"SKIP","floor":39},{"not_picked":["Crippling Poison","Terror"],"picked":"Blade Dance","floor":41},{"not_picked":["Terror","Blur","Distraction"],"picked":"SKIP","floor":44},{"not_picked":["Poisoned Stab+1","Bane+1"],"picked":"Infinite Blades","floor":45},{"not_picked":["Blade Dance","Die Die Die+1"],"picked":"Noxious Fumes+1","floor":46},{"not_picked":["Reflex","Quick Slash+1"],"picked":"Escape Plan","floor":47}],"player_experience":846511,"relics_obtained":[{"floor":7,"key":"HornCleat"},{"floor":9,"key":"Mummified Hand"},{"floor":11,"key":"Blue Candle"},{"floor":24,"key":"Bottled Tornado"},{"floor":26,"key":"Molten Egg 2"},{"floor":30,"key":"War Paint"},{"floor":37,"key":"Tough Bandages"},{"floor":45,"key":"Bottled Flame"},{"floor":47,"key":"Bottled Lightning"}],"event_choices":[{"cards_removed":["Strike_G"],"damage_healed":0,"gold_gain":0,"player_choice":"Offered Basic","damage_taken":0,"max_hp_gain":0,"max_hp_loss":0,"event_name":"Bonfire Elementals","floor":4,"gold_loss":0},{"damage_healed":0,"gold_gain":0,"player_choice":"Grow","damage_taken":0,"max_hp_gain":0,"max_hp_loss":0,"event_name":"Living Wall","floor":12,"gold_loss":0,"cards_upgraded":["A Thousand Cuts"]},{"damage_healed":0,"gold_gain":0,"cards_transformed":["Strike_G"],"player_choice":"Transformed","damage_taken":0,"max_hp_gain":0,"max_hp_loss":0,"event_name":"Transmorgrifier","floor":13,"gold_loss":0,"cards_obtained":["Acrobatics"]},{"damage_healed":0,"gold_gain":0,"player_choice":"Ignored","damage_taken":0,"max_hp_gain":0,"max_hp_loss":0,"event_name":"Ghosts","floor":20,"gold_loss":0},{"damage_healed":0,"gold_gain":0,"player_choice":"Ignored","damage_taken":0,"max_hp_gain":0,"max_hp_loss":0,"event_name":"Vampires","floor":21,"gold_loss":0},{"damage_healed":0,"gold_gain":0,"player_choice":"Fight","damage_taken":0,"max_hp_gain":0,"max_hp_loss":0,"event_name":"MindBloom","floor":37,"gold_loss":0},{"damage_healed":0,"gold_gain":0,"player_choice":"Ignored","damage_taken":0,"max_hp_gain":0,"max_hp_loss":0,"event_name":"Tomb of Lord Red Mask","floor":48,"gold_loss":0}],"is_beta":false,"boss_relics":[{"not_picked":["Calling Bell","Philosopher\u0027s Stone"],"picked":"Runic Pyramid"},{"not_picked":["Velvet Choker","Coffee Dripper"],"picked":"Astrolabe"}],"items_purged_floors":[8],"is_endless":false,"potions_floor_spawned":[2,7,11,14,18,28,31,35,36,38,39,45],"killed_by":"Donu and Deca","ascension_level":14}}