{"host":"juvwyqk4ifq614bf","time":1612900084,"event":{"mods":["2.2 Compatiblity","Act Like it!","BaseMod","Better Altar","Better Match","Better Note","Better Sensory Stone","Better Third Choice","ChefMod","Conspire","Ekko","Friendly Minions","GifTheSpireLib","Hubris","Infinite Spire","Minty Spire (QoL Compilation)","Mirrors Mod","Replay The Spire","StSLib","Stuff the Spire","The Alterego","TheVelvet"],"gold_per_floor":[114,114,114,127,173,208,220,220,288,307,342,353,372,385,385,483,483,501,501,501,591,605,635,645,645,670,670,670,670,687,687,687],"floor_reached":31,"language":"ENG","playtime":2183,"items_purged":[],"score":317,"play_id":"0ad55d19-b687-4e76-a4d4-2418691bd456","local_time":"20210209204804","is_ascension_mode":false,"campfire_choices":[{"data":"chefmod:HotSoup","floor":8,"key":"SMITH"},{"data":"chefmod:PotatoGratin","floor":15,"key":"SMITH"},{"data":"chefmod:CayenneCloud","floor":25,"key":"SMITH"},{"data":"chefmod:FullCourseMeal","floor":27,"key":"SMITH"},{"data":"chefmod:SliceAndDice","floor":29,"key":"SMITH"}],"circlet_count":0,"master_deck":["chefmod:Strike","chefmod:Strike","chefmod:Strike","chefmod:Strike","chefmod:QuickThaw","chefmod:Defend","chefmod:Defend","chefmod:Defend","chefmod:TodaysSpecial","chefmod:CayenneCloud+1","chefmod:PotatoGratin+1","chefmod:SliceAndDice","chefmod:HotSoup+1","chefmod:Flambe","chefmod:SliceAndDice+1","chefmod:FireUp","chefmod:Fillet","chefmod:FullCourseMeal+1","chefmod:CleanHouse","Survey Options","chefmod:OldCookbook","chefmod:HotSoup+1","chefmod:Ratatouille+1"],"relics":["Ring of the Snake","NeowsBlessing","infinitespire:Cubic Diamond","hubris:Icosahedron","Potion Belt","conspire:Flyswatter","Nunchaku","Snecko Eye","StrikeDummy"],"acts_visited":["Exordium","TheCity"],"potions_floor_usage":[12,12,23,31,31,31,31,31],"damage_taken":[{"damage":0,"enemies":"Jaw Worm","floor":1,"turns":1},{"damage":0,"enemies":"Small Slimes","floor":4,"turns":1},{"damage":0,"enemies":"3 Sentries","floor":6,"turns":1},{"damage":0,"enemies":"conspire:RoseBush","floor":7,"turns":4},{"damage":0,"enemies":"Lots of Slimes","floor":10,"turns":2},{"damage":0,"enemies":"Replay:BlueRogue","floor":11,"turns":5},{"damage":0,"enemies":"Gremlin Gang","floor":12,"turns":2},{"damage":0,"enemies":"Large Slime","floor":13,"turns":1},{"damage":0,"enemies":"3 Louse","floor":14,"turns":2},{"damage":45,"enemies":"The Guardian","floor":16,"turns":9},{"damage":11,"enemies":"conspire:FuzzyDice","floor":18,"turns":6},{"damage":16,"enemies":"3 Byrds","floor":22,"turns":7},{"damage":2,"enemies":"Replay:Snechameleon","floor":23,"turns":8},{"damage":13,"enemies":"Snake Plant","floor":24,"turns":3},{"damage":24,"enemies":"conspire:HollyBat","floor":30,"turns":6},{"damage":6,"enemies":"Centurion and Healer","floor":31,"turns":2}],"seed_played":"4625352193626782185","potions_obtained":[{"floor":4,"key":"Reflective Coating"},{"floor":5,"key":"LiquidBronze"},{"floor":5,"key":"AttackPotion"},{"floor":5,"key":"Swift Potion"},{"floor":7,"key":"Elixir"},{"floor":11,"key":"CultistPotion"},{"floor":14,"key":"Dexterity Potion"},{"floor":16,"key":"Strength Potion"},{"floor":22,"key":"Regen Potion"},{"floor":23,"key":"Reflective Coating"}],"is_trial":false,"path_per_floor":["M","?","?","M","?","E","M","R","T","M","E","M","M","M","R","B",null,"M","$","?","?","M","E","M","R","T","R","?","R","M","M"],"character_chosen":"THE_CHEF","items_purchased":[],"campfire_rested":0,"item_purchase_floors":[],"current_hp_per_floor":[76,76,76,76,57,57,57,57,57,57,57,57,57,57,57,12,76,65,65,65,41,25,38,25,25,25,25,25,25,1,0,0],"gold":687,"neow_bonus":"THREE_ENEMY_KILL","is_daily":false,"chose_seed":false,"campfire_upgraded":5,"win_rate":0.0,"timestamp":1612900084,"path_taken":["M","?","?","M","?","E","M","R","T","M","E","M","M","?","R","BOSS","M","?","?","?","M","E","M","R","T","R","?","R","M","M"],"items_purchased_type":[],"build_version":"2020-12-22","purchased_purges":0,"victory":false,"max_hp_per_floor":[76,76,76,76,76,76,76,76,76,76,76,76,76,76,76,76,76,76,76,76,76,76,76,76,76,76,76,76,76,76,76,76],"card_choices":[{"not_picked":["chefmod:ColdSteel","chefmod:BleedOut"],"picked":"chefmod:CayenneCloud","floor":1},{"not_picked":["chefmod:ColdSteel","chefmod:Sorbet"],"picked":"chefmod:PotatoGratin","floor":4},{"not_picked":["chefmod:ColdSteel","chefmod:Chop"],"picked":"chefmod:SliceAndDice","floor":5},{"not_picked":["chefmod:FreezerBurn","chefmod:Gelato","chefmod:Flambe"],"picked":"SKIP","floor":6},{"not_picked":["chefmod:FreezerBurn","chefmod:NoSoupForYou"],"picked":"chefmod:HotSoup","floor":7},{"not_picked":["chefmod:ColdSteel","chefmod:Cleavers"],"picked":"chefmod:Flambe","floor":10},{"not_picked":["chefmod:AllYouCanEat","chefmod:Sorbet"],"picked":"chefmod:SliceAndDice","floor":11},{"not_picked":["chefmod:Defrost","chefmod:BaoBuns"],"picked":"chefmod:FireUp","floor":12},{"not_picked":["chefmod:FreshProduce","chefmod:ZaruSoba","chefmod:HotSoup"],"picked":"SKIP","floor":13},{"not_picked":["chefmod:Sorbet","chefmod:BaoBuns"],"picked":"chefmod:Fillet","floor":14},{"not_picked":["chefmod:TwoForOne","chefmod:DeathByChocolate"],"picked":"chefmod:FullCourseMeal","floor":16},{"not_picked":["chefmod:SliceAndDice","chefmod:FryPan"],"picked":"chefmod:CleanHouse","floor":18},{"not_picked":["chefmod:BaoBuns","chefmod:CuttingBoard","chefmod:Defrost"],"picked":"SKIP","floor":22},{"not_picked":["chefmod:ColdSteel","chefmod:IcePick"],"picked":"chefmod:OldCookbook","floor":23},{"not_picked":["chefmod:NoSoupForYou","chefmod:CuttingBoard"],"picked":"chefmod:HotSoup+1","floor":24},{"not_picked":["chefmod:FireUp","chefmod:IcePick"],"picked":"chefmod:Ratatouille+1","floor":30}],"player_experience":230347,"relics_obtained":[{"floor":6,"key":"Potion Belt"},{"floor":9,"key":"conspire:Flyswatter"},{"floor":11,"key":"Nunchaku"},{"floor":23,"key":"StrikeDummy"}],"event_choices":[{"damage_healed":0,"gold_gain":0,"player_choice":"Got Potions","damage_taken":0,"max_hp_gain":0,"max_hp_loss":0,"event_name":"Lab","floor":20,"gold_loss":0},{"damage_healed":0,"gold_gain":90,"player_choice":"POTION GOLD CARD ","damage_taken":24,"max_hp_gain":0,"max_hp_loss":0,"event_name":"Knowing Skull","floor":21,"potions_obtained":["Venom Potion"],"gold_loss":0,"cards_obtained":["Survey Options"]},{"cards_removed":["chefmod:Defend"],"damage_healed":0,"gold_gain":0,"player_choice":"Purged","damage_taken":0,"max_hp_gain":0,"max_hp_loss":0,"event_name":"Purifier","floor":28,"gold_loss":0}],"is_beta":false,"boss_relics":[{"not_picked":["Velvet Choker","StuffTheSpire:RunicConfusion"],"picked":"Snecko Eye"}],"items_purged_floors":[],"is_endless":false,"potions_floor_spawned":[4,7,11,14,16,22,23],"killed_by":"Centurion and Healer","ascension_level":0}}