{"host":"fdip6nj211smoxvi","time":1612878266,"event":{"mods":["BaseMod","BetterRewards","Colored Map","Downfall","Hermit","Minty Spire (QoL Compilation)","Shop Mod","StSLib","The Hierophant","The Servant 0.9.4"],"gold_per_floor":[113,113,125,137,137,137,153,153,153,215,249,249,260,286,286,388,388,399,399,399,416,36,65,80,113,113,113,131,131,8,37,37,142,142,158,158,158,172,185,185,216,229,253,253,58,358,358,16,16,16],"floor_reached":51,"language":"DEU","playtime":3161,"items_purged":["Strike_G+1"],"score":845,"play_id":"f08d5dc7-d111-4c35-bbbb-e88395ffce65","local_time":"20210209144426","is_ascension_mode":true,"campfire_choices":[{"data":"Bouncing Flask","floor":6,"key":"SMITH"},{"data":"Poisoned Stab","floor":8,"key":"SMITH"},{"floor":15,"key":"REST"},{"floor":27,"key":"REST"},{"floor":32,"key":"REST"},{"data":"Deadly Poison","floor":40,"key":"SMITH"},{"floor":44,"key":"REST"},{"data":"Catalyst","floor":47,"key":"SMITH"},{"data":"Envenom","floor":49,"key":"SMITH"}],"circlet_count":0,"master_deck":["Strike_G+1","Strike_G+1","Strike_G+1","Strike_G+1","Defend_G+1","Defend_G+1","Defend_G+1","Defend_G+1","Defend_G+1","Survivor","Neutralize","PiercingWail","Bouncing Flask+1","Poisoned Stab+1","CurseOfTheBell","CurseOfTheBell","Backflip","Footwork","Dodge and Roll","Slice","Dagger Throw","Envenom+1","Deadly Poison+1","Sucker Punch+1","Poisoned Stab+1","Deadly Poison+1","Venomology","Bullet Time","Predator+1","Adrenaline","Outmaneuver","Swift Strike","Poisoned Stab","PiercingWail","Underhanded Strike+1","Catalyst+1"],"relics":["Ring of the Snake","downfall:ExtraCursedBell","Happy Flower","HornCleat","Gambling Chip","Gremlin Horn","Eternal Feather","The Courier","Du-Vu Doll","Velvet Choker","Bronze Scales","Letter Opener","Mummified Hand","Nunchaku","Meat on the Bone","Whetstone","Runic Pyramid","Bag of Marbles","Centennial Puzzle","Blue Candle","Membership Card","Bottled Lightning","Pen Nib","MealTicket"],"acts_visited":["Exordium","TheCity","TheBeyond"],"potions_floor_usage":[7,10,14,16,33,33,38,39,41,42,50,50],"damage_taken":[{"damage":11,"enemies":"Jaw Worm","floor":1,"turns":5},{"damage":0,"enemies":"2 Louse","floor":3,"turns":4},{"damage":0,"enemies":"Small Slimes","floor":4,"turns":3},{"damage":0,"enemies":"3 Louse","floor":7,"turns":3},{"damage":2,"enemies":"Gremlin Nob","floor":10,"turns":3},{"damage":10,"enemies":"Lagavulin","floor":11,"turns":5},{"damage":0,"enemies":"Exordium Wildlife","floor":13,"turns":4},{"damage":10,"enemies":"3 Sentries","floor":14,"turns":6},{"damage":3,"enemies":"Hexaghost","floor":16,"turns":7},{"damage":19,"enemies":"3 Byrds","floor":18,"turns":5},{"damage":0,"enemies":"Chosen","floor":21,"turns":3},{"damage":28,"enemies":"Book of Stabbing","floor":23,"turns":6},{"damage":0,"enemies":"3 Cultists","floor":24,"turns":5},{"damage":13,"enemies":"Slavers","floor":25,"turns":5},{"damage":0,"enemies":"Snecko","floor":28,"turns":3},{"damage":24,"enemies":"Book of Stabbing","floor":31,"turns":4},{"damage":59,"enemies":"Automaton","floor":33,"turns":9},{"damage":0,"enemies":"Orb Walker","floor":35,"turns":3},{"damage":0,"enemies":"3 Darklings","floor":38,"turns":5},{"damage":18,"enemies":"4 Shapes","floor":39,"turns":4},{"damage":49,"enemies":"Reptomancer","floor":41,"turns":7},{"damage":0,"enemies":"Maw","floor":42,"turns":6},{"damage":34,"enemies":"Donu and Deca","floor":50,"turns":8}],"seed_played":"7159449156175354179","potions_obtained":[{"floor":3,"key":"CultistPotion"},{"floor":4,"key":"Guardian:BlockOnCardUsePotion"},{"floor":7,"key":"DuplicationPotion"},{"floor":13,"key":"Fire Potion"},{"floor":16,"key":"Strength Potion"},{"floor":23,"key":"SmokeBomb"},{"floor":31,"key":"DistilledChaos"},{"floor":33,"key":"ColorlessPotion"},{"floor":42,"key":"Block Potion"}],"is_trial":false,"path_per_floor":["M","?","M","M","?","R","M","R","T","?","E","?","M","E","R","B",null,"M","?","?","M","$","E","M","E","T","R","M","?","$","E","R","B",null,"M","?","?","M","M","R","E","M","T","R","$","?","R","$","R","B",null],"character_chosen":"THE_SILENT","items_purchased":["Bronze Scales","Letter Opener","Bullet Time","Blue Candle","Membership Card","Bottled Lightning","Pen Nib","MealTicket"],"campfire_rested":4,"item_purchase_floors":[22,22,30,45,48,48,48,48],"current_hp_per_floor":[66,66,66,66,66,66,66,66,66,64,54,54,54,44,77,74,77,58,58,58,58,58,30,30,17,17,55,55,55,55,43,77,30,77,77,77,77,77,59,77,40,40,40,77,77,77,77,77,77,43],"gold":16,"neow_bonus":"TEN_PERCENT_HP_BONUS","is_daily":false,"chose_seed":false,"campfire_upgraded":5,"win_rate":0.0,"timestamp":1612878266,"path_taken":["M","?","M","M","?","R","M","R","T","?","E","?","?","E","R","BOSS","M","?","?","M","$","E","M","E","T","R","M","?","$","E","R","BOSS","M","?","?","M","M","R","E","M","T","R","?","?","R","$","R","BOSS"],"items_purchased_type":["Relic","Relic","Card","Relic","Relic","Relic","Relic","Relic"],"build_version":"2020-12-22","purchased_purges":1,"victory":true,"max_hp_per_floor":[77,77,77,77,77,77,77,77,77,77,77,77,77,77,77,77,77,77,77,77,77,77,77,77,77,77,77,77,77,77,77,77,77,77,77,77,77,77,77,77,77,77,77,77,77,77,77,77,77,77],"card_choices":[{"not_picked":["Deflect","Blade Dance"],"picked":"PiercingWail","floor":1},{"not_picked":["Setup","Quick Slash"],"picked":"Bouncing Flask","floor":3},{"not_picked":["Prepared","Dodge and Roll"],"picked":"Poisoned Stab","floor":4},{"not_picked":["Setup","Cloak And Dagger"],"picked":"Backflip","floor":7},{"not_picked":["Acrobatics","Underhanded Strike"],"picked":"Footwork","floor":10},{"not_picked":["Storm of Steel","Cloak And Dagger"],"picked":"Dodge and Roll","floor":11},{"not_picked":["Calculated Gamble","Cloak And Dagger"],"picked":"Slice","floor":13},{"not_picked":["Skewer","Deflect"],"picked":"Dagger Throw","floor":14},{"not_picked":["Glass Knife","Tools of the Trade"],"picked":"Envenom","floor":16},{"not_picked":["Sucker Punch+1","Cloak And Dagger"],"picked":"Deadly Poison","floor":18},{"not_picked":["Distraction","Acrobatics"],"picked":"Sucker Punch","floor":21},{"not_picked":["Leg Sweep","Choke"],"picked":"Poisoned Stab","floor":23},{"not_picked":["Acrobatics+1","Underhanded Strike"],"picked":"Deadly Poison+1","floor":24},{"not_picked":["Expertise+1","Cloak And Dagger"],"picked":"Underhanded Strike","floor":25},{"not_picked":["Endless Agony","Dodge and Roll"],"picked":"Venomology","floor":28},{"not_picked":["Finisher","Quick Slash+1"],"picked":"Predator+1","floor":31},{"not_picked":["A Thousand Cuts","Grand Finale"],"picked":"Adrenaline","floor":33},{"not_picked":["Masterful Stab","Prepared+1"],"picked":"Outmaneuver","floor":35},{"not_picked":["Discovery","Violence"],"picked":"Swift Strike","floor":37},{"not_picked":["Outmaneuver","Bane"],"picked":"Poisoned Stab","floor":38},{"not_picked":["Outmaneuver","Dagger Spray"],"picked":"PiercingWail","floor":39},{"not_picked":["Concentrate","Predator"],"picked":"Underhanded Strike+1","floor":41},{"not_picked":["Blur+1","Poisoned Stab"],"picked":"Catalyst","floor":42}],"player_experience":265680,"relics_obtained":[{"floor":5,"key":"Happy Flower"},{"floor":5,"key":"HornCleat"},{"floor":5,"key":"Gambling Chip"},{"floor":9,"key":"Gremlin Horn"},{"floor":10,"key":"Eternal Feather"},{"floor":11,"key":"The Courier"},{"floor":14,"key":"Du-Vu Doll"},{"floor":23,"key":"Mummified Hand"},{"floor":25,"key":"Nunchaku"},{"floor":26,"key":"Meat on the Bone"},{"floor":31,"key":"Whetstone"},{"floor":41,"key":"Bag of Marbles"},{"floor":43,"key":"Centennial Puzzle"}],"event_choices":[{"damage_healed":0,"gold_gain":0,"player_choice":"Ignored","damage_taken":0,"max_hp_gain":0,"max_hp_loss":0,"event_name":"Liars Game","floor":2,"gold_loss":0},{"damage_healed":0,"gold_gain":0,"player_choice":"Searched \u00271\u0027 times","damage_taken":0,"max_hp_gain":0,"max_hp_loss":0,"event_name":"Dead Adventurer","floor":10,"gold_loss":0},{"damage_healed":0,"gold_gain":0,"player_choice":"Ignored","damage_taken":0,"max_hp_gain":0,"max_hp_loss":0,"event_name":"Golden Wing","floor":12,"gold_loss":0},{"damage_healed":0,"gold_gain":0,"player_choice":"Simplicity","damage_taken":0,"max_hp_gain":0,"max_hp_loss":0,"event_name":"Back to Basics","floor":19,"gold_loss":0,"cards_upgraded":["Strike_G","Strike_G","Strike_G","Strike_G","Strike_G","Defend_G","Defend_G","Defend_G","Defend_G","Defend_G"]},{"damage_healed":0,"gold_gain":0,"player_choice":"Ignored","damage_taken":0,"max_hp_gain":0,"max_hp_loss":0,"event_name":"Vampires","floor":29,"gold_loss":0},{"cards_removed":["Underhanded Strike"],"damage_healed":0,"gold_gain":0,"player_choice":"Removed Attack","damage_taken":0,"max_hp_gain":0,"max_hp_loss":0,"event_name":"Falling","floor":36,"gold_loss":0},{"damage_healed":0,"gold_gain":0,"player_choice":"Memory 1","damage_taken":0,"max_hp_gain":0,"max_hp_loss":0,"event_name":"SensoryStone","floor":37,"gold_loss":0},{"damage_healed":0,"gold_gain":300,"player_choice":"Gold","damage_taken":0,"max_hp_gain":0,"max_hp_loss":0,"event_name":"Wheel of Change","floor":46,"gold_loss":0}],"is_beta":false,"boss_relics":[{"not_picked":["Ring of the Serpent","Ectoplasm"],"picked":"Velvet Choker"},{"not_picked":["Sozu","SacredBark"],"picked":"Runic Pyramid"}],"items_purged_floors":[22],"is_endless":false,"potions_floor_spawned":[3,4,7,13,16,23,31,33,42],"ascension_level":3}}