{"host":"am551fa6890rb9vo","time":1612869360,"event":{"mods":["BaseMod","DeckTracker","Minty Spire (QoL Compilation)","Morshu Shopkeeper - ENHANCED","Rare Cards Sparkle","Relic Stats","Smile Girya","StSLib","The IronCluck","everything is the same but u backflip on backflip","slay the spire mod where everything is the same but ironclad has a cowboy hat"],"gold_per_floor":[213,77,90,110,185,217,217,26,26,53,69,98,114,144,144,239,239,254,266,266,266,286,286,314,404,404,404,423,438,449,449,449],"floor_reached":31,"language":"ENG","playtime":1890,"items_purged":["Strike_R"],"score":305,"play_id":"47321f30-b332-4398-916c-2cbbbbedebef","local_time":"20210209111600","is_ascension_mode":true,"campfire_choices":[{"data":"Flex","floor":7,"key":"SMITH"},{"data":"Fiend Fire","floor":15,"key":"SMITH"},{"data":"Fire Breathing","floor":23,"key":"SMITH"},{"floor":27,"key":"REST"}],"circlet_count":0,"master_deck":["Strike_R","Defend_R","Defend_R","Defend_R","Defend_R","Bash","Carnage","Fiend Fire","Flex+1","Wild Strike","Shrug It Off","Evolve","Burning Pact","Fiend Fire+1","Seeing Red","Thunderclap","Cleave","Reaper","Berserk+1","Whirlwind+1","Twin Strike+1","Fire Breathing+1","Flame Barrier","Wild Strike","Feed+1","Sever Soul+1"],"relics":["Burning Blood","Champion Belt","Calipers","Ancient Tea Set","Boot","Astrolabe","Mercury Hourglass","Molten Egg 2"],"acts_visited":["Exordium","TheCity"],"potions_floor_usage":[4,6,11,13,22,24,24,24,28,31,31,31],"damage_taken":[{"damage":10,"enemies":"Cultist","floor":1,"turns":5},{"damage":0,"enemies":"2 Louse","floor":3,"turns":2},{"damage":0,"enemies":"Small Slimes","floor":4,"turns":2},{"damage":21,"enemies":"3 Sentries","floor":6,"turns":6},{"damage":24,"enemies":"Gremlin Nob","floor":10,"turns":4},{"damage":0,"enemies":"Exordium Thugs","floor":11,"turns":2},{"damage":14,"enemies":"3 Sentries","floor":12,"turns":6},{"damage":6,"enemies":"Looter","floor":13,"turns":4},{"damage":18,"enemies":"Hexaghost","floor":16,"turns":8},{"damage":0,"enemies":"3 Byrds","floor":18,"turns":2},{"damage":13,"enemies":"Chosen","floor":19,"turns":3},{"damage":39,"enemies":"Centurion and Healer","floor":22,"turns":5},{"damage":22,"enemies":"Gremlin Leader","floor":24,"turns":6},{"damage":25,"enemies":"Shelled Parasite and Fungi","floor":28,"turns":4},{"damage":20,"enemies":"Snecko","floor":29,"turns":4},{"damage":15,"enemies":"Chosen and Byrds","floor":30,"turns":4},{"damage":48,"enemies":"Book of Stabbing","floor":31,"turns":6}],"seed_played":"-6325673866514023142","potions_obtained":[{"floor":1,"key":"Fire Potion"},{"floor":4,"key":"Explosive Potion"},{"floor":10,"key":"Explosive Potion"},{"floor":12,"key":"EssenceOfSteel"},{"floor":18,"key":"ElixirPotion"},{"floor":21,"key":"GamblersBrew"},{"floor":21,"key":"PowerPotion"},{"floor":21,"key":"EntropicBrew"},{"floor":28,"key":"SpeedPotion"},{"floor":29,"key":"SkillPotion"},{"floor":30,"key":"Swift Potion"}],"is_trial":false,"path_per_floor":["M","$","M","M","?","E","R","$","T","E","M","E","M","?","R","B",null,"M","M","?","?","M","R","E","?","T","R","M","M","M","E"],"character_chosen":"IRONCLAD","items_purchased":["Fiend Fire","Evolve","Burning Pact"],"campfire_rested":1,"item_purchase_floors":[2,8,8],"current_hp_per_floor":[76,76,80,80,69,54,54,54,54,36,42,34,34,34,34,22,80,80,79,64,64,47,47,49,37,37,62,43,41,40,0,0],"gold":449,"neow_bonus":"HUNDRED_GOLD","is_daily":false,"chose_seed":false,"campfire_upgraded":3,"win_rate":0.0,"timestamp":1612869360,"path_taken":["M","$","M","?","?","E","R","$","T","E","M","E","M","?","R","BOSS","M","M","?","?","?","R","E","?","T","R","M","M","M","E"],"items_purchased_type":["Card","Card","Card"],"build_version":"2020-12-22","purchased_purges":1,"victory":false,"max_hp_per_floor":[80,80,80,80,80,80,80,80,80,80,80,80,80,80,80,80,80,80,80,85,85,85,85,85,85,85,85,85,85,85,85,85],"relic_stats":{"counters":[17,73],"Astrolabe":["Berserk","Whirlwind","Twin Strike"],"Champion Belt":[19],"Boot":[23],"obtain_stats":[{"Calipers":9,"Astrolabe":17,"Molten Egg 2":26,"Champion Belt":6,"Ancient Tea Set":10,"Boot":12,"Burning Blood":0,"Mercury Hourglass":24},{"Calipers":4,"Astrolabe":9,"Molten Egg 2":13,"Champion Belt":4,"Ancient Tea Set":5,"Boot":7,"Burning Blood":0,"Mercury Hourglass":13},{"Calipers":15,"Astrolabe":39,"Molten Egg 2":55,"Champion Belt":15,"Ancient Tea Set":19,"Boot":27,"Burning Blood":0,"Mercury Hourglass":55}],"Burning Blood":82,"Mercury Hourglass":[49]},"card_choices":[{"not_picked":["Iron Wave","Shrug It Off"],"picked":"Carnage","floor":1},{"not_picked":["Twin Strike","Thunderclap"],"picked":"Flex","floor":3},{"not_picked":["Disarm","True Grit"],"picked":"Wild Strike","floor":4},{"not_picked":["Headbutt","Blood for Blood"],"picked":"Shrug It Off","floor":6},{"not_picked":["Combust","Rupture"],"picked":"Fiend Fire","floor":10},{"not_picked":["Clothesline","Body Slam"],"picked":"Seeing Red","floor":11},{"not_picked":["Intimidate","Armaments"],"picked":"Thunderclap","floor":12},{"not_picked":["Clothesline","Headbutt"],"picked":"Cleave","floor":13},{"not_picked":["Juggernaut","Limit Break"],"picked":"Reaper","floor":16},{"not_picked":["Clothesline","Flex+1"],"picked":"Fire Breathing","floor":18},{"not_picked":["Perfected Strike+1","Headbutt"],"picked":"Flame Barrier","floor":19},{"not_picked":["Demon Form","Spot Weakness"],"picked":"Wild Strike","floor":22},{"not_picked":["Clothesline+1","Flex","Twin Strike"],"picked":"SKIP","floor":24},{"not_picked":["Shockwave","Anger+1"],"picked":"Feed+1","floor":28},{"not_picked":["Twin Strike+1","Cleave+1","Seeing Red+1"],"picked":"SKIP","floor":29},{"not_picked":["Pommel Strike+1","Flex"],"picked":"Sever Soul+1","floor":30}],"player_experience":51390,"relics_obtained":[{"floor":6,"key":"Champion Belt"},{"floor":9,"key":"Calipers"},{"floor":10,"key":"Ancient Tea Set"},{"floor":12,"key":"Boot"},{"floor":24,"key":"Mercury Hourglass"},{"floor":26,"key":"Molten Egg 2"}],"event_choices":[{"damage_healed":0,"gold_gain":75,"player_choice":"Gather Gold","damage_taken":11,"max_hp_gain":0,"max_hp_loss":0,"event_name":"World of Goop","floor":5,"gold_loss":0},{"damage_healed":0,"gold_gain":30,"player_choice":"Searched \u00272\u0027 times","damage_taken":0,"max_hp_gain":0,"max_hp_loss":0,"event_name":"Dead Adventurer","floor":14,"gold_loss":0},{"damage_healed":0,"gold_gain":0,"player_choice":"Shed Blood","damage_taken":20,"max_hp_gain":5,"max_hp_loss":0,"event_name":"Forgotten Altar","floor":20,"gold_loss":0},{"damage_healed":0,"gold_gain":0,"player_choice":"Got Potions","damage_taken":0,"max_hp_gain":0,"max_hp_loss":0,"event_name":"Lab","floor":21,"gold_loss":0},{"damage_healed":0,"gold_gain":90,"player_choice":"GOLD ","damage_taken":12,"max_hp_gain":0,"max_hp_loss":0,"event_name":"Knowing Skull","floor":25,"potions_obtained":[],"gold_loss":0,"cards_obtained":[]}],"is_beta":false,"boss_relics":[{"not_picked":["SacredBark","Fusion Hammer"],"picked":"Astrolabe"}],"items_purged_floors":[8],"is_endless":false,"potions_floor_spawned":[1,4,10,12,18,28,29,30],"killed_by":"Book of Stabbing","ascension_level":2}}