{"host":"jpcy2bclvs7juczu","time":1612834283,"event":{"mods":["Alarm Clock","BaseMod","Bestiary","Block Reminder","Colored Map","Colored Powertips","Current Relic Mod","Curses Come First","Dark Map","Filter the Spire","Minty Spire (QoL Compilation)","Quick Restart","RNG Fix","Relic Stats","Slay the Relics Exporter","Smile Girya","StSLib","everything is the same but u backflip on backflip","ojb\u0027s Better Paths Mod","ojb\u0027s Info Mod","slay the spire mod where everything is the same but ironclad has a cowboy hat"],"gold_per_floor":[116,116,132,151,165,165,190,210,237,237,266,266,278,306,306,306,306],"floor_reached":16,"language":"ENG","playtime":667,"items_purged":[],"score":244,"play_id":"50a50bdd-9b74-47cd-832f-2a832e731f9f","local_time":"20210208203123","is_ascension_mode":true,"campfire_choices":[{"data":"Eruption","floor":6,"key":"SMITH"},{"floor":12,"key":"REST"},{"data":"DeceiveReality","floor":15,"key":"SMITH"}],"circlet_count":0,"master_deck":["AscendersBane","Strike_P","Strike_P","Strike_P","Strike_P","Defend_P","Defend_P","Defend_P","Defend_P","Eruption+1","Vigilance","FlurryOfBlows","BowlingBash","CutThroughFate","CutThroughFate","FearNoEvil","EmptyMind","Scrawl","EmptyBody","DeceiveReality+1"],"relics":["PureWater","Tiny Chest","Calipers","Ginger","Frozen Egg 2"],"acts_visited":["Exordium"],"potions_floor_usage":[7,14],"damage_taken":[{"damage":8,"enemies":"Jaw Worm","floor":1,"turns":4},{"damage":9,"enemies":"Small Slimes","floor":3,"turns":4},{"damage":3,"enemies":"2 Louse","floor":4,"turns":4},{"damage":1,"enemies":"2 Fungi Beasts","floor":5,"turns":2},{"damage":22,"enemies":"3 Sentries","floor":7,"turns":7},{"damage":0,"enemies":"Exordium Wildlife","floor":8,"turns":2},{"damage":22,"enemies":"Lagavulin","floor":11,"turns":4},{"damage":0,"enemies":"Blue Slaver","floor":13,"turns":2},{"damage":16,"enemies":"Gremlin Nob","floor":14,"turns":3},{"damage":8,"enemies":"Hexaghost","floor":16,"turns":8}],"seed_played":"-2417059431156452622","potions_obtained":[{"floor":5,"key":"SteroidPotion"},{"floor":8,"key":"StancePotion"},{"floor":13,"key":"Explosive Potion"}],"is_trial":false,"path_per_floor":["M","?","M","M","M","R","E","M","T","?","E","R","M","E","R","B"],"character_chosen":"WATCHER","items_purchased":[],"campfire_rested":1,"item_purchase_floors":[],"current_hp_per_floor":[53,58,49,46,45,45,23,23,23,23,1,22,22,6,6,0,0],"gold":306,"neow_bonus":"RANDOM_COMMON_RELIC","is_daily":false,"chose_seed":false,"campfire_upgraded":2,"win_rate":0.0,"timestamp":1612834283,"path_taken":["M","?","M","M","M","R","E","M","T","?","E","R","M","E","R","BOSS"],"items_purchased_type":[],"build_version":"2020-12-22","purchased_purges":0,"victory":false,"max_hp_per_floor":[68,73,73,73,73,73,73,73,73,73,73,73,73,73,73,73,73],"relic_stats":{"counters":[10,40],"Tiny Chest":0,"Ginger":[2],"obtain_stats":[{"Calipers":7,"Tiny Chest":0,"Ginger":11,"PureWater":0,"Frozen Egg 2":14},{"Calipers":5,"Tiny Chest":0,"Ginger":7,"PureWater":0,"Frozen Egg 2":9},{"Calipers":21,"Tiny Chest":0,"Ginger":27,"PureWater":0,"Frozen Egg 2":32}]},"card_choices":[{"not_picked":["ThirdEye","Crescendo"],"picked":"FlurryOfBlows","floor":1},{"not_picked":["PathToVictory","SashWhip"],"picked":"BowlingBash","floor":3},{"not_picked":["WreathOfFlame","DeceiveReality"],"picked":"CutThroughFate","floor":4},{"not_picked":["ForeignInfluence","Wireheading"],"picked":"CutThroughFate","floor":5},{"not_picked":["FlurryOfBlows","ThirdEye"],"picked":"FearNoEvil","floor":7},{"not_picked":["FlyingSleeves","Study"],"picked":"EmptyMind","floor":8},{"not_picked":["ThirdEye","EmptyFist"],"picked":"Scrawl","floor":11},{"not_picked":["Fasting2","InnerPeace"],"picked":"EmptyBody","floor":13},{"not_picked":["Alpha","DeusExMachina"],"picked":"DeceiveReality","floor":14}],"player_experience":1599296,"relics_obtained":[{"floor":7,"key":"Calipers"},{"floor":11,"key":"Ginger"},{"floor":14,"key":"Frozen Egg 2"}],"event_choices":[{"damage_healed":0,"gold_gain":0,"player_choice":"Donut","damage_taken":0,"max_hp_gain":5,"max_hp_loss":0,"event_name":"Big Fish","floor":2,"gold_loss":0},{"damage_healed":0,"gold_gain":0,"player_choice":"Searched \u00271\u0027 times","damage_taken":0,"max_hp_gain":0,"max_hp_loss":0,"event_name":"Dead Adventurer","floor":10,"gold_loss":0}],"is_beta":false,"boss_relics":[],"items_purged_floors":[],"is_endless":false,"potions_floor_spawned":[5,8,13],"killed_by":"Hexaghost","ascension_level":20}}