{"host":"rantoq7h0pygex6x","time":1612885878,"event":{"mods":["AchievementEnabler","BaseMod","BetterRewards","Minty Spire (QoL Compilation)"],"gold_per_floor":[21,21,38,106,116,116,150,150,150,150,165,165,185,204,204,204,204],"floor_reached":16,"language":"ENG","playtime":432,"items_purged":["Strike_B"],"score":308,"play_id":"98e94a1c-f515-4b98-b313-f7b0a6262b7a","local_time":"20210209235118","is_ascension_mode":true,"campfire_choices":[{"data":"White Noise","floor":6,"key":"SMITH"},{"data":"Streamline","floor":8,"key":"SMITH"},{"floor":10,"key":"REST"},{"data":"Zap","floor":12,"key":"SMITH"},{"floor":15,"key":"REST"}],"circlet_count":0,"master_deck":["AscendersBane","Strike_B","Strike_B","Strike_B","Defend_B","Defend_B","Defend_B","Defend_B","Zap+1","Dualcast","Conserve Battery","Barrage","Stack","Streamline+1","Coolheaded","Leap","Gash","White Noise+1","BootSequence","Consume","Storm","Cold Snap","Ball Lightning"],"relics":["Cracked Core","SsserpentHead","Vajra","Art of War"],"acts_visited":["Exordium"],"potions_floor_usage":[7,7,14],"damage_taken":[{"damage":1,"enemies":"Jaw Worm","floor":1,"turns":3},{"damage":0,"enemies":"Cultist","floor":3,"turns":4},{"damage":2,"enemies":"Small Slimes","floor":4,"turns":4},{"damage":19,"enemies":"Exordium Wildlife","floor":5,"turns":6},{"damage":27,"enemies":"3 Sentries","floor":7,"turns":12},{"damage":10,"enemies":"Lots of Slimes","floor":11,"turns":6},{"damage":22,"enemies":"Exordium Thugs","floor":13,"turns":5},{"damage":0,"enemies":"Looter","floor":14,"turns":3},{"damage":34,"enemies":"Slime Boss","floor":16,"turns":3}],"seed_played":"3863972965623763023","potions_obtained":[{"floor":1,"key":"Regen Potion"},{"floor":4,"key":"EssenceOfSteel"},{"floor":13,"key":"Dexterity Potion"}],"is_trial":false,"path_per_floor":["M","?","M","M","M","R","E","R","T","R","M","R","M","M","R","B"],"character_chosen":"DEFECT","items_purchased":["Conserve Battery","Barrage","Stack","Streamline","Coolheaded","Leap"],"campfire_rested":2,"item_purchase_floors":[0,0,0,0,0,0],"current_hp_per_floor":[47,47,47,45,26,26,14,14,14,35,25,25,3,3,24,0,0],"gold":204,"neow_bonus":"","is_daily":false,"chose_seed":false,"campfire_upgraded":3,"win_rate":0.0,"timestamp":1612885878,"path_taken":["M","?","M","?","M","R","E","R","T","R","M","R","M","M","R","BOSS"],"items_purchased_type":["Card","Card","Card","Card","Card","Card"],"build_version":"2020-12-22","purchased_purges":1,"victory":false,"max_hp_per_floor":[71,71,71,71,71,71,71,71,71,71,71,71,71,71,71,71,71],"card_choices":[{"not_picked":["Rebound","Redo"],"picked":"Gash","floor":1},{"not_picked":["Barrage","Steam Power","Multi-Cast"],"picked":"SKIP","floor":3},{"not_picked":["Scrape","Rip and Tear"],"picked":"White Noise","floor":4},{"not_picked":["Heatsinks","Conserve Battery"],"picked":"BootSequence","floor":5},{"not_picked":["All For One","Stack"],"picked":"Consume","floor":7},{"not_picked":["Turbo","Coolheaded"],"picked":"Storm","floor":11},{"not_picked":["Leap","Darkness"],"picked":"Cold Snap","floor":13},{"not_picked":["Lockon","Storm"],"picked":"Ball Lightning","floor":14}],"player_experience":988176,"relics_obtained":[{"floor":7,"key":"Vajra"},{"floor":9,"key":"Art of War"}],"event_choices":[{"damage_healed":0,"gold_gain":0,"player_choice":"Trade","damage_taken":0,"relics_obtained":["SsserpentHead"],"max_hp_gain":0,"max_hp_loss":0,"event_name":"FaceTrader","floor":2,"gold_loss":0}],"is_beta":false,"boss_relics":[],"items_purged_floors":[0],"is_endless":false,"potions_floor_spawned":[1,4,5,13],"killed_by":"Slime Boss","ascension_level":20}}