{"host":"niv6bi8ufjzyofbf","time":1612894240,"event":{"mods":["ATMod(∞¢Ë™Mod)","Act Like it!","BaseMod","Colored Powertips","Conspire","Gensokyo","Hermit","Mad Scientist","Marisa£®ÏF”Í°°ƒß¿Ì…≥£©","Minty Spire (QoL Compilation)","Quick Restart","Rare Cards Sparkle","Reimu£®≤©¿ˆ¡È√Œ£©","Relic Filter Mod","Reliquary","Replay The Spire","Shop Mod","Spicy Shops","StSLib","SuperFastMode","The Cursed","The Servant 0.9.4","Youmu£®ªÍ∆«—˝√Œ£©","°æ“≈ŒÔø®≈∆°øREMEMod","≤–¡Ù÷ÆŒÔ"],"gold_per_floor":[118,132,132,23333,23344,23369,21867,21867,21891,20118,20132,20132,20157,20170,20170,20247,20247,20241,20323,18639,18649,17487,17515,17527,17557,17557,17557,16346,16366,16366,16381,16381,16477,16477,16496,16516,15510,15523,14645,14770,14770,14742,14765,14765,13810,13824,13659,13672,13923,13453],"floor_reached":51,"language":"ZHS","playtime":2481,"items_purged":["Malaise","Pride","MadScienceMod:Defend_MadScience","MadScienceMod:Defend_MadScience","Poor:ReiMu","MadScienceMod:Defend_MadScience","MadScienceMod:FlameCannon+1","MadScienceMod:HideBehindJunk","Writhe","MadScienceMod:Strike_MadScience","MadScienceMod:Strike_MadScience","MadScienceMod:Strike_MadScience"],"score":923,"play_id":"fefb2bfa-9895-4f7b-b2a0-5d84acfeed38","local_time":"20210210021040","is_ascension_mode":true,"campfire_choices":[{"data":"MadScienceMod:Refuel","floor":8.0,"key":"SMITH"},{"data":"MadScienceMod:SelfDestruct","floor":15.0,"key":"SMITH"},{"floor":27.0,"key":"DIG"}],"circlet_count":0,"master_deck":["MadScienceMod:Strike_MadScience","MadScienceMod:PoweredStrike+1","MadScienceMod:Refuel+4","MadScienceMod:ArtilleryShot+1","Violence+1","MadScienceMod:MindControlBeam+1","Swift Strike","MadScienceMod:Browse+1","PanicButton","MadScienceMod:Lightbulb+1","MadScienceMod:SelfDestruct+1","MadScienceMod:Jetpack+1","MadScienceMod:FragmentationGrenade+1","MadScienceMod:BandageBot+1","MadScienceMod:LightOnFire+1","MadScienceMod:Refine+1","MadScienceMod:RecyclingStation+1","MadScienceMod:AcidSpray+1","MadScienceMod:Browse+1","MadScienceMod:ArtilleryShot+1","MadScienceMod:ArtilleryShot+1","MadScienceMod:FlameCannon+1","MadScienceMod:FlameCannon+1","MadScienceMod:GlassCannon+1","MadScienceMod:ExtractOil+1","MadScienceMod:Generator+1","MadScienceMod:Refuel+4","Mind Blast+1","MadScienceMod:SelfDestruct+1","AT_EmpoweredMortalDraw+1","MadScienceMod:ArtilleryShot+1"],"relics":["MadScienceMod:FuelTank","REME_ComplimentaryCards","AT_ATBox","Pen Nib","AT_SilvercatRing","reliquary:Knoch","ClockworkSouvenir","Art of War","Guide Book","REME_LimitBreaker","Tiny Chest","reliquary:BrokenClock","reliquary:RoseTintedGlasses","Frozen Eye","Frozen Egg 2","HornCleat","Anchor","MerchantsRug","YidongShenshe:ReiMu","reliquary:Stiletto","REME_ChargedStone","RuthlessExorcism:ReiMu","Molten Egg 2","Replay:Multitool","Toolbox","Question Card","Strange Spoon","Gremlin Horn","Lee\u0027s Waffle","BargainBundle","Pantograph","MealTicket","REME_PuzzleBoxRelic","AT_SeraphEmbrace","conspire:DecoderRing","REME_HandOfSuture","AT_ChloranthyRing","Bag of Marbles","ReplayTheSpireMod:ShopPack","Replay:Bottled Steam","Bottled Lightning","PlaceholderMod:DeVermisMysteriis","MadScienceMod:DoomsdayDevice","Potion Belt","reliquary:WritOfMandamus","Membership Card","Mastiff:ReiMu","Garlic","AT_TheCollector","Blue Candle","DollysMirror","ReplayTheSpireMod:Lightbulb","HandDrill","AT_RedTearstoneRing","REME_OnlineShoppingPlatform","reliquary:Boomerang","reliquary:Sideboard","MadScienceMod:ExhaustVents","AT_EbonyIvory","OrangePellets","reliquary:TatteredRug","conspire:TreasureMap","Incense Burner","Bronze Scales","reliquary:FeatherDuster","Gremlin Food","CatCart"],"acts_visited":["Exordium","TheCity","TheBeyond"],"potions_floor_usage":[33,42,42,47,47,47,47,47,47,47,47,47,47,47,47,47,47,47,47,50,50,50,50,50,50,50,50,50,50,50,50,50,50,50,50,50,50,50,50,50,50,50,50,50,50,50,50,50,50,50,50,50,50,50,50,50,50,50],"damage_taken":[{"damage":9.0,"enemies":"conspire:RoseBush","floor":1.0,"turns":3.0},{"damage":7.0,"enemies":"Jaw Worm","floor":2.0,"turns":3.0},{"damage":10.0,"enemies":"Small Slimes","floor":5.0,"turns":3.0},{"damage":71.0,"enemies":"Lagavulin","floor":6.0,"turns":10.0},{"damage":0.0,"enemies":"conspire:2 RoseBushes","floor":11.0,"turns":2.0},{"damage":0.0,"enemies":"3 Louse","floor":14.0,"turns":3.0},{"damage":43.0,"enemies":"The Guardian","floor":16.0,"turns":7.0},{"damage":0.0,"enemies":"Shell Parasite","floor":18.0,"turns":2.0},{"damage":0.0,"enemies":"Spheric Guardian","floor":21.0,"turns":1.0},{"damage":0.0,"enemies":"conspire:SneckoGhost","floor":23.0,"turns":4.0},{"damage":1.0,"enemies":"Shelled Parasite and Fungi","floor":24.0,"turns":2.0},{"damage":25.0,"enemies":"Book of Stabbing","floor":25.0,"turns":3.0},{"damage":0,"enemies":"Snake Plant","floor":29,"turns":1},{"damage":1,"enemies":"Chosen and Byrds","floor":31,"turns":2},{"damage":18,"enemies":"conspire:MysteriousRune","floor":33,"turns":4},{"damage":0,"enemies":"Orb Walker","floor":35,"turns":2},{"damage":0,"enemies":"3 Darklings","floor":36,"turns":2},{"damage":0,"enemies":"Jaw Worm Horde","floor":38,"turns":1},{"damage":0,"enemies":"Nemesis","floor":40,"turns":1},{"damage":16,"enemies":"Transient","floor":42,"turns":3},{"damage":0,"enemies":"3 Darklings","floor":46,"turns":1},{"damage":0,"enemies":"R_Hoarder","floor":47,"turns":2},{"damage":0,"enemies":"Spire Growth","floor":48,"turns":2},{"damage":12,"enemies":"Orin","floor":49,"turns":3},{"damage":12,"enemies":"Replay:Hell Engine","floor":50,"turns":1}],"seed_played":"-3384156236084300228","potions_obtained":[{"floor":2.0,"key":"MadScienceMod:FuelPotion"},{"floor":5.0,"key":"SkillPotion"},{"floor":6.0,"key":"LiquidMemories"},{"floor":23.0,"key":"Strength Potion"},{"floor":24.0,"key":"Swift Potion"},{"floor":25.0,"key":"Energy Potion"},{"floor":31,"key":"SteroidPotion"},{"floor":38,"key":"SteroidPotion"}],"is_trial":false,"path_per_floor":["M","M","?","?","M","E","$","R","T","$","M","?","T","M","R","B",null,"M","?","$","M","$","E","M","E","T","R","$","M","T","M","R","B",null,"M","M","$","M","$","E","?","M","T","?","$","M","E","M","R","B",null],"character_chosen":"MAD_SCIENTIST","items_purchased":["Violence","AT_SilvercatRing","reliquary:Knoch","ClockworkSouvenir","Art of War","MadScienceMod:MindControlBeam","Swift Strike","Guide Book","REME_LimitBreaker","Fire Potion","reliquary:BrokenClock","reliquary:RoseTintedGlasses","Frozen Eye","Frozen Egg 2","HornCleat","Anchor","AttackPotion","MerchantsRug","MadScienceMod:Browse","PanicButton","Molten Egg 2","Replay:Multitool","Toolbox","Question Card","Strange Spoon","Gremlin Horn","ColorlessPotion","MadScienceMod:Refine","MadScienceMod:RecyclingStation+1","MadScienceMod:AcidSpray+1","Lee\u0027s Waffle","BargainBundle","Pantograph","MealTicket","REME_PuzzleBoxRelic","AT_ArchangelStaff","MadScienceMod:FlameCannon+1","ReplayTheSpireMod:ShopPack","Replay:Bottled Steam","Bottled Lightning","PlaceholderMod:DeVermisMysteriis","MadScienceMod:DoomsdayDevice","Membership Card","Mastiff:ReiMu","Garlic","AT_TheCollector","Blue Candle","MadScienceMod:Generator+1","DollysMirror","Mind Blast+1","ReplayTheSpireMod:Lightbulb","HandDrill","AT_RedTearstoneRing","REME_OnlineShoppingPlatform","reliquary:Boomerang","reliquary:Sideboard","MadScienceMod:SelfDestruct+1","OrangePellets","reliquary:TatteredRug","conspire:TreasureMap","Incense Burner","Bronze Scales","reliquary:FeatherDuster","AT_EmpoweredMortalDraw+1","MadScienceMod:ArtilleryShot+1"],"campfire_rested":0,"item_purchase_floors":[7,7,7,7,7,7,7,7,7,7,10,10,10,10,10,10,10,10,10,10,20,20,20,20,20,20,20,20,20,20,22,22,22,22,22,22,28,28,28,28,28,28,37,37,37,37,37,37,37,37,39,39,39,39,39,39,39,45,45,45,45,45,45,45,45],"current_hp_per_floor":[73,66,66,66,56,885,885,885,885,885,885,885,885,885,885,842,82,82,50,50,50,89,89,88,66,66,66,81,81,81,80,89,74,89,89,89,89,89,89,89,85,72,72,72,85,85,85,85,73,73],"gold":13453,"neow_bonus":"TEN_PERCENT_HP_BONUS","is_daily":false,"chose_seed":false,"campfire_upgraded":2,"win_rate":0.0,"timestamp":1612894240,"path_taken":["M","M","?","?","?","E","$","R","T","$","M","?","?","M","R","BOSS","M","?","$","M","$","E","M","E","T","R","$","M","?","?","R","BOSS","M","M","$","M","$","E","?","M","T","?","$","M","E","M","R","BOSS"],"items_purchased_type":["Card","Relic","Relic","Relic","Relic","Card","Card","Relic","Relic","Potion","Relic","Relic","Relic","Relic","Relic","Relic","Potion","Relic","Card","Card","Relic","Relic","Relic","Relic","Relic","Relic","Potion","Card","Card","Card","Relic","Relic","Relic","Relic","Relic","Relic","Card","Relic","Relic","Relic","Relic","Relic","Relic","Relic","Relic","Relic","Relic","Card","Relic","Card","Relic","Relic","Relic","Relic","Relic","Relic","Card","Relic","Relic","Relic","Relic","Relic","Relic","Card","Card"],"build_version":"2020-12-22","purchased_purges":12,"victory":true,"max_hp_per_floor":[82,82,82,82,82,82,82,82,82,82,82,82,82,82,82,82,82,82,82,82,82,89,89,89,89,89,89,89,89,89,89,89,89,89,89,89,89,89,89,89,85,85,85,85,85,85,85,85,85,85],"card_choices":[{"not_picked":["MadScienceMod:AntimatterBomb","MadScienceMod:SoftenUp","MadScienceMod:FlameThrower"],"picked":"SKIP","floor":1.0},{"not_picked":["MadScienceMod:Sprocket","MadScienceMod:Poke","MadScienceMod:CaptureMomentum"],"picked":"SKIP","floor":2.0},{"not_picked":["MadScienceMod:Sprocket","MadScienceMod:MakeOrBreak"],"picked":"MadScienceMod:Refuel","floor":5.0},{"not_picked":["MadScienceMod:MinatureWeapons","MadScienceMod:FlameCannon"],"picked":"MadScienceMod:ArtilleryShot","floor":6.0},{"not_picked":["MadScienceMod:Tune","MadScienceMod:TimeDilationField"],"picked":"MadScienceMod:Lightbulb","floor":11.0},{"not_picked":["MadScienceMod:AntimatterBomb","MadScienceMod:Sprocket"],"picked":"MadScienceMod:SelfDestruct","floor":14.0},{"not_picked":["MadScienceMod:FumeHood+1","MadScienceMod:CloneVats+1"],"picked":"MadScienceMod:Jetpack+1","floor":16.0},{"not_picked":["MadScienceMod:OmniHammer","MadScienceMod:AutoStrike"],"picked":"MadScienceMod:FragmentationGrenade+1","floor":18.0},{"not_picked":["MadScienceMod:AutoStrike+1","MadScienceMod:FlameCannon"],"picked":"MadScienceMod:BandageBot+1","floor":19.0},{"not_picked":["MadScienceMod:OilDrum","MadScienceMod:JunkLaser+1"],"picked":"MadScienceMod:LightOnFire","floor":19.0},{"not_picked":["MadScienceMod:Refuel","MadScienceMod:RadioactiveSword+1","MadScienceMod:JunkLaser+1"],"picked":"MadScienceMod:Browse","floor":21.0},{"not_picked":["MadScienceMod:OilDrum","MadScienceMod:PowerArmor+1","MadScienceMod:NowOrNever"],"picked":"MadScienceMod:ArtilleryShot+1","floor":23.0},{"not_picked":["MadScienceMod:Strafe+1","MadScienceMod:LightOnFire+1","MadScienceMod:FragmentationGrenade+1"],"picked":"MadScienceMod:FlameCannon+1","floor":24.0},{"not_picked":["MadScienceMod:Retarget","MadScienceMod:MechanicalClaw+1","MadScienceMod:Probe+1"],"picked":"MadScienceMod:FlameCannon+1","floor":25.0},{"not_picked":["ReplayTheSpireMod:Necrogeddon","Secret Weapon","REME_AllRoundStrike"],"picked":"Apotheosis","floor":28},{"not_picked":["MadScienceMod:Virus+1","MadScienceMod:BoxOfScraps","MadScienceMod:OilDrum","MadScienceMod:MakeOrBreak+1"],"picked":"SKIP","floor":29},{"not_picked":["MadScienceMod:Detonate+1","MadScienceMod:BoxOfScraps","MadScienceMod:RadioactiveSword+1","MadScienceMod:EnergyBarrier"],"picked":"SKIP","floor":31},{"not_picked":["MadScienceMod:Jetpack+1","MadScienceMod:LabAccident","MadScienceMod:ClockworkAssistant+1"],"picked":"MadScienceMod:GlassCannon+1","floor":33},{"not_picked":["MadScienceMod:FlameCannon+1","MadScienceMod:Detonate+1","MadScienceMod:GattlingGun+1"],"picked":"MadScienceMod:ExtractOil+1","floor":35},{"not_picked":["MadScienceMod:FumeBlast+1","MadScienceMod:OilDrum+1","MadScienceMod:Browse","MadScienceMod:ExploreOptions"],"picked":"SKIP","floor":36},{"not_picked":["MadScienceMod:ShrinkRay","MadScienceMod:Detonate+1","MadScienceMod:FlexibleSpear+1","MadScienceMod:TimeDilationField+1"],"picked":"SKIP","floor":38},{"not_picked":["MadScienceMod:Browse+1","MadScienceMod:Detonate+1","MadScienceMod:GlassCannon+1"],"picked":"MadScienceMod:OmniHammer+1","floor":40},{"not_picked":["MadScienceMod:Sprocket+1","MadScienceMod:AcidSpray+1","MadScienceMod:LightOnFire+1","MadScienceMod:FragmentationGrenade+1"],"picked":"SKIP","floor":42},{"not_picked":["Discovery","Dark Shackles","Impatience"],"picked":"AT_LightSaberMaster+1","floor":44},{"not_picked":["MadScienceMod:BandageBot+1","MadScienceMod:FragmentationGrenade+1","MadScienceMod:Retarget+1","MadScienceMod:AcidSpray+1"],"picked":"SKIP","floor":46},{"not_picked":["MadScienceMod:ImposingConstruct","MadScienceMod:AntimatterBomb","MadScienceMod:ArtilleryShot+1"],"picked":"MadScienceMod:Lightbulb+1","floor":47},{"not_picked":["MadScienceMod:FlameCannon+1","MadScienceMod:SelfDestruct+1","MadScienceMod:RadioactiveSword+1","MadScienceMod:Sprocket"],"picked":"SKIP","floor":48},{"not_picked":["MadScienceMod:FlameCannon+1","MadScienceMod:SelfDestruct+1","MadScienceMod:ExtractOil+1"],"picked":"MadScienceMod:AssemblyLine+1","floor":49}],"player_experience":616663,"relics_obtained":[{"floor":6.0,"key":"Pen Nib"},{"floor":9.0,"key":"Tiny Chest"},{"floor":13.0,"key":"reliquary:Stiletto"},{"floor":19.0,"key":"RuthlessExorcism:ReiMu"},{"floor":23.0,"key":"conspire:DecoderRing"},{"floor":25.0,"key":"REME_HandOfSuture"},{"floor":26.0,"key":"AT_ChloranthyRing"},{"floor":27.0,"key":"Bag of Marbles"},{"floor":30,"key":"Potion Belt"},{"floor":40,"key":"MadScienceMod:ExhaustVents"},{"floor":43,"key":"AT_EbonyIvory"},{"floor":47,"key":"Gremlin Food"},{"floor":49,"key":"CatCart"}],"event_choices":[{"damage_healed":0.0,"max_hp_gain":0.0,"max_hp_loss":0.0,"gold_gain":0.0,"event_name":"conspire:Investor","player_choice":"Leave","floor":3.0,"gold_loss":0.0,"damage_taken":0.0},{"cards_removed":["MadScienceMod:Defend_MadScience"],"damage_healed":0.0,"max_hp_gain":0.0,"max_hp_loss":0.0,"gold_gain":0.0,"event_name":"The Cleric","player_choice":"Card Removal","floor":4.0,"gold_loss":50.0,"damage_taken":0.0},{"damage_healed":0.0,"max_hp_gain":0.0,"max_hp_loss":0.0,"gold_gain":0.0,"event_name":"yidonshenshe","player_choice":"¥¯◊ﬂ…Ò…Á","floor":12.0,"gold_loss":0.0,"damage_taken":0.0,"relics_obtained":["YidongShenshe:ReiMu"],"cards_obtained":["Poor:ReiMu"]},{"damage_healed":0,"gold_gain":0,"player_choice":"Max HP","damage_taken":0,"max_hp_gain":0,"max_hp_loss":4,"event_name":"Winding Halls","floor":41,"gold_loss":0},{"damage_healed":0,"gold_gain":0,"player_choice":"Memory 1","damage_taken":0,"max_hp_gain":0,"max_hp_loss":0,"event_name":"SensoryStone","floor":44,"gold_loss":0},{"damage_healed":0,"gold_gain":0,"player_choice":"Fight","damage_taken":0,"max_hp_gain":0,"max_hp_loss":0,"event_name":"OrinTheCat","floor":49,"gold_loss":0}],"is_beta":false,"boss_relics":[{"not_picked":["Empty Cage","conspire:SlowCooker"],"picked":"REME_ChargedStone"},{"not_picked":["reliquary:KinkedSpring","SlaversCollar"],"picked":"reliquary:WritOfMandamus"}],"items_purged_floors":[7,7,10,10,20,22,28,37,37,39,39,45],"is_endless":false,"potions_floor_spawned":[2,5,6,14,23,24,25,31,38,40,42,46,48,49],"ascension_level":3}}