{"host":"qy1e0kd24tpj3i2m","time":1612888030,"event":{"mods":["Act Like it!","Alarm Clock","BaseMod","Better Skull","Better Vampires","Colored Map","Colored Powertips","Custom Start","Faster Ascension Climbing","Friendly Minions","GifTheSpireLib","Gremlin Skip","Highlight Path","Minty Spire (QoL Compilation)","Permanent Neow","Poor People Problems","Quick Restart","Red Circlet Mod","Relic Filter Mod","Relic Sorter","Reorder Act Four","SacredBarkPlus","Shop Mod","StSLib","SuperFastMode","Transform Curses","没有小屋子和绿帽子啦"],"gold_per_floor":[363,363,288,288,302,302,312,327,327,79,79,79,114,14,14,14,14],"floor_reached":16,"language":"ZHS","playtime":371,"items_purged":["Pain","Defend_R"],"score":196,"play_id":"f89c7d64-221a-40cb-a07e-82f23f6ad943","local_time":"20210210012710","is_ascension_mode":true,"campfire_choices":[{"data":"True Grit","floor":6.0,"key":"SMITH"},{"floor":15,"key":"RECALL"}],"circlet_count":0,"master_deck":["AscendersBane","Strike_R","Strike_R","Strike_R","Strike_R+1","Strike_R","Defend_R","Defend_R","Defend_R+1","True Grit+1"],"relics":["Burning Blood","WarpedTongs","Tiny Chest","Mercury Hourglass","Pantograph"],"acts_visited":["Exordium"],"potions_floor_usage":[13,16],"damage_taken":[{"damage":2.0,"enemies":"Cultist","floor":1.0,"turns":4.0},{"damage":5.0,"enemies":"2 Louse","floor":5.0,"turns":3.0},{"damage":2.0,"enemies":"Small Slimes","floor":7.0,"turns":3.0},{"damage":25.0,"enemies":"Gremlin Gang","floor":8.0,"turns":3.0},{"damage":19,"enemies":"3 Sentries","floor":13,"turns":8},{"damage":81,"enemies":"Hexaghost","floor":16,"turns":11}],"seed_played":"-3114986192355560777","potions_obtained":[{"floor":7.0,"key":"DuplicationPotion"},{"floor":8.0,"key":"LiquidBronze"}],"is_trial":false,"path_per_floor":["M","?","?","?","M","R","M","M","T","$","T","?","E","$","R","B"],"character_chosen":"IRONCLAD","items_purchased":["Tiny Chest"],"campfire_rested":0,"item_purchase_floors":[10],"current_hp_per_floor":[54,31,31,31,32,32,36,17,17,17,17,75,62,62,62,0,0],"gold":14,"neow_bonus":"TWO_FIFTY_GOLD","is_daily":false,"chose_seed":false,"campfire_upgraded":1,"win_rate":0.0,"timestamp":1612888030,"path_taken":["M","?","?","?","M","R","M","?","T","$","?","?","E","$","R","BOSS"],"items_purchased_type":["Relic"],"build_version":"2020-12-22","purchased_purges":2,"victory":false,"max_hp_per_floor":[75,75,75,75,75,75,75,75,75,75,75,75,75,75,75,75,75],"card_choices":[{"not_picked":["Clothesline","Body Slam"],"picked":"Combust","floor":1.0},{"not_picked":["Heavy Blade","Clash"],"picked":"True Grit","floor":5.0},{"not_picked":["Intimidate","Searing Blow","Flex"],"picked":"SKIP","floor":7.0},{"not_picked":["Cleave","True Grit","Anger"],"picked":"SKIP","floor":8.0},{"not_picked":["Second Wind","Sword Boomerang","Perfected Strike"],"picked":"SKIP","floor":13}],"player_experience":994834,"relics_obtained":[{"floor":11,"key":"Mercury Hourglass"},{"floor":13,"key":"Pantograph"}],"event_choices":[{"damage_healed":0.0,"max_hp_gain":0.0,"max_hp_loss":0.0,"gold_gain":0.0,"event_name":"Shining Light","player_choice":"Entered Light","floor":2.0,"gold_loss":0.0,"damage_taken":23.0,"cards_upgraded":["Strike_R","Defend_R"]},{"cards_removed":["Bash"],"damage_healed":0.0,"max_hp_gain":0.0,"max_hp_loss":0.0,"gold_gain":0.0,"event_name":"The Cleric","player_choice":"Card Removal","floor":3.0,"gold_loss":75.0,"damage_taken":0.0},{"damage_healed":0.0,"max_hp_gain":0.0,"max_hp_loss":0.0,"gold_gain":0.0,"event_name":"Accursed Blacksmith","player_choice":"Rummage","floor":4.0,"gold_loss":0.0,"damage_taken":0.0,"relics_obtained":["WarpedTongs"],"cards_obtained":["Pain"]},{"cards_removed":["Combust"],"damage_healed":58,"gold_gain":0,"player_choice":"Offered Uncommon","damage_taken":0,"max_hp_gain":0,"max_hp_loss":0,"event_name":"Bonfire Elementals","floor":12,"gold_loss":0}],"is_beta":false,"boss_relics":[],"items_purged_floors":[10,14],"is_endless":false,"potions_floor_spawned":[7,8],"killed_by":"Hexaghost","ascension_level":20}}