{"host":"vgnj3owxn2tq7mop","time":1612889188,"event":{"mods":["Act Like it!","BaseMod","Colored Map","Downfall","Hallownest","Minty Spire (QoL Compilation)","StSLib","SuperFastMode","The Bug Knight","The Servant 0.9.4"],"gold_per_floor":[99,99,99,99,99,9,77,91,191,204,230,59,78,113,132,132,132,132],"floor_reached":16,"language":"ZHS","playtime":1309,"items_purged":["bronze:Strike"],"score":113,"play_id":"71218ca5-bd5e-4c65-b72c-fa0561fc45d2","local_time":"20210210004628","is_ascension_mode":true,"campfire_choices":[{"data":"bronze:Goto","floor":1,"key":"SMITH"}],"circlet_count":0,"master_deck":["bronze:Strike","bronze:Strike","bronze:Strike","bronze:Defend","bronze:Defend","bronze:Defend","bronze:Defend","bronze:Replicate","bronze:Goto+1","bronze:GetLatest","bronze:Allocate","bronze:Terminator","bronze:BurnOut","bronze:Branch","bronze:FollowUp","bronze:Frontload","bronze:Overload"],"relics":["bronze:BronzeCore","downfall:HeartsMalice","downfall:BrokenWingStatue","StoneCalendar","Lantern","Pen Nib"],"acts_visited":["Exordium"],"potions_floor_usage":[11,12,14],"damage_taken":[{"damage":0,"enemies":"Cultist","floor":2,"turns":1},{"damage":0,"enemies":"Small Slimes","floor":3,"turns":1},{"damage":0,"enemies":"2 Louse","floor":5,"turns":1},{"damage":5,"enemies":"downfall:FleeingMerchant","floor":6,"turns":4},{"damage":12,"enemies":"Red Slaver","floor":8,"turns":8},{"damage":1,"enemies":"Gremlin Gang","floor":10,"turns":6},{"damage":23,"enemies":"Lagavulin","floor":11,"turns":7},{"damage":0,"enemies":"downfall:FleeingMerchant","floor":12,"turns":4},{"damage":0,"enemies":"Blue Slaver","floor":13,"turns":2},{"damage":14,"enemies":"3 Sentries","floor":14,"turns":6},{"damage":5,"enemies":"Large Slime","floor":15,"turns":7},{"damage":17,"enemies":"WA_ARCHETYPE_RETAIN","floor":16,"turns":4}],"seed_played":"8695111666447265935","potions_obtained":[{"floor":8,"key":"Swift Potion"},{"floor":10,"key":"Block Potion"},{"floor":11,"key":"bronze:BurnAndBuffPotion"},{"floor":13,"key":"SteroidPotion"}],"is_trial":false,"path_per_floor":["R","M","M","?","M","$","T","M","?","M","E","$","M","E","M","B"],"character_chosen":"THE_AUTOMATON","items_purchased":["Lantern"],"campfire_rested":0,"item_purchase_floors":[12],"current_hp_per_floor":[70,70,70,70,70,65,65,53,53,52,29,29,29,15,10,0,0,0],"gold":132,"neow_bonus":"THREE_ENEMY_KILL","is_daily":false,"chose_seed":false,"campfire_upgraded":1,"win_rate":0.0,"timestamp":1612889188,"path_taken":["R","M","M","?","M","$","T","M","?","M","E","$","?","E","M","BOSS"],"items_purchased_type":["Relic"],"build_version":"2020-12-22","purchased_purges":1,"victory":false,"max_hp_per_floor":[70,70,70,70,70,70,70,70,70,70,70,70,70,70,70,70,70,70],"card_choices":[{"not_picked":["bronze:Deprecate","bronze:ClassDefault"],"picked":"bronze:GetLatest","floor":2},{"not_picked":["bronze:Safeguard","bronze:OilSpill"],"picked":"bronze:Allocate","floor":3},{"not_picked":["bronze:MaxOutput","bronze:Deprecate"],"picked":"bronze:Terminator","floor":5},{"not_picked":["bronze:DelayedSlice","bronze:Shield"],"picked":"bronze:BurnOut","floor":6},{"not_picked":["bronze:WhirlingStrike","bronze:Backtrace"],"picked":"bronze:Branch","floor":8},{"not_picked":["bronze:BugBarrage","bronze:BuggyMess"],"picked":"bronze:FollowUp","floor":10},{"not_picked":["bronze:Fortify","bronze:BuggyMess","bronze:Branch"],"picked":"SKIP","floor":11},{"not_picked":["bronze:Deprecate","bronze:Branch"],"picked":"bronze:Frontload","floor":12},{"not_picked":["bronze:DarkDash","bronze:Allocate","bronze:CloningBeam"],"picked":"SKIP","floor":13},{"not_picked":["bronze:Safeguard","bronze:CutThrough"],"picked":"bronze:Overload","floor":14},{"not_picked":["bronze:WildBeam","bronze:FollowUp","bronze:Shield"],"picked":"SKIP","floor":15}],"player_experience":1188661,"relics_obtained":[{"floor":11,"key":"StoneCalendar"},{"floor":14,"key":"Pen Nib"}],"event_choices":[],"is_beta":false,"boss_relics":[],"items_purged_floors":[6],"is_endless":false,"potions_floor_spawned":[8,10,11,13],"killed_by":"WA_ARCHETYPE_RETAIN","ascension_level":1}}