{"host":"2pmmafybkq7zb6na","time":1612872915,"event":{"mods":["AchievementEnabler","BaseMod","Colored Map","Highlight Path","Keyboard Shortcuts","Minty Spire (QoL Compilation)","Quick Restart","StSLib","SuperFastMode"],"gold_per_floor":[113,127,127,127,127,157,168,168,240,257,257,282,13,30,30,135,135,155,155,171,270,170,170,8,8,35,69,89,40,40,53,53,154,154,171,186,186,36,52,79,79,93,93,128,145,145,64,80,80,80,80,80,43,77,77,77],"floor_reached":55,"language":"KOR","playtime":3839,"items_purged":["Strike_P","Defend_P","Defend_P"],"score":805,"play_id":"20671aa0-855a-4639-9bd9-64dc59da0ee4","local_time":"20210209211515","is_ascension_mode":false,"campfire_choices":[{"data":"Halt","floor":8,"key":"SMITH"},{"floor":11,"key":"REST"},{"floor":15,"key":"REST"},{"data":"Study","floor":23,"key":"SMITH"},{"floor":25,"key":"REST"},{"data":"Adaptation","floor":30,"key":"SMITH"},{"floor":32,"key":"REST"},{"floor":41,"key":"REST"},{"floor":46,"key":"REST"},{"floor":49,"key":"RECALL"},{"data":"Enlightenment","floor":52,"key":"SMITH"}],"circlet_count":0,"master_deck":["Strike_P","Defend_P","Defend_P","Eruption+1","Vigilance","LikeWater","Halt+1","EmptyBody","Tantrum","ClearTheMind","Study+1","Consecrate","MasterReality","EmptyFist+1","FlurryOfBlows","Adaptation+1","EmptyMind","EmptyFist","CrushJoints","Vengeance","FollowUp","FearNoEvil","ReachHeaven+1","InnerPeace+1","LikeWater","Study+1","ClearTheMind","WaveOfTheHand+1","Indignation","FlurryOfBlows+1","Evaluate+1","Enlightenment+1","InnerPeace","InnerPeace"],"relics":["PureWater","Boot","White Beast Statue","Bag of Marbles","Regal Pillow","VioletLotus","Enchiridion","CaptainsWheel","Runic Pyramid","Orrery","Incense Burner","Ornamental Fan","Potion Belt","Pen Nib"],"acts_visited":["TheCity","TheBeyond","TheEnding"],"potions_floor_usage":[14,16,27,28,31,39,42,44,45,50,50,54,54,55],"damage_taken":[{"damage":4,"enemies":"2 Louse","floor":1,"turns":3},{"damage":0,"enemies":"Cultist","floor":2,"turns":5},{"damage":33,"enemies":"3 Sentries","floor":6,"turns":12},{"damage":5,"enemies":"Jaw Worm","floor":7,"turns":3},{"damage":5,"enemies":"Exordium Wildlife","floor":10,"turns":5},{"damage":17,"enemies":"Lagavulin","floor":12,"turns":8},{"damage":10,"enemies":"Lots of Slimes","floor":14,"turns":5},{"damage":13,"enemies":"The Guardian","floor":16,"turns":16},{"damage":6,"enemies":"Chosen","floor":18,"turns":7},{"damage":0,"enemies":"Shell Parasite","floor":20,"turns":6},{"damage":22,"enemies":"Book of Stabbing","floor":27,"turns":4},{"damage":0,"enemies":"Snecko","floor":28,"turns":3},{"damage":0,"enemies":"Snake Plant","floor":31,"turns":3},{"damage":12,"enemies":"Champ","floor":33,"turns":7},{"damage":15,"enemies":"Orb Walker","floor":35,"turns":3},{"damage":0,"enemies":"3 Darklings","floor":36,"turns":4},{"damage":51,"enemies":"Jaw Worm Horde","floor":39,"turns":4},{"damage":4,"enemies":"Reptomancer","floor":40,"turns":5},{"damage":14,"enemies":"Maw","floor":42,"turns":5},{"damage":9,"enemies":"Nemesis","floor":44,"turns":3},{"damage":37,"enemies":"Writhing Mass","floor":45,"turns":6},{"damage":0,"enemies":"Spire Growth","floor":48,"turns":4},{"damage":0,"enemies":"Donu and Deca","floor":50,"turns":4},{"damage":87,"enemies":"Shield and Spear","floor":54,"turns":7},{"damage":2,"enemies":"The Heart","floor":55,"turns":2}],"seed_played":"758200838053587043","potions_obtained":[{"floor":1,"key":"Dexterity Potion"},{"floor":10,"key":"SpeedPotion"},{"floor":12,"key":"PowerPotion"},{"floor":14,"key":"Fruit Juice"},{"floor":16,"key":"Dexterity Potion"},{"floor":18,"key":"Dexterity Potion"},{"floor":27,"key":"Ambrosia"},{"floor":28,"key":"Weak Potion"},{"floor":31,"key":"GamblersBrew"},{"floor":35,"key":"Regen Potion"},{"floor":36,"key":"SteroidPotion"},{"floor":39,"key":"DistilledChaos"},{"floor":42,"key":"SneckoOil"},{"floor":44,"key":"Weak Potion"},{"floor":45,"key":"Ambrosia"},{"floor":48,"key":"Swift Potion"},{"floor":54,"key":"GamblersBrew"}],"is_trial":false,"path_per_floor":["M","M","?","?","?","E","M","R","T","M","R","E","$","M","R","B",null,"M","?","M","?","$","R","$","R","T","E","M","$","R","M","R","B",null,"M","M","?","$","M","E","R","M","T","E","M","R","$","M","R","B",null,"R","$","E","B"],"character_chosen":"WATCHER","items_purchased":["Study","Regal Pillow","Adaptation","CrushJoints","Orrery","Enlightenment","InnerPeace"],"campfire_rested":6,"item_purchase_floors":[13,13,24,29,38,47,53],"current_hp_per_floor":[75,75,80,73,73,40,35,35,35,30,55,38,38,33,74,61,89,83,67,67,67,67,67,67,89,89,67,67,67,67,67,89,77,89,74,74,74,74,35,31,72,58,58,49,12,53,53,53,53,53,89,89,89,2,0,0],"gold":77,"neow_bonus":"TEN_PERCENT_HP_BONUS","is_daily":false,"chose_seed":false,"campfire_upgraded":4,"win_rate":0.0,"timestamp":1612872915,"path_taken":["M","M","?","?","?","E","M","R","T","M","R","E","$","?","R","BOSS","M","?","M","?","?","R","$","R","T","E","?","?","R","M","R","BOSS","M","M","?","?","M","E","R","M","T","E","M","R","$","M","R","BOSS","R","$","E","BOSS"],"items_purchased_type":["Card","Relic","Card","Card","Relic","Card","Card"],"build_version":"2020-12-22","purchased_purges":3,"victory":false,"max_hp_per_floor":[79,79,84,84,84,84,84,84,84,84,84,84,84,89,89,89,89,89,89,89,89,89,89,89,89,89,89,89,89,89,89,89,89,89,89,89,89,89,89,89,89,89,89,89,89,89,89,89,89,89,89,89,89,89,89,89],"card_choices":[{"not_picked":["Tantrum","ThirdEye"],"picked":"LikeWater","floor":1},{"not_picked":["FlyingSleeves","PathToVictory"],"picked":"Halt","floor":2},{"not_picked":["JustLucky","WheelKick","Scrawl"],"picked":"SKIP","floor":6},{"not_picked":["CrushJoints","Protect"],"picked":"EmptyBody","floor":7},{"not_picked":["ThirdEye","BattleHymn"],"picked":"Tantrum","floor":10},{"not_picked":["Collect","SashWhip"],"picked":"ClearTheMind","floor":12},{"not_picked":["BowlingBash","ThirdEye"],"picked":"Consecrate","floor":14},{"not_picked":["Brilliance","Ragnarok"],"picked":"MasterReality","floor":16},{"not_picked":["Consecrate","EmptyBody"],"picked":"EmptyFist+1","floor":18},{"not_picked":["FearNoEvil","Protect"],"picked":"FlurryOfBlows","floor":20},{"not_picked":["Perseverance","Conclude"],"picked":"EmptyMind","floor":27},{"not_picked":["ClearTheMind","Conclude+1"],"picked":"EmptyFist","floor":28},{"not_picked":["CrushJoints+1","WreathOfFlame"],"picked":"Vengeance","floor":31},{"not_picked":["Adaptation","Consecrate"],"picked":"FollowUp","floor":35},{"not_picked":["FlyingSleeves","Perseverance"],"picked":"FearNoEvil","floor":36},{"not_picked":["Consecrate+1","Vault"],"picked":"ReachHeaven+1","floor":38},{"not_picked":["EmptyFist","WindmillStrike"],"picked":"InnerPeace+1","floor":38},{"not_picked":["ThirdEye","Perseverance+1"],"picked":"LikeWater","floor":38},{"not_picked":["BowlingBash","FlyingSleeves+1"],"picked":"Study+1","floor":38},{"not_picked":["SashWhip","CrushJoints"],"picked":"ClearTheMind","floor":38},{"not_picked":["Study+1","Worship","Protect+1"],"picked":"SKIP","floor":39},{"not_picked":["TalkToTheHand+1","Brilliance"],"picked":"WaveOfTheHand+1","floor":40},{"not_picked":["SandsOfTime+1","ThirdEye+1"],"picked":"Indignation","floor":42},{"not_picked":["JustLucky","FlyingSleeves"],"picked":"FlurryOfBlows+1","floor":44},{"not_picked":["TalkToTheHand","LikeWater"],"picked":"Evaluate+1","floor":45},{"not_picked":["Evaluate","CarveReality+1"],"picked":"InnerPeace","floor":48},{"not_picked":["PathToVictory","MasterReality","Omniscience"],"picked":"SKIP","floor":54}],"player_experience":123792,"relics_obtained":[{"floor":6,"key":"Boot"},{"floor":9,"key":"White Beast Statue"},{"floor":12,"key":"Bag of Marbles"},{"floor":19,"key":"Enchiridion"},{"floor":27,"key":"CaptainsWheel"},{"floor":40,"key":"Incense Burner"},{"floor":43,"key":"Ornamental Fan"},{"floor":44,"key":"Potion Belt"},{"floor":54,"key":"Pen Nib"}],"event_choices":[{"damage_healed":0,"gold_gain":0,"player_choice":"Donut","damage_taken":0,"max_hp_gain":5,"max_hp_loss":0,"event_name":"Big Fish","floor":3,"gold_loss":0},{"cards_removed":["Strike_P"],"damage_healed":0,"gold_gain":0,"player_choice":"Card Removal","damage_taken":7,"max_hp_gain":0,"max_hp_loss":0,"event_name":"Golden Wing","floor":4,"gold_loss":0},{"damage_healed":0,"gold_gain":0,"player_choice":"Forge","damage_taken":0,"max_hp_gain":0,"max_hp_loss":0,"event_name":"Accursed Blacksmith","floor":5,"gold_loss":0,"cards_upgraded":["Eruption"]},{"damage_healed":0,"gold_gain":0,"player_choice":"Obtained Book","damage_taken":16,"max_hp_gain":0,"max_hp_loss":0,"event_name":"Cursed Tome","floor":19,"gold_loss":0},{"damage_healed":0,"gold_gain":99,"player_choice":"Stole From Cult","damage_taken":0,"max_hp_gain":0,"max_hp_loss":0,"event_name":"Nest","floor":21,"gold_loss":0},{"cards_removed":["Strike_P"],"damage_healed":0,"gold_gain":0,"player_choice":"Purged","damage_taken":0,"max_hp_gain":0,"max_hp_loss":0,"event_name":"Purifier","floor":37,"gold_loss":0}],"is_beta":false,"boss_relics":[{"not_picked":["Pandora\u0027s Box","SlaversCollar"],"picked":"VioletLotus"},{"not_picked":["Philosopher\u0027s Stone","Busted Crown"],"picked":"Runic Pyramid"}],"items_purged_floors":[13,22,24],"is_endless":false,"potions_floor_spawned":[1,10,12,14,16,18,20,27,28,31,33,35,36,39,40,42,44,45,48,54],"killed_by":"The Heart","ascension_level":0}}