{"host":"jlk2k69f9c6o7b3e","time":1612868841,"event":{"mods":["AchievementEnabler","BaseMod","Minty Spire (QoL Compilation)","StSLib"],"gold_per_floor":[109,127,145,145,95,123,123,123,123,135,164,7,17,31,31,135,135,153,228,240,258,258,292,292,307,307,335,347,347],"floor_reached":28,"language":"ZHS","playtime":1608,"items_purged":[],"score":310,"play_id":"6f77dbaa-7989-4652-84cd-546e195154bf","local_time":"20210209190721","is_ascension_mode":true,"campfire_choices":[{"data":"Apotheosis","floor":7.0,"key":"SMITH"},{"floor":15.0,"key":"REST"}],"circlet_count":0,"master_deck":["Strike_R","Strike_R","Strike_R","Defend_R","Defend_R","Defend_R","Bash","Apotheosis+1","Spot Weakness","Uppercut","Headbutt","Demon Form","Regret","Shrug It Off","Sword Boomerang","Infernal Blade","Heavy Blade","Double Tap","Whirlwind+1","Sword Boomerang","Spot Weakness","Shame","Limit Break","Pummel","Fire Breathing"],"relics":["Burning Blood","InkBottle","Gremlin Horn","HornCleat","Blood Vial","ClockworkSouvenir","Black Star","Pocketwatch","Art of War","Incense Burner","Mummified Hand","MawBank","MealTicket"],"acts_visited":["Exordium","TheCity"],"potions_floor_usage":[27,28],"damage_taken":[{"damage":0.0,"enemies":"2 Louse","floor":1.0,"turns":4.0},{"damage":0.0,"enemies":"Small Slimes","floor":2.0,"turns":4.0},{"damage":1.0,"enemies":"Cultist","floor":3.0,"turns":3.0},{"damage":13.0,"enemies":"Lagavulin","floor":6.0,"turns":6.0},{"damage":10.0,"enemies":"Blue Slaver","floor":10.0,"turns":4.0},{"damage":32.0,"enemies":"3 Sentries","floor":11.0,"turns":6.0},{"damage":4.0,"enemies":"Looter","floor":13.0,"turns":3.0},{"damage":8.0,"enemies":"3 Louse","floor":14.0,"turns":4.0},{"damage":39.0,"enemies":"The Guardian","floor":16.0,"turns":7.0},{"damage":4.0,"enemies":"Chosen","floor":18.0,"turns":4.0},{"damage":20.0,"enemies":"Shell Parasite","floor":20.0,"turns":5.0},{"damage":20.0,"enemies":"Centurion and Healer","floor":21.0,"turns":3.0},{"damage":22.0,"enemies":"Gremlin Leader","floor":23.0,"turns":4.0},{"damage":7.0,"enemies":"Chosen and Byrds","floor":25.0,"turns":4.0},{"damage":29,"enemies":"Slavers","floor":27,"turns":6},{"damage":37,"enemies":"Shelled Parasite and Fungi","floor":28,"turns":4}],"seed_played":"-2786381776865898527","potions_obtained":[{"floor":3.0,"key":"ColorlessPotion"},{"floor":11.0,"key":"CultistPotion"},{"floor":13.0,"key":"Block Potion"},{"floor":20.0,"key":"BloodPotion"},{"floor":21.0,"key":"BlessingOfTheForge"}],"is_trial":false,"path_per_floor":["M","M","M","?","?","E","R","?","T","M","E","$","M","M","R","B",null,"M","?","M","M","?","E","?","M","T","E","M"],"character_chosen":"IRONCLAD","items_purchased":["ClockworkSouvenir"],"campfire_rested":1,"item_purchase_floors":[12],"current_hp_per_floor":[62,68,73,66,66,59,59,59,59,55,29,29,33,33,57,26,80,80,72,60,48,48,34,34,35,35,30,0,0],"gold":347,"neow_bonus":"RANDOM_COLORLESS_2","is_daily":false,"chose_seed":false,"campfire_upgraded":1,"win_rate":0.0,"timestamp":1612868841,"path_taken":["M","M","M","?","?","E","R","?","T","M","E","$","M","M","R","BOSS","M","?","M","?","?","E","?","M","T","E","M"],"items_purchased_type":["Relic"],"build_version":"2020-12-22","purchased_purges":0,"victory":false,"max_hp_per_floor":[80,80,80,80,80,80,80,80,80,80,80,80,80,80,80,80,80,80,80,80,80,80,80,80,80,80,80,80,80],"card_choices":[{"not_picked":["Secret Technique","Metamorphosis"],"picked":"Apotheosis","floor":0.0},{"not_picked":["Havoc","Evolve"],"picked":"Spot Weakness","floor":1.0},{"not_picked":["Feel No Pain","Body Slam"],"picked":"Uppercut","floor":2.0},{"not_picked":["Cleave","Anger"],"picked":"Headbutt","floor":3.0},{"not_picked":["Wild Strike","Iron Wave"],"picked":"Demon Form","floor":6.0},{"not_picked":["Twin Strike","Rage"],"picked":"Shrug It Off","floor":10.0},{"not_picked":["Clash","Dark Embrace"],"picked":"Sword Boomerang","floor":11.0},{"not_picked":["Iron Wave","Perfected Strike"],"picked":"Infernal Blade","floor":13.0},{"not_picked":["Uppercut","Blood for Blood"],"picked":"Heavy Blade","floor":14.0},{"not_picked":["Berserk","Juggernaut"],"picked":"Double Tap","floor":16.0},{"not_picked":["Clothesline","Armaments"],"picked":"Whirlwind+1","floor":18.0},{"not_picked":["Anger","Warcry"],"picked":"Sword Boomerang","floor":20.0},{"not_picked":["Sever Soul","Feel No Pain"],"picked":"Spot Weakness","floor":21.0},{"not_picked":["Cleave","Evolve"],"picked":"Limit Break","floor":23.0},{"not_picked":["Sword Boomerang","Carnage"],"picked":"Pummel","floor":25.0},{"not_picked":["Armaments","Clothesline+1"],"picked":"Fire Breathing","floor":27}],"player_experience":377098,"relics_obtained":[{"floor":6.0,"key":"InkBottle"},{"floor":9.0,"key":"HornCleat"},{"floor":11.0,"key":"Blood Vial"},{"floor":23.0,"key":"Art of War"},{"floor":23.0,"key":"Incense Burner"},{"floor":26.0,"key":"Mummified Hand"},{"floor":27,"key":"MawBank"},{"floor":27,"key":"MealTicket"}],"event_choices":[{"cards_removed":["Strike_R"],"damage_healed":0.0,"max_hp_gain":0.0,"max_hp_loss":0.0,"gold_gain":0.0,"event_name":"Golden Wing","player_choice":"Card Removal","floor":4.0,"gold_loss":0.0,"damage_taken":7.0},{"cards_removed":["Defend_R"],"damage_healed":0.0,"max_hp_gain":0.0,"max_hp_loss":0.0,"gold_gain":0.0,"event_name":"The Cleric","player_choice":"Card Removal","floor":5.0,"gold_loss":50.0,"damage_taken":0.0},{"damage_healed":0.0,"max_hp_gain":0.0,"max_hp_loss":0.0,"gold_gain":0.0,"event_name":"Big Fish","player_choice":"Box","floor":8.0,"gold_loss":0.0,"damage_taken":0.0,"relics_obtained":["Gremlin Horn"],"cards_obtained":["Regret"]},{"damage_healed":0.0,"max_hp_gain":0.0,"max_hp_loss":0.0,"gold_gain":75.0,"event_name":"FaceTrader","player_choice":"Touch","floor":19.0,"gold_loss":0.0,"damage_taken":8.0},{"damage_healed":0.0,"max_hp_gain":0.0,"max_hp_loss":0.0,"gold_gain":0.0,"event_name":"Addict","player_choice":"Stole Relic","floor":22.0,"gold_loss":0.0,"damage_taken":0.0,"relics_obtained":["Pocketwatch"],"cards_obtained":["Shame"]},{"cards_removed":["Strike_R"],"damage_healed":0.0,"max_hp_gain":0.0,"max_hp_loss":0.0,"gold_gain":0.0,"event_name":"Back to Basics","player_choice":"Elegance","floor":24.0,"gold_loss":0.0,"damage_taken":0.0}],"is_beta":false,"boss_relics":[{"not_picked":["Runic Dome","SlaversCollar"],"picked":"Black Star"}],"items_purged_floors":[],"is_endless":false,"potions_floor_spawned":[3,11,13,20,21],"killed_by":"Shelled Parasite and Fungi","ascension_level":1}}