{"host":"rolltorest","time":1612829021,"event":{"mods":["BaseMod","Minty Spire (QoL Compilation)","Relic Stats","Slay the Relics Exporter","StSLib"],"gold_per_floor":[119,44,62,62,4,4,47,47,74,110,110,135,158,183,183,276,276,294,310,334,96,121,161,161,161],"floor_reached":24,"language":"ENG","playtime":769,"items_purged":["Strike_P"],"score":456,"play_id":"3b35bf8a-9feb-4e48-81d3-5b098f4a2cad","local_time":"20210208160341","is_ascension_mode":true,"campfire_choices":[{"data":"EmptyFist","floor":6,"key":"SMITH"},{"data":"Eruption","floor":11,"key":"SMITH"},{"data":"FlurryOfBlows","floor":15,"key":"SMITH"}],"circlet_count":0,"master_deck":["AscendersBane","Strike_P","Defend_P","Defend_P","Defend_P","Eruption+1","Vigilance","EmptyFist+1","Judgement","Indignation","Adaptation","CutThroughFate","BowlingBash","FlurryOfBlows+1","ThirdEye","EmptyMind","FlurryOfBlows+1","Devotion","WheelKick","MentalFortress"],"relics":["PureWater","Golden Idol","Dream Catcher","NlothsMask","HornCleat","Snecko Eye","Regal Pillow"],"acts_visited":["Exordium","TheCity"],"potions_floor_usage":[16],"damage_taken":[{"damage":0,"enemies":"2 Louse","floor":1,"turns":2},{"damage":0,"enemies":"Small Slimes","floor":3,"turns":2},{"damage":5,"enemies":"3 Sentries","floor":7,"turns":4},{"damage":2,"enemies":"Lagavulin","floor":10,"turns":4},{"damage":0,"enemies":"Cultist","floor":12,"turns":2},{"damage":0,"enemies":"Large Slime","floor":13,"turns":2},{"damage":0,"enemies":"3 Louse","floor":14,"turns":1},{"damage":22,"enemies":"Hexaghost","floor":16,"turns":6},{"damage":0,"enemies":"3 Byrds","floor":18,"turns":4},{"damage":0,"enemies":"Chosen","floor":19,"turns":3},{"damage":34,"enemies":"Snecko","floor":20,"turns":6},{"damage":0,"enemies":"Sentry and Sphere","floor":22,"turns":4},{"damage":24,"enemies":"Slavers","floor":23,"turns":5},{"damage":13,"enemies":"Centurion and Healer","floor":24,"turns":4}],"seed_played":"-5299274305534177161","potions_obtained":[{"floor":1,"key":"Weak Potion"},{"floor":12,"key":"Block Potion"},{"floor":14,"key":"DuplicationPotion"},{"floor":18,"key":"FairyPotion"}],"is_trial":false,"path_per_floor":["M","?","M","?","$","R","E","?","T","E","R","M","M","M","R","B",null,"M","M","M","$","M","E","M"],"character_chosen":"WATCHER","items_purchased":["CutThroughFate","WheelKick","MentalFortress"],"campfire_rested":0,"item_purchase_floors":[5,21,21],"current_hp_per_floor":[61,61,61,56,56,56,51,51,51,49,49,49,49,49,49,27,49,49,49,15,15,15,14,1,1],"gold":161,"neow_bonus":"TRANSFORM_TWO_CARDS","is_daily":false,"chose_seed":false,"campfire_upgraded":3,"win_rate":0.0,"timestamp":1612829021,"path_taken":["M","?","M","?","$","R","E","?","T","E","R","M","M","M","R","BOSS","M","?","M","$","M","E","M"],"items_purchased_type":["Card","Card","Card"],"build_version":"2020-12-18","purchased_purges":1,"victory":false,"max_hp_per_floor":[62,62,62,56,56,56,56,56,56,56,56,56,56,56,56,56,56,56,56,56,56,56,56,56,56],"relic_stats":{"Dream Catcher":0,"Regal Pillow":0,"counters":[14,49],"Golden Idol":75,"Snecko Eye":[50,51,43,47],"obtain_stats":[{"Dream Catcher":7,"Regal Pillow":23,"HornCleat":10,"Golden Idol":4,"Snecko Eye":17,"PureWater":0,"NlothsMask":8},{"Dream Catcher":3,"Regal Pillow":13,"HornCleat":4,"Golden Idol":2,"Snecko Eye":8,"PureWater":0,"NlothsMask":3},{"Dream Catcher":8,"Regal Pillow":45,"HornCleat":12,"Golden Idol":4,"Snecko Eye":23,"PureWater":0,"NlothsMask":8}]},"card_choices":[{"not_picked":["LikeWater","Pray"],"picked":"Indignation","floor":1},{"not_picked":["EmptyBody","ForeignInfluence"],"picked":"Adaptation","floor":3},{"not_picked":["InnerPeace","LikeWater"],"picked":"BowlingBash","floor":7},{"not_picked":["Pray","Evaluate","Crescendo"],"picked":"SKIP","floor":10},{"not_picked":["Wireheading","Evaluate"],"picked":"FlurryOfBlows","floor":12},{"not_picked":["Evaluate","PathToVictory"],"picked":"ThirdEye","floor":13},{"not_picked":["Protect","SignatureMove"],"picked":"EmptyMind","floor":14},{"not_picked":["EmptyBody","Consecrate"],"picked":"FlurryOfBlows+1","floor":18},{"not_picked":["FlyingSleeves","Perseverance"],"picked":"Devotion","floor":19},{"not_picked":["FlurryOfBlows","Vengeance","Evaluate"],"picked":"SKIP","floor":20},{"not_picked":["BowlingBash","FlyingSleeves","SashWhip"],"picked":"SKIP","floor":22},{"not_picked":["FlyingSleeves+1","ForeignInfluence","WreathOfFlame"],"picked":"SKIP","floor":23}],"player_experience":1924474,"relics_obtained":[{"floor":7,"key":"Dream Catcher"},{"floor":10,"key":"HornCleat"},{"floor":23,"key":"Regal Pillow"}],"event_choices":[{"cards_removed":["Defend_P"],"damage_healed":0,"gold_gain":0,"player_choice":"Card Removal","damage_taken":0,"max_hp_gain":0,"max_hp_loss":0,"event_name":"The Cleric","floor":2,"gold_loss":75},{"damage_healed":0,"gold_gain":0,"player_choice":"Lose Max HP","damage_taken":0,"relics_obtained":["Golden Idol"],"max_hp_gain":0,"max_hp_loss":6,"event_name":"Golden Idol","floor":4,"gold_loss":0},{"damage_healed":0,"gold_gain":0,"player_choice":"Trade","damage_taken":0,"relics_obtained":["NlothsMask"],"max_hp_gain":0,"max_hp_loss":0,"event_name":"FaceTrader","floor":8,"gold_loss":0}],"is_beta":true,"boss_relics":[{"not_picked":["Fusion Hammer","VioletLotus"],"picked":"Snecko Eye"}],"items_purged_floors":[21],"is_endless":false,"potions_floor_spawned":[1,12,13,14,18,19],"killed_by":"Centurion and Healer","ascension_level":20}}