{"host":"Bilverbakes","time":1612882590,"event":{"mods":["2.2 Compatiblity","AchievementEnabler","BaseMod","Bestiary","Colored Map","Minty Spire (QoL Compilation)","Relic Stats","StSLib","ojb\u0027s Info Mod"],"gold_per_floor":[111,123,7,82,132,132,166,166,192,222,222,242,262,289,289,366,366,385,398,398,398,0,0,0,0],"floor_reached":24,"language":"ENG","playtime":682,"items_purged":["Defend_P"],"score":474,"play_id":"df98449c-6326-4b0a-b88d-cb6ee25b29be","local_time":"20210209085630","is_ascension_mode":true,"campfire_choices":[{"data":"Eruption","floor":6.0,"key":"SMITH"},{"data":"WheelKick","floor":8.0,"key":"SMITH"},{"data":"Adaptation","floor":11.0,"key":"SMITH"},{"data":"Halt","floor":15.0,"key":"SMITH"},{"floor":23,"key":"REST"}],"circlet_count":0,"master_deck":["AscendersBane","Strike_P","Strike_P","Strike_P","Strike_P","Defend_P","Defend_P","Defend_P","Eruption+1","Vigilance+1","FlyingSleeves+1","Adaptation+1","WheelKick+1","Halt+1","Evaluate","LessonLearned","Wireheading+1","RitualDagger"],"relics":["Busted Crown","Nunchaku","Happy Flower","Unceasing Top","Tiny Chest","Black Star"],"acts_visited":["Exordium","TheCity"],"potions_floor_usage":[],"damage_taken":[{"damage":0.0,"enemies":"Jaw Worm","floor":1.0,"turns":4.0},{"damage":2.0,"enemies":"2 Louse","floor":2.0,"turns":3.0},{"damage":0.0,"enemies":"Gremlin Nob","floor":7.0,"turns":2.0},{"damage":12.0,"enemies":"Lagavulin","floor":10.0,"turns":7.0},{"damage":0.0,"enemies":"Cultist","floor":12.0,"turns":3.0},{"damage":0.0,"enemies":"3 Louse","floor":13.0,"turns":1.0},{"damage":4.0,"enemies":"3 Sentries","floor":14.0,"turns":4.0},{"damage":2.0,"enemies":"The Guardian","floor":16.0,"turns":8.0},{"damage":1.0,"enemies":"3 Byrds","floor":18.0,"turns":5.0},{"damage":26.0,"enemies":"Shell Parasite","floor":19.0,"turns":4.0},{"damage":38,"enemies":"Slavers","floor":24,"turns":4}],"seed_played":"3340375455928074311","potions_obtained":[{"floor":2.0,"key":"Explosive Potion"},{"floor":10.0,"key":"DistilledChaos"},{"floor":14.0,"key":"Dexterity Potion"}],"is_trial":false,"path_per_floor":["M","M","$","?","?","R","E","R","T","E","R","M","M","E","R","B",null,"M","M","?","?","?","R","E"],"character_chosen":"WATCHER","items_purchased":["WheelKick"],"campfire_rested":1,"item_purchase_floors":[3],"current_hp_per_floor":[61,59,59,48,48,48,48,48,48,36,36,36,36,32,32,30,59,58,32,26,7,7,28,0,0],"gold":0,"neow_bonus":"BOSS_RELIC","is_daily":false,"chose_seed":false,"campfire_upgraded":4,"win_rate":0.0,"timestamp":1612882590,"path_taken":["M","M","$","?","?","R","E","R","T","E","R","M","?","E","R","BOSS","M","M","?","?","?","R","E"],"items_purchased_type":["Card"],"build_version":"2020-12-18","purchased_purges":1,"victory":false,"max_hp_per_floor":[68,68,68,68,68,68,68,68,68,68,68,68,68,68,68,68,68,68,68,68,73,73,73,73,73],"relic_stats":{"Nunchaku":[7],"Busted Crown":20,"Happy Flower":[12],"counters":[11,45],"Tiny Chest":0,"Black Star":0,"obtain_stats":[{"Nunchaku":7,"Busted Crown":0,"Happy Flower":9,"Tiny Chest":14,"Black Star":17,"PureWater":0,"Unceasing Top":10},{"Nunchaku":3,"Busted Crown":0,"Happy Flower":3,"Tiny Chest":7,"Black Star":8,"PureWater":0,"Unceasing Top":4},{"Nunchaku":9,"Busted Crown":0,"Happy Flower":9,"Tiny Chest":24,"Black Star":32,"PureWater":0,"Unceasing Top":16}],"Unceasing Top":[2]},"card_choices":[{"not_picked":[],"picked":"FlyingSleeves","floor":1.0},{"not_picked":[],"picked":"Adaptation","floor":2.0},{"not_picked":["MentalFortress"],"picked":"SKIP","floor":7.0},{"not_picked":[],"picked":"Halt","floor":10.0},{"not_picked":[],"picked":"Evaluate","floor":12.0},{"not_picked":["FlyingSleeves"],"picked":"SKIP","floor":13.0},{"not_picked":["WreathOfFlame"],"picked":"SKIP","floor":14.0},{"not_picked":[],"picked":"LessonLearned","floor":16.0},{"not_picked":["Swivel"],"picked":"SKIP","floor":18.0},{"not_picked":[],"picked":"Wireheading+1","floor":19.0}],"player_experience":925941,"relics_obtained":[{"floor":7.0,"key":"Nunchaku"},{"floor":9.0,"key":"Happy Flower"},{"floor":10.0,"key":"Unceasing Top"},{"floor":14.0,"key":"Tiny Chest"}],"event_choices":[{"damage_healed":0.0,"max_hp_gain":0.0,"max_hp_loss":0.0,"gold_gain":75.0,"event_name":"World of Goop","player_choice":"Gather Gold","floor":4.0,"gold_loss":0.0,"damage_taken":11.0},{"damage_healed":0.0,"max_hp_gain":0.0,"max_hp_loss":0.0,"gold_gain":50.0,"event_name":"Golden Shrine","player_choice":"Pray","floor":5.0,"gold_loss":0.0,"damage_taken":0.0},{"damage_healed":0.0,"max_hp_gain":0.0,"max_hp_loss":0.0,"gold_gain":0.0,"event_name":"Nest","player_choice":"Joined the Cult","floor":20.0,"gold_loss":0.0,"damage_taken":6.0,"cards_obtained":["RitualDagger"]},{"damage_healed":0.0,"max_hp_gain":5.0,"max_hp_loss":0.0,"gold_gain":0.0,"event_name":"Forgotten Altar","player_choice":"Shed Blood","floor":21.0,"gold_loss":0.0,"damage_taken":24.0},{"damage_healed":0,"gold_gain":0,"player_choice":"Paid Fearfully","damage_taken":0,"max_hp_gain":0,"max_hp_loss":0,"event_name":"Masked Bandits","floor":22,"gold_loss":398}],"is_beta":true,"boss_relics":[{"not_picked":["Sozu","VioletLotus"],"picked":"Black Star"}],"items_purged_floors":[3],"is_endless":false,"potions_floor_spawned":[2,10,14],"killed_by":"Slavers","ascension_level":20}}