{"host":"y6zg4wwu39otf01a","time":1612893194,"event":{"mods":["Act Like it!","Aspiration","BaseMod","Better Altar","Better Match","Better Note","Better Sensory Stone","Better Skull","Better Third Choice","Challenge The Spire","Colored Map","Colored Powertips","Conspire","GifTheSpireLib","Glutton Mod","Halation","Hermit","Highlight Path","Hubris","Infinite Spire","Mimic Mod","Minty Spire (QoL Compilation)","Quick Restart","Random Character Button","Rare Cards Sparkle","Replay The Spire","Retaliation","Spicy Shops","Spire Arcade","StSLib","Stuff the Spire","The Blue Laboratory","The Jungle"],"gold_per_floor":[19,30,30,43,62,62,93,93,167,167,181,198,228,50,50,50,50],"floor_reached":16,"language":"ENG","playtime":1094,"items_purged":[],"score":129,"play_id":"cbe7b3f8-1326-4332-a9e2-589c0af45eb2","local_time":"20210209115314","is_ascension_mode":true,"campfire_choices":[{"data":"Armaments","floor":6,"key":"SMITH"},{"data":"Offering","floor":8,"key":"SMITH"},{"data":"DDmod:BurningFumesPowerCard","floor":10,"key":"SMITH"},{"floor":15,"key":"REST"}],"circlet_count":0,"master_deck":["Strike_R","Strike_R","Strike_R","Defend_R","Defend_R","Defend_R","Defend_R","Bash","DDmod:BurningFumesPowerCard+1","Impervious","Heavy Blade","Replay:Undeath\u0027s Touch","Armaments+1","Offering+1","Thunderclap","Sentinel","ReplayReversal","hubris:Envy","Feed","DDmod:EasePowerCard","conspire:Banana","Specialist","Poisoned Strike"],"relics":["Burning Blood","aspiration:HiddenCompartment","hubris:Metronome","conspire:Dentures","ReplayTheSpireMod:CursedCoin","conspire:GiftBox","ReplayTheSpireMod:ShopPack"],"acts_visited":["Exordium"],"potions_floor_usage":[7,13],"damage_taken":[{"damage":19,"enemies":"Cultist","floor":1,"turns":5},{"damage":14,"enemies":"Jaw Worm","floor":2,"turns":3},{"damage":2,"enemies":"2 Louse","floor":4,"turns":3},{"damage":0,"enemies":"Large Slime","floor":5,"turns":6},{"damage":29,"enemies":"Gremlin Nob","floor":7,"turns":4},{"damage":17,"enemies":"Blue Slaver","floor":11,"turns":3},{"damage":6,"enemies":"Looter","floor":12,"turns":2},{"damage":34,"enemies":"Lagavulin","floor":13,"turns":6},{"damage":59,"enemies":"Fading Forest","floor":16,"turns":9}],"seed_played":"-3932281313801704627","potions_obtained":[{"floor":5,"key":"blueLaboratory:SmithPotion"},{"floor":11,"key":"blueLaboratory:BubblePotion"}],"is_trial":false,"path_per_floor":["M","M","$","M","M","R","E","R","T","R","M","M","E","$","R","B"],"character_chosen":"IRONCLAD","items_purchased":["ReplayTheSpireMod:CursedCoin","conspire:GiftBox","ReplayTheSpireMod:ShopPack","DDmod:EasePowerCard"],"campfire_rested":1,"item_purchase_floors":[14,14,14,14],"current_hp_per_floor":[67,59,59,63,69,69,46,46,46,46,35,35,7,7,31,0,0],"gold":50,"neow_bonus":"TRANSFORM_TWO_CARDS","is_daily":false,"chose_seed":false,"campfire_upgraded":3,"win_rate":0.0,"timestamp":1612893194,"path_taken":["M","M","?","?","?","R","E","R","T","R","M","M","E","$","R","BOSS"],"items_purchased_type":["Relic","Relic","Relic","Card"],"build_version":"2020-12-22","purchased_purges":0,"victory":false,"max_hp_per_floor":[80,80,80,80,80,80,80,80,80,80,80,80,80,80,80,81,81],"card_choices":[{"not_picked":["Pommel Strike","Dual Wield"],"picked":"Heavy Blade","floor":1},{"not_picked":["Power Through","DDmod:EasePowerCard"],"picked":"Replay:Undeath\u0027s Touch","floor":2},{"not_picked":["Cleave","Body Slam","Clash"],"picked":"SKIP","floor":4},{"not_picked":["Heavy Blade","Cleave"],"picked":"Armaments","floor":5},{"not_picked":["Feel No Pain","Berserk"],"picked":"Offering","floor":7},{"not_picked":["Infernal Blade","Wild Strike"],"picked":"Thunderclap","floor":11},{"not_picked":["DDmod:SpikedSkill","Heavy Blade"],"picked":"Sentinel","floor":12},{"not_picked":["Sword Boomerang","Rampage"],"picked":"ReplayReversal","floor":13},{"not_picked":["Offering","Juggernaut"],"picked":"Feed","floor":14},{"not_picked":["Discovery","Replay:Sssssssssshield"],"picked":"conspire:Banana","floor":14},{"not_picked":["Jack Of All Trades","Midas Touch"],"picked":"Specialist","floor":14},{"not_picked":["DDmod:PotionAddictCard","Magnetism"],"picked":"Poisoned Strike","floor":14}],"player_experience":754868,"relics_obtained":[{"floor":7,"key":"aspiration:HiddenCompartment"},{"floor":9,"key":"hubris:Metronome"},{"floor":13,"key":"conspire:Dentures"}],"event_choices":[],"is_beta":false,"boss_relics":[],"items_purged_floors":[],"is_endless":false,"potions_floor_spawned":[5,11],"killed_by":"Fading Forest","ascension_level":3}}