{"host":"l15sdf2mmi0nobpi","time":1612861340,"event":{"mods":["ATMod(°¢èªMod)","BaseMod","Highlight Path","Minty Spire (QoL Compilation)","Quick Restart","StSLib","The Runesmith","¡¾¹¦ÄÜMod¡¿Neow½±Àø"],"gold_per_floor":[112,62,162,181,200,242,242,260,260,260,289,304,304,304,304,408,408,433,453,471,482,482,482,270,283,283,283,283,316,316,337,337,438,438,453,453,224,235,251,283,283,309,309,334,334,371,371,386,386,386,386,386,122,162,162],"floor_reached":56,"language":"ZHS","playtime":3365,"items_purged":["Runesmith:Strike_RS","Runesmith:Defend_RS","Runesmith:Defend_RS"],"score":1395,"play_id":"e48934d5-8aa7-4966-be87-714e21169596","local_time":"20210209170220","is_ascension_mode":true,"campfire_choices":[{"data":"Runesmith:Fortify","floor":7.0,"key":"SMITH"},{"data":"Runesmith:CraftMagma","floor":10.0,"key":"SMITH"},{"data":"AT_KneejerkReflex","floor":15.0,"key":"SMITH"},{"data":"Runesmith:Permafrost","floor":23.0,"key":"SMITH"},{"data":"Runesmith:CraftObretio","floor":27.0,"key":"SMITH"},{"floor":30.0,"key":"RECALL"},{"data":"Runesmith:BackupBattery+1","floor":32.0,"key":"SMITH"},{"data":"Runesmith:LithiumIon","floor":41.0,"key":"SMITH"},{"floor":45.0,"key":"REST"},{"data":"Runesmith:PoweredAnvil","floor":49.0,"key":"SMITH"},{"data":"Runesmith:Firestorm","floor":52.0,"key":"SMITH"}],"circlet_count":0,"master_deck":["Runesmith:Defend_RS","Runesmith:Fortify+1","AT_KneejerkReflex+1","Runesmith:EnergizedChisel+1","Runesmith:CraftMagma+1","Runesmith:Repurpose+1","Runesmith:Grindstone+1","Runesmith:CraftIndustria","Runesmith:OneForEveryone+1","Runesmith:DoubleUp+1","Runesmith:CraftObretio+1","Runesmith:Permafrost+1","Runesmith:ArcReactor+1","Runesmith:BackupBattery+4","Runesmith:Firestorm+1","Runesmith:LithiumIon+1","Runesmith:PoweredAnvil+1","Runesmith:DuctTape+1","Runesmith:Repurpose+1"],"relics":["Runesmith:CoreCrystal","AT_ATBox","NeowsBlessing","CeramicFish","Runesmith:Nanobots","Mango","AT_SilvercatRing","AT_TrinityForce","Nloth\u0027s Gift","The Courier","AT_EbonyIvory","AT_GuinsooRageblade","White Beast Statue","Pantograph","Runesmith:MiniCore","Unceasing Top"],"acts_visited":["Exordium","TheCity","TheBeyond","TheEnding"],"potions_floor_usage":[55,55,55],"damage_taken":[{"damage":0.0,"enemies":"Small Slimes","floor":1.0,"turns":2.0},{"damage":0.0,"enemies":"Cultist","floor":4.0,"turns":1.0},{"damage":0.0,"enemies":"Jaw Worm","floor":5.0,"turns":1.0},{"damage":9.0,"enemies":"Lagavulin","floor":6.0,"turns":7.0},{"damage":11.0,"enemies":"Looter","floor":8.0,"turns":3.0},{"damage":9.0,"enemies":"Gremlin Nob","floor":11.0,"turns":4.0},{"damage":11.0,"enemies":"Large Slime","floor":12.0,"turns":7.0},{"damage":8.0,"enemies":"The Guardian","floor":16.0,"turns":9.0},{"damage":4.0,"enemies":"Spheric Guardian","floor":18.0,"turns":4.0},{"damage":13.0,"enemies":"2 Thieves","floor":19.0,"turns":4.0},{"damage":7.0,"enemies":"Snecko","floor":21.0,"turns":7.0},{"damage":0.0,"enemies":"Snake Plant","floor":25.0,"turns":6.0},{"damage":17.0,"enemies":"Slavers","floor":29.0,"turns":7.0},{"damage":0.0,"enemies":"Cultist and Chosen","floor":31.0,"turns":6.0},{"damage":0.0,"enemies":"Champ","floor":33.0,"turns":12.0},{"damage":13.0,"enemies":"3 Shapes","floor":35.0,"turns":4.0},{"damage":1.0,"enemies":"3 Darklings","floor":38.0,"turns":8.0},{"damage":7.0,"enemies":"Spire Growth","floor":39.0,"turns":5.0},{"damage":9.0,"enemies":"Nemesis","floor":40.0,"turns":9.0},{"damage":4.0,"enemies":"Giant Head","floor":42.0,"turns":10.0},{"damage":15.0,"enemies":"Reptomancer","floor":44.0,"turns":7.0},{"damage":24.0,"enemies":"Nemesis","floor":46.0,"turns":9.0},{"damage":5.0,"enemies":"Maw","floor":48.0,"turns":8.0},{"damage":6.0,"enemies":"Time Eater","floor":50.0,"turns":12.0},{"damage":54.0,"enemies":"Shield and Spear","floor":54.0,"turns":7.0},{"damage":63,"enemies":"The Heart","floor":55,"turns":11}],"seed_played":"8442004881175182784","potions_obtained":[{"floor":1.0,"key":"DuplicationPotion"},{"floor":4.0,"key":"CultistPotion"},{"floor":11.0,"key":"LiquidMemories"},{"floor":12.0,"key":"Strength Potion"},{"floor":19.0,"key":"SkillPotion"},{"floor":38.0,"key":"SneckoOil"},{"floor":40.0,"key":"Strength Potion"},{"floor":46.0,"key":"Weak Potion"},{"floor":48.0,"key":"ColorlessPotion"},{"floor":54.0,"key":"Regen Potion"}],"is_trial":false,"path_per_floor":["M","?","?","M","M","E","R","M","T","R","E","M","?","T","R","B",null,"M","M","?","M","?","R","$","M","T","R","?","E","R","M","R","B",null,"M","?","$","M","M","E","R","E","T","E","R","E","?","M","R","B",null,"R","$","E","B",null],"character_chosen":"RUNESMITH_CLASS","items_purchased":["Runesmith:ArcReactor","Runesmith:Firestorm","Runesmith:LithiumIon","Runesmith:PoweredAnvil","Runesmith:MiniCore","Dexterity Potion"],"campfire_rested":1,"item_purchase_floors":[24,37,37,37,53,53],"current_hp_per_floor":[70,70,70,70,70,61,61,50,50,50,55,44,27,27,27,19,84,80,67,67,60,60,60,60,60,60,69,69,52,52,52,52,52,84,71,71,71,70,63,54,54,50,50,35,60,36,36,31,31,50,84,84,84,30,7],"gold":162,"neow_bonus":"THREE_ENEMY_KILL","is_daily":false,"chose_seed":false,"campfire_upgraded":9,"win_rate":0.0,"timestamp":1612861340,"path_taken":["M","?","?","?","M","E","R","M","T","R","E","M","?","?","R","BOSS","M","M","?","M","?","R","$","M","T","R","?","E","R","M","R","BOSS","M","?","?","?","M","E","R","E","T","E","R","E","?","M","R","BOSS","R","$","E","BOSS"],"items_purchased_type":["Card","Card","Card","Card","Relic","Potion"],"build_version":"2020-12-22","purchased_purges":3,"victory":true,"max_hp_per_floor":[70,70,70,70,70,70,70,70,70,70,84,84,84,84,84,84,84,84,84,84,84,84,84,84,84,84,84,84,84,84,84,84,84,84,84,84,84,84,84,84,84,84,84,84,84,84,84,84,84,84,84,84,84,84,84],"card_choices":[{"not_picked":["Runesmith:NanitesCloud","Runesmith:ChiselStab"],"picked":"Runesmith:EnergizedChisel","floor":1.0},{"not_picked":["Runesmith:RuneHurl","Runesmith:Prism"],"picked":"Runesmith:CraftMagma","floor":4.0},{"not_picked":["Runesmith:ShiftingStrike","Runesmith:UnstableHammer"],"picked":"Runesmith:Repurpose","floor":5.0},{"not_picked":["Runesmith:FissionHammer","Runesmith:Repurpose"],"picked":"Runesmith:Grindstone","floor":6.0},{"not_picked":["Runesmith:Empowerment","Runesmith:Overpower","Runesmith:HeatExchange"],"picked":"SKIP","floor":8.0},{"not_picked":["Runesmith:ChiselStab","Runesmith:Electrocute","Runesmith:HeatExchange"],"picked":"SKIP","floor":11.0},{"not_picked":["Runesmith:RuneHurl","Runesmith:HeatExchange","Runesmith:FieryHammer"],"picked":"SKIP","floor":12.0},{"not_picked":["Runesmith:CraftMedicinae","Runesmith:LightningRod"],"picked":"Runesmith:CraftIndustria","floor":16.0},{"not_picked":["Runesmith:Grindstone+1","Runesmith:BackupBattery"],"picked":"Runesmith:OneForEveryone+1","floor":18.0},{"not_picked":["Runesmith:Accelerate","Runesmith:MakeshiftArmor"],"picked":"Runesmith:DoubleUp+1","floor":19.0},{"not_picked":["Runesmith:HammerThrow","Runesmith:Repurpose+1","Runesmith:ChiselStab"],"picked":"SKIP","floor":21.0},{"not_picked":["Runesmith:CraftMagma","Runesmith:Grindstone","Runesmith:EarthShield"],"picked":"SKIP","floor":25.0},{"not_picked":["Runesmith:FissionHammer","Runesmith:ChargedHammer","Runesmith:Discharge+1"],"picked":"SKIP","floor":29.0},{"not_picked":["Runesmith:Grindstone","Runesmith:ChiselStab+1"],"picked":"Runesmith:BackupBattery+1","floor":31.0},{"not_picked":["Runesmith:OneForEveryone","Runesmith:CraftObretio","Runesmith:Refine"],"picked":"SKIP","floor":35.0},{"not_picked":["Runesmith:HeatedChisel","Runesmith:HeatExchange","Runesmith:BackupBattery"],"picked":"SKIP","floor":38.0},{"not_picked":["Runesmith:CraftSpiculum","Runesmith:Repurpose","Runesmith:StaticCage+1"],"picked":"SKIP","floor":39.0},{"not_picked":["Runesmith:StaticCage+1","Runesmith:Firestorm+1","Runesmith:GoWithTheFlow+1"],"picked":"SKIP","floor":40.0},{"not_picked":["Runesmith:Repurpose","Runesmith:Duplicate","Runesmith:HammerThrow"],"picked":"SKIP","floor":42.0},{"not_picked":["Runesmith:UnlimitedPower","Runesmith:MakeshiftArmor","Runesmith:CraftMedicinae"],"picked":"SKIP","floor":44.0},{"not_picked":["Runesmith:GoWithTheFlow+1","Runesmith:DuctTape","Runesmith:HeatExchange+1"],"picked":"SKIP","floor":46.0},{"not_picked":["Runesmith:GoWithTheFlow+1","Runesmith:HeatExchange+1"],"picked":"Runesmith:DuctTape","floor":46.0},{"not_picked":["Runesmith:RuneHurl","Runesmith:Superposition","Runesmith:Attraction"],"picked":"SKIP","floor":48.0},{"not_picked":["Runesmith:RuneHurl","Runesmith:Superposition","Runesmith:Attraction"],"picked":"SKIP","floor":48.0},{"not_picked":["Runesmith:Repurpose+1","Runesmith:MakeshiftArmor","Runesmith:HammerThrow"],"picked":"SKIP","floor":54.0},{"not_picked":["Runesmith:MakeshiftArmor","Runesmith:HammerThrow"],"picked":"Runesmith:Repurpose+1","floor":54.0}],"player_experience":571697,"relics_obtained":[{"floor":6.0,"key":"CeramicFish"},{"floor":9.0,"key":"Runesmith:Nanobots"},{"floor":11.0,"key":"Mango"},{"floor":14.0,"key":"AT_SilvercatRing"},{"floor":26.0,"key":"Eternal Feather"},{"floor":29.0,"key":"The Courier"},{"floor":40.0,"key":"AT_EbonyIvory"},{"floor":42.0,"key":"AT_GuinsooRageblade"},{"floor":44.0,"key":"White Beast Statue"},{"floor":46.0,"key":"Pantograph"},{"floor":54.0,"key":"Unceasing Top"}],"event_choices":[{"cards_removed":["Runesmith:Strike_RS"],"damage_healed":0.0,"max_hp_gain":0.0,"max_hp_loss":0.0,"gold_gain":0.0,"event_name":"The Cleric","player_choice":"Card Removal","floor":2.0,"gold_loss":50.0,"damage_taken":0.0},{"damage_healed":0.0,"max_hp_gain":0.0,"max_hp_loss":0.0,"gold_gain":100.0,"event_name":"Golden Shrine","player_choice":"Pray","floor":3.0,"gold_loss":0.0,"damage_taken":0.0},{"damage_healed":0.0,"max_hp_gain":0.0,"max_hp_loss":0.0,"gold_gain":0.0,"event_name":"Shining Light","player_choice":"Entered Light","floor":13.0,"gold_loss":0.0,"damage_taken":17.0,"cards_upgraded":["Runesmith:EnergizedChisel","Runesmith:Grindstone"]},{"damage_healed":0.0,"max_hp_gain":0.0,"max_hp_loss":0.0,"gold_gain":0.0,"cards_transformed":["Runesmith:Strike_RS","Runesmith:Strike_RS"],"event_name":"Drug Dealer","player_choice":"Became Test Subject","floor":20.0,"gold_loss":0.0,"damage_taken":0.0,"cards_obtained":["Runesmith:CraftObretio","Runesmith:Permafrost"]},{"damage_healed":0.0,"max_hp_gain":0.0,"max_hp_loss":0.0,"gold_gain":0.0,"event_name":"Ghosts","player_choice":"Ignored","floor":22.0,"gold_loss":0.0,"damage_taken":0.0},{"damage_healed":0.0,"max_hp_gain":0.0,"max_hp_loss":0.0,"gold_gain":0.0,"event_name":"N\u0027loth","player_choice":"Traded Relic","floor":28.0,"relics_lost":["Eternal Feather"],"gold_loss":0.0,"damage_taken":0.0,"relics_obtained":["Nloth\u0027s Gift"]},{"cards_removed":["Runesmith:CraftFirestone"],"damage_healed":0.0,"max_hp_gain":0.0,"max_hp_loss":0.0,"gold_gain":0.0,"event_name":"Bonfire Elementals","player_choice":"Offered Basic","floor":36.0,"gold_loss":0.0,"damage_taken":0.0},{"cards_removed":["Runesmith:Defend_RS"],"damage_healed":0.0,"max_hp_gain":0.0,"max_hp_loss":0.0,"gold_gain":0.0,"event_name":"Purifier","player_choice":"Purged","floor":47.0,"gold_loss":0.0,"damage_taken":0.0}],"is_beta":false,"boss_relics":[{"not_picked":["Empty Cage","Runic Dome"],"picked":"AT_TrinityForce"},{"not_picked":["Black Star","Busted Crown"],"picked":"Runesmith:CoreCrystal"}],"items_purged_floors":[24,37,53],"is_endless":false,"potions_floor_spawned":[1,4,11,12,19,21,31,33,38,40,46,48,54],"ascension_level":2}}