{"host":"qy6st0zp32tctd9l","time":1612867861,"event":{"mods":["BaseMod","Colored Map","Downfall","GifTheSpireLib","Hermit","Marisa£®ÏF”Í°°ƒß¿Ì…≥£©","Minty Spire (QoL Compilation)","Remilia£®¿Ÿ√◊¿Ú—«£©","StSLib","The Cursed","The Servant 0.9.4","UnlockEverythingMod"],"gold_per_floor":[118,118,138,155,173,173,173,173,173,189,207,224,256,274,274,274,274],"floor_reached":16,"language":"ZHS","playtime":534,"items_purged":[],"score":186,"play_id":"3c5613ec-309d-4a6b-8868-dc3e74db3858","local_time":"20210209185101","is_ascension_mode":true,"campfire_choices":[{"data":"Moonlight","floor":6,"key":"SMITH"},{"data":"KidneyShot","floor":8,"key":"SMITH"},{"floor":15,"key":"RECALL"}],"circlet_count":0,"master_deck":["AscendersBane","Strike_S","Strike_S","Strike_S","Defend_S","Defend_S","Defend_S","Defend_S","KidneyShot+1","Exchange","Moonlight+1","ShatteredReality","Orbit","Contraction","TimeTheft","FastForward","BottledTime"],"relics":["Uniform","CultistMask","Sundial","Bag of Preparation","StoneCalendar"],"acts_visited":["Exordium"],"potions_floor_usage":[11,13,16,16,16,16],"damage_taken":[{"damage":2,"enemies":"2 Louse","floor":1,"turns":4},{"damage":0,"enemies":"Cultist","floor":3,"turns":4},{"damage":2,"enemies":"Small Slimes","floor":4,"turns":3},{"damage":1,"enemies":"Exordium Wildlife","floor":5,"turns":3},{"damage":1,"enemies":"Blue Slaver","floor":10,"turns":4},{"damage":6,"enemies":"Exordium Thugs","floor":11,"turns":3},{"damage":3,"enemies":"Looter","floor":12,"turns":2},{"damage":16,"enemies":"3 Sentries","floor":13,"turns":8},{"damage":1,"enemies":"Exordium Wildlife","floor":14,"turns":5},{"damage":17,"enemies":"The Guardian","floor":16,"turns":11}],"seed_played":"-6102374484985675865","potions_obtained":[{"floor":1,"key":"LiquidMemories"},{"floor":4,"key":"SteroidPotion"},{"floor":12,"key":"champ:CounterPotion"},{"floor":13,"key":"GamblersBrew"},{"floor":14,"key":"EntropicBrew"}],"is_trial":false,"path_per_floor":["M","?","M","M","M","R","T","R","T","M","M","M","E","M","R","B"],"character_chosen":"THE_SERVANT","items_purchased":[],"campfire_rested":0,"item_purchase_floors":[],"current_hp_per_floor":[52,52,52,50,49,49,49,49,49,48,42,39,23,22,22,5,5],"gold":274,"neow_bonus":"REMOVE_CARD","is_daily":false,"chose_seed":false,"campfire_upgraded":2,"win_rate":0.0,"timestamp":1612867861,"path_taken":["M","?","?","M","M","R","?","R","T","M","M","M","E","M","R","BOSS"],"items_purchased_type":[],"build_version":"2020-12-22","purchased_purges":0,"victory":false,"max_hp_per_floor":[60,60,60,60,60,60,60,60,60,60,60,60,60,60,60,60,60],"card_choices":[{"not_picked":["MoonPhase","Hightail"],"picked":"Moonlight","floor":1},{"not_picked":["TimeWarp","DualDimension"],"picked":"ShatteredReality","floor":3},{"not_picked":["Moonlight","Reset"],"picked":"Orbit","floor":4},{"not_picked":["ShatteredReality","FanOfKnives","Hightail"],"picked":"SKIP","floor":5},{"not_picked":["Sabotage","Read"],"picked":"Contraction","floor":10},{"not_picked":["Advance","Defy"],"picked":"TimeTheft","floor":11},{"not_picked":["Rewind","Gouge"],"picked":"FastForward","floor":12},{"not_picked":["Spin","FastForward","Ricochet"],"picked":"SKIP","floor":13},{"not_picked":["Unruled","Replace"],"picked":"BottledTime","floor":14}],"player_experience":212592,"relics_obtained":[{"floor":7,"key":"Sundial"},{"floor":9,"key":"Bag of Preparation"},{"floor":13,"key":"StoneCalendar"}],"event_choices":[{"damage_healed":0,"gold_gain":0,"player_choice":"Trade","damage_taken":0,"relics_obtained":["CultistMask"],"max_hp_gain":0,"max_hp_loss":0,"event_name":"FaceTrader","floor":2,"gold_loss":0}],"is_beta":false,"boss_relics":[],"items_purged_floors":[],"is_endless":false,"potions_floor_spawned":[1,4,12,13,14],"killed_by":"The Guardian","ascension_level":15}}