{"host":"92wx9z21c4p52du4","time":1612852513,"event":{"mods":["Act Like it!","Arknights","Bard","BaseMod","ChefMod","Elementarium","Evolution","Infinite Spire","Lobotomy","Minty Spire (QoL Compilation)","Relic Stats","Reliquary","Robot Space Explorer","StSLib","SuperFastMode","The Blue Laboratory","The Disciple","The Hierophant","The Jungle","The Runesmith","TheSurvivalist"],"gold_per_floor":[114,134,152,327,68,96,96,115,115,115,115,143,143,176,176,278,278,298,309,309,359,109,109,136,136,136,156,156,208,54,54,54,157,157,171,171,184,195,125,125,151,151,151,161,161,186,186,103,103,200,200,199,199,203,78,78,78,78,75,98,98,99,103,96,100,100,152,152,154,154,154,155,139,139,133,143,143,143,143,143,143,134,134,142,142,141,141,118,90,73,55,55,36,36],"floor_reached":93,"language":"ENG","playtime":7718,"items_purged":["Doubt","Doubt","Parasite","Defend_Br","Parasite","Strike_Br"],"score":1909,"play_id":"20fcc12f-74e7-4d42-9209-df2da774f0ff","local_time":"20210209003513","is_ascension_mode":false,"campfire_choices":[{"data":"Transmutation","floor":7,"key":"SMITH"},{"data":"LockedWhetstone","floor":11,"key":"SMITH"},{"data":"SecondHand","floor":15,"key":"SMITH"},{"data":"infinitespire:Collect","floor":23,"key":"SMITH"},{"floor":25,"key":"REST"},{"data":"LockedLightning","floor":28,"key":"SMITH"},{"floor":32,"key":"RECALL"},{"data":"PatternShift","floor":40,"key":"SMITH"},{"data":"Echonomics","floor":42,"key":"SMITH"},{"data":"AlternateTimeline","floor":47,"key":"SMITH"},{"data":"Impatience","floor":49,"key":"SMITH"},{"data":"Parity","floor":57,"key":"SMITH"},{"data":"LockedFlame","floor":61,"key":"SMITH"},{"data":"infinitespire:SevenWalls","floor":66,"key":"SMITH"},{"floor":74,"key":"DIG"},{"floor":78,"key":"REST"},{"floor":80,"key":"DIG"},{"floor":83,"key":"DIG"},{"floor":92,"key":"REST"}],"circlet_count":0,"master_deck":["Strike_Br","Strike_Br","Defend_Br","Defend_Br","Defend_Br","SecondHand+1","PatternShift+1","PrimeTime","TiringSlam","Transmutation+1","LockedWhetstone+1","Keepsakes","infinitespire:SevenWalls+1","Break","LockedLightning+1","LockedAnchor","ExoVibe","infinitespire:Collect+1","LockedBlood","HandsUpB","LockedCalendar","AlternateTimeline+1","WatchCommand","Echonomics+1","LockedScales+1","Impatience+1","Parity+1","Parity","LockedBell","Regret","LockedFlame+1","LockedBell","HandsUpC","infinitespire:Punishment","Writhe","Accruing","infinitespire:Fortify","Dual Wield"],"relics":["Chronometer","Bag of Preparation","Juzu Bracelet","reliquary:FeatherDuster","Unceasing Top","Sozu","Chronograph","TungstenRod","Boot","reliquary:TuningFork","reliquary:PrincelyHelmet","TheAbacus","reliquary:RedCape","SlaversCollar","HandDrill","Lantern","reliquary:ExpiredCoupon","infinitespire:Satchel","Black Star","infinitespire:CheckeredPen","reliquary:WeakTea","Ornamental Fan","Turnip","infinitespire:Cupcake","PrismaticShard","Shovel","Happy Flower","CaptainsWheel","Regal Pillow","The Courier","Art of War","infinitespire:FocusingShard","Fusion Hammer","Kunai","Anchor"],"acts_visited":["Exordium","Exordium","TheBeyond","Exordium","Exordium","TheBeyond"],"potions_floor_usage":[16,19,46,46,46],"damage_taken":[{"damage":9,"enemies":"Jaw Worm","floor":1,"turns":6},{"damage":2,"enemies":"Small Slimes","floor":2,"turns":3},{"damage":4,"enemies":"ats:Genji","floor":3,"turns":5},{"damage":8,"enemies":"Lagavulin","floor":6,"turns":11},{"damage":0,"enemies":"Blue Slaver","floor":8,"turns":4},{"damage":2,"enemies":"3 Sentries","floor":12,"turns":6},{"damage":4,"enemies":"Gremlin Nob","floor":14,"turns":4},{"damage":0,"enemies":"The Guardian","floor":16,"turns":11},{"damage":3,"enemies":"Shell Parasite","floor":18,"turns":7},{"damage":12,"enemies":"theJungle:MUSHROOMGANG","floor":19,"turns":4},{"damage":4,"enemies":"theJungle:2_Phrogs","floor":24,"turns":5},{"damage":0,"enemies":"theJungle:SlimyTreeVines","floor":27,"turns":10},{"damage":16,"enemies":"theJungle:Cassacara","floor":29,"turns":7},{"damage":0,"enemies":"theJungle:TotemBoss","floor":33,"turns":11},{"damage":14,"enemies":"3 Darklings","floor":35,"turns":8},{"damage":2,"enemies":"3 Shapes","floor":37,"turns":8},{"damage":16,"enemies":"Jaw Worm Horde","floor":38,"turns":6},{"damage":27,"enemies":"Giant Head","floor":41,"turns":9},{"damage":0,"enemies":"Writhing Mass","floor":44,"turns":5},{"damage":8,"enemies":"Nightmare","floor":46,"turns":4},{"damage":46,"enemies":"infinitespire:MassOfShapes","floor":50,"turns":12},{"damage":1,"enemies":"Cultist","floor":52,"turns":2},{"damage":0,"enemies":"Jaw Worm","floor":53,"turns":2},{"damage":0,"enemies":"Small Slimes","floor":54,"turns":3},{"damage":0,"enemies":"Exordium Wildlife","floor":59,"turns":3},{"damage":3,"enemies":"Lots of Slimes","floor":62,"turns":3},{"damage":4,"enemies":"Exordium Thugs","floor":63,"turns":3},{"damage":1,"enemies":"3 Sentries","floor":64,"turns":5},{"damage":0,"enemies":"3 Louse","floor":65,"turns":3},{"damage":0,"enemies":"The Guardian","floor":67,"turns":8},{"damage":0,"enemies":"theJungle:MUSHROOMGANG","floor":69,"turns":5},{"damage":0,"enemies":"Shell Parasite","floor":72,"turns":2},{"damage":36,"enemies":"theJungle:JungleHuntersEncounter","floor":73,"turns":6},{"damage":0,"enemies":"theJungle:2_Phrogs","floor":75,"turns":5},{"damage":7,"enemies":"Snake Plant","floor":76,"turns":2},{"damage":0,"enemies":"theJungle:2_Flameangoes","floor":82,"turns":4},{"damage":33,"enemies":"theJungle:QueenSpyder","floor":84,"turns":13},{"damage":12,"enemies":"3 Shapes","floor":86,"turns":3},{"damage":3,"enemies":"3 Darklings","floor":88,"turns":6},{"damage":4,"enemies":"Maw","floor":89,"turns":6},{"damage":40,"enemies":"Transient","floor":90,"turns":5},{"damage":9,"enemies":"Giant Head","floor":91,"turns":6},{"damage":56,"enemies":"Sphere and 2 Shapes","floor":93,"turns":4}],"seed_played":"-4666866951505285443","potions_obtained":[{"floor":6,"key":"EssenceOfSteel"},{"floor":8,"key":"Strength Potion"},{"floor":12,"key":"SteroidPotion"},{"floor":16,"key":"Explosive Potion"}],"is_trial":false,"path_per_floor":["M","M","M","?","$","E","R","M","T","?","R","E","?","E","R","B",null,"M","M","AVR","?","$","R","E","R","T","M","R","E","$","?","R","B",null,"M","AVR","M","M","$","R","E","R","T","M","?","NM","R","$","R","B",null,"M","M","M","$","?","R","?","M","T","R","M","M","E","M","R","B",null,"M","AVR","?","M","M","R","E","M","T","R","?","R","?","M","R","B",null,"M","?","M","M","M","E","R","M"],"character_chosen":"CHRONO_CLASS","items_purchased":["Transmutation","Boot","TheAbacus","WatchCommand","Impatience"],"campfire_rested":3,"item_purchase_floors":[5,22,30,39,48],"current_hp_per_floor":[56,54,50,50,50,42,42,42,42,42,42,40,40,36,36,36,65,62,50,50,42,42,42,38,56,56,62,62,52,52,52,52,61,62,57,57,60,50,50,50,23,23,23,29,29,62,62,62,62,22,62,61,61,61,59,59,59,59,59,59,59,59,55,59,59,59,59,59,59,59,59,59,29,29,35,28,28,59,59,59,59,59,59,26,59,47,47,50,50,10,7,39,0,0],"gold":36,"neow_bonus":"REMOVE_CARD","is_daily":false,"chose_seed":false,"campfire_upgraded":12,"win_rate":0.0,"timestamp":1612852513,"path_taken":["M","M","M","?","$","E","R","M","T","?","R","E","?","E","R","BOSS","M","M","AVR","?","?","R","E","R","T","M","R","E","$","?","R","BOSS","M","AVR","M","M","$","R","E","R","T","M","?","NM","R","$","R","BOSS","M","M","M","$","?","R","?","M","T","R","M","M","E","M","R","BOSS","M","AVR","?","M","M","R","E","M","T","R","?","R","?","M","R","BOSS","M","?","M","M","M","E","R","M"],"items_purchased_type":["Card","Relic","Relic","Card","Card"],"build_version":"2020-12-22","purchased_purges":6,"victory":false,"max_hp_per_floor":[65,65,65,65,65,65,65,65,65,65,65,65,65,65,65,65,65,65,65,65,65,62,62,62,62,62,62,62,62,62,62,62,62,62,62,62,62,62,62,62,62,62,62,62,62,62,62,62,62,62,62,62,62,62,59,59,59,59,59,59,59,59,59,59,59,59,59,59,59,59,59,59,59,59,59,59,59,59,59,59,59,59,59,59,59,59,59,59,59,59,59,59,59,59],"relic_stats":{"Regal Pillow":29,"Happy Flower":[18],"counters":[43,243],"Bag of Preparation":[78],"Juzu Bracelet":3,"Boot":[169],"Sozu":16,"TheAbacus":[180],"Shovel":3,"Ornamental Fan":[120],"Turnip":[17],"HandDrill":[82],"Black Star":3,"Art of War":[3],"Kunai":[0],"obtain_stats":[{"reliquary:FeatherDuster":12,"Lantern":41,"Regal Pillow":75,"reliquary:PrincelyHelmet":29,"Bag of Preparation":6,"Juzu Bracelet":9,"reliquary:RedCape":34,"Boot":22,"PrismaticShard":70,"Sozu":17,"TheAbacus":30,"Shovel":71,"Fusion Hammer":85,"HandDrill":36,"Kunai":91,"Happy Flower":74,"The Courier":77,"infinitespire:FocusingShard":83,"infinitespire:CheckeredPen":58,"reliquary:WeakTea":60,"Chronograph":20,"SlaversCollar":36,"reliquary:ExpiredCoupon":43,"CaptainsWheel":75,"Anchor":91,"Chronometer":0,"Ornamental Fan":64,"infinitespire:Satchel":46,"Turnip":64,"reliquary:TuningFork":24,"Black Star":51,"Art of War":80,"Unceasing Top":14,"TungstenRod":20,"infinitespire:Cupcake":68},{"reliquary:FeatherDuster":6,"Lantern":18,"Regal Pillow":34,"reliquary:PrincelyHelmet":13,"Bag of Preparation":4,"Juzu Bracelet":5,"reliquary:RedCape":14,"Boot":10,"PrismaticShard":31,"Sozu":8,"TheAbacus":13,"Shovel":31,"Fusion Hammer":37,"HandDrill":15,"Kunai":42,"Happy Flower":33,"The Courier":35,"infinitespire:FocusingShard":36,"infinitespire:CheckeredPen":24,"reliquary:WeakTea":25,"Chronograph":10,"SlaversCollar":15,"reliquary:ExpiredCoupon":18,"CaptainsWheel":34,"Anchor":42,"Chronometer":0,"Ornamental Fan":28,"infinitespire:Satchel":20,"Turnip":28,"reliquary:TuningFork":11,"Black Star":21,"Art of War":35,"Unceasing Top":7,"TungstenRod":10,"infinitespire:Cupcake":30},{"reliquary:FeatherDuster":35,"Lantern":125,"Regal Pillow":194,"reliquary:PrincelyHelmet":83,"Bag of Preparation":25,"Juzu Bracelet":29,"reliquary:RedCape":94,"Boot":61,"PrismaticShard":183,"Sozu":50,"TheAbacus":83,"Shovel":183,"Fusion Hammer":213,"HandDrill":102,"Kunai":239,"Happy Flower":190,"The Courier":196,"infinitespire:FocusingShard":200,"infinitespire:CheckeredPen":153,"reliquary:WeakTea":156,"Chronograph":61,"SlaversCollar":102,"reliquary:ExpiredCoupon":125,"CaptainsWheel":194,"Anchor":239,"Chronometer":0,"Ornamental Fan":167,"infinitespire:Satchel":134,"Turnip":167,"reliquary:TuningFork":66,"Black Star":146,"Art of War":196,"Unceasing Top":39,"TungstenRod":61,"infinitespire:Cupcake":178}],"Unceasing Top":[23],"TungstenRod":64},"card_choices":[{"not_picked":["ExoVibe","LockedOrichalcum"],"picked":"PrimeTime","floor":1},{"not_picked":["ShortSighted","Cuckoo"],"picked":"Break","floor":2},{"not_picked":["BeatsPerMinute","Parity"],"picked":"TiringSlam","floor":3},{"not_picked":["LockedMedicine","BiteCommand"],"picked":"LockedWhetstone","floor":6},{"not_picked":["SlimeSpray","Tempo"],"picked":"Keepsakes","floor":8},{"not_picked":["infinitespire:Punishment","infinitespire:Oblivion"],"picked":"infinitespire:SevenWalls","floor":10},{"not_picked":["TickedOff","BiteCommand"],"picked":"Break","floor":12},{"not_picked":["Tempo","Parity","DaylightSavings"],"picked":"SKIP","floor":14},{"not_picked":["LockedAstrolabe","Chronoelasticity"],"picked":"LockedLightning","floor":16},{"not_picked":["CrunchTime+1","ShortSighted+1"],"picked":"LockedAnchor","floor":18},{"not_picked":["Keepsakes","LockedScales"],"picked":"ExoVibe","floor":19},{"not_picked":["Keepsakes","LockedTurtyl"],"picked":"LockedBlood","floor":24},{"not_picked":["LockedUrn","Facsimile+1"],"picked":"HandsUpB","floor":27},{"not_picked":["LockedWarPaint","Stagnate","Tempo"],"picked":"SKIP","floor":29},{"not_picked":["LockedLightning","Pendulum"],"picked":"LockedCalendar","floor":33},{"not_picked":["Echoward+1","Engulf"],"picked":"AlternateTimeline","floor":35},{"not_picked":["Backlash","FormalWear","Tempo+1"],"picked":"SKIP","floor":37},{"not_picked":["Analog+1","PrimeTime","LockedMedicine+1"],"picked":"SKIP","floor":38},{"not_picked":["WakeUpCall","LockedAstrolabe"],"picked":"Echonomics","floor":41},{"not_picked":["Tempo","Parity+1","LockedOrichalcum+1"],"picked":"SKIP","floor":44},{"not_picked":["FormalWear+1","PrimeTime"],"picked":"LockedScales+1","floor":46},{"not_picked":["WindUp","Cuckoo"],"picked":"Parity","floor":52},{"not_picked":["Facsimile","WindUp"],"picked":"Parity","floor":53},{"not_picked":["SlimeSpray","BiteCommand","LockedThread"],"picked":"SKIP","floor":54},{"not_picked":["LockedThread","HandsUpB"],"picked":"LockedFlame","floor":59},{"not_picked":["CrunchTime","PrimeTime","BiteCommand"],"picked":"SKIP","floor":62},{"not_picked":["WatchCommand","Break","AlternateTimeline"],"picked":"SKIP","floor":63},{"not_picked":["Stagnate","Chronoelasticity","LockedMercury"],"picked":"SKIP","floor":64},{"not_picked":["LockedWarPaint","LockedTornado","LockedBlood"],"picked":"SKIP","floor":65},{"not_picked":["OracleForm","Fragmentalize"],"picked":"LockedBell","floor":67},{"not_picked":["LockedBlood+1","LockedMawBank"],"picked":"HandsUpC","floor":69},{"not_picked":["survmod:PenetratingShot","Slice+1","Shrug It Off"],"picked":"SKIP","floor":72},{"not_picked":["Rip and Tear+1","Wingbeat","survmod:MarkedForDeath"],"picked":"SKIP","floor":73},{"not_picked":["Glacier","Go for the Eyes","bard:OffKey"],"picked":"SKIP","floor":75},{"not_picked":["Beam Cell","Clothesline","chefmod:Fillet"],"picked":"SKIP","floor":76},{"not_picked":["Steam","survmod:TacticalManeuver"],"picked":"Accruing","floor":82},{"not_picked":["infinitespire:DeathsTouch","infinitespire:FutureSight"],"picked":"infinitespire:Fortify","floor":84},{"not_picked":["bard:Shout+1","TodaysExpression","bard:QuickSong"],"picked":"SKIP","floor":86},{"not_picked":["Dash+1","RobotSpaceExplorer:Reload+1"],"picked":"Dual Wield","floor":88},{"not_picked":["RapturousDream","bard:BucklerBash","survmod:AcidTrap+1"],"picked":"SKIP","floor":89},{"not_picked":["JustLucky","Infernal Blade+1","Dual Wield+1"],"picked":"SKIP","floor":90},{"not_picked":["Chill","Runesmith:ElementalConversion+1","LockedBell"],"picked":"SKIP","floor":91}],"player_experience":234116,"relics_obtained":[{"floor":6,"key":"Bag of Preparation"},{"floor":9,"key":"Juzu Bracelet"},{"floor":12,"key":"reliquary:FeatherDuster"},{"floor":14,"key":"Unceasing Top"},{"floor":24,"key":"reliquary:TuningFork"},{"floor":29,"key":"reliquary:PrincelyHelmet"},{"floor":41,"key":"Lantern"},{"floor":43,"key":"reliquary:ExpiredCoupon"},{"floor":46,"key":"infinitespire:Satchel"},{"floor":60,"key":"reliquary:WeakTea"},{"floor":64,"key":"Ornamental Fan"},{"floor":64,"key":"Turnip"},{"floor":74,"key":"Happy Flower"},{"floor":75,"key":"CaptainsWheel"},{"floor":75,"key":"Regal Pillow"},{"floor":77,"key":"The Courier"},{"floor":80,"key":"Art of War"},{"floor":83,"key":"infinitespire:FocusingShard"},{"floor":91,"key":"Kunai"},{"floor":91,"key":"Anchor"}],"event_choices":[{"damage_healed":0,"gold_gain":175,"player_choice":"AGREE","damage_taken":0,"max_hp_gain":0,"max_hp_loss":0,"event_name":"Liars Game","floor":4,"gold_loss":0,"cards_obtained":["Doubt"]},{"damage_healed":0,"gold_gain":0,"player_choice":"Ignored","damage_taken":0,"max_hp_gain":0,"max_hp_loss":0,"event_name":"NoteForYourself","floor":13,"gold_loss":0},{"damage_healed":0,"gold_gain":0,"player_choice":"Ignored","damage_taken":0,"max_hp_gain":0,"max_hp_loss":0,"event_name":"Mysterious Sphere","floor":45,"gold_loss":0},{"damage_healed":0,"gold_gain":0,"player_choice":"1 cards matched","damage_taken":0,"max_hp_gain":0,"max_hp_loss":0,"event_name":"Match and Keep!","floor":56,"gold_loss":0,"cards_obtained":["LockedBell"]},{"damage_healed":0,"gold_gain":0,"player_choice":"Box","damage_taken":0,"relics_obtained":["infinitespire:CheckeredPen"],"max_hp_gain":0,"max_hp_loss":0,"event_name":"Big Fish","floor":58,"gold_loss":0,"cards_obtained":["Regret"]},{"damage_healed":0,"gold_gain":0,"player_choice":"0 cards matched","damage_taken":0,"max_hp_gain":0,"max_hp_loss":0,"event_name":"Match and Keep!","floor":79,"gold_loss":0,"cards_obtained":[]},{"cards_removed":["Break"],"damage_healed":0,"gold_gain":0,"player_choice":"Removed Skill","damage_taken":0,"max_hp_gain":0,"max_hp_loss":0,"event_name":"Falling","floor":87,"gold_loss":0}],"is_beta":false,"boss_relics":[{"not_picked":["Astrolabe","Velvet Choker"],"picked":"Sozu"},{"not_picked":["reliquary:WritOfMandamus","HangingClock"],"picked":"reliquary:RedCape"},{"not_picked":["reliquary:Ember","Runic Pyramid"],"picked":"Black Star"},{"not_picked":["Runesmith:UraniumAnvil","reliquary:Craggleroot"],"picked":"infinitespire:Cupcake"},{"not_picked":["reliquary:KinkedSpring","SacredBark"],"picked":"Fusion Hammer"}],"items_purged_floors":[5,20,22,36,55,70],"is_endless":true,"potions_floor_spawned":[6,8,12,16,18,19,27,35,37,50,53,63,64,67,69,75,82,86,90,91],"killed_by":"Sphere and 2 Shapes","ascension_level":0}}