{"host":"718qlz3dt7mutpmt","time":1612874790,"event":{"mods":["AchievementEnabler","BaseMod","BetterRewards","Colored Powertips","Downfall","Hermit","Highlight Path","Hubris","Infinite Spire","Minty Spire (QoL Compilation)","Quick Restart","Replay The Spire","Shop Mod","StSLib","SuperFastMode","The Cursed","The Disciple","The Jungle","The Runesmith","The Servant 0.9.4"],"gold_per_floor":[117,43,59,76,87,87,87,87,87,149,209,228,228,67,67,164,164,176,176,190,209,209,209,209,226,226,73,83,83,83],"floor_reached":29,"language":"FRA","playtime":2722,"items_purged":[],"score":215,"play_id":"c3bfb2cc-ee27-43b8-a80e-8db5f6b51064","local_time":"20210209134630","is_ascension_mode":false,"campfire_choices":[{"data":"Clothesline","floor":6,"key":"SMITH"},{"data":"Iron Wave","floor":8,"key":"SMITH"},{"floor":13,"key":"REST"},{"data":"Inflame","floor":15,"key":"SMITH"},{"data":"Pommel Strike","floor":23,"key":"SMITH"}],"circlet_count":0,"master_deck":["Strike_R","Strike_R","Strike_R","Strike_R","Strike_R","Defend_R+1","Defend_R","Defend_R","Defend_R","Bash","Heavy Blade","Iron Wave+1","Clothesline+1","Anger","Inflame+1","Feel No Pain","Rupture","Pommel Strike+1","Body Slam","True Grit","Reckless Charge","Hemogenesis","CurseOfTheBell","Carnage","Replay:Bootleg Shield Generator","Hemokinesis","Reckless Charge","Amnesia","hubris:Lust","Perfected Strike+1","Dual Wield","Searing Blow","Headbutt"],"relics":["Burning Blood","Replay:Mystery Machine","Bag of Preparation","Calling Bell","infinitespire:Lucky Rock","hubris:TinFlute","Pocketwatch","Toy Ornithopter"],"acts_visited":["Exordium","TheCity"],"potions_floor_usage":[16,25,28,28,28],"damage_taken":[{"damage":0,"enemies":"2 Louse","floor":1,"turns":4},{"damage":6,"enemies":"Small Slimes","floor":3,"turns":4},{"damage":0,"enemies":"Cultist","floor":4,"turns":3},{"damage":12,"enemies":"2 Fungi Beasts","floor":5,"turns":4},{"damage":10,"enemies":"Gremlin Nob","floor":11,"turns":4},{"damage":9,"enemies":"Blue Slaver","floor":12,"turns":3},{"damage":81,"enemies":"The Guardian","floor":16,"turns":11},{"damage":12,"enemies":"Shell Parasite","floor":18,"turns":5},{"damage":2,"enemies":"Chosen","floor":20,"turns":3},{"damage":13,"enemies":"Snake Plant","floor":21,"turns":3},{"damage":35,"enemies":"Centurion and Healer","floor":25,"turns":5},{"damage":50,"enemies":"Cultist and Chosen","floor":28,"turns":8},{"damage":29,"enemies":"Snake Plant","floor":29,"turns":3}],"seed_played":"7844740991810870214","potions_obtained":[{"floor":1,"key":"ElixirPotion"},{"floor":12,"key":"ColorlessPotion"},{"floor":18,"key":"Dexterity Potion"},{"floor":20,"key":"BloodPotion"},{"floor":25,"key":"Energy Potion"}],"is_trial":false,"path_per_floor":["M","$","M","M","M","R","?","R","T","?","?","M","R","$","R","B",null,"M","?","M","M","?","R","?","M","T","$","M","M"],"character_chosen":"IRONCLAD","items_purchased":["Iron Wave","Clothesline","Body Slam","True Grit","Reckless Charge","Dual Wield","Searing Blow"],"campfire_rested":1,"item_purchase_floors":[2,2,14,14,14,27,27],"current_hp_per_floor":[88,88,88,88,82,82,82,82,82,82,78,75,88,88,88,13,88,82,70,74,67,67,67,67,55,55,55,26,0,0],"gold":83,"neow_bonus":"TEN_PERCENT_HP_BONUS","is_daily":false,"chose_seed":false,"campfire_upgraded":4,"win_rate":0.0,"timestamp":1612874790,"path_taken":["M","$","M","M","M","R","?","R","T","?","?","M","R","$","R","BOSS","M","?","M","?","?","R","?","M","T","$","M","M"],"items_purchased_type":["Card","Card","Card","Card","Card","Card","Card"],"build_version":"2020-12-22","purchased_purges":0,"victory":false,"max_hp_per_floor":[88,88,88,88,88,88,88,88,88,88,88,88,88,88,88,88,88,88,88,88,88,88,88,88,88,88,88,88,88,88],"card_choices":[{"not_picked":["Sword Boomerang","Shrug It Off"],"picked":"Heavy Blade","floor":1},{"not_picked":["Warcry","Body Slam"],"picked":"Anger","floor":3},{"not_picked":["Warcry","ReplayTheSpireMod:Stacked"],"picked":"Inflame","floor":4},{"not_picked":["Flame Barrier","Replay:Undeath\u0027s Touch"],"picked":"Feel No Pain","floor":5},{"not_picked":["Reckless Charge","Hemokinesis"],"picked":"Rupture","floor":11},{"not_picked":["Ghostly Armor","Abandon"],"picked":"Pommel Strike","floor":12},{"not_picked":["Offering","Double Tap"],"picked":"Hemogenesis","floor":16},{"not_picked":["Feel No Pain","Metallicize+1"],"picked":"Carnage","floor":18},{"not_picked":["Replay:Undeath\u0027s Touch","Wild Strike"],"picked":"Hemokinesis","floor":20},{"not_picked":["infinitespire:OneForAll","Offering"],"picked":"Reckless Charge","floor":21},{"not_picked":["Wild Strike","Body Slam"],"picked":"Perfected Strike+1","floor":25},{"not_picked":["Twin Strike","Blood for Blood"],"picked":"Headbutt","floor":28}],"player_experience":8081,"relics_obtained":[{"floor":9,"key":"Replay:Mystery Machine"},{"floor":11,"key":"Bag of Preparation"},{"floor":17,"key":"infinitespire:Lucky Rock"},{"floor":17,"key":"hubris:TinFlute"},{"floor":17,"key":"Pocketwatch"},{"floor":26,"key":"Toy Ornithopter"}],"event_choices":[{"damage_healed":0,"gold_gain":62,"player_choice":"Gained Gold","damage_taken":0,"max_hp_gain":0,"max_hp_loss":0,"event_name":"Golden Wing","floor":10,"gold_loss":0},{"damage_healed":0,"gold_gain":0,"player_choice":"Searched \u00271\u0027 times","damage_taken":0,"max_hp_gain":0,"max_hp_loss":0,"event_name":"Dead Adventurer","floor":11,"gold_loss":0},{"damage_healed":0,"gold_gain":0,"player_choice":"CARD ","damage_taken":12,"max_hp_gain":0,"max_hp_loss":0,"event_name":"Knowing Skull","floor":19,"potions_obtained":[],"gold_loss":0,"cards_obtained":["Replay:Bootleg Shield Generator"]},{"damage_healed":0,"gold_gain":0,"player_choice":"Ignored","damage_taken":0,"max_hp_gain":0,"max_hp_loss":0,"event_name":"Vampires","floor":22,"gold_loss":0}],"is_beta":false,"boss_relics":[{"not_picked":["ReplayTheSpireMod:DimensionalGlitch","SacredBark"],"picked":"Calling Bell"}],"items_purged_floors":[],"is_endless":false,"potions_floor_spawned":[1,12,18,20,25],"killed_by":"Snake Plant","ascension_level":0}}