{"host":"kpyf5rnb72uwap8k","time":1612860402,"event":{"mods":["AchievementEnabler","BaseMod","Colored Map","Colored Powertips","DeckTracker","Minty Spire (QoL Compilation)","Permanent Neow","Quick Restart","StSLib","SuperFastMode"],"gold_per_floor":[117,17,36,50,0,31,47,62,62,90,110,123,123,123,123,223,223,234,13,25,41,61,61,0,27,27,27,27,27,41,88,88,88,88],"floor_reached":33,"language":"KOR","playtime":816,"items_purged":["Strike_R"],"score":335,"play_id":"76774741-7d91-4e9f-b4d2-6c59f95c6fb8","local_time":"20210209174642","is_ascension_mode":true,"campfire_choices":[{"data":"Heavy Blade","floor":13.0,"key":"SMITH"},{"data":"Seeing Red","floor":15.0,"key":"SMITH"},{"floor":23,"key":"REST"},{"floor":29,"key":"REST"},{"floor":32,"key":"REST"}],"circlet_count":0,"master_deck":["Strike_R","Strike_R","Strike_R","Defend_R","Defend_R","Defend_R","Defend_R","Bash+1","Spot Weakness","Hemokinesis","Shrug It Off","Evolve","Heavy Blade+1","Spot Weakness","Reaper","Seeing Red+1","Feed","CurseOfTheBell","Shrug It Off","Power Through","Decay","Burning Pact+1"],"relics":["Burning Blood","Bottled Lightning","FossilizedHelix","Charon\u0027s Ashes","Calling Bell","Red Skull","Molten Egg 2","Thread and Needle","Vajra","CaptainsWheel","White Beast Statue","Pen Nib"],"acts_visited":["Exordium","TheCity"],"potions_floor_usage":[18,18,20,22,25,33],"damage_taken":[{"damage":0.0,"enemies":"2 Louse","floor":1.0,"turns":3.0},{"damage":6.0,"enemies":"Jaw Worm","floor":3.0,"turns":3.0},{"damage":6.0,"enemies":"Small Slimes","floor":4.0,"turns":5.0},{"damage":20.0,"enemies":"Gremlin Nob","floor":6.0,"turns":4.0},{"damage":4.0,"enemies":"Looter","floor":7.0,"turns":3.0},{"damage":11.0,"enemies":"Blue Slaver","floor":8.0,"turns":3.0},{"damage":20.0,"enemies":"3 Sentries","floor":10.0,"turns":7.0},{"damage":6.0,"enemies":"2 Fungi Beasts","floor":11.0,"turns":3.0},{"damage":11.0,"enemies":"Exordium Wildlife","floor":12.0,"turns":4.0},{"damage":59.0,"enemies":"The Guardian","floor":16.0,"turns":12.0},{"damage":62,"enemies":"3 Byrds","floor":18,"turns":9},{"damage":16,"enemies":"Shell Parasite","floor":20,"turns":4},{"damage":33,"enemies":"Sentry and Sphere","floor":21,"turns":6},{"damage":8,"enemies":"Snake Plant","floor":22,"turns":3},{"damage":38,"enemies":"Book of Stabbing","floor":25,"turns":6},{"damage":8,"enemies":"Snecko","floor":30,"turns":6},{"damage":82,"enemies":"Automaton","floor":33,"turns":6}],"seed_played":"-827775970998492974","potions_obtained":[{"floor":7.0,"key":"DuplicationPotion"},{"floor":8.0,"key":"DuplicationPotion"},{"floor":11.0,"key":"BloodPotion"},{"floor":16.0,"key":"GamblersBrew"},{"floor":21,"key":"Strength Potion"},{"floor":22,"key":"BloodPotion"},{"floor":30,"key":"ColorlessPotion"}],"is_trial":false,"path_per_floor":["M","$","M","M","?","E","M","M","T","E","M","M","R","?","R","B",null,"M","$","M","M","M","R","?","E","T","?","$","R","M","T","R","B"],"character_chosen":"IRONCLAD","items_purchased":["Hemokinesis","Shrug It Off","Vajra"],"campfire_rested":3,"item_purchase_floors":[2,2,19],"current_hp_per_floor":[80,80,80,80,80,66,68,63,63,49,49,64,64,69,69,49,85,38,38,28,9,7,33,33,18,18,18,18,44,50,50,76,0,0],"gold":88,"neow_bonus":"UPGRADE_CARD","is_daily":false,"chose_seed":false,"campfire_upgraded":2,"win_rate":0.0,"timestamp":1612860402,"path_taken":["M","$","M","M","?","E","M","M","T","E","M","M","R","?","R","BOSS","M","$","M","M","M","R","?","E","T","?","$","R","M","?","R","BOSS"],"items_purchased_type":["Card","Card","Relic"],"build_version":"2020-12-22","purchased_purges":1,"victory":false,"max_hp_per_floor":[80,80,80,80,80,80,80,80,80,80,80,80,80,85,85,85,85,88,88,88,88,88,88,88,88,88,88,88,88,88,88,88,88,88],"card_choices":[{"not_picked":["Wild Strike","Pommel Strike"],"picked":"Spot Weakness","floor":1.0},{"not_picked":["Ghostly Armor","Cleave"],"picked":"Evolve","floor":3.0},{"not_picked":["Bloodletting","Warcry"],"picked":"Heavy Blade","floor":4.0},{"not_picked":["Anger","Uppercut"],"picked":"Spot Weakness","floor":6.0},{"not_picked":["Uppercut","Second Wind","Rage"],"picked":"SKIP","floor":7.0},{"not_picked":["Twin Strike","Disarm","Wild Strike"],"picked":"SKIP","floor":8.0},{"not_picked":["Searing Blow","Perfected Strike","Cleave"],"picked":"SKIP","floor":10.0},{"not_picked":["Sentinel","Carnage"],"picked":"Reaper","floor":11.0},{"not_picked":["Body Slam","Armaments"],"picked":"Seeing Red","floor":12.0},{"not_picked":["Corruption","Juggernaut"],"picked":"Feed","floor":16.0},{"not_picked":["Body Slam+1","Iron Wave+1","Perfected Strike+1"],"picked":"SKIP","floor":18},{"not_picked":["Anger+1","Clothesline+1"],"picked":"Shrug It Off","floor":20},{"not_picked":["Rage","Anger+1","Iron Wave+1"],"picked":"SKIP","floor":21},{"not_picked":["Second Wind","Burning Pact"],"picked":"Power Through","floor":22},{"not_picked":["Dual Wield","Body Slam+1","Spot Weakness"],"picked":"SKIP","floor":25},{"not_picked":["Dark Embrace","Sever Soul+1"],"picked":"Burning Pact+1","floor":30}],"player_experience":259206,"relics_obtained":[{"floor":6.0,"key":"Bottled Lightning"},{"floor":9.0,"key":"FossilizedHelix"},{"floor":10.0,"key":"Charon\u0027s Ashes"},{"floor":17.0,"key":"Red Skull"},{"floor":17.0,"key":"Molten Egg 2"},{"floor":17.0,"key":"Thread and Needle"},{"floor":25,"key":"CaptainsWheel"},{"floor":26,"key":"White Beast Statue"},{"floor":31,"key":"Pen Nib"}],"event_choices":[{"cards_removed":["Strike_R"],"damage_healed":0.0,"max_hp_gain":0.0,"max_hp_loss":0.0,"gold_gain":0.0,"event_name":"The Cleric","player_choice":"Card Removal","floor":5.0,"gold_loss":50.0,"damage_taken":0.0},{"damage_healed":0.0,"max_hp_gain":5.0,"max_hp_loss":0.0,"gold_gain":0.0,"event_name":"Big Fish","player_choice":"Donut","floor":14.0,"gold_loss":0.0,"damage_taken":0.0},{"damage_healed":0,"gold_gain":0,"player_choice":"Paid Fearfully","damage_taken":0,"max_hp_gain":0,"max_hp_loss":0,"event_name":"Masked Bandits","floor":24,"gold_loss":61},{"damage_healed":0,"gold_gain":0,"player_choice":"Smashed Altar","damage_taken":0,"max_hp_gain":0,"max_hp_loss":0,"event_name":"Forgotten Altar","floor":27,"gold_loss":0,"cards_obtained":["Decay"]}],"is_beta":false,"boss_relics":[{"not_picked":["Snecko Eye","Philosopher\u0027s Stone"],"picked":"Calling Bell"}],"items_purged_floors":[19],"is_endless":false,"potions_floor_spawned":[6,7,8,11,16,21,22,30],"killed_by":"Automaton","ascension_level":4}}