{"host":"rolltorest","time":1612836196,"event":{"mods":["BaseMod","Minty Spire (QoL Compilation)","Relic Stats","Slay the Relics Exporter","StSLib"],"gold_per_floor":[115,190,213,146,146,177,192,221,221,221,233,268,282,302,302,397,397,407,427,453,463,463,463,225,260,329,379,397,135,135,15,15,89,89,104,104,326,338,338,364,364,395,463,489,529,529,546,559,559,559,559],"floor_reached":50,"language":"ENG","playtime":2911,"items_purged":["Strike_P","Strike_P"],"score":1386,"play_id":"be5f8305-eb47-4751-a818-66ff7084d047","local_time":"20210208180316","is_ascension_mode":true,"campfire_choices":[{"data":"Eruption","floor":10,"key":"SMITH"},{"data":"TalkToTheHand","floor":15,"key":"SMITH"},{"data":"Blasphemy","floor":23,"key":"SMITH"},{"floor":32,"key":"REST"},{"data":"Study","floor":41,"key":"SMITH"},{"floor":46,"key":"REST"},{"floor":49,"key":"RECALL"}],"circlet_count":0,"master_deck":["AscendersBane","Strike_P","Strike_P+1","Defend_P","Defend_P+1","Defend_P","Defend_P+1","Eruption+1","Vigilance","Conclude","EmptyFist+1","ForeignInfluence","TalkToTheHand+1","CutThroughFate","Consecrate","CutThroughFate","ThirdEye","Blasphemy+1","CutThroughFate","CutThroughFate","Wallop","TalkToTheHand","Swivel","Vault","Tantrum","Swivel","DeusExMachina","Meditate+1","Study+1","Wish","Wallop","Parasite","Meditate"],"relics":["PureWater","NeowsBlessing","Akabeko","Shuriken","Bottled Flame","Whetstone","Boot","Ornamental Fan","Snecko Eye","Red Mask","Anchor","Letter Opener","OrangePellets","VioletLotus","War Paint","Singing Bowl","White Beast Statue"],"acts_visited":["Exordium","TheCity","TheBeyond"],"potions_floor_usage":[11,16,19,25,33,38,50],"damage_taken":[{"damage":0,"enemies":"2 Louse","floor":1,"turns":1},{"damage":0,"enemies":"Gremlin Nob","floor":6,"turns":1},{"damage":0,"enemies":"Jaw Worm","floor":7,"turns":1},{"damage":5,"enemies":"3 Sentries","floor":8,"turns":5},{"damage":0,"enemies":"Cultist","floor":11,"turns":3},{"damage":0,"enemies":"Lagavulin","floor":12,"turns":3},{"damage":0,"enemies":"Exordium Wildlife","floor":13,"turns":1},{"damage":0,"enemies":"Looter","floor":14,"turns":1},{"damage":23,"enemies":"Hexaghost","floor":16,"turns":7},{"damage":7,"enemies":"Chosen","floor":18,"turns":4},{"damage":0,"enemies":"Spheric Guardian","floor":19,"turns":2},{"damage":19,"enemies":"Masked Bandits","floor":20,"turns":4},{"damage":0,"enemies":"Chosen and Byrds","floor":21,"turns":5},{"damage":1,"enemies":"Book of Stabbing","floor":25,"turns":4},{"damage":0,"enemies":"3 Cultists","floor":28,"turns":3},{"damage":34,"enemies":"Automaton","floor":33,"turns":8},{"damage":0,"enemies":"Orb Walker","floor":35,"turns":3},{"damage":7,"enemies":"3 Shapes","floor":38,"turns":7},{"damage":0,"enemies":"Nemesis","floor":40,"turns":4},{"damage":0,"enemies":"Giant Head","floor":42,"turns":6},{"damage":25,"enemies":"Nemesis","floor":44,"turns":5},{"damage":1,"enemies":"Writhing Mass","floor":45,"turns":9},{"damage":0,"enemies":"3 Darklings","floor":47,"turns":4},{"damage":0,"enemies":"Transient","floor":48,"turns":7},{"damage":44,"enemies":"Donu and Deca","floor":50,"turns":10}],"seed_played":"-7092935653246596620","potions_obtained":[{"floor":1,"key":"AttackPotion"},{"floor":7,"key":"Fruit Juice"},{"floor":11,"key":"ColorlessPotion"},{"floor":19,"key":"BlessingOfTheForge"},{"floor":21,"key":"DistilledChaos"},{"floor":28,"key":"Block Potion"},{"floor":33,"key":"Fire Potion"},{"floor":35,"key":"CultistPotion"},{"floor":45,"key":"GamblersBrew"}],"is_trial":false,"path_per_floor":["M","?","T","?","$","E","M","E","T","R","M","E","M","M","R","B",null,"M","M","?","M","?","R","$","E","T","?","M","$","?","$","R","B",null,"M","?","?","M","?","E","R","E","T","E","M","R","M","M","R","B"],"character_chosen":"WATCHER","items_purchased":["TalkToTheHand","Swivel","OrangePellets","Tantrum","Swivel"],"campfire_rested":2,"item_purchase_floors":[24,24,29,31,31],"current_hp_per_floor":[61,50,50,50,50,50,50,45,45,45,50,50,50,50,50,27,62,55,55,36,36,36,36,36,35,35,35,35,35,29,29,50,16,59,59,59,59,52,52,52,52,52,52,27,28,50,52,52,52,8,8],"gold":559,"neow_bonus":"THREE_ENEMY_KILL","is_daily":false,"chose_seed":false,"campfire_upgraded":4,"win_rate":0.0,"timestamp":1612836196,"path_taken":["M","?","?","?","$","E","M","E","T","R","M","E","?","M","R","BOSS","M","M","?","M","?","R","$","E","T","?","?","?","?","$","R","BOSS","M","?","?","M","?","E","R","E","T","E","M","R","?","M","R","BOSS"],"items_purchased_type":["Card","Card","Relic","Card","Card"],"build_version":"2020-12-18","purchased_purges":2,"victory":false,"max_hp_per_floor":[68,68,68,68,68,68,68,68,68,68,73,73,73,73,73,73,73,73,73,73,73,73,73,73,73,73,73,73,73,73,73,73,73,73,73,73,73,73,73,73,73,73,73,73,75,75,77,77,77,77,77],"relic_stats":{"OrangePellets":[5],"Singing Bowl":4,"counters":[25,108],"Shuriken":[60],"Ornamental Fan":[220],"Snecko Eye":[108,114,114,110],"VioletLotus":[12],"Whetstone":["EmptyFist","Strike_P"],"Letter Opener":[98],"War Paint":["Defend_P","Defend_P"],"Boot":[77],"obtain_stats":[{"NeowsBlessing":0,"Singing Bowl":42,"Whetstone":8,"Letter Opener":26,"War Paint":40,"Boot":9,"Akabeko":3,"White Beast Statue":44,"OrangePellets":29,"Bottled Flame":6,"Anchor":25,"Shuriken":4,"Ornamental Fan":12,"Snecko Eye":17,"VioletLotus":34,"Red Mask":20,"PureWater":0},{"NeowsBlessing":0,"Singing Bowl":20,"Whetstone":4,"Letter Opener":14,"War Paint":19,"Boot":4,"Akabeko":1,"White Beast Statue":21,"OrangePellets":15,"Bottled Flame":2,"Anchor":14,"Shuriken":1,"Ornamental Fan":6,"Snecko Eye":9,"VioletLotus":16,"Red Mask":12,"PureWater":0},{"NeowsBlessing":0,"Singing Bowl":73,"Whetstone":8,"Letter Opener":42,"War Paint":67,"Boot":8,"Akabeko":1,"White Beast Statue":78,"OrangePellets":45,"Bottled Flame":2,"Anchor":42,"Shuriken":1,"Ornamental Fan":14,"Snecko Eye":23,"VioletLotus":53,"Red Mask":33,"PureWater":0}]},"card_choices":[{"not_picked":["TalkToTheHand","EmptyFist"],"picked":"Conclude","floor":1},{"not_picked":["Crescendo","ThirdEye"],"picked":"EmptyFist","floor":6},{"not_picked":["Crescendo","Nirvana"],"picked":"ForeignInfluence","floor":7},{"not_picked":["FollowUp","Crescendo"],"picked":"TalkToTheHand","floor":8},{"not_picked":["EmptyBody","Prostrate"],"picked":"CutThroughFate","floor":11},{"not_picked":["ReachHeaven","Wish"],"picked":"Consecrate","floor":12},{"not_picked":["MentalFortress","ThirdEye"],"picked":"CutThroughFate","floor":13},{"not_picked":["Worship","PathToVictory"],"picked":"ThirdEye","floor":14},{"not_picked":["Judgement","Wish"],"picked":"Blasphemy","floor":16},{"not_picked":["CrushJoints","PathToVictory"],"picked":"CutThroughFate","floor":18},{"not_picked":["Halt","Crescendo"],"picked":"CutThroughFate","floor":19},{"not_picked":["InnerPeace","BowlingBash+1"],"picked":"Wallop","floor":20},{"not_picked":["Crescendo","Consecrate","FlurryOfBlows+1"],"picked":"SKIP","floor":21},{"not_picked":["FlyingSleeves","EmptyFist"],"picked":"Vault","floor":25},{"not_picked":["FlyingSleeves","Fasting2"],"picked":"FearNoEvil","floor":28},{"not_picked":["Scrawl","ConjureBlade"],"picked":"DeusExMachina","floor":33},{"not_picked":["ClearTheMind","DeceiveReality","ThirdEye"],"picked":"SKIP","floor":35},{"not_picked":["DeceiveReality+1","FlyingSleeves"],"picked":"Meditate+1","floor":38},{"not_picked":["SashWhip","ClearTheMind"],"picked":"Study","floor":40},{"not_picked":["Vengeance","Crescendo"],"picked":"Wish","floor":42},{"not_picked":["PathToVictory","EmptyMind"],"picked":"Wallop","floor":44},{"not_picked":["Consecrate+1","Prostrate","BowlingBash"],"picked":"Singing Bowl","floor":45},{"not_picked":["CrushJoints","Conclude","Tantrum"],"picked":"Singing Bowl","floor":47},{"not_picked":["Weave","SandsOfTime"],"picked":"Meditate","floor":48}],"player_experience":1929339,"relics_obtained":[{"floor":3,"key":"Akabeko"},{"floor":6,"key":"Bottled Flame"},{"floor":8,"key":"Whetstone"},{"floor":9,"key":"Boot"},{"floor":12,"key":"Ornamental Fan"},{"floor":20,"key":"Red Mask"},{"floor":25,"key":"Anchor"},{"floor":26,"key":"Letter Opener"},{"floor":40,"key":"War Paint"},{"floor":42,"key":"Singing Bowl"},{"floor":44,"key":"White Beast Statue"}],"event_choices":[{"damage_healed":0,"gold_gain":75,"player_choice":"Gather Gold","damage_taken":11,"max_hp_gain":0,"max_hp_loss":0,"event_name":"World of Goop","floor":2,"gold_loss":0},{"damage_healed":0,"gold_gain":0,"player_choice":"Paid Gold","damage_taken":0,"relics_obtained":["Shuriken"],"max_hp_gain":0,"max_hp_loss":0,"event_name":"WeMeetAgain","floor":4,"gold_loss":67},{"damage_healed":0,"gold_gain":0,"player_choice":"Fought Bandits","damage_taken":0,"max_hp_gain":0,"max_hp_loss":0,"event_name":"Masked Bandits","floor":20,"gold_loss":0},{"damage_healed":0,"gold_gain":0,"player_choice":"Ignored","damage_taken":0,"max_hp_gain":0,"max_hp_loss":0,"event_name":"The Mausoleum","floor":22,"gold_loss":0},{"damage_healed":0,"gold_gain":50,"player_choice":"Pray","damage_taken":0,"max_hp_gain":0,"max_hp_loss":0,"event_name":"Golden Shrine","floor":27,"gold_loss":0},{"damage_healed":0,"gold_gain":0,"player_choice":"","damage_taken":6,"max_hp_gain":0,"max_hp_loss":0,"event_name":"Knowing Skull","floor":30,"potions_obtained":[],"gold_loss":0,"cards_obtained":[]},{"cards_removed":["FearNoEvil"],"damage_healed":0,"gold_gain":0,"player_choice":"Removed Attack","damage_taken":0,"max_hp_gain":0,"max_hp_loss":0,"event_name":"Falling","floor":36,"gold_loss":0},{"damage_healed":0,"gold_gain":222,"player_choice":"Wore Mask","damage_taken":0,"max_hp_gain":0,"max_hp_loss":0,"event_name":"Tomb of Lord Red Mask","floor":37,"gold_loss":0},{"damage_healed":0,"gold_gain":0,"player_choice":"0 cards matched","damage_taken":0,"max_hp_gain":0,"max_hp_loss":0,"event_name":"Match and Keep!","floor":39,"gold_loss":0,"cards_obtained":[]}],"is_beta":true,"boss_relics":[{"not_picked":["SacredBark","Coffee Dripper"],"picked":"Snecko Eye"},{"not_picked":["Philosopher\u0027s Stone","Sozu"],"picked":"VioletLotus"}],"items_purged_floors":[24,29],"is_endless":false,"potions_floor_spawned":[1,7,11,13,14,19,21,28,33,35,45,47,48],"killed_by":"Donu and Deca","ascension_level":20}}