{"host":"zjc1tzo4ovig5lll","time":1612885375,"event":{"mods":["AchievementEnabler","Aspiration","BaseMod","Beaked The Cultist","Better Altar","Better Match","Better Note","Better Sensory Stone","Colored Map","Colored Powertips","Conspire","Energized Spire","Friendly Minions","GifTheSpireLib","Halation","Hermit","Hubris","Minty Spire (QoL Compilation)","Rare Cards Sparkle","Reliquary","Replay The Spire","StSLib","The Blue Laboratory","The Bug Knight","The Construct","The Jungle","everything is the same but u backflip on backflip"],"gold_per_floor":[119,119,119,138,138,172,172,188,240,240,269,282,295,305,305,407,407,420,431,445,464,171,171,171],"floor_reached":23,"language":"ENG","playtime":1261,"items_purged":[],"score":276,"play_id":"5be80e19-3ee6-47f5-8a29-55db53c241e7","local_time":"20210209174255","is_ascension_mode":true,"campfire_choices":[{"data":"hermit:Maintenance","floor":10.0,"key":"SMITH"},{"floor":15.0,"key":"REST"}],"circlet_count":0,"master_deck":["hermit:Strike_Hermit","hermit:Strike_Hermit","hermit:Strike_Hermit","hermit:Strike_Hermit+1","hermit:Defend_Hermit","hermit:Defend_Hermit","hermit:Defend_Hermit+1","hermit:Defend_Hermit+1","hermit:Snapshot","hermit:Covet","hermit:GhostlyPresence","hermit:Maintenance+1","hermit:Determination","hermit:Quickdraw","ReplayUltimateDefense"],"relics":["hermit:Momento","hubris:Towel","hubris:ToyBattleship","Bag of Preparation","Happy Flower","ReplayTheSpireMod:DimensionalGlitch","halation:PeacePiece"],"acts_visited":["Exordium","TheCity"],"potions_floor_usage":[23],"damage_taken":[{"damage":0.0,"enemies":"Small Slimes","floor":1.0,"turns":4.0},{"damage":5.0,"enemies":"Jaw Worm","floor":4.0,"turns":6.0},{"damage":29.0,"enemies":"Lagavulin","floor":6.0,"turns":12.0},{"damage":0.0,"enemies":"conspire:RoseBush","floor":8.0,"turns":3.0},{"damage":0.0,"enemies":"HollowMod:MossKnight","floor":11.0,"turns":9.0},{"damage":5.0,"enemies":"Exordium Wildlife","floor":12.0,"turns":6.0},{"damage":9.0,"enemies":"Red Slaver","floor":13.0,"turns":3.0},{"damage":0.0,"enemies":"Looter","floor":14.0,"turns":3.0},{"damage":18.0,"enemies":"Slime Boss","floor":16.0,"turns":10.0},{"damage":19.0,"enemies":"3 Byrds","floor":18.0,"turns":9.0},{"damage":9.0,"enemies":"Chosen","floor":19.0,"turns":6.0},{"damage":16.0,"enemies":"Shelled Parasite and Fungi","floor":20.0,"turns":9.0},{"damage":9.0,"enemies":"Snake Plant","floor":21.0,"turns":5.0},{"damage":37,"enemies":"Slavers","floor":23,"turns":4}],"seed_played":"4244004229486908104","potions_obtained":[{"floor":12.0,"key":"Fruit Juice"},{"floor":14.0,"key":"blueLaboratory:HeartbeatPotion"}],"is_trial":false,"path_per_floor":["M","?","$","M","?","E","?","M","T","R","E","M","M","M","R","B",null,"M","M","M","M","$","E"],"character_chosen":"HERMIT","items_purchased":["ReplayUltimateDefense","halation:PeacePiece"],"campfire_rested":1,"item_purchase_floors":[22,22],"current_hp_per_floor":[75,75,75,70,55,26,26,26,26,26,26,26,17,17,41,23,80,61,52,36,27,27,0,0],"gold":171,"neow_bonus":"RANDOM_EVENT","is_daily":false,"chose_seed":false,"campfire_upgraded":1,"win_rate":0.0,"timestamp":1612885375,"path_taken":["M","?","$","M","?","E","?","?","T","R","E","M","M","M","R","BOSS","M","M","M","M","$","E"],"items_purchased_type":["Card","Relic"],"build_version":"2020-12-22","purchased_purges":0,"victory":false,"max_hp_per_floor":[75,75,75,75,75,75,75,75,75,75,75,80,80,80,80,80,80,80,80,80,80,80,80,80],"card_choices":[{"not_picked":["hermit:Quickdraw","hermit:TrackingShot"],"picked":"hermit:GhostlyPresence","floor":1.0},{"not_picked":["hermit:RoundhouseKick","hermit:SprayPray","hermit:Dive"],"picked":"SKIP","floor":4.0},{"not_picked":["hermit:Misfire","hermit:Vantage"],"picked":"hermit:Maintenance","floor":6.0},{"not_picked":["hermit:HoleUp","hermit:SprayPray","hermit:Coalescence"],"picked":"SKIP","floor":8.0},{"not_picked":["hermit:Virtue","hermit:TrackingShot"],"picked":"hermit:Determination","floor":11.0},{"not_picked":["hermit:Glare","hermit:CalledShot","hermit:Manifest"],"picked":"SKIP","floor":12.0},{"not_picked":["hermit:NoHoldsBarred","hermit:Ricochet","hermit:HeroicBravado"],"picked":"SKIP","floor":13.0},{"not_picked":["hermit:Coalescence","hermit:Misfire","hermit:LowProfile"],"picked":"SKIP","floor":14.0},{"not_picked":["hermit:TakeCover","hermit:Headshot"],"picked":"hermit:Quickdraw","floor":18.0},{"not_picked":["hermit:Coalescence","hermit:Manifest","hermit:LowProfile"],"picked":"SKIP","floor":19.0},{"not_picked":["hermit:Dive","hermit:LowProfile+1","hermit:Roulette+1"],"picked":"SKIP","floor":20.0},{"not_picked":["hermit:Glare","hermit:Determination","hermit:Deadeye"],"picked":"SKIP","floor":21.0}],"player_experience":702482,"relics_obtained":[{"floor":6.0,"key":"hubris:ToyBattleship"},{"floor":9.0,"key":"Bag of Preparation"},{"floor":11.0,"key":"Happy Flower"}],"event_choices":[{"damage_healed":0.0,"max_hp_gain":0.0,"max_hp_loss":0.0,"gold_gain":0.0,"event_name":"Living Wall","player_choice":"Grow","floor":0.0,"gold_loss":0.0,"damage_taken":0.0,"cards_upgraded":["hermit:Defend_Hermit"]},{"damage_healed":0.0,"max_hp_gain":0.0,"max_hp_loss":0.0,"gold_gain":0.0,"event_name":"Shining Light","player_choice":"Entered Light","floor":5.0,"gold_loss":0.0,"damage_taken":15.0,"cards_upgraded":["hermit:Strike_Hermit","hermit:Defend_Hermit"]},{"damage_healed":0.0,"max_hp_gain":0.0,"max_hp_loss":0.0,"gold_gain":0.0,"event_name":"Golden Idol","player_choice":"Ignored","floor":7.0,"gold_loss":0.0,"damage_taken":0.0}],"is_beta":false,"boss_relics":[{"not_picked":["halation:ForbiddenBikini","energizedSpire:HugeHouse"],"picked":"ReplayTheSpireMod:DimensionalGlitch"}],"items_purged_floors":[],"is_endless":false,"potions_floor_spawned":[12,13,14,19,21],"killed_by":"Slavers","ascension_level":4}}