{"host":"d4nr47a59rmbesnz","time":1612874507,"event":{"mods":["A Magickal Journey","BaseMod","Better Third Choice","Hermit","Minty Spire (QoL Compilation)","Quick Restart","Replay The Spire","Shade Mod","StSLib","The Bladedancer","The Cursed","The Death Knight","The Disciple","The Forsaken","The Hierophant","The Necromancer","The Spell Scribe","The Valiant"],"gold_per_floor":[17,34,48,66,86,86,116,116,142,142,193,213,213,229,229,326,326,340,354,269,283,33,33,51,51,51,51,51,51,5,5,5,104,154,164,175,29,39,50,50,83,83,83,93,112,137,137,152,152,152],"floor_reached":51,"language":"ENG","playtime":2147,"items_purged":[],"score":786,"play_id":"727e6ed3-b688-4bc9-a0c7-9408cd76ff46","local_time":"20210209154147","is_ascension_mode":false,"campfire_choices":[{"floor":6,"key":"REST"},{"floor":8,"key":"REST"},{"floor":10,"key":"REST"},{"floor":13,"key":"REST"},{"floor":15,"key":"REST"},{"floor":23,"key":"REST"},{"floor":25,"key":"REST"},{"floor":27,"key":"REST"},{"data":"DeathKnight:BludPresence","floor":29,"key":"SMITH"},{"floor":32,"key":"REST"},{"floor":40,"key":"REST"},{"floor":42,"key":"REST"},{"floor":47,"key":"REST"},{"floor":49,"key":"REST"}],"circlet_count":0,"master_deck":["DeathKnight:Strike_DeathKnight","DeathKnight:Strike_DeathKnight","DeathKnight:Strike_DeathKnight","DeathKnight:Strike_DeathKnight","DeathKnight:Strike_DeathKnight+1","DeathKnight:Defend_DeathKnight","DeathKnight:Defend_DeathKnight","DeathKnight:Defend_DeathKnight","DeathKnight:Defend_DeathKnight+1","DeathKnight:Defend_DeathKnight+1","DeathKnight:RuneTap","DeathKnight:RuneStrike","DeathKnight:BladedArmor","DeathKnight:BoneSpear+1","DeathKnight:BludPresence","DeathKnight:DreadStrike","DeathKnight:BloodPact+1","DeathKnight:DeathStrike+1","DeathKnight:BoneSpear","DeathKnight:Hysteria+1","DeathKnight:BludPresence+1","DeathKnight:AntiMagicShell","DeathKnight:DarkSuccor+1","DeathKnight:BloodStrike","DeathKnight:Runeguard+1","Necronomicurse","DeathKnight:DeathGrip+1","DeathKnight:BoneStorm+1","DeathKnight:HartStrike","DeathKnight:RaiseAlly","DeathKnight:HornOfWinter+1","DeathKnight:BoneSpear+1","DeathKnight:BloodTap+1","DeathKnight:FrostStrike+1","DeathKnight:DeathCoil+1"],"relics":["DeathKnight:BrokenRuneblade","theForsaken:Kindling","HornCleat","Centennial Puzzle","Pet Ghost","Busted Crown","Gremlin Food","Bag of Preparation","ReplayTheSpireMod:Shallot","Necronomicon","Tiny House","Potion Belt","War Paint","Onion Ring","DeathKnight:JainasLocket"],"acts_visited":["Exordium","TheCity","TheBeyond"],"potions_floor_usage":[7,7,14,14,16,33,33,37,39,44,50,50],"damage_taken":[{"damage":3,"enemies":"Jaw Worm","floor":1,"turns":5},{"damage":13,"enemies":"2 Louse","floor":2,"turns":3},{"damage":2,"enemies":"Small Slimes","floor":3,"turns":3},{"damage":17,"enemies":"3 Louse","floor":4,"turns":4},{"damage":15,"enemies":"2 Fungi Beasts","floor":5,"turns":3},{"damage":36,"enemies":"Gremlin Nob","floor":7,"turns":4},{"damage":4,"enemies":"Looter","floor":12,"turns":1},{"damage":13,"enemies":"Gremlin Gang","floor":14,"turns":4},{"damage":54,"enemies":"The Guardian","floor":16,"turns":7},{"damage":24,"enemies":"Spheric Guardian","floor":18,"turns":4},{"damage":19,"enemies":"Chosen","floor":19,"turns":4},{"damage":36,"enemies":"3 Cultists","floor":21,"turns":6},{"damage":43,"enemies":"Chosen and Byrds","floor":24,"turns":5},{"damage":115,"enemies":"Collector","floor":33,"turns":8},{"damage":5,"enemies":"Orb Walker","floor":35,"turns":2},{"damage":12,"enemies":"3 Darklings","floor":36,"turns":1},{"damage":6,"enemies":"Sphere and 2 Shapes","floor":38,"turns":6},{"damage":18,"enemies":"Jaw Worm Horde","floor":39,"turns":4},{"damage":90,"enemies":"Giant Head","floor":41,"turns":6},{"damage":16,"enemies":"Writhing Mass","floor":44,"turns":4},{"damage":19,"enemies":"3 Darklings","floor":45,"turns":3},{"damage":57,"enemies":"Reptomancer","floor":46,"turns":5},{"damage":22,"enemies":"4 Shapes","floor":48,"turns":1},{"damage":52,"enemies":"Awakened One","floor":50,"turns":5}],"seed_played":"-4627997959292187843","potions_obtained":[{"floor":3,"key":"DeathKnight:PlagueVial"},{"floor":5,"key":"Adrenaline Potion"},{"floor":11,"key":"Weak Potion"},{"floor":11,"key":"DeathKnight:BottledBloodEchoes"},{"floor":12,"key":"DeathKnight:PlagueVial"},{"floor":14,"key":"SpeedPotion"},{"floor":18,"key":"DeathKnight:RunicPotion"},{"floor":34,"key":"EntropicBrew"},{"floor":36,"key":"Swift Potion"},{"floor":44,"key":"PowerPotion"},{"floor":45,"key":"Strength Potion"}],"is_trial":false,"path_per_floor":["M","M","M","M","M","R","E","R","T","R","?","M","R","M","R","B",null,"M","M","?","M","$","R","M","R","T","R","?","R","$","?","R","B",null,"M","M","$","M","M","R","E","R","T","M","M","E","R","M","R","B",null],"character_chosen":"DEATH_KNIGHT","items_purchased":["Bag of Preparation","Fire Potion","DeathKnight:BloodStrike","DeathKnight:DeathGrip","Potion Belt"],"campfire_rested":13,"item_purchase_floors":[22,22,22,30,37],"current_hp_per_floor":[72,59,57,40,25,52,16,45,45,75,53,49,81,68,100,56,100,76,57,57,31,31,66,38,74,74,112,96,96,96,96,120,41,125,120,108,108,102,84,126,59,103,103,125,106,89,134,112,145,93],"gold":152,"neow_bonus":"ONE_RARE_RELIC","is_daily":false,"chose_seed":false,"campfire_upgraded":1,"win_rate":0.0,"timestamp":1612874507,"path_taken":["M","M","M","M","M","R","E","R","T","R","?","M","R","M","R","BOSS","M","M","?","M","$","R","M","R","T","R","?","R","$","?","R","BOSS","M","M","$","M","M","R","E","R","T","M","M","E","R","M","R","BOSS"],"items_purchased_type":["Relic","Potion","Card","Card","Relic"],"build_version":"2020-12-22","purchased_purges":0,"victory":true,"max_hp_per_floor":[75,75,75,75,75,80,80,85,85,90,90,90,95,95,100,100,100,100,100,100,100,100,105,105,110,110,115,115,115,115,115,120,120,125,125,125,125,125,125,130,130,135,135,135,135,135,140,140,145,145],"card_choices":[{"not_picked":["DeathKnight:DeathRune","DeathKnight:BoneShield"],"picked":"DeathKnight:BladedArmor","floor":1},{"not_picked":["DeathKnight:HornOfWinter","DeathKnight:Culling"],"picked":"DeathKnight:BoneSpear","floor":2},{"not_picked":["DeathKnight:MindFreeze","DeathKnight:HornOfWinter"],"picked":"DeathKnight:BludPresence","floor":3},{"not_picked":["DeathKnight:Parry","DeathKnight:VampiricBlood"],"picked":"DeathKnight:DreadStrike","floor":4},{"not_picked":["DeathKnight:WraithWalk","DeathKnight:DeathCoil"],"picked":"DeathKnight:BloodPact","floor":5},{"not_picked":["DeathKnight:BoneSpear","DeathKnight:FrosPresence"],"picked":"DeathKnight:DeathStrike","floor":7},{"not_picked":["DeathKnight:UnholyFrenzy","DeathKnight:ShatteringStrikes"],"picked":"DeathKnight:BoneSpear","floor":11},{"not_picked":["DeathKnight:Pestilence","DeathKnight:RaiseAlly"],"picked":"DeathKnight:Hysteria","floor":12},{"not_picked":["DeathKnight:FoulBulwark","DeathKnight:IcyTouch"],"picked":"DeathKnight:BludPresence","floor":14},{"not_picked":[],"picked":"DeathKnight:AntiMagicShell","floor":18},{"not_picked":["DeathKnight:Pestilence"],"picked":"SKIP","floor":19},{"not_picked":[],"picked":"DeathKnight:DarkSuccor","floor":21},{"not_picked":[],"picked":"DeathKnight:Runeguard","floor":24},{"not_picked":[],"picked":"DeathKnight:BoneStorm","floor":33},{"not_picked":[],"picked":"DeathKnight:HartStrike","floor":34},{"not_picked":[],"picked":"DeathKnight:RaiseAlly","floor":35},{"not_picked":[],"picked":"DeathKnight:HornOfWinter+1","floor":36},{"not_picked":[],"picked":"DeathKnight:BoneSpear+1","floor":38},{"not_picked":[],"picked":"DeathKnight:BloodTap+1","floor":39},{"not_picked":["DeathKnight:FrosPresence"],"picked":"SKIP","floor":41},{"not_picked":["DeathKnight:DeathsAdvance"],"picked":"SKIP","floor":44},{"not_picked":[],"picked":"DeathKnight:FrostStrike+1","floor":45},{"not_picked":["DeathKnight:FesteringStrike"],"picked":"SKIP","floor":46},{"not_picked":[],"picked":"DeathKnight:DeathCoil+1","floor":48}],"player_experience":96170,"relics_obtained":[{"floor":7,"key":"HornCleat"},{"floor":9,"key":"Centennial Puzzle"},{"floor":11,"key":"Pet Ghost"},{"floor":26,"key":"ReplayTheSpireMod:Shallot"},{"floor":28,"key":"Necronomicon"},{"floor":41,"key":"War Paint"},{"floor":43,"key":"Onion Ring"},{"floor":46,"key":"DeathKnight:JainasLocket"}],"event_choices":[{"damage_healed":0,"gold_gain":0,"player_choice":"Obtained Relic","damage_taken":0,"relics_obtained":["Gremlin Food"],"max_hp_gain":0,"max_hp_loss":0,"event_name":"Addict","floor":20,"gold_loss":85},{"damage_healed":0,"gold_gain":0,"player_choice":"Obtained Book","damage_taken":16,"max_hp_gain":0,"max_hp_loss":0,"event_name":"Cursed Tome","floor":28,"gold_loss":0},{"damage_healed":0,"gold_gain":0,"player_choice":"Got Potions","damage_taken":0,"max_hp_gain":0,"max_hp_loss":0,"event_name":"Lab","floor":31,"gold_loss":0}],"is_beta":false,"boss_relics":[{"not_picked":["Astrolabe","ChewingGum"],"picked":"Busted Crown"},{"not_picked":["Replay:Ancient Bell","Painkiller Herb"],"picked":"Tiny House"}],"items_purged_floors":[],"is_endless":false,"potions_floor_spawned":[3,5,12,14,18,24,36,44,45,46],"ascension_level":0}}