{"host":"u7bb6mvzuirwfcqo","time":1612850349,"event":{"mods":["2.2 Compatiblity","AchievementEnabler","BaseMod","Card Forge","Downfall","Hermit","Minty Spire (QoL Compilation)","Relic Stats","Replay The Spire","StSLib"],"gold_per_floor":[210,210,221,296,306,306,185,185,185,195,195,206,257,27,27,131,131,149,149,248,163,176,176,176,20,68,68,91,91,117,136,136,238,238,253,105,0,0,0,0,35,49,73,73,123,73,93,128,128,128],"floor_reached":51,"language":"ENG","playtime":1836,"items_purged":[],"score":782,"play_id":"f8b00cda-3998-42fb-84f0-2f13bef19355","local_time":"20210209005909","is_ascension_mode":false,"campfire_choices":[{"data":"bronze:ChosenStrike","floor":6.0,"key":"SMITH"},{"data":"bronze:BronzeOrb","floor":8.0,"key":"SMITH"},{"data":"bronze:Optimize","floor":11.0,"key":"SMITH"},{"data":"bronze:Terminator","floor":15.0,"key":"SMITH"},{"floor":23.0,"key":"REST"},{"floor":27.0,"key":"REST"},{"floor":32.0,"key":"REST"},{"floor":40.0,"key":"REST"},{"floor":49.0,"key":"REST"}],"circlet_count":0,"master_deck":["bronze:Strike+1","bronze:Strike","bronze:Strike","bronze:Defend","bronze:Defend","bronze:Defend","bronze:Defend","bronze:Replicate","bronze:Goto","bronze:Flail+1","bronze:ChosenStrike+1","bronze:FineTuning","bronze:BronzeOrb+1","bronze:Optimize+1","bronze:Boost","bronze:Terminator+1","bronze:Mutator+1","bronze:AlphaBuild+1","bronze:Frontload+1","bronze:DelayedSlice","bronze:ClassDefault","bronze:Constructor","Bandage Up","bronze:Frontload+1","bronze:ClassDefault+1"],"relics":["bronze:BronzeCore","Hammer of Thor","Seething Fire","Anvil of the Gods","Happy Flower","Garlic","Blue Doll","Fusion Hammer","Replay:Rubber Ducky","Guide Book","Toy Ornithopter","PreservedInsect","Pear","Black Star","Oddly Smooth Stone","Red Mask","Whetstone","Blood Vial","Juzu Bracelet","Replay:Towering Pillar of Hats","Pondfish Scales"],"acts_visited":["Exordium","TheCity","TheBeyond"],"potions_floor_usage":[50,50],"damage_taken":[{"damage":4.0,"enemies":"Jaw Worm","floor":1.0,"turns":4.0},{"damage":0.0,"enemies":"Small Slimes","floor":3.0,"turns":2.0},{"damage":2.0,"enemies":"2 Louse","floor":5.0,"turns":2.0},{"damage":2.0,"enemies":"Large Slime","floor":10.0,"turns":5.0},{"damage":0.0,"enemies":"2 Fungi Beasts","floor":12.0,"turns":2.0},{"damage":30.0,"enemies":"Hexaghost","floor":16.0,"turns":10.0},{"damage":0.0,"enemies":"Spheric Guardian","floor":18.0,"turns":2.0},{"damage":0.0,"enemies":"3 Byrds","floor":22.0,"turns":2.0},{"damage":0.0,"enemies":"Slavers","floor":30.0,"turns":3.0},{"damage":8.0,"enemies":"Sentry and Sphere","floor":31.0,"turns":3.0},{"damage":61.0,"enemies":"Collector","floor":33.0,"turns":11.0},{"damage":28.0,"enemies":"3 Shapes","floor":35.0,"turns":3.0},{"damage":51.0,"enemies":"Giant Head","floor":41.0,"turns":10.0},{"damage":3.0,"enemies":"3 Darklings","floor":42.0,"turns":7.0},{"damage":0.0,"enemies":"Mind Bloom Boss Battle","floor":45.0,"turns":8.0},{"damage":0.0,"enemies":"4 Shapes","floor":47.0,"turns":3.0},{"damage":5.0,"enemies":"Nemesis","floor":48.0,"turns":7.0},{"damage":45,"enemies":"Donu and Deca","floor":50,"turns":10}],"seed_played":"-2190259064826550375","potions_obtained":[{"floor":5.0,"key":"Ancient Potion"},{"floor":12.0,"key":"bronze:CleanCodePotion"},{"floor":16.0,"key":"SteroidPotion"}],"is_trial":false,"path_per_floor":["M","?","M","?","M","R","$","R","T","M","R","M","T","$","R","B",null,"M","?","?","?","M","R","?","$","T","R","T","?","E","M","R","B",null,"M","$","?","?","?","R","E","M","T","?","?","$","M","E","R","B",null],"character_chosen":"THE_AUTOMATON","items_purchased":["bronze:FineTuning","bronze:BronzeOrb","bronze:Terminator","bronze:Mutator","Guide Book","Oddly Smooth Stone","bronze:ClassDefault+1"],"campfire_rested":5,"item_purchase_floors":[7,7,14,14,25,36,46],"current_hp_per_floor":[66,59,59,48,46,46,46,46,46,44,44,44,44,44,44,14,70,70,70,70,70,70,70,57,57,57,75,75,75,85,77,85,24,85,57,57,57,57,57,82,34,37,37,37,43,43,45,46,71,42],"gold":128,"neow_bonus":"HUNDRED_GOLD","is_daily":false,"chose_seed":false,"campfire_upgraded":4,"win_rate":0.0,"timestamp":1612850349,"path_taken":["M","?","M","?","M","R","$","R","T","M","R","M","?","?","R","BOSS","M","?","?","?","M","R","?","?","T","R","?","?","E","M","R","BOSS","M","$","?","?","?","R","E","M","T","?","?","?","M","E","R","BOSS"],"items_purchased_type":["Card","Card","Card","Card","Relic","Relic","Card"],"build_version":"2020-12-22","purchased_purges":0,"victory":true,"max_hp_per_floor":[70,70,70,70,70,70,70,70,70,70,70,70,70,70,70,70,70,70,70,70,70,70,70,75,75,75,75,75,75,85,85,85,85,85,85,85,85,85,85,85,85,85,85,85,85,85,85,85,85,85],"relic_stats":{"Blood Vial":10,"Happy Flower":[30],"counters":[18,94],"PreservedInsect":211,"Black Star":2,"Juzu Bracelet":1,"Whetstone":["bronze:Strike","bronze:Flail"],"obtain_stats":[{"bronze:BronzeCore":0,"Pear":30,"Happy Flower":2,"Replay:Towering Pillar of Hats":48,"Guide Book":25,"Oddly Smooth Stone":36,"Blue Doll":13,"Hammer of Thor":0,"PreservedInsect":28,"Juzu Bracelet":43,"Seething Fire":0,"Whetstone":41,"Replay:Rubber Ducky":21,"Blood Vial":41,"Pondfish Scales":48,"Anvil of the Gods":0,"Fusion Hammer":17,"Garlic":9,"Black Star":34,"Red Mask":37,"Toy Ornithopter":26},{"bronze:BronzeCore":0,"Pear":9,"Happy Flower":1,"Replay:Towering Pillar of Hats":17,"Guide Book":8,"Oddly Smooth Stone":12,"Blue Doll":5,"Hammer of Thor":0,"PreservedInsect":8,"Juzu Bracelet":14,"Seething Fire":0,"Whetstone":13,"Replay:Rubber Ducky":7,"Blood Vial":13,"Pondfish Scales":17,"Anvil of the Gods":0,"Fusion Hammer":6,"Garlic":3,"Black Star":11,"Red Mask":12,"Toy Ornithopter":8},{"bronze:BronzeCore":0,"Pear":32,"Happy Flower":4,"Replay:Towering Pillar of Hats":84,"Guide Book":29,"Oddly Smooth Stone":49,"Blue Doll":15,"Hammer of Thor":0,"PreservedInsect":29,"Juzu Bracelet":66,"Seething Fire":0,"Whetstone":59,"Replay:Rubber Ducky":27,"Blood Vial":59,"Pondfish Scales":84,"Anvil of the Gods":0,"Fusion Hammer":25,"Garlic":8,"Black Star":46,"Red Mask":49,"Toy Ornithopter":29}],"Toy Ornithopter":10},"card_choices":[{"not_picked":["bronze:CutThrough","bronze:OilSpill"],"picked":"bronze:Flail","floor":1.0},{"not_picked":["bronze:Optimize","bronze:BuggyMess"],"picked":"bronze:ChosenStrike","floor":3.0},{"not_picked":["bronze:Iterate","bronze:Constructor","bronze:Safeguard"],"picked":"SKIP","floor":5.0},{"not_picked":["bronze:Branch","bronze:ForLoop"],"picked":"bronze:Optimize","floor":10.0},{"not_picked":["bronze:Optimize","bronze:Fortify"],"picked":"bronze:Boost","floor":12.0},{"not_picked":["bronze:BurnOut","bronze:HardenedForm"],"picked":"bronze:AlphaBuild","floor":16.0},{"not_picked":["bronze:ItsAFeature","bronze:Shield+1","bronze:BugBarrage"],"picked":"SKIP","floor":18.0},{"not_picked":["bronze:NullPointer","bronze:Separator"],"picked":"bronze:Frontload+1","floor":22.0},{"not_picked":["bronze:Overheat","bronze:FollowUp"],"picked":"bronze:DelayedSlice","floor":30.0},{"not_picked":["bronze:WildBeam","bronze:Overheat","bronze:Iterate+1"],"picked":"SKIP","floor":31.0},{"not_picked":["bronze:BronzeOrb+1","bronze:BitShift"],"picked":"bronze:ClassDefault","floor":35.0},{"not_picked":["Secret Weapon","Trip"],"picked":"Bandage Up","floor":39.0},{"not_picked":["bronze:Iterate+1","bronze:Constructor","bronze:OilSpill"],"picked":"SKIP","floor":41.0},{"not_picked":["bronze:BugBarrage+1","bronze:Shield","bronze:Allocate"],"picked":"SKIP","floor":42.0},{"not_picked":["bronze:DelayedSlice","bronze:CutThrough+1"],"picked":"bronze:Frontload+1","floor":45.0},{"not_picked":["bronze:RecursiveStrike","bronze:Shield+1","bronze:WildBeam+1"],"picked":"SKIP","floor":47.0},{"not_picked":["bronze:BitShift+1","bronze:Frontload+1","bronze:FollowUp"],"picked":"SKIP","floor":48.0}],"player_experience":39174,"relics_obtained":[{"floor":9.0,"key":"Garlic"},{"floor":13.0,"key":"Blue Doll"},{"floor":26.0,"key":"Toy Ornithopter"},{"floor":28.0,"key":"PreservedInsect"},{"floor":30.0,"key":"Pear"},{"floor":41.0,"key":"Whetstone"},{"floor":41.0,"key":"Blood Vial"},{"floor":43.0,"key":"Juzu Bracelet"},{"floor":48.0,"key":"Replay:Towering Pillar of Hats"},{"floor":48.0,"key":"Pondfish Scales"}],"event_choices":[{"damage_healed":0.0,"max_hp_gain":0.0,"max_hp_loss":0.0,"gold_gain":0.0,"event_name":"Scrap Ooze","player_choice":"Success","floor":2.0,"gold_loss":0.0,"damage_taken":7.0,"relics_obtained":["Happy Flower"]},{"damage_healed":0.0,"max_hp_gain":0.0,"max_hp_loss":0.0,"gold_gain":75.0,"event_name":"World of Goop","player_choice":"Gather Gold","floor":4.0,"gold_loss":0.0,"damage_taken":11.0},{"damage_healed":0.0,"max_hp_gain":0.0,"max_hp_loss":0.0,"gold_gain":0.0,"event_name":"Vampires","player_choice":"Ignored","floor":19.0,"gold_loss":0.0,"damage_taken":0.0},{"damage_healed":0.0,"max_hp_gain":0.0,"max_hp_loss":0.0,"gold_gain":99.0,"event_name":"Nest","player_choice":"Stole From Cult","floor":20.0,"gold_loss":0.0,"damage_taken":0.0},{"damage_healed":0.0,"max_hp_gain":0.0,"max_hp_loss":0.0,"gold_gain":0.0,"event_name":"Addict","player_choice":"Obtained Relic","floor":21.0,"gold_loss":85.0,"damage_taken":0.0,"relics_obtained":["Replay:Rubber Ducky"]},{"damage_healed":0.0,"max_hp_gain":5.0,"max_hp_loss":0.0,"gold_gain":0.0,"event_name":"Forgotten Altar","player_choice":"Shed Blood","floor":24.0,"gold_loss":0.0,"damage_taken":18.0},{"damage_healed":0.0,"max_hp_gain":0.0,"max_hp_loss":0.0,"gold_gain":0.0,"event_name":"Tomb of Lord Red Mask","player_choice":"Paid","floor":37.0,"gold_loss":105.0,"damage_taken":0.0,"relics_obtained":["Red Mask"]},{"damage_healed":0.0,"max_hp_gain":0.0,"max_hp_loss":0.0,"gold_gain":0.0,"event_name":"SensoryStone","player_choice":"Memory 1","floor":39.0,"gold_loss":0.0,"damage_taken":0.0},{"damage_healed":0.0,"max_hp_gain":0.0,"max_hp_loss":0.0,"gold_gain":0.0,"event_name":"MindBloom","player_choice":"Fight","floor":45.0,"gold_loss":0.0,"damage_taken":0.0}],"is_beta":false,"boss_relics":[{"not_picked":["Abe\u0027s Treasure","Kintsugi"],"picked":"Fusion Hammer"},{"not_picked":["ReplayTheSpireMod:DimensionalGlitch","Snecko Eye"],"picked":"Black Star"}],"items_purged_floors":[],"is_endless":false,"potions_floor_spawned":[5,12,16,18,33,35,41,42,45,48],"ascension_level":0}}