{"host":"ifd7sfhtlbe34qll","time":1612845382,"event":{"mods":["2.2 Compatiblity","Act Like it!","Ascension Unlocker","BaseMod","Block Reminder","Colored Map","Curses Come First","Downfall","Highlight Path","Minty Spire (QoL Compilation)","Potion Indicator Mod","Quick Restart","Random Character Button","Relic Stats","StSLib","SuperFastMode"],"gold_per_floor":[0,13,32,52,68,68,68,85,418,568,594,594,608,180,197,197,197,197],"floor_reached":16,"language":"ENG","playtime":910,"items_purged":["Doubt"],"score":228,"play_id":"91216e15-2d15-4f0c-92eb-5f7f33bc11e2","local_time":"20210208223622","is_ascension_mode":true,"campfire_choices":[{"data":"Gremlin:GremlinDance","floor":1.0,"key":"SMITH"},{"data":"Gremlin:TwistTheKnife","floor":6.0,"key":"SMITH"},{"data":"Gremlin:ShankStone","floor":12.0,"key":"SMITH"}],"circlet_count":0,"master_deck":["AscendersBane","Gremlin:Strike","Gremlin:Strike","Gremlin:Strike","Gremlin:Strike","Gremlin:Defend","Gremlin:Defend","Gremlin:Defend","Gremlin:Defend","Gremlin:TagTeam","Gremlin:GremlinDance+1","Gremlin:Tricksy","Gremlin:Glimmer","Gremlin:CatScratch","Gremlin:TwistTheKnife+1","Gremlin:Fury","Gremlin:AggressiveDefense","Gremlin:ShankStone+1","Gremlin:CatScratch","Gremlin:FeelTheAudience","Gremlin:SecondVolley","Gremlin:Raid"],"relics":["Gremlin:GremlinKnob","Gambling Chip","Darkstone Periapt","Old Coin","FossilizedHelix","Toolbox"],"acts_visited":["Exordium"],"potions_floor_usage":[16],"damage_taken":[{"damage":0.0,"enemies":"Cultist","floor":2.0,"turns":2.0},{"damage":9.0,"enemies":"Jaw Worm","floor":3.0,"turns":5.0},{"damage":0.0,"enemies":"Small Slimes","floor":4.0,"turns":3.0},{"damage":0.0,"enemies":"3 Louse","floor":5.0,"turns":3.0},{"damage":0.0,"enemies":"2 Fungi Beasts","floor":8.0,"turns":3.0},{"damage":26.0,"enemies":"3 Sentries","floor":9.0,"turns":8.0},{"damage":7.0,"enemies":"Gremlin Nob","floor":11.0,"turns":3.0},{"damage":0.0,"enemies":"Blue Slaver","floor":13.0,"turns":3.0},{"damage":2.0,"enemies":"downfall:FleeingMerchant","floor":14.0,"turns":4.0},{"damage":0.0,"enemies":"Large Slime","floor":15.0,"turns":4.0},{"damage":89,"enemies":"WA_ARCHETYPE_RETAIN","floor":16,"turns":10}],"seed_played":"2354370451653189930","potions_obtained":[{"floor":2.0,"key":"SpeedPotion"},{"floor":9.0,"key":"Strength Potion"},{"floor":15.0,"key":"gremlin:SwapPotion"}],"is_trial":false,"path_per_floor":["R","M","M","M","M","R","T","M","E","?","E","R","M","$","M","B"],"character_chosen":"GREMLIN","items_purchased":["Gremlin:SecondVolley","Toolbox"],"campfire_rested":0,"item_purchase_floors":[14,14],"current_hp_per_floor":[17,19,10,19,10,10,10,17,11,13,21,21,11,13,9,0,0,0],"gold":197,"neow_bonus":"ONE_RARE_RELIC","is_daily":false,"chose_seed":false,"campfire_upgraded":3,"win_rate":0.0,"timestamp":1612845382,"path_taken":["R","M","M","M","?","R","T","M","E","?","E","R","M","$","M","BOSS"],"items_purchased_type":["Card","Relic"],"build_version":"2020-12-22","purchased_purges":1,"victory":false,"max_hp_per_floor":[19,19,19,19,19,19,19,19,19,21,21,21,21,21,21,21,21,21],"relic_stats":{"Darkstone Periapt":6,"counters":[11,49],"Gambling Chip":[31],"obtain_stats":[{"Darkstone Periapt":7,"Gremlin:GremlinKnob":0,"Gambling Chip":0,"Toolbox":14,"FossilizedHelix":11,"Old Coin":9},{"Darkstone Periapt":4,"Gremlin:GremlinKnob":0,"Gambling Chip":0,"Toolbox":9,"FossilizedHelix":7,"Old Coin":6},{"Darkstone Periapt":13,"Gremlin:GremlinKnob":0,"Gambling Chip":0,"Toolbox":35,"FossilizedHelix":28,"Old Coin":24}]},"card_choices":[{"not_picked":["Gremlin:BurlyBlow","Gremlin:CatScratch"],"picked":"Gremlin:Tricksy","floor":2.0},{"not_picked":["Gremlin:Revel","Gremlin:BulkUp"],"picked":"Gremlin:Glimmer","floor":3.0},{"not_picked":["Gremlin:Irritability","Gremlin:Astound"],"picked":"Gremlin:CatScratch","floor":4.0},{"not_picked":["Gremlin:GremlinMeal","Gremlin:Whiz"],"picked":"Gremlin:TwistTheKnife","floor":5.0},{"not_picked":["Gremlin:DaggerDance","Gremlin:Tricksy"],"picked":"Gremlin:Fury","floor":8.0},{"not_picked":["Gremlin:Wizardry","Gremlin:Irritability"],"picked":"Gremlin:AggressiveDefense","floor":9.0},{"not_picked":["Gremlin:Pretaliation","Gremlin:Polish"],"picked":"Gremlin:ShankStone","floor":11.0},{"not_picked":["Gremlin:FanOfKnives","Gremlin:BurlyBlow"],"picked":"Gremlin:CatScratch","floor":13.0},{"not_picked":["Gremlin:BurlyBlow","Gremlin:GremlinArms"],"picked":"Gremlin:FeelTheAudience","floor":14.0},{"not_picked":["Gremlin:Astound","Gremlin:Glimmer"],"picked":"Gremlin:Raid","floor":15.0}],"player_experience":1739795,"relics_obtained":[{"floor":7.0,"key":"Darkstone Periapt"},{"floor":9.0,"key":"Old Coin"},{"floor":11.0,"key":"FossilizedHelix"}],"event_choices":[],"is_beta":false,"boss_relics":[],"items_purged_floors":[14],"is_endless":false,"potions_floor_spawned":[2,9,15],"killed_by":"WA_ARCHETYPE_RETAIN","ascension_level":20}}