{"host":"cfcn10u57yqishn5","time":1612885714,"event":{"mods":["2.2 Compatiblity","BaseMod","Better Third Choice","Block Reminder","Curses Come First","GifTheSpireLib","Minty Spire (QoL Compilation)","Reliquary","Spicy Shops","StSLib","The Animator","The Blue Laboratory","The Cursed","The Judge"],"gold_per_floor":[111,123,48,48,48,48,60,74,74,74,74,74,92,111,111,208,208,228,76,96,96,96,96,125,125,151,169,189,209,209,209,209,306,306,322,126,146,196,196,196,230,230,230,230,249,249,274,284,284,284],"floor_reached":51,"language":"ENG","playtime":4072,"items_purged":[],"score":748,"play_id":"40d282fe-7d76-481b-9367-cea277090051","local_time":"20210209104834","is_ascension_mode":true,"campfire_choices":[{"data":"Iron Wave","floor":6,"key":"SMITH"},{"data":"Bash","floor":10,"key":"SMITH"},{"data":"Iron Wave","floor":15,"key":"SMITH"},{"data":"Juggernaut","floor":23,"key":"SMITH"},{"data":"Body Slam","floor":25,"key":"SMITH"},{"data":"Iron Wave","floor":30,"key":"SMITH"},{"data":"Iron Wave","floor":32,"key":"SMITH"},{"data":"Armaments","floor":40,"key":"SMITH"},{"data":"Metallicize","floor":42,"key":"SMITH"},{"data":"Iron Wave","floor":46,"key":"SMITH"},{"data":"Armaments","floor":49,"key":"SMITH"}],"circlet_count":0,"master_deck":["Defend_R","Defend_R","Defend_R","Defend_R","Bash+1","Clumsy","Iron Wave+1","Shrug It Off","Iron Wave+1","Feed","Iron Wave+1","Iron Wave+1","Juggernaut+1","Iron Wave+1","Metallicize+1","Bite","Bite","Bite","Bite","Bite","Body Slam+1","Second Wind","Shrug It Off","Armaments+1","Iron Wave+1","Shrug It Off+1","Madness","Madness","Fire Breathing+1","animator:Curse_Nutcracker","Armaments+1"],"relics":["Burning Blood","Incense Burner","Ornamental Fan","Mark of Pain","Oddly Smooth Stone","MutagenicStrength","Mango","reliquary:PorcupineQuills","Cursed Key","ClockworkSouvenir","Turnip","PreservedInsect","reliquary:BoilingFlask","Singing Bowl"],"acts_visited":["Exordium","TheCity","TheBeyond"],"potions_floor_usage":[16,24,24,50],"damage_taken":[{"damage":0,"enemies":"Small Slimes","floor":1,"turns":3},{"damage":1,"enemies":"2 Louse","floor":2,"turns":3},{"damage":6,"enemies":"Cultist","floor":7,"turns":3},{"damage":8,"enemies":"Lots of Slimes","floor":8,"turns":6},{"damage":0,"enemies":"3 Louse","floor":13,"turns":3},{"damage":0,"enemies":"Large Slime","floor":14,"turns":8},{"damage":62,"enemies":"Slime Boss","floor":16,"turns":18},{"damage":0,"enemies":"Chosen","floor":18,"turns":5},{"damage":1,"enemies":"Shell Parasite","floor":20,"turns":5},{"damage":45,"enemies":"Slavers","floor":24,"turns":7},{"damage":18,"enemies":"Snake Plant","floor":27,"turns":5},{"damage":1,"enemies":"Sentry and Sphere","floor":28,"turns":6},{"damage":15,"enemies":"Cultist and Chosen","floor":29,"turns":6},{"damage":47,"enemies":"Champ","floor":33,"turns":11},{"damage":0,"enemies":"3 Shapes","floor":35,"turns":3},{"damage":3,"enemies":"Orb Walker","floor":37,"turns":3},{"damage":0,"enemies":"Mind Bloom Boss Battle","floor":38,"turns":5},{"damage":12,"enemies":"Nemesis","floor":41,"turns":7},{"damage":17,"enemies":"3 Darklings","floor":45,"turns":4},{"damage":28,"enemies":"Reptomancer","floor":47,"turns":2},{"damage":10,"enemies":"Sphere and 2 Shapes","floor":48,"turns":6},{"damage":53,"enemies":"Donu and Deca","floor":50,"turns":10}],"seed_played":"8855000839066944432","potions_obtained":[{"floor":7,"key":"blueLaboratory:IronCompound"},{"floor":13,"key":"blueLaboratory:BottledHope"},{"floor":16,"key":"Energy Potion"},{"floor":20,"key":"GamblersBrew"},{"floor":29,"key":"blueLaboratory:StoneskinPotion"},{"floor":37,"key":"blueLaboratory:BottledHope"},{"floor":38,"key":"Energy Potion"},{"floor":48,"key":"DistilledChaos"}],"is_trial":false,"path_per_floor":["M","M","$","?","?","R","M","M","T","R","?","?","M","M","R","B",null,"M","$","M","?","?","R","E","R","T","M","M","M","R","?","R","B",null,"M","$","M","?","?","R","E","R","T","?","M","R","E","M","R","B",null],"character_chosen":"IRONCLAD","items_purchased":["Iron Wave","Oddly Smooth Stone","ClockworkSouvenir","Armaments"],"campfire_rested":0,"item_purchase_floors":[3,19,36,36],"current_hp_per_floor":[80,80,80,80,80,80,80,81,81,81,86,86,91,94,94,38,94,94,94,94,94,65,65,47,47,47,45,62,63,63,63,63,38,79,82,82,82,82,72,72,79,79,79,79,74,74,55,62,62,31],"gold":284,"neow_bonus":"ONE_RARE_RELIC","is_daily":false,"chose_seed":false,"campfire_upgraded":11,"win_rate":0.0,"timestamp":1612885714,"path_taken":["M","M","$","?","?","R","?","?","T","R","?","?","M","M","R","BOSS","M","$","M","?","?","R","E","R","T","M","M","M","R","?","R","BOSS","M","$","M","?","?","R","E","R","T","?","M","R","E","M","R","BOSS"],"items_purchased_type":["Card","Relic","Relic","Card"],"build_version":"2020-12-22","purchased_purges":0,"victory":true,"max_hp_per_floor":[80,80,80,80,80,80,80,83,83,83,88,88,91,94,94,94,94,94,94,94,94,65,65,79,79,79,79,79,79,79,79,79,79,79,82,82,82,82,82,82,82,82,82,82,82,82,82,84,84,84],"card_choices":[{"not_picked":["Wild Strike","Twin Strike"],"picked":"Iron Wave","floor":1},{"not_picked":["Sword Boomerang","Bloodletting"],"picked":"Shrug It Off","floor":2},{"not_picked":["Perfected Strike","Clothesline"],"picked":"Iron Wave","floor":7},{"not_picked":["Bludgeon","Shrug It Off"],"picked":"Iron Wave","floor":8},{"not_picked":["Clothesline","Bloodletting","Warcry"],"picked":"SKIP","floor":13},{"not_picked":["Cleave","Twin Strike","Pommel Strike"],"picked":"SKIP","floor":14},{"not_picked":["Corruption","Impervious"],"picked":"Juggernaut","floor":16},{"not_picked":["Seeing Red","Inflame"],"picked":"Iron Wave","floor":18},{"not_picked":["Hemokinesis","Headbutt"],"picked":"Metallicize","floor":20},{"not_picked":["True Grit+1","Twin Strike"],"picked":"Body Slam","floor":24},{"not_picked":["Power Through","Whirlwind"],"picked":"Second Wind","floor":27},{"not_picked":["Havoc","Perfected Strike","Clothesline+1"],"picked":"SKIP","floor":28},{"not_picked":["Entrench+1","Cleave+1"],"picked":"Shrug It Off","floor":29},{"not_picked":["Intimidate","Wild Strike","Clothesline+1"],"picked":"SKIP","floor":35},{"not_picked":["Perfected Strike","Combust"],"picked":"Iron Wave","floor":37},{"not_picked":["Pommel Strike+1","Sever Soul"],"picked":"Shrug It Off+1","floor":38},{"not_picked":["Metallicize","Heavy Blade"],"picked":"Fire Breathing+1","floor":41},{"not_picked":["Intimidate+1","Disarm+1","Perfected Strike+1"],"picked":"SKIP","floor":45},{"not_picked":["Uppercut+1","Perfected Strike"],"picked":"Armaments","floor":47},{"not_picked":["Sword Boomerang","Shockwave+1","Flex+1"],"picked":"Singing Bowl","floor":48}],"player_experience":241536,"relics_obtained":[{"floor":9,"key":"Ornamental Fan"},{"floor":24,"key":"Mango"},{"floor":26,"key":"reliquary:PorcupineQuills"},{"floor":38,"key":"Turnip"},{"floor":41,"key":"PreservedInsect"},{"floor":43,"key":"reliquary:BoilingFlask"},{"floor":47,"key":"Singing Bowl"}],"event_choices":[{"damage_healed":0,"gold_gain":0,"player_choice":"Ignored","damage_taken":48,"max_hp_gain":0,"max_hp_loss":0,"event_name":"betterThird:BetterSerpent","floor":4,"gold_loss":0},{"damage_healed":0,"gold_gain":0,"player_choice":"1 cards matched","damage_taken":0,"max_hp_gain":0,"max_hp_loss":0,"event_name":"Match and Keep!","floor":5,"gold_loss":0,"cards_obtained":["Feed"]},{"damage_healed":0,"gold_gain":0,"player_choice":"Donut","damage_taken":0,"max_hp_gain":5,"max_hp_loss":0,"event_name":"Big Fish","floor":11,"gold_loss":0},{"damage_healed":0,"gold_gain":0,"player_choice":"Grow","damage_taken":0,"max_hp_gain":0,"max_hp_loss":0,"event_name":"Living Wall","floor":12,"gold_loss":0,"cards_upgraded":["Iron Wave"]},{"damage_healed":0,"gold_gain":0,"player_choice":"Inject Mutagens","damage_taken":0,"relics_obtained":["MutagenicStrength"],"max_hp_gain":0,"max_hp_loss":0,"event_name":"Drug Dealer","floor":21,"gold_loss":0},{"damage_healed":0,"gold_gain":0,"player_choice":"Became a vampire","damage_taken":0,"max_hp_gain":0,"max_hp_loss":29,"event_name":"Vampires","floor":22,"gold_loss":0,"cards_obtained":["Bite","Bite","Bite","Bite","Bite"]},{"damage_healed":0,"gold_gain":0,"player_choice":"Ignored","damage_taken":0,"max_hp_gain":0,"max_hp_loss":0,"event_name":"Cursed Tome","floor":31,"gold_loss":0},{"damage_healed":0,"gold_gain":0,"player_choice":"Fight","damage_taken":0,"max_hp_gain":0,"max_hp_loss":0,"event_name":"MindBloom","floor":38,"gold_loss":0},{"damage_healed":0,"gold_gain":0,"player_choice":"Embrace Madness","damage_taken":10,"max_hp_gain":0,"max_hp_loss":0,"event_name":"Winding Halls","floor":39,"gold_loss":0,"cards_obtained":["Madness","Madness"]},{"damage_healed":0,"gold_gain":0,"player_choice":"Memory 1","damage_taken":0,"max_hp_gain":0,"max_hp_loss":0,"event_name":"SensoryStone","floor":44,"gold_loss":0}],"is_beta":false,"boss_relics":[{"not_picked":["Ectoplasm","Fusion Hammer"],"picked":"Mark of Pain"},{"not_picked":["reliquary:Ember","Snecko Eye"],"picked":"Cursed Key"}],"items_purged_floors":[],"is_endless":false,"potions_floor_spawned":[1,7,13,16,20,24,29,33,37,38,47,48],"ascension_level":1}}