{"host":"t1puqh5lxz8sp6fn","time":1612834709,"event":{"mods":["AchievementEnabler","BaseMod","Colored Powertips","Minty Spire (QoL Compilation)","Rare Cards Sparkle","Relic Stats","StSLib"],"gold_per_floor":[112,123,133,58,58,58,69,102,128,157,432,432,452,121,121,198,198,211,222,222,232,232,232,247,247,316,345,364,398,412,66,66,145,145,156,156,170,170,195,228,228,254,304,304,304,339,351,41,41,41,41,41,41,75,75,75],"floor_reached":55,"playtime":2390,"items_purged":["Strike_R","Regret"],"score":1373,"play_id":"c96ff860-b90c-4727-baca-3b4e3fc0aba0","local_time":"20210208223829","is_ascension_mode":true,"campfire_choices":[{"data":"Clothesline","floor":6.0,"key":"SMITH"},{"data":"Metallicize","floor":12.0,"key":"SMITH"},{"data":"Inflame","floor":15.0,"key":"SMITH"},{"data":"Blind","floor":23,"key":"SMITH"},{"data":"Limit Break","floor":25,"key":"SMITH"},{"floor":32,"key":"REST"},{"floor":41,"key":"RECALL"},{"floor":45,"key":"REST"},{"data":"Power Through","floor":49,"key":"SMITH"},{"floor":52,"key":"REST"}],"circlet_count":0,"master_deck":["AscendersBane","Strike_R","Defend_R","Defend_R","Defend_R","Bash+1","Dropkick","Clothesline+1","Cleave","Reaper","Metallicize+1","Offering","Shrug It Off","Feel No Pain","Inflame+1","Limit Break+1","Berserk+1","Iron Wave+1","Battle Trance+1","Fire Breathing+1","Cleave+1","Heavy Blade+1","Blind+1","Demon Form","Thunderclap","Seeing Red","Feed","Impervious","Body Slam+1","Madness","Madness","Warcry","Immolate","Heavy Blade+1","Sadistic Nature","Dark Shackles","Panacea","Power Through+1"],"relics":["Black Blood","Bag of Preparation","Orichalcum","Happy Flower","PreservedInsect","Astrolabe","Paper Frog","Vajra","Boot","Potion Belt","Gambling Chip","Thread and Needle","Centennial Puzzle","Charon\u0027s Ashes","Calipers","Nunchaku"],"acts_visited":["Exordium","TheCity","TheBeyond","TheEnding"],"potions_floor_usage":[33,35,35,40,42,54,55],"damage_taken":[{"damage":1.0,"enemies":"Cultist","floor":1.0,"turns":3.0},{"damage":2.0,"enemies":"Small Slimes","floor":2.0,"turns":4.0},{"damage":9.0,"enemies":"Jaw Worm","floor":3.0,"turns":3.0},{"damage":6.0,"enemies":"Blue Slaver","floor":7.0,"turns":4.0},{"damage":44.0,"enemies":"3 Sentries","floor":8.0,"turns":10.0},{"damage":7.0,"enemies":"Gremlin Nob","floor":10.0,"turns":3.0},{"damage":11.0,"enemies":"Gremlin Gang","floor":13.0,"turns":3.0},{"damage":34.0,"enemies":"The Guardian","floor":16.0,"turns":11.0},{"damage":13,"enemies":"2 Thieves","floor":18,"turns":4},{"damage":23,"enemies":"3 Byrds","floor":19,"turns":4},{"damage":14,"enemies":"Centurion and Healer","floor":21,"turns":5},{"damage":31,"enemies":"Snake Plant","floor":24,"turns":3},{"damage":26,"enemies":"Gremlin Leader","floor":27,"turns":6},{"damage":23,"enemies":"Sentry and Sphere","floor":28,"turns":4},{"damage":28,"enemies":"Book of Stabbing","floor":29,"turns":3},{"damage":28,"enemies":"Snecko","floor":30,"turns":5},{"damage":31,"enemies":"Champ","floor":33,"turns":6},{"damage":11,"enemies":"Orb Walker","floor":35,"turns":3},{"damage":46,"enemies":"3 Shapes","floor":37,"turns":5},{"damage":6,"enemies":"Mind Bloom Boss Battle","floor":39,"turns":5},{"damage":21,"enemies":"Nemesis","floor":40,"turns":7},{"damage":33,"enemies":"Giant Head","floor":42,"turns":7},{"damage":27,"enemies":"Nemesis","floor":46,"turns":7},{"damage":12,"enemies":"Transient","floor":47,"turns":5},{"damage":131,"enemies":"Awakened One","floor":50,"turns":11},{"damage":92,"enemies":"Shield and Spear","floor":54,"turns":6},{"damage":87,"enemies":"The Heart","floor":55,"turns":3}],"seed_played":"294143037606918350","potions_obtained":[{"floor":1.0,"key":"FearPotion"},{"floor":3.0,"key":"FearPotion"},{"floor":7.0,"key":"Ancient Potion"},{"floor":10.0,"key":"FairyPotion"},{"floor":19,"key":"DuplicationPotion"},{"floor":28,"key":"EntropicBrew"},{"floor":37,"key":"Fruit Juice"},{"floor":40,"key":"FearPotion"}],"is_trial":false,"path_per_floor":["M","M","M","$","?","R","M","E","T","E","?","R","M","$","R","B",null,"M","M","?","M","?","R","M","R","T","E","M","E","M","$","R","B",null,"M","?","M","?","?","E","R","E","T","?","R","E","M","$","R","B",null,"R","$","E","B"],"character_chosen":"IRONCLAD","items_purchased":["PreservedInsect","Inflame","Potion Belt","Feed","Strength Potion","Calipers"],"campfire_rested":3,"item_purchase_floors":[14,14,31,31,31,48],"current_hp_per_floor":[73,75,72,72,72,72,72,42,42,47,47,47,58,58,58,40,66,69,58,58,67,67,67,42,42,42,34,29,28,18,18,40,15,60,64,64,69,59,75,81,81,60,60,50,74,64,69,69,69,23,67,81,81,24,0,0],"gold":75,"neow_bonus":"UPGRADE_CARD","is_daily":false,"chose_seed":false,"campfire_upgraded":6,"win_rate":0.0,"timestamp":1612834709,"path_taken":["M","M","?","?","?","R","?","E","T","E","?","R","?","$","R","BOSS","M","M","?","M","?","R","M","R","T","E","M","E","?","$","R","BOSS","M","?","M","?","?","E","R","E","T","?","R","E","M","$","R","BOSS","R","$","E","BOSS"],"items_purchased_type":["Relic","Card","Relic","Card","Potion","Relic"],"build_version":"2020-12-13","purchased_purges":2,"victory":false,"max_hp_per_floor":[75,75,75,75,75,75,75,75,75,75,75,75,75,75,75,75,75,75,75,75,75,75,75,75,75,75,75,75,75,75,75,75,75,75,78,78,81,81,81,81,81,81,81,81,81,81,81,81,81,81,81,81,81,86,86,86],"relic_stats":{"Happy Flower":[37],"counters":[27,140],"Astrolabe":["Berserk","Iron Wave","Battle Trance"],"Black Blood":206,"PreservedInsect":395,"Charon\u0027s Ashes":[120],"Bag of Preparation":[44],"Orichalcum":[300],"Boot":[43],"Centennial Puzzle":[15],"Nunchaku":[0],"Gambling Chip":[20],"obtain_stats":[{"Potion Belt":31,"Calipers":48,"Happy Flower":10,"Astrolabe":17,"Vajra":27,"Black Blood":34,"Thread and Needle":40,"PreservedInsect":14,"Charon\u0027s Ashes":46,"Bag of Preparation":8,"Orichalcum":9,"Boot":29,"Burning Blood":0,"Centennial Puzzle":42,"Nunchaku":54,"Gambling Chip":39,"Paper Frog":26},{"Potion Belt":16,"Calipers":24,"Happy Flower":6,"Astrolabe":8,"Vajra":13,"Black Blood":17,"Thread and Needle":21,"PreservedInsect":7,"Charon\u0027s Ashes":23,"Bag of Preparation":5,"Orichalcum":5,"Boot":15,"Burning Blood":0,"Centennial Puzzle":22,"Nunchaku":26,"Gambling Chip":20,"Paper Frog":12},{"Potion Belt":75,"Calipers":120,"Happy Flower":27,"Astrolabe":41,"Vajra":63,"Black Blood":81,"Thread and Needle":101,"PreservedInsect":30,"Charon\u0027s Ashes":115,"Bag of Preparation":24,"Orichalcum":24,"Boot":70,"Burning Blood":0,"Centennial Puzzle":108,"Nunchaku":137,"Gambling Chip":94,"Paper Frog":57}]},"card_choices":[{"not_picked":["Twin Strike","Entrench"],"picked":"Dropkick","floor":1.0},{"not_picked":["Iron Wave","Burning Pact"],"picked":"Clothesline","floor":2.0},{"not_picked":["Rampage","Twin Strike"],"picked":"Cleave","floor":3.0},{"not_picked":["Evolve","Havoc"],"picked":"Metallicize","floor":7.0},{"not_picked":["Battle Trance","Sword Boomerang"],"picked":"Offering","floor":8.0},{"not_picked":["Clash","Havoc"],"picked":"Shrug It Off","floor":10.0},{"not_picked":["Headbutt","True Grit"],"picked":"Feel No Pain","floor":13.0},{"not_picked":["Reaper","Bludgeon"],"picked":"Limit Break","floor":16.0},{"not_picked":["Feel No Pain+1","Shrug It Off"],"picked":"Fire Breathing+1","floor":18},{"not_picked":["Reckless Charge","Flex"],"picked":"Cleave+1","floor":19},{"not_picked":["Pommel Strike+1","Whirlwind"],"picked":"Heavy Blade+1","floor":21},{"not_picked":["Body Slam","Clash","Battle Trance"],"picked":"SKIP","floor":24},{"not_picked":["Shrug It Off+1","Pommel Strike+1"],"picked":"Demon Form","floor":27},{"not_picked":["Iron Wave","Perfected Strike+1"],"picked":"Thunderclap","floor":28},{"not_picked":["Inflame","Iron Wave","Rampage"],"picked":"SKIP","floor":29},{"not_picked":["Sentinel+1","Uppercut+1"],"picked":"Seeing Red","floor":30},{"not_picked":["Juggernaut","Demon Form"],"picked":"Impervious","floor":33},{"not_picked":["Dual Wield","Spot Weakness"],"picked":"Body Slam+1","floor":35},{"not_picked":["Combust","Thunderclap+1","Warcry"],"picked":"SKIP","floor":37},{"not_picked":["Body Slam","Clothesline+1"],"picked":"Warcry","floor":39},{"not_picked":["Anger","Heavy Blade"],"picked":"Immolate","floor":40},{"not_picked":["Limit Break","Sword Boomerang"],"picked":"Heavy Blade+1","floor":42},{"not_picked":["PanicButton","Purity"],"picked":"Sadistic Nature","floor":44},{"not_picked":["Bandage Up","Metamorphosis"],"picked":"Dark Shackles","floor":44},{"not_picked":["Flash of Steel","Bandage Up"],"picked":"Panacea","floor":44},{"not_picked":["Perfected Strike","Cleave+1","Flame Barrier"],"picked":"SKIP","floor":46},{"not_picked":["Body Slam","Armaments"],"picked":"Power Through","floor":47},{"not_picked":["Power Through","Sword Boomerang","True Grit"],"picked":"SKIP","floor":54}],"player_experience":493640,"relics_obtained":[{"floor":8.0,"key":"Bag of Preparation"},{"floor":9.0,"key":"Orichalcum"},{"floor":10.0,"key":"Happy Flower"},{"floor":26,"key":"Paper Frog"},{"floor":27,"key":"Vajra"},{"floor":29,"key":"Boot"},{"floor":39,"key":"Gambling Chip"},{"floor":40,"key":"Thread and Needle"},{"floor":42,"key":"Centennial Puzzle"},{"floor":46,"key":"Charon\u0027s Ashes"},{"floor":54,"key":"Nunchaku"}],"event_choices":[{"damage_healed":0.0,"max_hp_gain":0.0,"max_hp_loss":0.0,"gold_gain":0.0,"cards_transformed":["Strike_R"],"event_name":"Living Wall","player_choice":"Change","floor":5.0,"gold_loss":0.0,"damage_taken":0.0,"cards_obtained":["Reaper"]},{"damage_healed":0.0,"max_hp_gain":0.0,"max_hp_loss":0.0,"gold_gain":275.0,"event_name":"Golden Shrine","player_choice":"Desecrate","floor":11.0,"gold_loss":0.0,"damage_taken":0.0,"cards_obtained":["Regret"]},{"damage_healed":0,"gold_gain":0,"player_choice":"Ignored","damage_taken":0,"max_hp_gain":0,"max_hp_loss":0,"event_name":"Ghosts","floor":20,"gold_loss":0},{"damage_healed":0,"gold_gain":0,"player_choice":"1 cards matched","damage_taken":0,"max_hp_gain":0,"max_hp_loss":0,"event_name":"Match and Keep!","floor":22,"gold_loss":0,"cards_obtained":["Blind"]},{"damage_healed":0,"gold_gain":0,"player_choice":"Ignored","damage_taken":0,"max_hp_gain":0,"max_hp_loss":0,"event_name":"Tomb of Lord Red Mask","floor":36,"gold_loss":0},{"damage_healed":0,"gold_gain":0,"player_choice":"Embrace Madness","damage_taken":10,"max_hp_gain":0,"max_hp_loss":0,"event_name":"Winding Halls","floor":38,"gold_loss":0,"cards_obtained":["Madness","Madness"]},{"damage_healed":0,"gold_gain":0,"player_choice":"Fight","damage_taken":0,"max_hp_gain":0,"max_hp_loss":0,"event_name":"MindBloom","floor":39,"gold_loss":0},{"damage_healed":0,"gold_gain":0,"player_choice":"Memory 3","damage_taken":10,"max_hp_gain":0,"max_hp_loss":0,"event_name":"SensoryStone","floor":44,"gold_loss":0}],"is_beta":false,"boss_relics":[{"not_picked":["Coffee Dripper","Cursed Key"],"picked":"Astrolabe"},{"not_picked":["Runic Cube","Pandora\u0027s Box"],"picked":"Black Blood"}],"items_purged_floors":[4,14],"is_endless":false,"potions_floor_spawned":[1,3,7,10,13,19,27,28,29,37,40],"killed_by":"The Heart","ascension_level":14}}