{"host":"cijhj3091wf4aho3","time":1612906807,"event":{"mods":["BaseMod","Colored Map","Colored Powertips","Downfall","Friendly Minions","GifTheSpireLib","Highlight Path","Minty Spire (QoL Compilation)","Permanent Neow","Random Character Button","Relic Sorter","Relic Stats","StSLib","everything is the same but u backflip on backflip","slay the spire mod where everything is the same but ironclad has a cowboy hat"],"gold_per_floor":[99,113,126,126,126,126,126,26,55,55,71,71,105,119,130,234,234,234,234,122,132,132,102,102,113,148,148,162,162,192,210,230,230,230,230],"floor_reached":33,"language":"ENG","playtime":1577,"items_purged":["bronze:Strike","bronze:Strike"],"score":431,"play_id":"9089b8f9-b04a-4e2e-9e8b-7b427dcd90dd","local_time":"20210209134007","is_ascension_mode":true,"campfire_choices":[{"data":"bronze:Goto","floor":1,"key":"SMITH"},{"data":"bronze:BugBarrage","floor":6,"key":"SMITH"},{"data":"bronze:BurnOut","floor":8,"key":"SMITH"},{"data":"bronze:MaxOutput","floor":18,"key":"SMITH"},{"data":"bronze:FindAndReplace","floor":29,"key":"SMITH"}],"circlet_count":0,"master_deck":["bronze:Strike","bronze:Defend","bronze:Defend+1","bronze:Defend+1","bronze:Defend","bronze:Replicate","bronze:Goto+1","bronze:BugBarrage+1","bronze:WildBeam","bronze:DazingPulse","bronze:BurnOut+1","bronze:Refactor","bronze:InfiniteBeams+1","bronze:MaxOutput+1","bronze:HyperBeam","bronze:BugBarrage","bronze:Shield","bronze:FindAndReplace+1"],"relics":["bronze:BronzeCore","hexamod:Sixitude","Dream Catcher","downfall:HeartBlessingBlue","Potion Belt","Kunai","champ:DeflectingBracers","Coffee Dripper","Ornamental Fan","hexamod:CandleOfCauterizing","War Paint","Bottled Lightning"],"acts_visited":["Exordium","TheCity"],"potions_floor_usage":[15,16,16],"damage_taken":[{"damage":2,"enemies":"Jaw Worm","floor":2,"turns":2},{"damage":0,"enemies":"Small Slimes","floor":3,"turns":2},{"damage":3,"enemies":"Small Slimes","floor":4,"turns":2},{"damage":10,"enemies":"3 Sentries","floor":9,"turns":3},{"damage":0,"enemies":"2 Louse","floor":11,"turns":2},{"damage":0,"enemies":"Lagavulin","floor":13,"turns":3},{"damage":9,"enemies":"Exordium Thugs","floor":14,"turns":3},{"damage":4,"enemies":"2 Fungi Beasts","floor":15,"turns":2},{"damage":25,"enemies":"WA_ARCHETYPE_RETAIN","floor":16,"turns":6},{"damage":4,"enemies":"downfall:FleeingMerchant","floor":20,"turns":4},{"damage":2,"enemies":"3 Byrds","floor":21,"turns":3},{"damage":0,"enemies":"Chosen","floor":22,"turns":1},{"damage":10,"enemies":"downfall:FleeingMerchant","floor":23,"turns":4},{"damage":4,"enemies":"Shelled Parasite and Fungi","floor":25,"turns":3},{"damage":9,"enemies":"Gremlin Leader","floor":26,"turns":4},{"damage":4,"enemies":"Centurion and Healer","floor":28,"turns":4},{"damage":0,"enemies":"Book of Stabbing","floor":30,"turns":4},{"damage":4,"enemies":"3 Cultists","floor":31,"turns":3},{"damage":0,"enemies":"Snake Plant","floor":32,"turns":2},{"damage":50,"enemies":"IC_MUSHROOM_ARCHETYPE","floor":33,"turns":6}],"seed_played":"-4857409894607527563","potions_obtained":[{"floor":4,"key":"Weak Potion"},{"floor":9,"key":"champ:CounterPotion"},{"floor":14,"key":"AttackPotion"},{"floor":15,"key":"SkillPotion"},{"floor":16,"key":"bronze:FreeFunctionsPotion"},{"floor":21,"key":"SpeedPotion"},{"floor":26,"key":"Weak Potion"},{"floor":30,"key":"SneckoOil"},{"floor":31,"key":"FairyPotion"}],"is_trial":false,"path_per_floor":["R","M","M","?","?","R","T","R","E","?","M","T","E","M","M","B",null,"R","?","$","M","M","$","T","M","E","?","M","R","E","M","M","B"],"character_chosen":"THE_AUTOMATON","items_purchased":["bronze:BugBarrage","Ornamental Fan"],"campfire_rested":0,"item_purchase_floors":[20,23],"current_hp_per_floor":[63,61,61,58,55,55,55,65,55,55,55,55,55,46,42,17,59,59,59,55,53,53,43,43,39,30,30,26,26,26,22,22,0,0,0],"gold":230,"neow_bonus":"ONE_RARE_RELIC","is_daily":false,"chose_seed":false,"campfire_upgraded":5,"win_rate":0.0,"timestamp":1612906807,"path_taken":["R","M","M","?","?","R","T","R","E","?","M","?","E","M","M","BOSS","R","?","?","M","M","$","T","M","E","?","?","R","E","M","M","BOSS"],"items_purchased_type":["Card","Relic"],"build_version":"2020-12-22","purchased_purges":2,"victory":false,"max_hp_per_floor":[63,63,63,63,63,63,63,73,73,73,73,73,73,73,73,73,73,73,73,73,73,73,73,73,73,73,73,73,73,73,73,73,73,73,73],"relic_stats":{"Dream Catcher":0,"counters":[20,63],"Ornamental Fan":[64],"Kunai":[33],"War Paint":["bronze:Defend","bronze:Defend"],"obtain_stats":[{"Potion Belt":9,"hexamod:CandleOfCauterizing":24,"bronze:BronzeCore":0,"hexamod:Sixitude":0,"champ:DeflectingBracers":13,"War Paint":26,"Dream Catcher":5,"downfall:BrokenWingStatue":10,"downfall:HeartBlessingBlue":8,"Ornamental Fan":23,"Coffee Dripper":17,"Kunai":12,"Bottled Lightning":30},{"Potion Belt":4,"hexamod:CandleOfCauterizing":13,"bronze:BronzeCore":0,"hexamod:Sixitude":0,"champ:DeflectingBracers":6,"War Paint":15,"Dream Catcher":3,"downfall:BrokenWingStatue":4,"downfall:HeartBlessingBlue":3,"Ornamental Fan":13,"Coffee Dripper":9,"Kunai":5,"Bottled Lightning":17},{"Potion Belt":9,"hexamod:CandleOfCauterizing":37,"bronze:BronzeCore":0,"hexamod:Sixitude":0,"champ:DeflectingBracers":14,"War Paint":44,"Dream Catcher":6,"downfall:BrokenWingStatue":9,"downfall:HeartBlessingBlue":6,"Ornamental Fan":37,"Coffee Dripper":25,"Kunai":11,"Bottled Lightning":52}]},"card_choices":[{"not_picked":["bronze:Shield","bronze:Terminator"],"picked":"bronze:BugBarrage","floor":2},{"not_picked":["bronze:DelayedGuard","bronze:Fortify"],"picked":"bronze:WildBeam","floor":3},{"not_picked":[],"picked":"bronze:DazingPulse","floor":4},{"not_picked":["bronze:ItsAFeature","bronze:Iterate"],"picked":"bronze:BurnOut","floor":4},{"not_picked":["bronze:Overload","bronze:Deprecate","bronze:Constructor"],"picked":"SKIP","floor":9},{"not_picked":["bronze:Constructor","bronze:DelayedGuard"],"picked":"bronze:Refactor","floor":11},{"not_picked":["bronze:ForLoop","bronze:Optimize","bronze:ClassDefault"],"picked":"SKIP","floor":13},{"not_picked":["bronze:ForLoop","bronze:Optimize","bronze:ClassDefault"],"picked":"SKIP","floor":13},{"not_picked":["bronze:FineTuning","bronze:WildBeam"],"picked":"bronze:InfiniteBeams","floor":14},{"not_picked":["bronze:Flail","bronze:OilSpill"],"picked":"bronze:MaxOutput","floor":15},{"not_picked":["bronze:ThunderWave","bronze:Verify"],"picked":"bronze:HyperBeam","floor":16},{"not_picked":["bronze:Deprecate","bronze:Shell","bronze:Turbo"],"picked":"SKIP","floor":20},{"not_picked":["bronze:Deprecate+1","bronze:Refactor","bronze:Constructor"],"picked":"SKIP","floor":21},{"not_picked":["bronze:DelayedGuard","bronze:Deprecate","bronze:Invalidate"],"picked":"SKIP","floor":22},{"not_picked":["bronze:Return","bronze:WildBeam","bronze:DarkDash"],"picked":"SKIP","floor":23},{"not_picked":["bronze:Optimize","bronze:WildBeam","bronze:Flail"],"picked":"SKIP","floor":25},{"not_picked":["bronze:Branch","bronze:Repair"],"picked":"bronze:Shield","floor":26},{"not_picked":["bronze:CloningBeam","bronze:Invalidate"],"picked":"bronze:FindAndReplace","floor":28},{"not_picked":["bronze:Philosophize","bronze:Flail","bronze:ChosenStrike"],"picked":"SKIP","floor":30},{"not_picked":["bronze:Terminator","bronze:Constructor+1","bronze:BugBarrage"],"picked":"SKIP","floor":31},{"not_picked":["bronze:Overheat","bronze:Flail+1","bronze:DelayedSlice"],"picked":"SKIP","floor":32}],"player_experience":576982,"relics_obtained":[{"floor":9,"key":"Potion Belt"},{"floor":12,"key":"Kunai"},{"floor":13,"key":"champ:DeflectingBracers"},{"floor":24,"key":"hexamod:CandleOfCauterizing"},{"floor":26,"key":"War Paint"},{"floor":30,"key":"Bottled Lightning"}],"event_choices":[{"damage_healed":0,"gold_gain":0,"player_choice":"Success","damage_taken":3,"relics_obtained":["Dream Catcher"],"max_hp_gain":0,"max_hp_loss":0,"event_name":"Scrap Ooze","floor":5,"gold_loss":0}],"is_beta":false,"boss_relics":[{"not_picked":["Cursed Key","Astrolabe"],"picked":"Coffee Dripper"}],"items_purged_floors":[20,23],"is_endless":false,"potions_floor_spawned":[4,9,14,15,16,21,26,30,31],"killed_by":"IC_MUSHROOM_ARCHETYPE","ascension_level":5}}