{"host":"4rvakrj1idbgia3f","time":1612883427,"event":{"mods":["BaseMod","Colored Map","Colored Powertips","DeckTracker","Highlight Path","Minty Spire (QoL Compilation)","Random Character Button","StSLib"],"gold_per_floor":[117,267,68,80,80,106,122,122,122,134,147,147,175,185,185,185,185],"floor_reached":16,"language":"JPN","playtime":470,"items_purged":["Doubt"],"score":274,"play_id":"654b954b-0f2f-4c4f-801f-33cec2f0fc32","local_time":"20210210001027","is_ascension_mode":true,"campfire_choices":[{"data":"Zap","floor":8,"key":"SMITH"},{"data":"Static Discharge","floor":12,"key":"SMITH"},{"data":"Machine Learning","floor":15,"key":"SMITH"}],"circlet_count":0,"master_deck":["AscendersBane","Strike_B","Strike_B","Strike_B","Strike_B","Defend_B","Defend_B","Defend_B","Defend_B","Zap+1","Dualcast","FTL","FTL","Lockon","Coolheaded","Hologram","FTL","Ball Lightning","Static Discharge+1","Self Repair","Machine Learning+1"],"relics":["Cracked Core","NeowsBlessing","CaptainsWheel","Blue Candle","Juzu Bracelet"],"acts_visited":["Exordium"],"potions_floor_usage":[11,11],"damage_taken":[{"damage":0,"enemies":"Jaw Worm","floor":1,"turns":1},{"damage":0,"enemies":"Small Slimes","floor":4,"turns":1},{"damage":0,"enemies":"Lagavulin","floor":6,"turns":1},{"damage":4,"enemies":"2 Louse","floor":7,"turns":3},{"damage":6,"enemies":"Looter","floor":10,"turns":2},{"damage":4,"enemies":"Lots of Slimes","floor":11,"turns":4},{"damage":11,"enemies":"3 Sentries","floor":13,"turns":4},{"damage":13,"enemies":"Large Slime","floor":14,"turns":4},{"damage":24,"enemies":"The Guardian","floor":16,"turns":5}],"seed_played":"7774467044346877430","potions_obtained":[{"floor":1,"key":"SpeedPotion"},{"floor":4,"key":"Strength Potion"},{"floor":11,"key":"Fruit Juice"}],"is_trial":false,"path_per_floor":["M","?","$","M","?","E","M","R","T","M","M","R","E","M","R","B"],"character_chosen":"DEFECT","items_purchased":["FTL","Lockon"],"campfire_rested":0,"item_purchase_floors":[3,3],"current_hp_per_floor":[64,64,64,64,46,46,42,42,42,36,37,37,26,20,20,0,0],"gold":185,"neow_bonus":"THREE_ENEMY_KILL","is_daily":false,"chose_seed":false,"campfire_upgraded":3,"win_rate":0.0,"timestamp":1612883427,"path_taken":["M","?","$","M","?","E","M","R","T","M","M","R","E","M","R","BOSS"],"items_purchased_type":["Card","Card"],"build_version":"2020-12-22","purchased_purges":1,"victory":false,"max_hp_per_floor":[71,71,71,71,71,71,71,71,71,71,76,76,76,76,76,76,76],"card_choices":[{"not_picked":["Melter","Gash"],"picked":"FTL","floor":1},{"not_picked":["Barrage","Consume"],"picked":"Coolheaded","floor":4},{"not_picked":["Redo","Stack"],"picked":"Hologram","floor":6},{"not_picked":["Hologram","Streamline"],"picked":"FTL","floor":7},{"not_picked":["Streamline","Coolheaded"],"picked":"Ball Lightning","floor":10},{"not_picked":["Leap","Redo"],"picked":"Static Discharge","floor":11},{"not_picked":["Sweeping Beam","Auto Shields"],"picked":"Self Repair","floor":13},{"not_picked":["Static Discharge","Leap"],"picked":"Machine Learning","floor":14}],"player_experience":2245616,"relics_obtained":[{"floor":6,"key":"Blue Candle"},{"floor":13,"key":"Juzu Bracelet"}],"event_choices":[{"damage_healed":0,"gold_gain":150,"player_choice":"AGREE","damage_taken":0,"max_hp_gain":0,"max_hp_loss":0,"event_name":"Liars Game","floor":2,"gold_loss":0,"cards_obtained":["Doubt"]},{"damage_healed":0,"gold_gain":0,"player_choice":"Success","damage_taken":18,"relics_obtained":["CaptainsWheel"],"max_hp_gain":0,"max_hp_loss":0,"event_name":"Scrap Ooze","floor":5,"gold_loss":0}],"is_beta":false,"boss_relics":[],"items_purged_floors":[3],"is_endless":false,"potions_floor_spawned":[1,4,10,11],"killed_by":"The Guardian","ascension_level":20}}