{"host":"ugys05tpep779cl6","time":1612862335,"event":{"mods":["AchievementEnabler","Aspiration","BaseMod","Beaked The Cultist","CatGirl Mod","Colored Powertips","HololiveMod","Lobotomy","Minty Spire (QoL Compilation)","Quick Restart","Replay The Spire","Spicy Shops","StSLib","The Druid"],"gold_per_floor":[12,32,50,50,60,60,60,60],"floor_reached":7,"language":"ENG","playtime":258,"items_purged":[],"score":80,"play_id":"35429c13-8894-4f8d-aa0d-c80ff0b8a3f7","local_time":"20210209101855","is_ascension_mode":true,"campfire_choices":[{"data":"Entrench","floor":6,"key":"SMITH"}],"circlet_count":0,"master_deck":["AscendersBane","Strike_R","Strike_R","Strike_R","Defend_R","Defend_R","Defend_R","Defend_R","Bash","Entrench+1","ReplayReversal"],"relics":["Burning Blood","Pen Nib"],"acts_visited":["Exordium"],"potions_floor_usage":[5,7],"damage_taken":[{"damage":6,"enemies":"2 Louse","floor":1,"turns":4},{"damage":18,"enemies":"Cultist","floor":2,"turns":5},{"damage":16,"enemies":"Jaw Worm","floor":3,"turns":7},{"damage":0,"enemies":"3 Louse","floor":5,"turns":3},{"damage":0,"enemies":"Gremlin Nob","floor":7,"turns":1}],"seed_played":"-1990946038419800513","potions_obtained":[{"floor":2,"key":"SkillPotion"},{"floor":3,"key":"Toxic Potion"},{"floor":5,"key":"BloodPotion"}],"is_trial":false,"path_per_floor":["M","M","M","?","M","R","E"],"character_chosen":"IRONCLAD","items_purchased":[],"campfire_rested":0,"item_purchase_floors":[],"current_hp_per_floor":[68,56,46,41,47,47,47,47],"gold":60,"neow_bonus":"REMOVE_TWO","is_daily":false,"chose_seed":false,"campfire_upgraded":1,"win_rate":0.0,"timestamp":1612862335,"path_taken":["M","M","M","?","M","R","E"],"items_purchased_type":[],"build_version":"2020-12-22","purchased_purges":0,"victory":false,"max_hp_per_floor":[75,75,75,75,75,75,75,75],"card_choices":[{"not_picked":["True Grit","Sword Boomerang"],"picked":"Entrench","floor":1},{"not_picked":["Anger","Pommel Strike"],"picked":"ReplayReversal","floor":2},{"not_picked":["Run Through","Ghostly Armor","Anger"],"picked":"SKIP","floor":3},{"not_picked":["Dark Embrace","Clothesline","Replay:Undeath\u0027s Touch"],"picked":"SKIP","floor":5}],"player_experience":1206502,"relics_obtained":[],"event_choices":[{"damage_healed":0,"gold_gain":0,"player_choice":"Success","damage_taken":5,"relics_obtained":["Pen Nib"],"max_hp_gain":0,"max_hp_loss":0,"event_name":"Scrap Ooze","floor":4,"gold_loss":0}],"is_beta":false,"boss_relics":[],"items_purged_floors":[],"is_endless":false,"potions_floor_spawned":[2,3,5],"killed_by":"Gremlin Nob","ascension_level":17}}