{"host":"8zow35rkxv448q2r","time":1612896060,"event":{"mods":["AchievementEnabler","BaseMod","Colored Map","Colored Powertips","Minty Spire (QoL Compilation)","Relic Stats"],"gold_per_floor":[110,110,110,13,23,23,34,46,46,66,99502,99514,98798,98798,98798,98898,98898,98918,98934,98253,98266,98282,98307,98307,98307,98388,98405,98405,98405,98424,97753,97753,97857,97857,97867,97867,96997,97016,97026,97056,97056,97067,97090,97090,97108,97126,96301,96310,96310,96310],"floor_reached":51,"language":"ENG","playtime":2506,"items_purged":["Pain","Clumsy","Shame"],"score":933,"play_id":"6a8d29a4-c11a-4af6-94a0-cd5d6eee1a5f","local_time":"20210209134100","is_ascension_mode":true,"campfire_choices":[{"data":"Dramatic Entrance","floor":6,"key":"SMITH"},{"floor":15,"key":"REST"},{"floor":25,"key":"REST"},{"data":"Skewer","floor":28,"key":"SMITH"},{"data":"Blade Dance","floor":32,"key":"SMITH"},{"floor":44,"key":"REST"},{"floor":49,"key":"REST"}],"circlet_count":0,"master_deck":["Survivor+1","Neutralize+1","CurseOfTheBell","Dagger Spray+1","Dramatic Entrance+1","PiercingWail+1","Quick Slash+1","Skewer+1","Backstab+1","Crippling Poison+1","A Thousand Cuts+1","After Image+1","Infinite Blades+1","Blade Dance+1","Dagger Throw+1","Slice+1","Venomology+1","Bouncing Flask+1","Leg Sweep+1","Backflip+1","Outmaneuver+1","Infinite Blades+1","Dagger Throw+1","Predator+1","Dagger Spray+1","Terror+1","Deflect+1","Clumsy"],"relics":["Calling Bell","Tiny Chest","Meat on the Bone","Unceasing Top","Frozen Egg 2","HandDrill","Boot","Vajra","Du-Vu Doll","Strange Spoon","War Paint","Cursed Key","Mercury Hourglass","Juzu Bracelet","TwistedFunnel","Eternal Feather","Blue Candle","Sundial","TheAbacus","Gremlin Horn","Strawberry","Pandora\u0027s Box","ClockworkSouvenir","Torii","Ninja Scroll","Shuriken","Mark of the Bloom","Lantern","CeramicFish","Question Card","PrismaticShard","Toy Ornithopter"],"acts_visited":["Exordium","TheCity","TheBeyond"],"potions_floor_usage":[12,16,16,16,16,19,21,27,33,33,40,40,42,45,47,50,50,50],"damage_taken":[{"damage":4,"enemies":"Small Slimes","floor":1,"turns":4},{"damage":3,"enemies":"2 Louse","floor":5,"turns":3},{"damage":0,"enemies":"Jaw Worm","floor":7,"turns":3},{"damage":3,"enemies":"3 Louse","floor":8,"turns":2},{"damage":10,"enemies":"2 Fungi Beasts","floor":10,"turns":3},{"damage":0,"enemies":"Blue Slaver","floor":12,"turns":1},{"damage":14,"enemies":"Hexaghost","floor":16,"turns":8},{"damage":13,"enemies":"Spheric Guardian","floor":18,"turns":4},{"damage":1,"enemies":"2 Thieves","floor":19,"turns":2},{"damage":0,"enemies":"Snecko","floor":21,"turns":3},{"damage":4,"enemies":"Centurion and Healer","floor":22,"turns":3},{"damage":22,"enemies":"Slavers","floor":23,"turns":4},{"damage":2,"enemies":"Cultist and Chosen","floor":27,"turns":4},{"damage":2,"enemies":"Snecko","floor":30,"turns":3},{"damage":50,"enemies":"Champ","floor":33,"turns":9},{"damage":2,"enemies":"Orb Walker","floor":35,"turns":2},{"damage":1,"enemies":"3 Darklings","floor":38,"turns":2},{"damage":33,"enemies":"4 Shapes","floor":39,"turns":2},{"damage":3,"enemies":"Nemesis","floor":40,"turns":4},{"damage":0,"enemies":"Spire Growth","floor":42,"turns":3},{"damage":16,"enemies":"Writhing Mass","floor":45,"turns":2},{"damage":0,"enemies":"Sphere and 2 Shapes","floor":46,"turns":1},{"damage":2,"enemies":"Donu and Deca","floor":50,"turns":5}],"seed_played":"4274652863312097168","potions_obtained":[{"floor":5,"key":"FearPotion"},{"floor":7,"key":"Ancient Potion"},{"floor":16,"key":"DuplicationPotion"},{"floor":30,"key":"Fire Potion"},{"floor":33,"key":"Ancient Potion"},{"floor":35,"key":"Explosive Potion"},{"floor":46,"key":"Strength Potion"}],"is_trial":false,"path_per_floor":["M","?","?","$","M","R","M","M","T","M","$","M","$","?","R","B",null,"M","M","$","M","M","E","T","R","T","M","R","?","M","$","R","B",null,"M","?","$","M","M","E","?","M","T","R","M","M","$","T","R","B",null],"character_chosen":"THE_SILENT","items_purchased":["Dramatic Entrance","Crippling Poison","HandDrill","Boot","Vajra","Fire Potion","Du-Vu Doll","Strange Spoon","EntropicBrew","War Paint","Infinite Blades+1","Mercury Hourglass","Juzu Bracelet","TwistedFunnel","Energy Potion","TheAbacus","Gremlin Horn","Strawberry","PowerPotion","ClockworkSouvenir","Torii","Ninja Scroll","DistilledChaos","CeramicFish","Question Card","Fruit Juice","SpeedPotion","PrismaticShard"],"campfire_rested":4,"item_purchase_floors":[4,11,11,11,11,11,13,13,13,13,20,20,20,20,20,31,31,31,31,37,37,37,37,47,47,47,47,47],"current_hp_per_floor":[59,59,59,59,56,56,56,53,53,43,43,43,43,29,50,36,62,49,48,48,48,44,34,34,67,67,65,70,70,68,75,77,39,68,66,66,66,65,44,41,41,41,41,41,25,25,25,25,25,23],"gold":96310,"neow_bonus":"BOSS_RELIC","is_daily":false,"chose_seed":false,"campfire_upgraded":3,"win_rate":0.0,"timestamp":1612896060,"path_taken":["M","?","?","$","M","R","M","M","T","M","$","M","$","?","R","BOSS","M","M","$","M","M","E","?","R","T","M","R","?","M","$","R","BOSS","M","?","$","M","M","E","?","M","T","R","M","M","$","?","R","BOSS"],"items_purchased_type":["Card","Card","Relic","Relic","Relic","Potion","Relic","Relic","Potion","Relic","Card","Relic","Relic","Relic","Potion","Relic","Relic","Relic","Potion","Relic","Relic","Relic","Potion","Relic","Relic","Potion","Potion","Relic"],"build_version":"2020-12-22","purchased_purges":3,"victory":true,"max_hp_per_floor":[70,70,70,70,70,70,70,70,70,70,70,70,70,70,70,70,70,70,70,70,70,70,70,70,70,70,70,70,70,70,77,77,77,77,77,77,77,77,77,77,77,77,77,77,77,77,82,82,82,82],"relic_stats":{"Mark of the Bloom":133,"Gremlin Horn":[6,6],"Torii":9,"counters":[23,77],"Blue Candle":[10],"CeramicFish":9,"Eternal Feather":19,"Juzu Bracelet":0,"War Paint":["Survivor","Defend_G"],"Boot":[36],"Cursed Key":4,"Question Card":0,"Mercury Hourglass":[158],"Strange Spoon":[73],"TheAbacus":[18],"Sundial":[2],"Shuriken":[16],"Tiny Chest":2,"Pandora\u0027s Box":["Dagger Throw","Slice","Venomology","Bouncing Flask","Leg Sweep","Backflip","Outmaneuver","Infinite Blades","Dagger Throw","Predator"],"HandDrill":[48],"obtain_stats":[{"TwistedFunnel":20,"Mark of the Bloom":41,"Lantern":43,"Gremlin Horn":31,"Torii":37,"CeramicFish":47,"Vajra":11,"Juzu Bracelet":20,"Boot":11,"Cursed Key":17,"PrismaticShard":47,"ClockworkSouvenir":37,"TheAbacus":31,"Sundial":26,"Ninja Scroll":37,"Strawberry":31,"Tiny Chest":0,"HandDrill":11,"Ring of the Snake":0,"Blue Candle":24,"Eternal Feather":23,"Frozen Egg 2":9,"War Paint":13,"Question Card":47,"Mercury Hourglass":20,"Calling Bell":0,"Du-Vu Doll":13,"Strange Spoon":13,"Shuriken":40,"Pandora\u0027s Box":34,"Unceasing Top":0,"Toy Ornithopter":48,"Meat on the Bone":0},{"TwistedFunnel":9,"Mark of the Bloom":19,"Lantern":20,"Gremlin Horn":14,"Torii":16,"CeramicFish":22,"Vajra":5,"Juzu Bracelet":9,"Boot":5,"Cursed Key":7,"PrismaticShard":22,"ClockworkSouvenir":16,"TheAbacus":14,"Sundial":12,"Ninja Scroll":16,"Strawberry":14,"Tiny Chest":0,"HandDrill":5,"Ring of the Snake":0,"Blue Candle":12,"Eternal Feather":12,"Frozen Egg 2":4,"War Paint":6,"Question Card":22,"Mercury Hourglass":9,"Calling Bell":0,"Du-Vu Doll":6,"Strange Spoon":6,"Shuriken":19,"Pandora\u0027s Box":15,"Unceasing Top":0,"Toy Ornithopter":22,"Meat on the Bone":0},{"TwistedFunnel":30,"Mark of the Bloom":66,"Lantern":69,"Gremlin Horn":47,"Torii":58,"CeramicFish":72,"Vajra":15,"Juzu Bracelet":30,"Boot":15,"Cursed Key":24,"PrismaticShard":72,"ClockworkSouvenir":58,"TheAbacus":47,"Sundial":40,"Ninja Scroll":58,"Strawberry":47,"Tiny Chest":0,"HandDrill":15,"Ring of the Snake":0,"Blue Candle":40,"Eternal Feather":40,"Frozen Egg 2":12,"War Paint":16,"Question Card":72,"Mercury Hourglass":30,"Calling Bell":0,"Du-Vu Doll":16,"Strange Spoon":16,"Shuriken":66,"Pandora\u0027s Box":56,"Unceasing Top":0,"Toy Ornithopter":72,"Meat on the Bone":0}],"Unceasing Top":[38],"Toy Ornithopter":0,"Meat on the Bone":36},"card_choices":[{"not_picked":["Concentrate","Backflip"],"picked":"Dagger Spray","floor":1},{"not_picked":["Masterful Stab","Prepared"],"picked":"PiercingWail","floor":5},{"not_picked":["Prepared","Escape Plan"],"picked":"Quick Slash","floor":7},{"not_picked":["Flying Knee","Bane"],"picked":"Skewer","floor":8},{"not_picked":["Acrobatics","Backflip"],"picked":"Backstab","floor":10},{"not_picked":["Deflect","Outmaneuver"],"picked":"A Thousand Cuts+1","floor":12},{"not_picked":["Night Terror","Venomology"],"picked":"After Image+1","floor":16},{"not_picked":["Sucker Punch+1","Choke+1","Eviscerate"],"picked":"SKIP","floor":18},{"not_picked":["Finisher","Concentrate+1","Tactician"],"picked":"SKIP","floor":19},{"not_picked":["Prepared+1","Poisoned Stab","Deadly Poison+1"],"picked":"SKIP","floor":21},{"not_picked":["Prepared+1","Acrobatics","PiercingWail"],"picked":"SKIP","floor":22},{"not_picked":["PiercingWail","Concentrate","Acrobatics"],"picked":"SKIP","floor":23},{"not_picked":["Outmaneuver","Sucker Punch","Backflip"],"picked":"SKIP","floor":27},{"not_picked":["Die Die Die","Flying Knee"],"picked":"Blade Dance","floor":30},{"not_picked":["Dash","Cloak And Dagger+1"],"picked":"Dagger Spray+1","floor":35},{"not_picked":["Sucker Punch","Backflip+1","Underhanded Strike"],"picked":"SKIP","floor":38},{"not_picked":["Quick Slash+1","Flying Knee+1"],"picked":"Terror+1","floor":39},{"not_picked":["Distraction","All Out Attack+1","Deadly Poison+1"],"picked":"SKIP","floor":40},{"not_picked":["Deflect","Backstab+1","Dash"],"picked":"SKIP","floor":42},{"not_picked":["Bane","Prepared+1","Dodge and Roll+1"],"picked":"SKIP","floor":45},{"not_picked":["Catalyst","Tactician"],"picked":"Deflect+1","floor":46}],"player_experience":186133,"relics_obtained":[{"floor":0,"key":"Tiny Chest"},{"floor":0,"key":"Meat on the Bone"},{"floor":0,"key":"Unceasing Top"},{"floor":9,"key":"Frozen Egg 2"},{"floor":23,"key":"Eternal Feather"},{"floor":24,"key":"Blue Candle"},{"floor":26,"key":"Sundial"},{"floor":40,"key":"Shuriken"},{"floor":43,"key":"Lantern"},{"floor":48,"key":"Toy Ornithopter"}],"event_choices":[{"damage_healed":0,"gold_gain":0,"player_choice":"Grow","damage_taken":0,"max_hp_gain":0,"max_hp_loss":0,"event_name":"Living Wall","floor":2,"gold_loss":0,"cards_upgraded":["Dagger Spray"]},{"damage_healed":0,"gold_gain":0,"player_choice":"Ignored","damage_taken":0,"max_hp_gain":0,"max_hp_loss":0,"event_name":"Golden Idol","floor":3,"gold_loss":0},{"damage_healed":0,"gold_gain":0,"player_choice":"Entered Light","damage_taken":14,"max_hp_gain":0,"max_hp_loss":0,"event_name":"Shining Light","floor":14,"gold_loss":0,"cards_upgraded":["Strike_G","Defend_G"]},{"damage_healed":0,"gold_gain":0,"player_choice":"Ignored","damage_taken":0,"max_hp_gain":0,"max_hp_loss":0,"event_name":"Vampires","floor":29,"gold_loss":0},{"damage_healed":0,"gold_gain":0,"player_choice":"Ignored","damage_taken":0,"max_hp_gain":0,"max_hp_loss":0,"event_name":"Tomb of Lord Red Mask","floor":36,"gold_loss":0},{"damage_healed":0,"gold_gain":0,"player_choice":"Upgrade","damage_taken":0,"relics_obtained":["Mark of the Bloom"],"max_hp_gain":0,"max_hp_loss":0,"event_name":"MindBloom","floor":41,"gold_loss":0,"cards_upgraded":["Neutralize","PiercingWail","Quick Slash","Backstab","Crippling Poison","Dagger Throw","Slice","Venomology","Bouncing Flask","Leg Sweep","Backflip","Outmaneuver","Dagger Throw","Predator"]}],"is_beta":false,"boss_relics":[{"not_picked":["HoveringKite","SacredBark"],"picked":"Cursed Key"},{"not_picked":["Busted Crown","Snecko Eye"],"picked":"Pandora\u0027s Box"}],"items_purged_floors":[31,37,47],"is_endless":false,"potions_floor_spawned":[5,7,16,18,30,33,35,39,46],"ascension_level":6}}