{"host":"0mk07bycsqo1qk03","time":1612872075,"event":{"mods":["BaseMod","Downfall","Hermit","Hubris","Minty Spire (QoL Compilation)","Reliquary","Replay The Spire","StSLib","The Cursed"],"gold_per_floor":[99,99,114,127,142,170,170,270,270,23,23,23,23,63,48,48,61,165,165,165,184,197,211,231,426,426,455,455,97,117,152,152,152,167,275,275,275,298,316,333,81,102,102,203,226,245,245,245,245,283,299,299],"floor_reached":53,"language":"ENG","playtime":2912,"items_purged":[],"score":1104,"play_id":"e09b79cb-b9d3-45af-9e76-5b832be6c753","local_time":"20210209130115","is_ascension_mode":true,"campfire_choices":[{"data":"sneckomod:TailWhip","floor":1.0,"key":"SMITH"},{"data":"sneckomod:Transmogrify","floor":9.0,"key":"SMITH"},{"data":"sneckomod:MasterEye","floor":11.0,"key":"SMITH"},{"data":"Immolate","floor":20.0,"key":"SMITH"},{"floor":28,"key":"REST"},{"data":"Echo Form","floor":37,"key":"SMITH"},{"data":"expansioncontent:QuickStudy","floor":48,"key":"SMITH"}],"circlet_count":0,"master_deck":["sneckomod:Strike","sneckomod:Strike","sneckomod:Strike","sneckomod:Defend","sneckomod:Defend","sneckomod:Defend","sneckomod:TailWhip+1","sneckomod:SnekBite","sneckomod:Unknown","sneckomod:Unknown","sneckomod:DiceBlock","sneckomod:UnendingSupply","sneckomod:Transmogrify+1","sneckomod:UnknownStrength","sneckomod:UnknownDexterity","sneckomod:MasterEye+1","Sweeping Beam","hexamod:Firestarter","ReplayTheSpireMod:Doomed","sneckomod:UnknownClassGUARDIAN","Immolate+1","Flechettes","TheCursedMod:CursedAmulet","TheCursedMod:RapidMovement","expansioncontent:HyperBeam","Replay:Sssssssssstrike","sneckomod:UnlimitedRolls","Guardian:Gem_Yellow","sneckomod:UnknownBlock","expansioncontent:QuickStudy+1","Echo Form+1","Necronomicurse","hubris:Greed","Adrenaline","hexamod:Rewind+1","ReplaySolidLightProjector+1","Sickly","Shame","DeceiveReality+1","Replay:Sssssssssshield+1","True Grit+1","expansioncontent:Chronoboost","expansioncontent:InvincibleStrength","expansioncontent:AwakenDeath","Mirror Shield"],"relics":["sneckomod:SneckoSoul","downfall:ShatteredFragment","PrismaticShard","m_SnakeBloodCore","hubris:VirtuousBlindfold","reliquary:NewFriend","Bag of Preparation","reliquary:BallBearing","reliquary:PorcupineQuills","Necronomicon","Cursed Key","Question Card","Lantern","Quantum Egg","Calipers","Happy Flower","Replay:Rubber Ducky"],"acts_visited":["Exordium","TheCity","TheBeyond"],"potions_floor_usage":[25,25,27,35,35,40,51,52],"damage_taken":[{"damage":0.0,"enemies":"Small Slimes","floor":3.0,"turns":2.0},{"damage":0.0,"enemies":"Jaw Worm","floor":4.0,"turns":4.0},{"damage":7.0,"enemies":"2 Louse","floor":5.0,"turns":3.0},{"damage":8.0,"enemies":"Lagavulin","floor":6.0,"turns":4.0},{"damage":5.0,"enemies":"downfall:FleeingMerchant","floor":10.0,"turns":4.0},{"damage":0.0,"enemies":"3 Louse","floor":14.0,"turns":3.0},{"damage":0.0,"enemies":"downfall:FleeingMerchant","floor":15.0,"turns":4.0},{"damage":17.0,"enemies":"Lots of Slimes","floor":17.0,"turns":3.0},{"damage":31.0,"enemies":"DF_ARCHETYPE_STREAMLINE","floor":18.0,"turns":8.0},{"damage":17,"enemies":"3 Byrds","floor":21,"turns":3},{"damage":18,"enemies":"Snecko","floor":22,"turns":5},{"damage":12,"enemies":"Shelled Parasite and Fungi","floor":23,"turns":6},{"damage":0,"enemies":"Snake Plant","floor":24,"turns":3},{"damage":20,"enemies":"downfall:FleeingMerchant","floor":25,"turns":4},{"damage":37,"enemies":"Book of Stabbing","floor":27,"turns":6},{"damage":3,"enemies":"Centurion and Healer","floor":30,"turns":3},{"damage":7,"enemies":"Replay:Snechameleon","floor":31,"turns":6},{"damage":0,"enemies":"Chosen and Byrds","floor":34,"turns":5},{"damage":22,"enemies":"IC_MUSHROOM_ARCHETYPE","floor":35,"turns":5},{"damage":0,"enemies":"3 Shapes","floor":38,"turns":1},{"damage":0,"enemies":"Orb Walker","floor":39,"turns":2},{"damage":5,"enemies":"Maw","floor":40,"turns":7},{"damage":0,"enemies":"Jaw Worm Horde","floor":42,"turns":1},{"damage":22,"enemies":"Sphere and 2 Shapes","floor":45,"turns":5},{"damage":0,"enemies":"Maw","floor":46,"turns":8},{"damage":6,"enemies":"Reptomancer","floor":50,"turns":5},{"damage":21,"enemies":"Writhing Mass","floor":51,"turns":11},{"damage":3,"enemies":"WA_ARCHETYPE_DIVINITY","floor":52,"turns":10}],"seed_played":"163255981135082893","potions_obtained":[{"floor":3.0,"key":"LiquidBronze"},{"floor":5.0,"key":"Toxic Potion"},{"floor":6.0,"key":"champ:CounterPotion"},{"floor":23,"key":"Venom Potion"},{"floor":27,"key":"sneckomod:DiceRollPotion"},{"floor":30,"key":"FairyPotion"},{"floor":33,"key":"CultistPotion"},{"floor":35,"key":"Block Potion"},{"floor":45,"key":"Reflective Coating"},{"floor":46,"key":"Swift Potion"},{"floor":50,"key":"Venom Potion"}],"is_trial":false,"path_per_floor":["R","?","M","M","M","E","T","?","R","$","R","PTL","PTL","M","$","?","M","B",null,"R","M","M","M","M","$","T","E","R","$","M","E","?","?","M","B",null,"R","M","M","M","$","M","T","?","M","M","?","R","?","E","M","B",null],"character_chosen":"THE_SNECKO","items_purchased":["PrismaticShard","sneckomod:MasterEye","sneckomod:UnlimitedRolls","Turnip","sneckomod:UnknownBlock","Question Card"],"campfire_rested":1,"item_purchase_floors":[10,10,25,29,29,41],"current_hp_per_floor":[81,60,60,60,53,45,45,45,45,40,40,40,40,40,40,40,26,23,108,108,94,79,70,73,56,56,22,54,54,54,50,34,34,37,18,108,108,108,108,106,106,108,108,108,89,92,92,92,82,79,61,61],"gold":299,"neow_bonus":"TWENTY_PERCENT_HP_BONUS","is_daily":false,"chose_seed":false,"campfire_upgraded":6,"win_rate":0.0,"timestamp":1612872075,"path_taken":["R","?","M","M","M","E","T","?","R","?","R","PTL","PTL","M","$","?","M","BOSS","R","M","M","M","M","$","T","E","R","$","M","E","?","?","M","BOSS","R","M","M","M","$","M","T","?","?","M","?","R","?","E","M","BOSS"],"items_purchased_type":["Relic","Card","Card","Relic","Card","Relic"],"build_version":"2020-12-22","purchased_purges":0,"victory":true,"max_hp_per_floor":[108,108,108,108,108,108,108,108,108,108,108,108,108,108,108,108,108,108,108,108,108,108,108,108,108,108,108,108,108,108,108,108,108,108,108,108,108,108,108,108,108,108,108,108,108,108,108,108,108,108,108,108],"card_choices":[{"not_picked":["sneckomod:UnknownDraw","sneckomod:CheapStock"],"picked":"sneckomod:DiceBlock","floor":3.0},{"not_picked":["sneckomod:UnknownClassGREEN","sneckomod:Unknown1Cost"],"picked":"sneckomod:UnendingSupply","floor":4.0},{"not_picked":["sneckomod:SoulRoll","sneckomod:DiceCrush"],"picked":"sneckomod:Transmogrify","floor":5.0},{"not_picked":["sneckomod:UnknownUncommonSkill","sneckomod:DiceBlock"],"picked":"sneckomod:UnknownStrength","floor":6.0},{"not_picked":["sneckomod:Transmogrify","sneckomod:DiceCrush"],"picked":"sneckomod:UnknownDexterity","floor":10.0},{"not_picked":["champ:EnragedBash","champ:EnGarde"],"picked":"Sweeping Beam","floor":14.0},{"not_picked":["sneckomod:UnknownDraw","champ:DefensiveShout"],"picked":"hexamod:Firestarter","floor":15.0},{"not_picked":["TheCursedMod:CursedStaff","Run Through"],"picked":"sneckomod:UnknownClassGUARDIAN","floor":17.0},{"not_picked":["Establishment","hubris:DoWhile"],"picked":"Immolate","floor":18.0},{"not_picked":["Steam","TheCursedMod:ReleasedKnowledge+1"],"picked":"Flechettes","floor":21},{"not_picked":["hubris:Sniper+1","Deep Breath"],"picked":"TheCursedMod:CursedAmulet","floor":22},{"not_picked":["bronze:CutThrough","Deflect"],"picked":"TheCursedMod:RapidMovement","floor":23},{"not_picked":["Guardian:Recover","Sucker Punch"],"picked":"expansioncontent:HyperBeam","floor":24},{"not_picked":["Rebound","hexamod:GhostOfSpireFuture+1"],"picked":"Replay:Sssssssssstrike","floor":25},{"not_picked":["Flash of Steel","bronze:Safeguard+1"],"picked":"Guardian:Gem_Yellow","floor":27},{"not_picked":["hermit:HoleUp","Shrug It Off+1"],"picked":"expansioncontent:QuickStudy","floor":30},{"not_picked":["Slimebound:LeechingTouch","hermit:Horror+1"],"picked":"Echo Form","floor":31},{"not_picked":["Good Instincts","PathToVictory+1","TheCursedMod:Wield+1"],"picked":"SKIP","floor":34},{"not_picked":["Buffer","TheCursedMod:Neurasthenia"],"picked":"Adrenaline","floor":35},{"not_picked":["ReachHeaven","Guardian:BodySlam"],"picked":"hexamod:Rewind+1","floor":38},{"not_picked":["Deflect+1","Slimebound:SplitAcid","CarveReality+1"],"picked":"SKIP","floor":39},{"not_picked":["hexamod:Haunt+1","Guardian:EvasiveProtocol","TheCursedMod:VitalStrike"],"picked":"SKIP","floor":40},{"not_picked":["Guardian:TemporalShield+1","hexamod:HeatMetal","Prepared"],"picked":"ReplaySolidLightProjector+1","floor":42},{"not_picked":["hermit:HoleUp+1","sneckomod:UnknownCommonSkill+1","Tantrum"],"picked":"DeceiveReality+1","floor":44},{"not_picked":["champ:EnGarde+1","Warcry+1","Cold Snap"],"picked":"Replay:Sssssssssshield+1","floor":44},{"not_picked":["TheCursedMod:StingEye","Backflip","ReplayTheSpireMod:Scrap Shanks+1"],"picked":"True Grit+1","floor":45},{"not_picked":["hermit:PistolWhip","champ:FanOfKnives","Slimebound:HauntingLick","Wireheading+1"],"picked":"SKIP","floor":46},{"not_picked":["Replay:SS_forest_2","expansioncontent:InvincibleStrength"],"picked":"expansioncontent:Chronoboost","floor":49},{"not_picked":["expansioncontent:Hexaburn","expansioncontent:GuardianWhirl"],"picked":"expansioncontent:InvincibleStrength","floor":49},{"not_picked":["expansioncontent:YouAreMine","expansioncontent:PolyBeam"],"picked":"expansioncontent:AwakenDeath","floor":49},{"not_picked":["hexamod:SoulSteal+1","Go for the Eyes","ReplayTheSpireMod:Reroute Power+1"],"picked":"Mirror Shield","floor":50},{"not_picked":["Poisoned Stab+1","champ:AdrenalArmor+1","hexamod:SuperheatedStrike","hexamod:CatchUp+1"],"picked":"SKIP","floor":51}],"player_experience":1029066,"relics_obtained":[{"floor":6.0,"key":"Pantograph"},{"floor":7.0,"key":"Centennial Puzzle"},{"floor":10.0,"key":"reliquary:Boomerang"},{"floor":14.0,"key":"Bag of Preparation"},{"floor":15.0,"key":"Pantograph"},{"floor":17.0,"key":"Pantograph"},{"floor":21,"key":"Eternal Feather"},{"floor":22,"key":"reliquary:NewFriend"},{"floor":23,"key":"Bag of Preparation"},{"floor":26,"key":"reliquary:BallBearing"},{"floor":27,"key":"Replay:Rubber Ducky"},{"floor":31,"key":"reliquary:PorcupineQuills"},{"floor":32,"key":"Necronomicon"},{"floor":40,"key":"Turnip"},{"floor":43,"key":"Quantum Egg"},{"floor":44,"key":"Lantern"},{"floor":45,"key":"Quantum Egg"},{"floor":50,"key":"Calipers"},{"floor":50,"key":"Happy Flower"},{"floor":51,"key":"Replay:Rubber Ducky"}],"event_choices":[],"is_beta":false,"boss_relics":[{"not_picked":["hubris:HollowSoul","sneckomod:SuperSneckoSoul"],"picked":"hubris:VirtuousBlindfold"},{"not_picked":["Replay:Drink Me","Honey Jar"],"picked":"Cursed Key"}],"items_purged_floors":[],"is_endless":false,"potions_floor_spawned":[3,5,6,23,27,30,35,45,46,50],"ascension_level":2}}