{"host":"gjbmv0wqve0qfw94","time":1612879668,"event":{"mods":["BaseMod","Colored Map","Colored Powertips","DeckTracker","Googly Eyes","Minty Spire (QoL Compilation)","StSLib"],"gold_per_floor":[114,128,128,128,142,142,142,170,245,245,263,103,135,155,155,155,155],"floor_reached":16,"language":"ENG","playtime":506,"items_purged":["Defend_G"],"score":220,"play_id":"81e54641-046a-4f0a-a72a-a6e79aaf2401","local_time":"20210209150748","is_ascension_mode":true,"campfire_choices":[{"data":"Noxious Fumes","floor":6,"key":"SMITH"},{"floor":10,"key":"REST"},{"data":"Bouncing Flask","floor":15,"key":"SMITH"}],"circlet_count":0,"master_deck":["AscendersBane","Strike_G","Strike_G","Strike_G","Strike_G","Defend_G","Defend_G","Defend_G","Defend_G","Survivor","Neutralize","Poisoned Stab","Dagger Throw","Corpse Explosion","Noxious Fumes+1","Well Laid Plans","Bouncing Flask+1"],"relics":["Ring of the Snake","Peace Pipe","Orichalcum","Happy Flower","Ninja Scroll"],"acts_visited":["Exordium"],"potions_floor_usage":[8,13,13,16],"damage_taken":[{"damage":7,"enemies":"Small Slimes","floor":1,"turns":5},{"damage":7,"enemies":"Jaw Worm","floor":2,"turns":4},{"damage":0,"enemies":"Cultist","floor":5,"turns":3},{"damage":8,"enemies":"3 Sentries","floor":8,"turns":3},{"damage":5,"enemies":"Blue Slaver","floor":11,"turns":5},{"damage":2,"enemies":"Gremlin Nob","floor":13,"turns":3},{"damage":1,"enemies":"Looter","floor":14,"turns":3},{"damage":37,"enemies":"Slime Boss","floor":16,"turns":7}],"seed_played":"-1381808914792387192","potions_obtained":[{"floor":5,"key":"SkillPotion"},{"floor":8,"key":"Strength Potion"},{"floor":13,"key":"Fruit Juice"}],"is_trial":false,"path_per_floor":["M","M","?","?","M","R","?","E","T","R","M","$","E","M","R","B"],"character_chosen":"THE_SILENT","items_purchased":["CunningPotion"],"campfire_rested":1,"item_purchase_floors":[12],"current_hp_per_floor":[37,30,25,25,25,25,25,17,17,36,31,31,29,28,28,0,0],"gold":155,"neow_bonus":"ONE_RARE_RELIC","is_daily":false,"chose_seed":false,"campfire_upgraded":2,"win_rate":0.0,"timestamp":1612879668,"path_taken":["M","M","?","?","M","R","?","E","T","R","?","?","E","M","R","BOSS"],"items_purchased_type":["Potion"],"build_version":"2020-12-22","purchased_purges":1,"victory":false,"max_hp_per_floor":[66,66,66,66,66,66,66,66,66,66,66,66,66,66,66,71,71],"card_choices":[{"not_picked":["Tactician","Cloak And Dagger"],"picked":"Poisoned Stab","floor":1},{"not_picked":["Underhanded Strike","Dodge and Roll"],"picked":"Dagger Throw","floor":2},{"not_picked":["Dagger Throw","Bane"],"picked":"Noxious Fumes","floor":5},{"not_picked":["Terror","PiercingWail"],"picked":"Well Laid Plans","floor":8},{"not_picked":["Corpse Explosion","Underhanded Strike","Acrobatics"],"picked":"SKIP","floor":11},{"not_picked":["Dagger Spray","Infinite Blades","Dodge and Roll"],"picked":"SKIP","floor":13},{"not_picked":["Outmaneuver","Slice"],"picked":"Bouncing Flask","floor":14}],"player_experience":1220184,"relics_obtained":[{"floor":8,"key":"Happy Flower"},{"floor":13,"key":"Ninja Scroll"}],"event_choices":[{"damage_healed":0,"gold_gain":0,"player_choice":"Success","damage_taken":5,"relics_obtained":["Orichalcum"],"max_hp_gain":0,"max_hp_loss":0,"event_name":"Scrap Ooze","floor":3,"gold_loss":0},{"damage_healed":0,"gold_gain":0,"cards_transformed":["Strike_G"],"player_choice":"Change","damage_taken":0,"max_hp_gain":0,"max_hp_loss":0,"event_name":"Living Wall","floor":4,"gold_loss":0,"cards_obtained":["Corpse Explosion"]},{"damage_healed":0,"gold_gain":0,"player_choice":"Ignored","damage_taken":0,"max_hp_gain":0,"max_hp_loss":0,"event_name":"Shining Light","floor":7,"gold_loss":0}],"is_beta":false,"boss_relics":[],"items_purged_floors":[12],"is_endless":false,"potions_floor_spawned":[5,8,13],"killed_by":"Slime Boss","ascension_level":20}}