{"host":"dvz52zoduqbx9zr0","time":1612877620,"event":{"mods":["AchievementEnabler","Always Whale","Aspiration","BaseMod","BetterRewards","Colored Map","Conspire","Custom Start","Downfall","Halation","Hubris","Jedi Mod","Minty Spire (QoL Compilation)","Relic Sorter","Replay The Spire","Shop Mod","StSLib","SuperFastMode"],"gold_per_floor":[199,215,235,252,267,167,167,167,104,133,148,148,148,176,194,194,194,194],"floor_reached":16,"language":"ENG","playtime":839,"items_purged":[],"score":112,"play_id":"2f103435-6a6f-4d4d-9ead-82d9e62c46e4","local_time":"20210209233340","is_ascension_mode":false,"campfire_choices":[{"floor":1,"key":"RECALL"},{"data":"champ:Taunt","floor":6,"key":"SMITH"},{"data":"champ:Execute","floor":8,"key":"SMITH"},{"floor":13,"key":"REST"}],"circlet_count":0,"master_deck":["champ:Strike","champ:Strike","champ:Strike","champ:Strike","champ:Defend","champ:Defend","champ:Defend","champ:Defend","champ:Execute+1","champ:Taunt+1","champ:HeartStrike","champ:FocusedBerserking","champ:DeathBlow","champ:FocusedBerserking","champ:EnGarde","champ:BerserkersShout","champ:FanOfKnives+1","champ:FaceSlap"],"relics":["champ:ChampionCrown","downfall:HeartBlessingRed","Juzu Bracelet","Bronze Scales","Replay:Mystery Machine"],"acts_visited":["Exordium"],"potions_floor_usage":[10,16],"damage_taken":[{"damage":0,"enemies":"Small Slimes","floor":2,"turns":4},{"damage":14,"enemies":"2 Louse","floor":3,"turns":5},{"damage":24,"enemies":"Cultist","floor":4,"turns":6},{"damage":17,"enemies":"3 Louse","floor":5,"turns":4},{"damage":25,"enemies":"downfall:FleeingMerchant","floor":9,"turns":4},{"damage":67,"enemies":"3 Sentries","floor":10,"turns":7},{"damage":36,"enemies":"Exordium Thugs","floor":11,"turns":3},{"damage":45,"enemies":"Gremlin Nob","floor":14,"turns":4},{"damage":10,"enemies":"Gremlin Gang","floor":15,"turns":1},{"damage":52,"enemies":"DF_ARCHETYPE_STREAMLINE","floor":16,"turns":4}],"seed_played":"9204438286039933238","potions_obtained":[{"floor":2,"key":"Fire Potion"},{"floor":5,"key":"Swift Potion"},{"floor":15,"key":"Swift Potion"}],"is_trial":false,"path_per_floor":["R_BF","M","M","M","M","R","T","R","$","E","M","?","R","E","M","B"],"character_chosen":"THE_CHAMP","items_purchased":["champ:EnGarde"],"campfire_rested":1,"item_purchase_floors":[9],"current_hp_per_floor":[90,90,86,72,65,65,65,65,60,38,32,32,59,34,34,0,0,0],"gold":194,"neow_bonus":"HUNDRED_GOLD","is_daily":false,"chose_seed":false,"campfire_upgraded":2,"win_rate":0.0,"timestamp":1612877620,"path_taken":["R_BF","M","M","M","M","R","T","R","$","E","M","?","R","E","M","BOSS"],"items_purchased_type":["Card"],"build_version":"2020-12-22","purchased_purges":0,"victory":false,"max_hp_per_floor":[90,90,90,90,90,90,90,90,90,90,90,90,90,90,90,90,90,90],"card_choices":[{"not_picked":["champ:DefensiveShout","champ:EndlessRage"],"picked":"champ:HeartStrike","floor":2},{"not_picked":["champ:SetATrap","champ:CrownThrow"],"picked":"champ:FocusedBerserking","floor":3},{"not_picked":["champ:Parry","champ:EnGarde","champ:GutPunch"],"picked":"SKIP","floor":4},{"not_picked":["champ:PreciseThrust","champ:TornadoPunch"],"picked":"champ:DeathBlow","floor":5},{"not_picked":["champ:SetATrap","champ:DefensiveShout"],"picked":"champ:FocusedBerserking","floor":9},{"not_picked":["champ:EnGarde","champ:PerfectedStrike"],"picked":"champ:BerserkersShout","floor":10},{"not_picked":["champ:RisingSlash","champ:BringItOn"],"picked":"champ:FanOfKnives","floor":11},{"not_picked":["champ:PerfectedStrike","champ:EndlessRage","champ:FocusedDefense"],"picked":"SKIP","floor":14},{"not_picked":["champ:GutPunch","champ:PreciseThrust"],"picked":"champ:FaceSlap","floor":15}],"player_experience":214714,"relics_obtained":[{"floor":7,"key":"Juzu Bracelet"},{"floor":10,"key":"Bronze Scales"},{"floor":14,"key":"Replay:Mystery Machine"}],"event_choices":[],"is_beta":false,"boss_relics":[],"items_purged_floors":[],"is_endless":false,"potions_floor_spawned":[2,5,15],"killed_by":"DF_ARCHETYPE_STREAMLINE","ascension_level":0}}