{"host":"Ringo","time":1612868251,"event":{"mods":["BaseMod","Colored Map","Conspire","Dota2Spire","Hubris","Minty Spire (QoL Compilation)","Replay The Spire","StSLib","The Construct","[IsaacMod]ÒÔÈö¼âËþ","¡¾ÒÅÎï¿¨ÅÆ¡¿REMEMod"],"gold_per_floor":[109,121,141,141,194,232,288,313,359,391,391,447,481,499,499,602,652,652,652],"floor_reached":18,"language":"ZHS","playtime":475,"items_purged":[],"score":895,"play_id":"fbc41088-75cc-43c5-bf7c-a7f80636af39","local_time":"20210209185731","daily_mods":["SealedDeck","Vintage","Red Cards","Purple Cards","Colorless Cards","Heirloom","Time Dilation","Flight","DeadlyEvents","Elite Swarm","Lethality","Binary"],"is_ascension_mode":true,"campfire_choices":[{"data":"Impatience","floor":11,"key":"SMITH"},{"data":"Tantrum","floor":15,"key":"SMITH"}],"circlet_count":0,"master_deck":["AscendersBane","FollowUp+1","JustLucky","Inflame","Iron Wave","Impatience+1","Anger","ClearTheMind","Consecrate","Tantrum+1","Hemokinesis","Immolate","hubris:NaturalOne"],"relics":["Burning Blood","Busted Crown","HushsDoor","REME_ComplimentaryCards","replay:Trail_Library","hubris:Potato","SalivaCoin","BookOfRevelations","Smiling Mask","Dota2Spire:HandOfMidas","hubris:Icosahedron","Dota2Spire:ArmletOfMordiggian","Mango","Dota2Spire:LotusOrb","Dota2Spire:Vanguard","Bronze Scales","hubris:IronBody","Replay:Mystery Machine","Mirror","TheBean","Tiny House"],"acts_visited":["Exordium","TheCity"],"potions_floor_usage":[8,17],"damage_taken":[{"damage":0,"enemies":"Cultist","floor":1,"turns":2},{"damage":0,"enemies":"conspire:RoseBush","floor":2,"turns":1},{"damage":0,"enemies":"Small Slimes","floor":3,"turns":1},{"damage":0,"enemies":"Exordium Thugs","floor":5,"turns":2},{"damage":2,"enemies":"3 Sentries","floor":6,"turns":2},{"damage":0,"enemies":"Gremlin Nob","floor":7,"turns":2},{"damage":0,"enemies":"Lagavulin","floor":8,"turns":1},{"damage":0,"enemies":"Gremlin Nob","floor":10,"turns":2},{"damage":0,"enemies":"3 Sentries","floor":12,"turns":2},{"damage":0,"enemies":"Lagavulin","floor":13,"turns":3},{"damage":0,"enemies":"2 Fungi Beasts","floor":14,"turns":1},{"damage":0,"enemies":"Slime Boss","floor":16,"turns":2},{"damage":0,"enemies":"conspire:FuzzyDice","floor":18,"turns":1}],"seed_played":"-7179092248896741686","potions_obtained":[{"floor":2,"key":"SteroidPotion"},{"floor":5,"key":"FearPotion"},{"floor":8,"key":"Dota2Spire:HealingSalve"},{"floor":17,"key":"Fruit Juice"}],"is_trial":true,"path_per_floor":["M","M","M","?","M","E","E","E","T","E","R","E","E","M","R","B",null,"M"],"character_chosen":"IRONCLAD","items_purchased":[],"campfire_rested":0,"item_purchase_floors":[],"current_hp_per_floor":[74,75,75,75,75,89,89,89,89,89,89,89,89,89,89,89,99,99,99],"gold":652,"neow_bonus":"","is_daily":false,"chose_seed":false,"campfire_upgraded":2,"win_rate":0.0,"timestamp":1612868251,"path_taken":["M","M","M","?","M","E","E","E","T","E","R","E","E","M","R","BOSS","M"],"items_purchased_type":[],"build_version":"2020-12-18","purchased_purges":0,"victory":false,"max_hp_per_floor":[75,75,75,75,75,89,89,89,89,89,89,89,89,89,89,89,99,99,99],"card_choices":[],"player_experience":666723,"relics_obtained":[{"floor":1,"key":"BookOfRevelations"},{"floor":2,"key":"Smiling Mask"},{"floor":3,"key":"Dota2Spire:HandOfMidas"},{"floor":5,"key":"Dota2Spire:ArmletOfMordiggian"},{"floor":6,"key":"Mango"},{"floor":7,"key":"Dota2Spire:LotusOrb"},{"floor":8,"key":"Dota2Spire:Vanguard"},{"floor":9,"key":"Bronze Scales"},{"floor":10,"key":"hubris:IronBody"},{"floor":12,"key":"Replay:Mystery Machine"},{"floor":13,"key":"Mirror"},{"floor":14,"key":"TheBean"}],"event_choices":[],"is_beta":true,"boss_relics":[{"not_picked":["hubris:HollowSoul","hubris:Stopwatch"],"picked":"Tiny House"},{"not_picked":[]}],"items_purged_floors":[],"is_endless":false,"potions_floor_spawned":[2,5,6,8,10,12,14],"killed_by":"conspire:FuzzyDice","ascension_level":20}}