{"host":"kk6i5v7sjcm8i50x","time":1612835755,"event":{"mods":["BaseMod","Bestiary","Colored Map","Downfall","Minty Spire (QoL Compilation)","StSLib","The Saiyan"],"gold_per_floor":[363,438,438,454,24,50,67,96,96,115,115,125,125,125,125,220,220,230,244,244,244,259,259,285,295,295,2,15,15,15],"floor_reached":29,"language":"ENG","playtime":1034,"items_purged":["Defend_R","Defend_R"],"score":333,"play_id":"a8f97f46-b416-422e-b3e2-bb7ba98643c6","local_time":"20210208205555","is_ascension_mode":true,"campfire_choices":[{"floor":11,"key":"REST"},{"floor":13,"key":"REST"},{"data":"Bash","floor":15,"key":"SMITH"},{"floor":23,"key":"REST"}],"circlet_count":0,"master_deck":["Strike_R","Strike_R","Strike_R","Strike_R","Strike_R","Defend_R","Defend_R","Bash+1","Wild Strike","Twin Strike","Swift Strike","Clash","Wild Strike","Warcry","Flex","Wild Strike","Warcry","Immolate","Clothesline","Ghostly","Ghostly","Ghostly","Ghostly","Ghostly","Clash","Flex+1","Double Tap+1","Transmutation+1","Twin Strike"],"relics":["Burning Blood","Self Forming Clay","InkBottle","Shuriken","Ancient Tea Set","Juzu Bracelet","Philosopher\u0027s Stone","Toxic Egg 2","Strawberry","Eternal Feather"],"acts_visited":["Exordium","TheCity"],"potions_floor_usage":[12,16,16,24,28,29],"damage_taken":[{"damage":9,"enemies":"2 Louse","floor":1,"turns":3},{"damage":2,"enemies":"Jaw Worm","floor":4,"turns":4},{"damage":33,"enemies":"Lagavulin","floor":6,"turns":5},{"damage":12,"enemies":"Small Slimes","floor":7,"turns":2},{"damage":0,"enemies":"Gremlin Nob","floor":8,"turns":2},{"damage":14,"enemies":"Red Slaver","floor":10,"turns":2},{"damage":0,"enemies":"Exordium Wildlife","floor":12,"turns":2},{"damage":12,"enemies":"Slime Boss","floor":16,"turns":9},{"damage":12,"enemies":"2 Thieves","floor":18,"turns":2},{"damage":2,"enemies":"Spheric Guardian","floor":19,"turns":3},{"damage":28,"enemies":"Chosen and Byrds","floor":22,"turns":6},{"damage":3,"enemies":"Book of Stabbing","floor":24,"turns":4},{"damage":22,"enemies":"Cultist and Chosen","floor":25,"turns":7},{"damage":9,"enemies":"Snake Plant","floor":28,"turns":2},{"damage":26,"enemies":"Gremlin Leader","floor":29,"turns":1}],"seed_played":"6775260390493331038","potions_obtained":[{"floor":1,"key":"SkillPotion"},{"floor":7,"key":"Energy Potion"},{"floor":12,"key":"DuplicationPotion"},{"floor":14,"key":"SkillPotion"},{"floor":14,"key":"HeartOfIron"},{"floor":22,"key":"BlessingOfTheForge"},{"floor":24,"key":"SkillPotion"}],"is_trial":false,"path_per_floor":["M","?","T","M","$","E","M","E","T","M","R","M","R","?","R","B",null,"M","M","?","T","M","R","E","M","T","$","M","E"],"character_chosen":"IRONCLAD","items_purchased":["Swift Strike","InkBottle","Clash","Transmutation+1"],"campfire_rested":3,"item_purchase_floors":[5,5,5,27],"current_hp_per_floor":[53,42,42,46,46,19,13,19,19,11,35,41,65,65,65,59,80,74,78,40,40,18,30,40,24,24,24,21,0,0],"gold":15,"neow_bonus":"TWO_FIFTY_GOLD","is_daily":false,"chose_seed":false,"campfire_upgraded":1,"win_rate":0.0,"timestamp":1612835755,"path_taken":["M","?","?","M","$","E","M","E","T","M","R","M","R","?","R","BOSS","M","M","?","?","M","R","E","M","T","$","M","E"],"items_purchased_type":["Card","Relic","Card","Card"],"build_version":"2020-12-22","purchased_purges":2,"victory":false,"max_hp_per_floor":[80,80,80,80,80,80,80,80,80,80,80,80,80,80,80,80,80,80,80,40,40,40,40,47,47,47,47,47,47,47],"card_choices":[{"not_picked":["Flame Barrier","Clash"],"picked":"Wild Strike","floor":1},{"not_picked":["Dark Embrace","Power Through"],"picked":"Twin Strike","floor":4},{"not_picked":["Armaments","Iron Wave"],"picked":"Wild Strike","floor":6},{"not_picked":["Entrench","Iron Wave"],"picked":"Warcry","floor":7},{"not_picked":["Dropkick","Cleave"],"picked":"Flex","floor":8},{"not_picked":["Shrug It Off","Second Wind"],"picked":"Wild Strike","floor":10},{"not_picked":["Intimidate","Cleave"],"picked":"Warcry","floor":12},{"not_picked":["Double Tap","Bludgeon"],"picked":"Immolate","floor":16},{"not_picked":["Havoc","Armaments","Searing Blow"],"picked":"SKIP","floor":18},{"not_picked":["Armaments","Hemokinesis"],"picked":"Clothesline","floor":19},{"not_picked":["Havoc+1","Cleave"],"picked":"Clash","floor":22},{"not_picked":["Body Slam+1","Power Through+1"],"picked":"Flex+1","floor":24},{"not_picked":["Flame Barrier+1","Cleave"],"picked":"Double Tap+1","floor":25},{"not_picked":["Blood for Blood","Warcry+1"],"picked":"Twin Strike","floor":28}],"player_experience":171513,"relics_obtained":[{"floor":3,"key":"Self Forming Clay"},{"floor":6,"key":"Shuriken"},{"floor":8,"key":"Ancient Tea Set"},{"floor":9,"key":"Juzu Bracelet"},{"floor":21,"key":"Toxic Egg 2"},{"floor":24,"key":"Strawberry"},{"floor":26,"key":"Eternal Feather"}],"event_choices":[{"damage_healed":0,"gold_gain":75,"player_choice":"Gather Gold","damage_taken":11,"max_hp_gain":0,"max_hp_loss":0,"event_name":"World of Goop","floor":2,"gold_loss":0},{"damage_healed":0,"gold_gain":0,"player_choice":"Got Potions","damage_taken":0,"max_hp_gain":0,"max_hp_loss":0,"event_name":"Lab","floor":14,"gold_loss":0},{"damage_healed":0,"gold_gain":0,"player_choice":"Became a Ghost","damage_taken":0,"max_hp_gain":0,"max_hp_loss":40,"event_name":"Ghosts","floor":20,"gold_loss":0,"cards_obtained":["Ghostly","Ghostly","Ghostly","Ghostly","Ghostly"]}],"is_beta":false,"boss_relics":[{"not_picked":["Fusion Hammer","bronze:MakeshiftBattery"],"picked":"Philosopher\u0027s Stone"}],"items_purged_floors":[5,27],"is_endless":false,"potions_floor_spawned":[1,7,12,22,24],"killed_by":"Gremlin Leader","ascension_level":2}}