{"host":"zsnmfqgcm92hlreo","time":1612851029,"event":{"mods":["AchievementEnabler","BaseMod","Bestiary","Block Reminder","Colored Map","Colored Powertips","Minty Spire (QoL Compilation)","Permanent Neow","Quick Restart","Relic Stats","StSLib","Weighted Paths"],"gold_per_floor":[117,117,128,145,163,188,188,216,243,268,268,293,293,345,345,422,422,440,127,146,146,12,48,57,70,138,138,108,23,41,60,69,69,69],"floor_reached":33,"language":"ENG","playtime":1399,"items_purged":["Parasite"],"score":586,"play_id":"d1bc693a-17e6-4c49-8d78-4a898b2ae5c1","local_time":"20210209001029","is_ascension_mode":true,"campfire_choices":[{"floor":7.0,"key":"REST"},{"floor":15.0,"key":"REST"},{"floor":24.0,"key":"REST"},{"floor":27.0,"key":"REST"},{"floor":32,"key":"REST"}],"circlet_count":0,"master_deck":["AscendersBane","Strike_R","Strike_R","Strike_R","Defend_R","Defend_R","Defend_R","Defend_R","Bash","Clothesline","Disarm","Bash","Brutality","Inflame","Dual Wield","Feel No Pain","Perfected Strike+1","Shrug It Off","Perfected Strike","Fiend Fire","CurseOfTheBell","Dual Wield","Rupture","Inflame","Corruption","Second Wind","Fiend Fire","Disarm","Heavy Blade"],"relics":["Snecko Eye","Thread and Needle","Centennial Puzzle","Dream Catcher","Juzu Bracelet","Boot","Calling Bell","Omamori","The Courier","Pocketwatch","Red Skull","Potion Belt","CeramicFish","Letter Opener","Bag of Marbles"],"acts_visited":["Exordium","TheCity"],"potions_floor_usage":[33],"damage_taken":[{"damage":2.0,"enemies":"Jaw Worm","floor":1.0,"turns":3.0},{"damage":6.0,"enemies":"Cultist","floor":3.0,"turns":3.0},{"damage":11.0,"enemies":"Small Slimes","floor":4.0,"turns":4.0},{"damage":16.0,"enemies":"Exordium Wildlife","floor":5.0,"turns":5.0},{"damage":27.0,"enemies":"Lagavulin","floor":6.0,"turns":8.0},{"damage":2.0,"enemies":"Gremlin Nob","floor":8.0,"turns":3.0},{"damage":6.0,"enemies":"3 Sentries","floor":10.0,"turns":7.0},{"damage":9.0,"enemies":"Lagavulin","floor":12.0,"turns":5.0},{"damage":20.0,"enemies":"The Guardian","floor":16.0,"turns":10.0},{"damage":30.0,"enemies":"3 Byrds","floor":18.0,"turns":4.0},{"damage":0.0,"enemies":"Chosen","floor":20.0,"turns":3.0},{"damage":18.0,"enemies":"Gremlin Leader","floor":23.0,"turns":4.0},{"damage":11.0,"enemies":"3 Cultists","floor":25.0,"turns":4.0},{"damage":0.0,"enemies":"Snake Plant","floor":30.0,"turns":1.0},{"damage":6,"enemies":"Snecko","floor":31,"turns":3},{"damage":74,"enemies":"Collector","floor":33,"turns":6}],"seed_played":"-29296626000567317","potions_obtained":[{"floor":4.0,"key":"Dexterity Potion"},{"floor":5.0,"key":"FearPotion"},{"floor":6.0,"key":"Swift Potion"},{"floor":8.0,"key":"Block Potion"},{"floor":12.0,"key":"Fire Potion"},{"floor":16.0,"key":"Energy Potion"},{"floor":23.0,"key":"SpeedPotion"},{"floor":28.0,"key":"LiquidMemories"},{"floor":28.0,"key":"SneckoOil"},{"floor":30.0,"key":"LiquidBronze"}],"is_trial":false,"path_per_floor":["M","?","M","M","M","E","R","E","T","E","?","E","?","?","R","B",null,"M","$","M","?","$","E","R","M","T","R","?","?","M","M","R","B"],"character_chosen":"IRONCLAD","items_purchased":["Rupture","Inflame","Red Skull","Potion Belt"],"campfire_rested":5,"item_purchase_floors":[19,19,19,22],"current_hp_per_floor":[66,66,60,49,33,6,28,26,26,20,38,29,29,29,51,31,64,34,34,34,34,34,16,37,26,26,47,47,47,47,41,62,0,0],"gold":69,"neow_bonus":"BOSS_RELIC","is_daily":false,"chose_seed":false,"campfire_upgraded":0,"win_rate":0.0,"timestamp":1612851029,"path_taken":["M","?","M","M","M","E","R","E","T","E","?","E","?","?","R","BOSS","M","$","M","?","$","E","R","M","T","R","?","?","M","M","R","BOSS"],"items_purchased_type":["Card","Card","Relic","Relic"],"build_version":"2020-12-22","purchased_purges":1,"victory":false,"max_hp_per_floor":[75,75,75,75,75,75,75,75,75,75,75,75,75,75,75,75,75,75,72,72,72,72,72,72,72,72,72,72,72,72,72,72,72,72],"relic_stats":{"Centennial Puzzle":[21],"Dream Catcher":4,"counters":[16,73],"CeramicFish":27,"Snecko Eye":[110,134,167,128],"Juzu Bracelet":3,"Letter Opener":[15],"Boot":[19],"obtain_stats":[{"Potion Belt":22,"CeramicFish":23,"Thread and Needle":6,"The Courier":17,"Juzu Bracelet":10,"Omamori":17,"Letter Opener":26,"Boot":12,"Burning Blood":0,"Calling Bell":17,"Centennial Puzzle":8,"Dream Catcher":9,"Snecko Eye":0,"Bag of Marbles":29,"Red Skull":19,"Pocketwatch":17},{"Potion Belt":11,"CeramicFish":12,"Thread and Needle":5,"The Courier":9,"Juzu Bracelet":7,"Omamori":9,"Letter Opener":13,"Boot":8,"Burning Blood":0,"Calling Bell":9,"Centennial Puzzle":6,"Dream Catcher":6,"Snecko Eye":0,"Bag of Marbles":13,"Red Skull":10,"Pocketwatch":9},{"Potion Belt":55,"CeramicFish":59,"Thread and Needle":23,"The Courier":48,"Juzu Bracelet":33,"Omamori":48,"Letter Opener":63,"Boot":38,"Burning Blood":0,"Calling Bell":48,"Centennial Puzzle":26,"Dream Catcher":26,"Snecko Eye":0,"Bag of Marbles":63,"Red Skull":52,"Pocketwatch":48}],"Pocketwatch":[21]},"card_choices":[{"not_picked":["Headbutt","Havoc"],"picked":"Clothesline","floor":1.0},{"not_picked":["Second Wind","Headbutt"],"picked":"Inflame","floor":3.0},{"not_picked":["Intimidate","Flex"],"picked":"Dual Wield","floor":4.0},{"not_picked":["Body Slam","Twin Strike"],"picked":"Feel No Pain","floor":5.0},{"not_picked":["Wild Strike","Battle Trance"],"picked":"Perfected Strike","floor":6.0},{"not_picked":["Flex","Sword Boomerang"],"picked":"Shrug It Off","floor":8.0},{"not_picked":["Second Wind","Berserk","Iron Wave"],"picked":"SKIP","floor":10.0},{"not_picked":["Infernal Blade","Sever Soul"],"picked":"Perfected Strike","floor":12.0},{"not_picked":["Impervious","Offering"],"picked":"Fiend Fire","floor":16.0},{"not_picked":["Wild Strike","Bloodletting"],"picked":"Dual Wield","floor":18.0},{"not_picked":["Searing Blow","Headbutt","Clothesline"],"picked":"SKIP","floor":20.0},{"not_picked":["Warcry","Sword Boomerang"],"picked":"Fiend Fire","floor":23.0},{"not_picked":["Armaments","Clash"],"picked":"Disarm","floor":24.0},{"not_picked":["Sentinel","Sword Boomerang","Cleave"],"picked":"SKIP","floor":25.0},{"not_picked":["Twin Strike","True Grit","Headbutt+1"],"picked":"SKIP","floor":30.0},{"not_picked":["Hemokinesis","Havoc","Sword Boomerang"],"picked":"SKIP","floor":31},{"not_picked":["Intimidate","Second Wind"],"picked":"Heavy Blade","floor":32}],"player_experience":1056447,"relics_obtained":[{"floor":6.0,"key":"Thread and Needle"},{"floor":8.0,"key":"Centennial Puzzle"},{"floor":9.0,"key":"Dream Catcher"},{"floor":10.0,"key":"Juzu Bracelet"},{"floor":12.0,"key":"Boot"},{"floor":17.0,"key":"Omamori"},{"floor":17.0,"key":"The Courier"},{"floor":17.0,"key":"Pocketwatch"},{"floor":23.0,"key":"CeramicFish"},{"floor":26.0,"key":"Letter Opener"}],"event_choices":[{"damage_healed":0.0,"max_hp_gain":0.0,"max_hp_loss":0.0,"gold_gain":0.0,"event_name":"Match and Keep!","player_choice":"3 cards matched","floor":2.0,"gold_loss":0.0,"damage_taken":0.0,"cards_obtained":["Disarm","Bash","Brutality"]},{"damage_healed":18.0,"max_hp_gain":0.0,"max_hp_loss":0.0,"gold_gain":0.0,"event_name":"Mushrooms","player_choice":"Healed and dodged fight","floor":11.0,"gold_loss":0.0,"damage_taken":0.0,"cards_obtained":["Parasite"]},{"damage_healed":0.0,"max_hp_gain":0.0,"max_hp_loss":0.0,"gold_gain":0.0,"event_name":"Upgrade Shrine","player_choice":"Upgraded","floor":13.0,"gold_loss":0.0,"damage_taken":0.0,"cards_upgraded":["Perfected Strike"]},{"damage_healed":0.0,"max_hp_gain":0.0,"max_hp_loss":0.0,"gold_gain":52.0,"event_name":"Golden Wing","player_choice":"Gained Gold","floor":14.0,"gold_loss":0.0,"damage_taken":0.0},{"damage_healed":0.0,"max_hp_gain":0.0,"max_hp_loss":0.0,"gold_gain":0.0,"cards_transformed":["Strike_R","Strike_R"],"event_name":"Drug Dealer","player_choice":"Became Test Subject","floor":21.0,"gold_loss":0.0,"damage_taken":0.0,"cards_obtained":["Corruption","Second Wind"]},{"damage_healed":0.0,"max_hp_gain":0.0,"max_hp_loss":0.0,"gold_gain":0.0,"event_name":"The Woman in Blue","player_choice":"Bought 2 Potions","floor":28.0,"gold_loss":0.0,"damage_taken":0.0},{"damage_healed":0.0,"max_hp_gain":0.0,"max_hp_loss":0.0,"gold_gain":0.0,"event_name":"Addict","player_choice":"Obtained Relic","floor":29.0,"gold_loss":85.0,"damage_taken":0.0,"relics_obtained":["Bag of Marbles"]}],"is_beta":false,"boss_relics":[{"not_picked":["Ectoplasm","Tiny House"],"picked":"Calling Bell"}],"items_purged_floors":[19],"is_endless":false,"potions_floor_spawned":[4,5,6,8,12,16,23,30],"killed_by":"Collector","ascension_level":20}}