{"host":"19r1ww88x2tc73i0","time":1612894233,"event":{"mods":["BaseMod","BetterRewards","Colored Map","Minty Spire (QoL Compilation)","Relic Stats","StSLib","SuperFastMode","slay the spire mod where everything is the same but ironclad has a cowboy hat"],"gold_per_floor":[117,31,47,47,3,3,3,3,3,20,62,85,104,143,143,228,228,247,247,162,184,204,204,204,244,244,286,54,54,54,54,54,141,141,169,169,169,153,153,172,206,228,304,340,340,374,122,172,172,172,172,172],"floor_reached":51,"language":"ENG","playtime":2419,"items_purged":["Strike_B"],"score":1558,"play_id":"6a7bc601-6f67-4f9c-b749-b806f59b499d","local_time":"25640210011033","is_ascension_mode":true,"campfire_choices":[{"data":"Defragment","floor":6.0,"key":"SMITH"},{"data":"Rip and Tear","floor":8.0,"key":"SMITH"},{"data":"Lockon","floor":15.0,"key":"SMITH"},{"floor":23.0,"key":"REST"},{"data":"Defragment","floor":29.0,"key":"SMITH"},{"data":"Defragment","floor":32.0,"key":"SMITH"},{"floor":49.0,"key":"RECALL"}],"circlet_count":0,"master_deck":["AscendersBane","Strike_B+1","Strike_B+1","Defend_B+1","Defend_B+1","Defend_B+1","Defend_B+1","Zap+1","Dualcast+1","Genetic Algorithm+1","Defragment+1","Conserve Battery+1","Rip and Tear+1","Steam+1","Lockon+1","Hello World+1","Tempest+1","Conserve Battery+1","Thunder Strike+1","Static Discharge+1","Stack+1","Glacier+1","Defragment+1","Coolheaded+1","Defragment+1","White Noise+1","Echo Form+1","Compile Driver+1","Hologram+1","Ball Lightning+1","Go for the Eyes+1","Beam Cell+1","Amplify+1","White Noise","Purity"],"relics":["Cracked Core","NeowsBlessing","Oddly Smooth Stone","CeramicFish","Bronze Scales","Snecko Eye","Cables","Anchor","Tiny Chest","Mango","Fusion Hammer","Molten Egg 2","StoneCalendar","Pear","Mark of the Bloom","Bag of Preparation","Chemical X","Vajra"],"acts_visited":["Exordium","TheCity","TheBeyond"],"potions_floor_usage":[51],"damage_taken":[{"damage":0.0,"enemies":"Cultist","floor":1.0,"turns":1.0},{"damage":0.0,"enemies":"Jaw Worm","floor":3.0,"turns":1.0},{"damage":0.0,"enemies":"2 Louse","floor":10.0,"turns":1.0},{"damage":12.0,"enemies":"3 Sentries","floor":11.0,"turns":8.0},{"damage":0.0,"enemies":"Blue Slaver","floor":12.0,"turns":3.0},{"damage":0.0,"enemies":"Large Slime","floor":13.0,"turns":6.0},{"damage":34.0,"enemies":"Gremlin Nob","floor":14.0,"turns":4.0},{"damage":15.0,"enemies":"The Guardian","floor":16.0,"turns":8.0},{"damage":0.0,"enemies":"Spheric Guardian","floor":18.0,"turns":3.0},{"damage":6.0,"enemies":"3 Byrds","floor":21.0,"turns":2.0},{"damage":26.0,"enemies":"Shelled Parasite and Fungi","floor":22.0,"turns":4.0},{"damage":4.0,"enemies":"Book of Stabbing","floor":25.0,"turns":5.0},{"damage":29.0,"enemies":"Gremlin Leader","floor":27.0,"turns":5.0},{"damage":0.0,"enemies":"Centurion and Healer","floor":30.0,"turns":1.0},{"damage":23.0,"enemies":"Champ","floor":33.0,"turns":14.0},{"damage":0.0,"enemies":"3 Shapes","floor":35.0,"turns":6.0},{"damage":0.0,"enemies":"Orb Walker","floor":40.0,"turns":3.0},{"damage":1.0,"enemies":"Nemesis","floor":41.0,"turns":9.0},{"damage":0.0,"enemies":"Sphere and 2 Shapes","floor":42.0,"turns":4.0},{"damage":0.0,"enemies":"Reptomancer","floor":44.0,"turns":5.0},{"damage":5.0,"enemies":"Giant Head","floor":46.0,"turns":10.0},{"damage":56.0,"enemies":"Time Eater","floor":50.0,"turns":8.0},{"damage":14,"enemies":"Donu and Deca","floor":51,"turns":2}],"seed_played":"8072366333978495700","potions_obtained":[{"floor":1.0,"key":"SteroidPotion"},{"floor":11.0,"key":"PowerPotion"},{"floor":21.0,"key":"Dexterity Potion"},{"floor":27.0,"key":"SmokeBomb"},{"floor":33.0,"key":"ColorlessPotion"},{"floor":42.0,"key":"PowerPotion"},{"floor":44.0,"key":"PotionOfCapacity"}],"is_trial":false,"path_per_floor":["M","$","M","$","$","R","?","R","T","M","E","M","M","E","R","B",null,"M","?","?","M","M","R","?","E","T","E","$","R","M","$","R","B",null,"M","$","T","$","?","M","E","M","T","E","?","E","$","T","R","B","B"],"character_chosen":"DEFECT","items_purchased":["Defragment","Rip and Tear","Defragment","White Noise","Hologram","Purity","Chemical X"],"campfire_rested":1,"item_purchase_floors":[2,5,28,28,38,47,47],"current_hp_per_floor":[64,64,64,64,64,64,64,64,64,64,52,52,52,18,18,3,54,54,54,54,48,22,43,43,39,39,24,24,24,24,24,24,1,64,64,64,64,64,64,64,63,63,63,73,73,68,68,68,68,12,0,0],"gold":172,"neow_bonus":"THREE_ENEMY_KILL","is_daily":false,"chose_seed":false,"campfire_upgraded":5,"win_rate":0.0,"timestamp":1612894233,"path_taken":["M","$","?","?","$","R","?","R","T","?","E","M","M","E","R","BOSS","M","?","?","M","M","R","?","E","T","E","$","R","M","$","R","BOSS","M","$","?","$","?","M","E","M","T","E","?","E","$","?","R","BOSS","BOSS"],"items_purchased_type":["Card","Card","Card","Card","Card","Card","Relic"],"build_version":"2020-12-22","purchased_purges":1,"victory":false,"max_hp_per_floor":[71,71,71,71,71,71,71,71,71,71,71,71,71,71,71,71,71,71,71,71,71,71,71,71,71,71,85,85,85,85,85,85,85,85,85,85,85,85,81,81,81,81,81,91,91,91,91,91,91,91,91,91],"relic_stats":{"Mark of the Bloom":0,"counters":[23,113],"CeramicFish":189,"Bronze Scales":[296],"Snecko Eye":[141,155,131,132],"Tiny Chest":1,"StoneCalendar":[104],"Bag of Preparation":[4],"Chemical X":[3],"obtain_stats":[{"Mark of the Bloom":45,"Pear":44,"NeowsBlessing":0,"CeramicFish":11,"Oddly Smooth Stone":9,"Vajra":48,"Mango":27,"StoneCalendar":41,"Bag of Preparation":46,"Cables":20,"Anchor":25,"Bronze Scales":14,"Snecko Eye":17,"Tiny Chest":26,"Molten Egg 2":37,"Fusion Hammer":34,"Chemical X":47,"Cracked Core":0},{"Mark of the Bloom":20,"Pear":20,"NeowsBlessing":0,"CeramicFish":4,"Oddly Smooth Stone":2,"Vajra":21,"Mango":13,"StoneCalendar":18,"Bag of Preparation":21,"Cables":9,"Anchor":12,"Bronze Scales":7,"Snecko Eye":8,"Tiny Chest":12,"Molten Egg 2":16,"Fusion Hammer":15,"Chemical X":21,"Cracked Core":0},{"Mark of the Bloom":93,"Pear":93,"NeowsBlessing":0,"CeramicFish":11,"Oddly Smooth Stone":2,"Vajra":103,"Mango":51,"StoneCalendar":84,"Bag of Preparation":103,"Cables":35,"Anchor":46,"Bronze Scales":24,"Snecko Eye":32,"Tiny Chest":46,"Molten Egg 2":72,"Fusion Hammer":66,"Chemical X":103,"Cracked Core":0}],"Cables":[72,43,29,0,0]},"card_choices":[{"not_picked":["Recycle","Turbo"],"picked":"Genetic Algorithm","floor":1.0},{"not_picked":["Auto Shields","Beam Cell"],"picked":"Conserve Battery","floor":3.0},{"not_picked":["Streamline","Redo"],"picked":"Steam","floor":10.0},{"not_picked":["Barrage","Heatsinks"],"picked":"Lockon","floor":11.0},{"not_picked":["Redo","White Noise"],"picked":"Hello World","floor":12.0},{"not_picked":["Lockon","Reinforced Body"],"picked":"Tempest","floor":13.0},{"not_picked":["Rebound","Barrage"],"picked":"Conserve Battery","floor":14.0},{"not_picked":["Creative AI","Meteor Strike"],"picked":"Thunder Strike","floor":16.0},{"not_picked":["Streamline","Consume"],"picked":"Static Discharge+1","floor":18.0},{"not_picked":["Sweeping Beam","Compile Driver"],"picked":"Stack","floor":21.0},{"not_picked":["Turbo+1","Redo"],"picked":"Glacier+1","floor":22.0},{"not_picked":["Streamline","Redo"],"picked":"Defragment","floor":25.0},{"not_picked":["Seek","White Noise"],"picked":"Coolheaded+1","floor":27.0},{"not_picked":["Amplify","Seek"],"picked":"Echo Form","floor":33.0},{"not_picked":["Barrage","Melter"],"picked":"Compile Driver","floor":35.0},{"not_picked":["Compile Driver+1","Recycle"],"picked":"Ball Lightning+1","floor":40.0},{"not_picked":["Coolheaded+1","Aggregate"],"picked":"Go for the Eyes+1","floor":41.0},{"not_picked":["Turbo","Heatsinks"],"picked":"Beam Cell+1","floor":42.0},{"not_picked":["Heatsinks","Consume"],"picked":"Amplify","floor":44.0},{"not_picked":["Undo","Cold Snap+1"],"picked":"White Noise","floor":46.0}],"player_experience":1035734,"relics_obtained":[{"floor":9.0,"key":"Oddly Smooth Stone"},{"floor":11.0,"key":"CeramicFish"},{"floor":14.0,"key":"Bronze Scales"},{"floor":25.0,"key":"Anchor"},{"floor":26.0,"key":"Tiny Chest"},{"floor":27.0,"key":"Mango"},{"floor":37.0,"key":"Molten Egg 2"},{"floor":41.0,"key":"StoneCalendar"},{"floor":44.0,"key":"Pear"},{"floor":46.0,"key":"Bag of Preparation"},{"floor":48.0,"key":"Vajra"}],"event_choices":[{"cards_removed":["Strike_B"],"damage_healed":0.0,"max_hp_gain":0.0,"max_hp_loss":0.0,"gold_gain":0.0,"event_name":"Bonfire Elementals","player_choice":"Offered Basic","floor":7.0,"gold_loss":0.0,"damage_taken":0.0},{"damage_healed":0.0,"max_hp_gain":0.0,"max_hp_loss":0.0,"gold_gain":0.0,"event_name":"Ghosts","player_choice":"Ignored","floor":19.0,"gold_loss":0.0,"damage_taken":0.0},{"damage_healed":0.0,"max_hp_gain":0.0,"max_hp_loss":0.0,"gold_gain":0.0,"event_name":"Addict","player_choice":"Obtained Relic","floor":20.0,"gold_loss":85.0,"damage_taken":0.0,"relics_obtained":["Cables"]},{"damage_healed":0.0,"max_hp_gain":0.0,"max_hp_loss":0.0,"gold_gain":0.0,"event_name":"Upgrade Shrine","player_choice":"Upgraded","floor":24.0,"gold_loss":0.0,"damage_taken":0.0,"cards_upgraded":["Thunder Strike"]},{"damage_healed":0.0,"max_hp_gain":0.0,"max_hp_loss":4.0,"gold_gain":0.0,"event_name":"Winding Halls","player_choice":"Max HP","floor":39.0,"gold_loss":0.0,"damage_taken":0.0},{"damage_healed":0.0,"max_hp_gain":0.0,"max_hp_loss":0.0,"gold_gain":0.0,"event_name":"MindBloom","player_choice":"Upgrade","floor":45.0,"gold_loss":0.0,"damage_taken":0.0,"cards_upgraded":["Strike_B","Strike_B","Defend_B","Defend_B","Defend_B","Defend_B","Zap","Dualcast","Genetic Algorithm","Conserve Battery","Steam","Hello World","Tempest","Conserve Battery","Stack","White Noise","Echo Form","Compile Driver","Hologram","Amplify"],"relics_obtained":["Mark of the Bloom"]}],"is_beta":false,"boss_relics":[{"not_picked":["Cursed Key","Black Star"],"picked":"Snecko Eye"},{"not_picked":["SacredBark","Busted Crown"],"picked":"Fusion Hammer"}],"items_purged_floors":[28],"is_endless":false,"potions_floor_spawned":[1,11,21,27,33,42,44],"killed_by":"Donu and Deca","ascension_level":20}}