{"host":"swavyr4ofmkhu42f","time":1612848673,"event":{"mods":["BaseMod","Colored Map","Minty Spire (QoL Compilation)","StSLib"],"gold_per_floor":[118,131,149,149,74,74,74,89,113,145,145,69,98,116,116,216,216,233,233,243,263,291,317,317,343,343,374,374,391,405,504,504,607,607,619,73,88,105,116,116,147,369,396,396,728,744,744,744],"floor_reached":47,"language":"ENG","playtime":1507,"items_purged":["Strike_G","Survivor"],"score":1050,"play_id":"13f5fbc5-cf4d-4afd-a119-2836d493e984","local_time":"20210209003113","is_ascension_mode":true,"campfire_choices":[{"data":"Blade Dance","floor":6,"key":"SMITH"},{"data":"Blade Dance","floor":11,"key":"SMITH"},{"data":"Backstab","floor":15,"key":"SMITH"},{"data":"Finisher","floor":24,"key":"SMITH"},{"data":"Cloak And Dagger","floor":32,"key":"SMITH"},{"data":"Slice","floor":40,"key":"SMITH"},{"floor":44,"key":"REST"}],"circlet_count":0,"master_deck":["Neutralize","Blade Dance+1","Blade Dance+1","Blade Dance+1","Finisher+1","Backstab+1","Infinite Blades","Cloak And Dagger+1","CurseOfTheBell","Slice+1"],"relics":["Ring of the Snake","Nunchaku","Orichalcum","Ninja Scroll","Pandora\u0027s Box","Red Mask","The Specimen","HornCleat","Pear","Tingsha","Toxic Egg 2","Calling Bell","MealTicket","Singing Bowl","Ginger","Letter Opener","ClockworkSouvenir","Ice Cream","PreservedInsect","Old Coin"],"acts_visited":["Exordium","TheCity","TheBeyond"],"potions_floor_usage":[],"damage_taken":[{"damage":0,"enemies":"Cultist","floor":1,"turns":5},{"damage":3,"enemies":"Jaw Worm","floor":2,"turns":4},{"damage":0,"enemies":"Small Slimes","floor":3,"turns":3},{"damage":0,"enemies":"3 Louse","floor":8,"turns":2},{"damage":0,"enemies":"3 Sentries","floor":10,"turns":4},{"damage":0,"enemies":"Gremlin Nob","floor":13,"turns":2},{"damage":0,"enemies":"Large Slime","floor":14,"turns":2},{"damage":14,"enemies":"Hexaghost","floor":16,"turns":6},{"damage":0,"enemies":"Shell Parasite","floor":18,"turns":1},{"damage":0,"enemies":"2 Thieves","floor":20,"turns":2},{"damage":0,"enemies":"Snake Plant","floor":21,"turns":1},{"damage":0,"enemies":"Masked Bandits","floor":22,"turns":2},{"damage":0,"enemies":"Slavers","floor":23,"turns":2},{"damage":0,"enemies":"Book of Stabbing","floor":25,"turns":1},{"damage":0,"enemies":"Slavers","floor":27,"turns":2},{"damage":0,"enemies":"3 Cultists","floor":29,"turns":2},{"damage":0,"enemies":"Snecko","floor":30,"turns":1},{"damage":0,"enemies":"Collector","floor":33,"turns":2},{"damage":17,"enemies":"3 Shapes","floor":35,"turns":2},{"damage":2,"enemies":"Orb Walker","floor":37,"turns":2},{"damage":0,"enemies":"Transient","floor":38,"turns":5},{"damage":0,"enemies":"3 Darklings","floor":39,"turns":2},{"damage":81,"enemies":"Nemesis","floor":41,"turns":5},{"damage":0,"enemies":"Reptomancer","floor":45,"turns":2},{"damage":24,"enemies":"4 Shapes","floor":46,"turns":3},{"damage":28,"enemies":"Nemesis","floor":47,"turns":2}],"seed_played":"-3033164906819833241","potions_obtained":[{"floor":13,"key":"SpeedPotion"},{"floor":14,"key":"BlessingOfTheForge"},{"floor":16,"key":"Explosive Potion"},{"floor":29,"key":"GhostInAJar"}],"is_trial":false,"path_per_floor":["M","M","M","?","$","R","?","M","T","E","R","$","E","M","R","B",null,"M","?","M","M","?","E","R","E","T","E","T","M","M","?","R","B",null,"M","$","M","M","M","R","E","?","T","R","E","M","E"],"character_chosen":"THE_SILENT","items_purchased":["Backstab","Letter Opener","ClockworkSouvenir","Slice"],"campfire_rested":1,"item_purchase_floors":[12,36,36,36],"current_hp_per_floor":[77,74,74,67,67,67,67,67,67,67,67,67,67,67,67,53,71,71,71,71,71,71,71,71,71,81,81,81,81,81,81,81,81,86,71,86,86,88,90,90,11,11,11,40,42,20,0,0],"gold":744,"neow_bonus":"TEN_PERCENT_HP_BONUS","is_daily":false,"chose_seed":false,"campfire_upgraded":6,"win_rate":0.0,"timestamp":1612848673,"path_taken":["M","M","?","?","?","R","?","M","T","E","R","$","E","M","R","BOSS","M","?","M","M","?","E","R","E","T","E","?","M","M","?","R","BOSS","M","$","M","M","M","R","E","?","T","R","E","M","E"],"items_purchased_type":["Card","Relic","Relic","Card"],"build_version":"2020-12-22","purchased_purges":2,"victory":false,"max_hp_per_floor":[77,77,77,77,77,77,77,77,77,77,77,77,77,77,77,77,77,77,77,77,77,77,77,77,77,87,87,87,87,87,87,87,87,87,89,89,91,93,95,95,97,97,97,97,99,101,101,101],"card_choices":[{"not_picked":["Flying Knee","Setup"],"picked":"Blade Dance","floor":1},{"not_picked":["Outmaneuver","Bane"],"picked":"Blade Dance","floor":2},{"not_picked":["Dodge and Roll","Choke"],"picked":"Blade Dance","floor":3},{"not_picked":["Dodge and Roll","Deflect"],"picked":"Finisher","floor":8},{"not_picked":["Underhanded Strike","Concentrate","Expertise"],"picked":"SKIP","floor":10},{"not_picked":["Choke","Reflex","Caltrops"],"picked":"SKIP","floor":13},{"not_picked":["Die Die Die","Poisoned Stab","Backflip"],"picked":"SKIP","floor":14},{"not_picked":["Prepared","Reflex"],"picked":"Infinite Blades","floor":18},{"not_picked":["PiercingWail","Bouncing Flask+1","Footwork"],"picked":"SKIP","floor":20},{"not_picked":["Catalyst+1","Acrobatics","Sucker Punch"],"picked":"SKIP","floor":21},{"not_picked":["Dodge and Roll","Dash+1","Blur"],"picked":"SKIP","floor":23},{"not_picked":["Expertise","Venomology","Well Laid Plans+1"],"picked":"SKIP","floor":25},{"not_picked":["Heel Hook","Backflip","Footwork"],"picked":"SKIP","floor":27},{"not_picked":["Bane","Dodge and Roll+1","Poisoned Stab"],"picked":"SKIP","floor":29},{"not_picked":["Dodge and Roll+1","Blur+1","Caltrops"],"picked":"SKIP","floor":30},{"not_picked":["Outmaneuver+1","Eviscerate","Flechettes+1"],"picked":"Singing Bowl","floor":35},{"not_picked":["Prepared+1","Bane","PiercingWail+1"],"picked":"Singing Bowl","floor":37},{"not_picked":["Blade Dance+1","Sucker Punch+1","Outmaneuver+1"],"picked":"Singing Bowl","floor":38},{"not_picked":["Bane","Bullet Time+1","Sucker Punch+1"],"picked":"Singing Bowl","floor":39},{"not_picked":["Dash","Grand Finale","Acrobatics+1"],"picked":"Singing Bowl","floor":41},{"not_picked":["PiercingWail+1","Storm of Steel+1","Endless Agony"],"picked":"Singing Bowl","floor":45},{"not_picked":["Prepared+1","Backflip+1","Choke"],"picked":"Singing Bowl","floor":46}],"player_experience":194716,"relics_obtained":[{"floor":9,"key":"Nunchaku"},{"floor":10,"key":"Orichalcum"},{"floor":13,"key":"Ninja Scroll"},{"floor":22,"key":"Red Mask"},{"floor":23,"key":"The Specimen"},{"floor":25,"key":"HornCleat"},{"floor":26,"key":"Pear"},{"floor":27,"key":"Tingsha"},{"floor":28,"key":"Toxic Egg 2"},{"floor":34,"key":"MealTicket"},{"floor":34,"key":"Singing Bowl"},{"floor":34,"key":"Ginger"},{"floor":41,"key":"Ice Cream"},{"floor":43,"key":"PreservedInsect"},{"floor":45,"key":"Old Coin"}],"event_choices":[{"cards_removed":["Strike_G"],"damage_healed":0,"gold_gain":0,"player_choice":"Card Removal","damage_taken":7,"max_hp_gain":0,"max_hp_loss":0,"event_name":"Golden Wing","floor":4,"gold_loss":0},{"damage_healed":0,"gold_gain":0,"player_choice":"Grow","damage_taken":0,"max_hp_gain":0,"max_hp_loss":0,"event_name":"Living Wall","floor":7,"gold_loss":0,"cards_upgraded":["Blade Dance"]},{"damage_healed":0,"gold_gain":0,"player_choice":"Read","damage_taken":0,"max_hp_gain":0,"max_hp_loss":0,"event_name":"The Library","floor":19,"gold_loss":0,"cards_obtained":["Cloak And Dagger"]},{"damage_healed":0,"gold_gain":0,"player_choice":"Fought Bandits","damage_taken":0,"max_hp_gain":0,"max_hp_loss":0,"event_name":"Masked Bandits","floor":22,"gold_loss":0},{"damage_healed":0,"gold_gain":99,"player_choice":"Stole From Cult","damage_taken":0,"max_hp_gain":0,"max_hp_loss":0,"event_name":"Nest","floor":31,"gold_loss":0},{"damage_healed":0,"gold_gain":222,"player_choice":"Wore Mask","damage_taken":0,"max_hp_gain":0,"max_hp_loss":0,"event_name":"Tomb of Lord Red Mask","floor":42,"gold_loss":0}],"is_beta":false,"boss_relics":[{"not_picked":["SlaversCollar","Busted Crown"],"picked":"Pandora\u0027s Box"},{"not_picked":["Runic Dome","SacredBark"],"picked":"Calling Bell"}],"items_purged_floors":[5,36],"is_endless":false,"potions_floor_spawned":[13,14,16,20,22,29,30,35,39,45],"killed_by":"Nemesis","ascension_level":5}}