{"host":"yqw1zpryoutrnocq","time":1612829219,"event":{"mods":["2.2 Compatiblity","AchievementEnabler","BaseMod","Colored Map","Custom Start","DeckTracker","Minty Spire (QoL Compilation)","StSLib","SuperFastMode"],"gold_per_floor":[111,124,124,86,86,121,134,134,159,6,6,40,105,122,122,227,227,237,162,19,37,37,37,68,68,68,68,68,92,105,125,125,230,230,241,257,277,322,333,333,368,368,368,403,70,82,111,24,24,24,24,24,24,54,54,54],"floor_reached":55,"language":"KOR","playtime":1427,"items_purged":[],"score":1133,"play_id":"10641061-b750-498b-9f27-47f5d259ed22","local_time":"20210208180659","is_ascension_mode":true,"campfire_choices":[{"data":"Genetic Algorithm","floor":8,"key":"SMITH"},{"data":"White Noise","floor":11,"key":"SMITH"},{"floor":15,"key":"REST"},{"data":"Coolheaded","floor":23,"key":"SMITH"},{"data":"Reboot","floor":25,"key":"SMITH"},{"data":"Coolheaded","floor":27,"key":"SMITH"},{"data":"Loop","floor":32,"key":"SMITH"},{"floor":40,"key":"DIG"},{"floor":49,"key":"REST"},{"floor":52,"key":"DIG"}],"circlet_count":0,"master_deck":["Strike_B+1","Strike_B+1","Strike_B+1","Defend_B+1","Defend_B+1","Defend_B+1","Defend_B+1","Zap+1","Dualcast","White Noise+1","Gash","Genetic Algorithm+1","Rip and Tear","Beam Cell+1","Zap+1","Cold Snap","Thunder Strike","Coolheaded+1","Reboot+1","CurseOfTheBell","Self Repair+1","Coolheaded+1","Biased Cognition","Steam+1","Capacitor+1","Go for the Eyes","Gash","Lockon+1","Loop+1","Gash","Biased Cognition","Leap+1","Coolheaded+1","Darkness+1","Blizzard+1","Doom and Gloom+1","Hologram+1","Redo+1","Undo+1","Panacea+1","Hologram+1"],"relics":["Cracked Core","NeowsBlessing","Toy Ornithopter","Ancient Tea Set","DollysMirror","Bronze Scales","PreservedInsect","Calling Bell","Bag of Marbles","Shuriken","Turnip","Orrery","HornCleat","Anchor","Smiling Mask","Vajra","Fusion Hammer","Shovel","Whetstone","Toxic Egg 2","Gremlin Horn","Juzu Bracelet","Du-Vu Doll","Sundial","Mercury Hourglass","Strawberry"],"acts_visited":["Exordium","TheCity","TheBeyond","TheEnding"],"potions_floor_usage":[12,12,24,24,38,47,47,50],"damage_taken":[{"damage":0,"enemies":"Cultist","floor":1,"turns":1},{"damage":0,"enemies":"Small Slimes","floor":2,"turns":1},{"damage":0,"enemies":"Gremlin Nob","floor":6,"turns":1},{"damage":13,"enemies":"2 Louse","floor":7,"turns":4},{"damage":15,"enemies":"3 Sentries","floor":12,"turns":6},{"damage":35,"enemies":"Gremlin Nob","floor":13,"turns":4},{"damage":1,"enemies":"Looter","floor":14,"turns":3},{"damage":34,"enemies":"Hexaghost","floor":16,"turns":9},{"damage":25,"enemies":"Shell Parasite","floor":18,"turns":4},{"damage":13,"enemies":"Chosen","floor":21,"turns":5},{"damage":6,"enemies":"Book of Stabbing","floor":24,"turns":4},{"damage":0,"enemies":"Snake Plant","floor":30,"turns":2},{"damage":0,"enemies":"Chosen and Byrds","floor":31,"turns":4},{"damage":17,"enemies":"Collector","floor":33,"turns":8},{"damage":0,"enemies":"3 Shapes","floor":35,"turns":4},{"damage":0,"enemies":"Orb Walker","floor":36,"turns":3},{"damage":0,"enemies":"Transient","floor":37,"turns":5},{"damage":0,"enemies":"2 Orb Walkers","floor":38,"turns":4},{"damage":0,"enemies":"Maw","floor":39,"turns":5},{"damage":33,"enemies":"Nemesis","floor":41,"turns":7},{"damage":22,"enemies":"Reptomancer","floor":44,"turns":4},{"damage":12,"enemies":"Jaw Worm Horde","floor":46,"turns":3},{"damage":21,"enemies":"Nemesis","floor":47,"turns":5},{"damage":48,"enemies":"Time Eater","floor":50,"turns":10},{"damage":42,"enemies":"Shield and Spear","floor":54,"turns":5},{"damage":33,"enemies":"The Heart","floor":55,"turns":3}],"seed_played":"-6343568010047404284","potions_obtained":[{"floor":2,"key":"PowerPotion"},{"floor":7,"key":"Block Potion"},{"floor":14,"key":"SpeedPotion"},{"floor":21,"key":"Block Potion"},{"floor":33,"key":"Energy Potion"},{"floor":36,"key":"LiquidBronze"},{"floor":38,"key":"LiquidMemories"},{"floor":39,"key":"AttackPotion"}],"is_trial":false,"path_per_floor":["M","M","?","$","?","E","M","R","T","$","R","E","?","M","R","B",null,"M","?","$","M","?","R","E","R","T","R","?","T","M","M","R","B",null,"M","M","M","?","M","R","E","?","T","E","$","M","E","$","R","B",null,"R","$","E","B"],"character_chosen":"DEFECT","items_purchased":["Genetic Algorithm","DollysMirror","Orrery","Hologram+1","Du-Vu Doll","Panacea+1"],"campfire_rested":2,"item_purchase_floors":[4,10,20,45,45,48],"current_hp_per_floor":[68,68,68,68,73,73,60,60,60,60,60,55,20,19,43,9,62,37,37,37,34,34,34,48,48,48,48,48,48,58,58,58,41,70,80,80,80,80,80,80,57,57,57,45,45,33,22,22,46,13,63,63,63,28,0,0],"gold":54,"neow_bonus":"THREE_ENEMY_KILL","is_daily":false,"chose_seed":false,"campfire_upgraded":6,"win_rate":0.0,"timestamp":1612829219,"path_taken":["M","M","?","$","?","E","M","R","T","$","R","E","?","M","R","BOSS","M","?","$","M","?","R","E","R","T","R","?","?","M","?","R","BOSS","M","M","M","?","M","R","E","?","T","E","$","M","E","?","R","BOSS","R","$","E","BOSS"],"items_purchased_type":["Card","Relic","Relic","Card","Relic","Card"],"build_version":"2020-12-22","purchased_purges":0,"victory":false,"max_hp_per_floor":[75,75,75,75,80,80,80,80,80,80,80,80,80,80,80,80,80,80,80,80,80,80,80,80,80,80,80,80,80,80,80,80,80,80,80,80,80,80,80,80,80,80,80,80,80,80,80,80,80,80,80,80,80,87,87,87],"card_choices":[{"not_picked":["Cold Snap","Auto Shields"],"picked":"White Noise","floor":1},{"not_picked":["Hologram","Conserve Battery"],"picked":"Gash","floor":2},{"not_picked":["Static Discharge","Rebound"],"picked":"Rip and Tear","floor":6},{"not_picked":["Rebound","Leap"],"picked":"Beam Cell","floor":7},{"not_picked":["Ball Lightning","Leap"],"picked":"Cold Snap","floor":12},{"not_picked":["Gash","Conserve Battery"],"picked":"Thunder Strike","floor":13},{"not_picked":["Conserve Battery","Turbo"],"picked":"Coolheaded","floor":14},{"not_picked":["Machine Learning","Multi-Cast"],"picked":"Reboot","floor":16},{"not_picked":["Hologram+1","Tempest"],"picked":"Self Repair+1","floor":18},{"not_picked":["Scrape","Meteor Strike"],"picked":"Coolheaded","floor":20},{"not_picked":["Streamline","Cold Snap"],"picked":"Biased Cognition","floor":20},{"not_picked":["Leap","Steam Power"],"picked":"Steam+1","floor":20},{"not_picked":["Hello World","Fission"],"picked":"Capacitor+1","floor":20},{"not_picked":["Melter","Leap+1"],"picked":"Go for the Eyes","floor":20},{"not_picked":["Rebound+1","Turbo+1"],"picked":"Gash","floor":21},{"not_picked":["Steam","White Noise"],"picked":"Lockon","floor":24},{"not_picked":["Steam+1","Cold Snap"],"picked":"Loop","floor":30},{"not_picked":["Coolheaded","Rebound+1"],"picked":"Gash","floor":31},{"not_picked":["Hyperbeam","Meteor Strike"],"picked":"Biased Cognition","floor":33},{"not_picked":["Ball Lightning","Barrage+1","Steam"],"picked":"SKIP","floor":35},{"not_picked":["Auto Shields+1","Double Energy"],"picked":"Leap+1","floor":36},{"not_picked":["Ball Lightning","Darkness"],"picked":"Coolheaded+1","floor":37},{"not_picked":["Cold Snap+1","Rebound"],"picked":"Darkness+1","floor":38},{"not_picked":["Coolheaded","Double Energy+1"],"picked":"Blizzard+1","floor":39},{"not_picked":["Genetic Algorithm+1","Compile Driver+1","Streamline"],"picked":"SKIP","floor":41},{"not_picked":["Ball Lightning+1","Fission+1"],"picked":"Doom and Gloom+1","floor":44},{"not_picked":["Gash","Self Repair+1"],"picked":"Redo+1","floor":46},{"not_picked":["Scrape","Auto Shields+1"],"picked":"Undo+1","floor":47},{"not_picked":["Steam+1","Genetic Algorithm+1"],"picked":"Hologram+1","floor":54}],"player_experience":319521,"relics_obtained":[{"floor":6,"key":"Toy Ornithopter"},{"floor":9,"key":"Ancient Tea Set"},{"floor":12,"key":"Bronze Scales"},{"floor":13,"key":"PreservedInsect"},{"floor":17,"key":"Bag of Marbles"},{"floor":17,"key":"Shuriken"},{"floor":17,"key":"Turnip"},{"floor":24,"key":"HornCleat"},{"floor":26,"key":"Anchor"},{"floor":29,"key":"Vajra"},{"floor":38,"key":"Shovel"},{"floor":40,"key":"Whetstone"},{"floor":41,"key":"Toxic Egg 2"},{"floor":43,"key":"Gremlin Horn"},{"floor":44,"key":"Juzu Bracelet"},{"floor":47,"key":"Sundial"},{"floor":52,"key":"Mercury Hourglass"},{"floor":54,"key":"Strawberry"}],"event_choices":[{"damage_healed":0,"gold_gain":0,"player_choice":"Grow","damage_taken":0,"max_hp_gain":0,"max_hp_loss":0,"event_name":"Living Wall","floor":3,"gold_loss":0,"cards_upgraded":["Zap"]},{"damage_healed":0,"gold_gain":0,"player_choice":"Donut","damage_taken":0,"max_hp_gain":5,"max_hp_loss":0,"event_name":"Big Fish","floor":5,"gold_loss":0},{"damage_healed":0,"gold_gain":0,"player_choice":"Searched \u00272\u0027 times","damage_taken":0,"max_hp_gain":0,"max_hp_loss":0,"event_name":"Dead Adventurer","floor":13,"gold_loss":0},{"cards_removed":["Strike_B"],"damage_healed":0,"gold_gain":0,"player_choice":"Gave Gold","damage_taken":0,"max_hp_gain":0,"max_hp_loss":0,"event_name":"Beggar","floor":19,"gold_loss":75},{"damage_healed":0,"gold_gain":0,"player_choice":"Simplicity","damage_taken":0,"max_hp_gain":0,"max_hp_loss":0,"event_name":"Back to Basics","floor":22,"gold_loss":0,"cards_upgraded":["Strike_B","Strike_B","Strike_B","Defend_B","Defend_B","Defend_B","Defend_B"]},{"damage_healed":0,"gold_gain":0,"player_choice":"Opened","damage_taken":0,"relics_obtained":["Smiling Mask"],"max_hp_gain":0,"max_hp_loss":0,"event_name":"The Mausoleum","floor":28,"gold_loss":0},{"damage_healed":0,"gold_gain":0,"player_choice":"Fight","damage_taken":0,"max_hp_gain":0,"max_hp_loss":0,"event_name":"Mysterious Sphere","floor":38,"gold_loss":0},{"damage_healed":0,"gold_gain":0,"player_choice":"Ignored","damage_taken":0,"max_hp_gain":0,"max_hp_loss":0,"event_name":"Tomb of Lord Red Mask","floor":42,"gold_loss":0}],"is_beta":false,"boss_relics":[{"not_picked":["FrozenCore","Cursed Key"],"picked":"Calling Bell"},{"not_picked":["Black Star","Tiny House"],"picked":"Fusion Hammer"}],"items_purged_floors":[],"is_endless":false,"potions_floor_spawned":[2,7,14,21,33,36,38,39,46],"killed_by":"The Heart","ascension_level":8}}