{"host":"dscols65uipasqd2","time":1612843327,"event":{"mods":["2.2 Compatiblity","AchievementEnabler","Aspiration","BaseMod","Colored Powertips","Downfall","Energized Spire","GifTheSpireLib","Hermit","Hubris","Infinite Spire","JesterMod","Jorbs\u0027s Wanderer Trilogy","Marisa????????","Minty Spire (QoL Compilation)","Rare Cards Sparkle","Replay The Spire","StSLib","Stuff the Spire","The Cursed","The Disciple","The Hierophant","The Judge","The Jungle","The Runesmith","TheFirefly"],"gold_per_floor":[99,99,99,99,99,47,47,59,78,98,98,114,14,46,61,61,61,61],"floor_reached":16,"language":"ENG","playtime":914,"items_purged":[],"score":135,"play_id":"03390d0d-26d4-4bc4-9d34-dea59c1d964b","local_time":"20210208230207","is_ascension_mode":true,"campfire_choices":[{"floor":1,"key":"RECALL"},{"data":"Slimebound:Prepare","floor":11,"key":"SMITH"},{"data":"Slimebound:Prepare","floor":13,"key":"SMITH"}],"circlet_count":0,"master_deck":["Slimebound:Strike_Slimebound","Slimebound:Strike_Slimebound","Slimebound:Strike_Slimebound","Slimebound:Tackle","Slimebound:Defend_Slimebound","Slimebound:Defend_Slimebound","Slimebound:Defend_Slimebound","Slimebound:Defend_Slimebound","Slimebound:Split+1","Slimebound:CorrosiveSpit","Slimebound:SamplingLick","Slimebound:MegaLick","Slimebound:Replication","Slimebound:Prepare+1","Slimebound:Prepare","Slimebound:Prepare+1","Slimebound:ProtectTheBoss","Slimebound:Prepare","Slimebound:GoopTackle","Slimebound:FirmFortitude","Slimebound:ServeAndProtect","Slimebound:Schlurp"],"relics":["Slimebound:AbsorbEndCombat","downfall:HeartsMalice","White Beast Statue","downfall:HeartBlessingRed","Bottled Flame"],"acts_visited":["Exordium"],"potions_floor_usage":[14,14,14,16,16],"damage_taken":[{"damage":0,"enemies":"2 Louse","floor":2,"turns":1},{"damage":0,"enemies":"Cultist","floor":3,"turns":1},{"damage":0,"enemies":"Small Slimes","floor":4,"turns":1},{"damage":4,"enemies":"downfall:FleeingMerchant","floor":6,"turns":4},{"damage":2,"enemies":"2 Fungi Beasts","floor":8,"turns":3},{"damage":5,"enemies":"Lots of Slimes","floor":9,"turns":4},{"damage":4,"enemies":"Large Slime","floor":10,"turns":5},{"damage":1,"enemies":"Exordium Thugs","floor":12,"turns":4},{"damage":9,"enemies":"3 Sentries","floor":14,"turns":6},{"damage":10,"enemies":"2 Fungi Beasts","floor":15,"turns":3},{"damage":117,"enemies":"DF_ARCHETYPE_STREAMLINE","floor":16,"turns":14}],"seed_played":"-8517379520365263233","potions_obtained":[{"floor":8,"key":"DuplicationPotion"},{"floor":9,"key":"AttackPotion"},{"floor":10,"key":"Elixir"},{"floor":12,"key":"DistilledChaos"},{"floor":14,"key":"FearPotion"},{"floor":15,"key":"Dexterity Potion"}],"is_trial":false,"path_per_floor":["R","M","M","M","?","$","T","M","M","M","R","M","R","E","M","B"],"character_chosen":"SLIMEBOUND","items_purchased":["Slimebound:Prepare"],"campfire_rested":0,"item_purchase_floors":[6],"current_hp_per_floor":[65,65,65,65,65,62,62,64,65,64,64,65,65,62,54,0,0,0],"gold":61,"neow_bonus":"THREE_ENEMY_KILL","is_daily":false,"chose_seed":false,"campfire_upgraded":2,"win_rate":0.0,"timestamp":1612843327,"path_taken":["R","M","M","M","?","$","T","M","?","M","R","M","R","E","M","BOSS"],"items_purchased_type":["Card"],"build_version":"2020-12-22","purchased_purges":0,"victory":false,"max_hp_per_floor":[65,65,65,65,65,65,65,65,65,65,65,65,65,65,65,65,65,65],"card_choices":[{"not_picked":["Slimebound:SlimeSpikes","Slimebound:SlimeBrawl"],"picked":"Slimebound:SamplingLick","floor":2},{"not_picked":["Slimebound:SplitLeeching","Slimebound:FlameTackle"],"picked":"Slimebound:MegaLick","floor":3},{"not_picked":["Slimebound:AcidTongue","Slimebound:ComboTackle"],"picked":"Slimebound:Replication","floor":4},{"not_picked":["Slimebound:SplitBruiser","Slimebound:LivingWall"],"picked":"Slimebound:Prepare","floor":6},{"not_picked":["Slimebound:PressTheAttack","Slimebound:ViciousTackle"],"picked":"Slimebound:ProtectTheBoss","floor":8},{"not_picked":["Slimebound:SplitBruiser","Slimebound:GoopTackle"],"picked":"Slimebound:Prepare","floor":9},{"not_picked":["Slimebound:Schlurp","Slimebound:Nibble"],"picked":"Slimebound:GoopTackle","floor":10},{"not_picked":["Slimebound:ViciousTackle","Slimebound:HungryTackle"],"picked":"Slimebound:FirmFortitude","floor":12},{"not_picked":["Slimebound:PressTheAttack","Slimebound:BestDefense"],"picked":"Slimebound:ServeAndProtect","floor":14},{"not_picked":["Slimebound:ComboTackle","Slimebound:RollThrough"],"picked":"Slimebound:Schlurp","floor":15}],"player_experience":609464,"relics_obtained":[{"floor":7,"key":"White Beast Statue"},{"floor":14,"key":"Bottled Flame"}],"event_choices":[],"is_beta":false,"boss_relics":[],"items_purged_floors":[],"is_endless":false,"potions_floor_spawned":[8,9,10,12,14,15],"killed_by":"DF_ARCHETYPE_STREAMLINE","ascension_level":2}}