{"host":"mezn5mp2lor05apb","time":1612842915,"event":{"mods":["BaseMod","Block Reminder","Colored Map","Colored Powertips","Minty Spire (QoL Compilation)","Relic Stats","StSLib"],"gold_per_floor":[115,134,134,84,96,129,129,139,139,139,172,74,74,94,94,215,215,234,247,83,97,111,136,156,156,156,156,156,156],"floor_reached":28,"language":"ENG","playtime":2815,"items_purged":["Defend_P"],"score":232,"play_id":"4918a9ad-202c-4a29-b1a6-7e0b5d4654c4","local_time":"20210208225515","is_ascension_mode":false,"campfire_choices":[{"floor":7,"key":"REST"},{"floor":15,"key":"REST"}],"circlet_count":0,"master_deck":["Strike_P","Strike_P","Strike_P","Strike_P","Defend_P","Defend_P","Eruption","Vigilance","Prostrate","Tantrum","Halt","FollowUp","ClearTheMind","Devotion","PathToVictory","FlyingSleeves+1","CutThroughFate+1","DevaForm","JustLucky+1","EmptyBody+1","MentalFortress","Crescendo","EmptyFist+1","DeusExMachina","Consecrate+1","FlurryOfBlows+1","J.A.X."],"relics":["PureWater","Gremlin Horn","Sundial","Eternal Feather","Bloody Idol","Molten Egg 2","VioletLotus","Pen Nib"],"acts_visited":["Exordium","TheCity"],"potions_floor_usage":[6,6,11,16,18,23,23,24],"damage_taken":[{"damage":0,"enemies":"Cultist","floor":1,"turns":2},{"damage":2,"enemies":"Small Slimes","floor":2,"turns":4},{"damage":0,"enemies":"2 Louse","floor":5,"turns":2},{"damage":24,"enemies":"3 Sentries","floor":6,"turns":6},{"damage":9,"enemies":"Gremlin Gang","floor":8,"turns":3},{"damage":24,"enemies":"Gremlin Nob","floor":11,"turns":4},{"damage":0,"enemies":"Blue Slaver","floor":14,"turns":2},{"damage":27,"enemies":"Hexaghost","floor":16,"turns":9},{"damage":14,"enemies":"3 Byrds","floor":18,"turns":5},{"damage":11,"enemies":"Shell Parasite","floor":19,"turns":5},{"damage":0,"enemies":"Centurion and Healer","floor":21,"turns":4},{"damage":10,"enemies":"Chosen and Byrds","floor":22,"turns":6},{"damage":34,"enemies":"Shelled Parasite and Fungi","floor":23,"turns":6},{"damage":21,"enemies":"Centurion and Healer","floor":24,"turns":6},{"damage":28,"enemies":"Gremlin Leader","floor":28,"turns":2}],"seed_played":"2664601054424544623","potions_obtained":[{"floor":2,"key":"Regen Potion"},{"floor":5,"key":"Fruit Juice"},{"floor":6,"key":"EssenceOfSteel"},{"floor":13,"key":"FairyPotion"},{"floor":13,"key":"StancePotion"},{"floor":18,"key":"EssenceOfSteel"},{"floor":19,"key":"Regen Potion"},{"floor":23,"key":"Block Potion"}],"is_trial":false,"path_per_floor":["M","M","?","$","M","E","R","M","T","?","E","$","?","M","R","B",null,"M","M","$","M","M","M","M","?","T","?","E"],"character_chosen":"WATCHER","items_purchased":["Halt","FlyingSleeves+1","DistilledChaos","MentalFortress","Crescendo"],"campfire_rested":2,"item_purchase_floors":[4,12,12,20,20],"current_hp_per_floor":[72,70,52,52,52,47,70,61,61,42,18,18,18,18,50,23,77,63,52,52,52,42,17,23,23,23,23,0,0],"gold":156,"neow_bonus":"REMOVE_CARD","is_daily":false,"chose_seed":false,"campfire_upgraded":0,"win_rate":0.0,"timestamp":1612842915,"path_taken":["M","M","?","$","M","E","R","M","T","?","E","$","?","?","R","BOSS","M","M","$","M","M","M","M","?","T","?","E"],"items_purchased_type":["Card","Card","Potion","Card","Card"],"build_version":"2020-12-22","purchased_purges":1,"victory":false,"max_hp_per_floor":[72,72,72,72,72,77,77,77,77,77,77,77,77,77,77,77,77,77,77,77,77,77,77,77,77,77,77,77,77],"relic_stats":{"Gremlin Horn":[15,14],"counters":[15,66],"Sundial":[6],"Bloody Idol":0,"Eternal Feather":9,"VioletLotus":[7],"Pen Nib":[0],"obtain_stats":[{"Gremlin Horn":3,"Sundial":6,"Golden Idol":10,"Bloody Idol":27,"Eternal Feather":9,"Molten Egg 2":11,"VioletLotus":17,"Pen Nib":26,"PureWater":0},{"Gremlin Horn":2,"Sundial":4,"Golden Idol":5,"Bloody Idol":14,"Eternal Feather":5,"Molten Egg 2":6,"VioletLotus":8,"Pen Nib":14,"PureWater":0},{"Gremlin Horn":6,"Sundial":14,"Golden Idol":17,"Bloody Idol":64,"Eternal Feather":17,"Molten Egg 2":21,"VioletLotus":32,"Pen Nib":64,"PureWater":0}]},"card_choices":[{"not_picked":["JustLucky","SashWhip"],"picked":"Prostrate","floor":1},{"not_picked":["Evaluate","Pray"],"picked":"Tantrum","floor":2},{"not_picked":["Collect","Consecrate"],"picked":"FollowUp","floor":5},{"not_picked":["FlyingSleeves","SashWhip"],"picked":"ClearTheMind","floor":6},{"not_picked":["ClearTheMind","PathToVictory"],"picked":"Devotion","floor":8},{"not_picked":["WreathOfFlame","Collect"],"picked":"PathToVictory","floor":11},{"not_picked":["SandsOfTime+1","PathToVictory"],"picked":"CutThroughFate+1","floor":14},{"not_picked":["ConjureBlade","Ragnarok+1"],"picked":"DevaForm","floor":16},{"not_picked":["Halt","CutThroughFate+1"],"picked":"JustLucky+1","floor":18},{"not_picked":["SashWhip+1","CutThroughFate+1"],"picked":"EmptyBody+1","floor":19},{"not_picked":["JustLucky+1","SashWhip+1"],"picked":"EmptyFist+1","floor":21},{"not_picked":["Evaluate","FlurryOfBlows+1"],"picked":"DeusExMachina","floor":22},{"not_picked":["Swivel","Weave+1"],"picked":"Consecrate+1","floor":23},{"not_picked":["DeceiveReality","ClearTheMind+1"],"picked":"FlurryOfBlows+1","floor":24}],"player_experience":99944,"relics_obtained":[{"floor":6,"key":"Sundial"},{"floor":9,"key":"Eternal Feather"},{"floor":11,"key":"Molten Egg 2"},{"floor":26,"key":"Pen Nib"}],"event_choices":[{"damage_healed":0,"gold_gain":0,"player_choice":"Success","damage_taken":18,"relics_obtained":["Gremlin Horn"],"max_hp_gain":0,"max_hp_loss":0,"event_name":"Scrap Ooze","floor":3,"gold_loss":0},{"damage_healed":0,"gold_gain":0,"player_choice":"Take Damage","damage_taken":19,"relics_obtained":["Golden Idol"],"max_hp_gain":0,"max_hp_loss":0,"event_name":"Golden Idol","floor":10,"gold_loss":0},{"damage_healed":0,"gold_gain":0,"player_choice":"Got Potions","damage_taken":0,"max_hp_gain":0,"max_hp_loss":0,"event_name":"Lab","floor":13,"gold_loss":0},{"damage_healed":0,"gold_gain":0,"player_choice":"Obtain J.A.X.","damage_taken":0,"max_hp_gain":0,"max_hp_loss":0,"event_name":"Drug Dealer","floor":25,"gold_loss":0,"cards_obtained":["J.A.X."]},{"damage_healed":0,"gold_gain":0,"player_choice":"Gave Idol","damage_taken":0,"relics_obtained":["Bloody Idol"],"max_hp_gain":0,"max_hp_loss":0,"event_name":"Forgotten Altar","floor":27,"relics_lost":["Golden Idol"],"gold_loss":0}],"is_beta":false,"boss_relics":[{"not_picked":["Empty Cage","Cursed Key"],"picked":"VioletLotus"}],"items_purged_floors":[20],"is_endless":false,"potions_floor_spawned":[2,5,6,18,19,23],"killed_by":"Gremlin Leader","ascension_level":0}}