{"host":"h77azxdx0evtsxw5","time":1612846266,"event":{"mods":["AchievementEnabler","BaseMod","Minty Spire (QoL Compilation)","Quick Restart"],"gold_per_floor":[116,116,127,52,52,52,81,92,92,92,123,123,150,162,162,264,264,276,305,305,315,315,345,43,43,91,91,111,137,156,183,183,278,278,291,291,338,338,92,127,127,138,138,157,32,61,80,97,97,97,97,97,47,80,80,80],"floor_reached":55,"language":"ENG","playtime":3304,"items_purged":["Strike_R","Juggernaut","Writhe"],"score":1059,"play_id":"9038e8bc-e623-4d03-aec1-16458b2486c8","local_time":"20210208235106","is_ascension_mode":true,"campfire_choices":[{"data":"Hemokinesis","floor":6.0,"key":"SMITH"},{"floor":10.0,"key":"REST"},{"data":"Bash","floor":12.0,"key":"SMITH"},{"floor":15.0,"key":"REST"},{"data":"Juggernaut","floor":25.0,"key":"SMITH"},{"floor":27.0,"key":"RECALL"},{"floor":32.0,"key":"REST"},{"floor":41.0,"key":"REST"},{"floor":49.0,"key":"REST"},{"floor":52.0,"key":"REST"}],"circlet_count":0,"master_deck":["Strike_R+1","Strike_R+1","Strike_R+1","Defend_R+1","Defend_R+1","Defend_R+1","Defend_R+1","Bash+1","Hemokinesis+1","Cleave+1","Twin Strike+1","Armaments+1","Offering+1","Rage+1","True Grit+1","Juggernaut+1","Flex+1","Shrug It Off+1","Bloodletting+1","Offering+1","Battle Trance+1","Bloodletting+1","Parasite"],"relics":["Black Blood","Molten Egg 2","Mango","Toxic Egg 2","Regal Pillow","Ice Cream","Red Mask","White Beast Statue","Lee\u0027s Waffle","CaptainsWheel","StoneCalendar","Gambling Chip","Self Forming Clay","Mummified Hand","PreservedInsect","HornCleat","Anchor"],"acts_visited":["Exordium","TheCity","TheBeyond","TheEnding"],"potions_floor_usage":[55,55],"damage_taken":[{"damage":0.0,"enemies":"Small Slimes","floor":1.0,"turns":3.0},{"damage":3.0,"enemies":"Cultist","floor":3.0,"turns":3.0},{"damage":44.0,"enemies":"Lagavulin","floor":7.0,"turns":5.0},{"damage":9.0,"enemies":"Jaw Worm","floor":8.0,"turns":2.0},{"damage":32.0,"enemies":"3 Sentries","floor":11.0,"turns":6.0},{"damage":18.0,"enemies":"Gremlin Nob","floor":13.0,"turns":3.0},{"damage":15.0,"enemies":"3 Louse","floor":14.0,"turns":3.0},{"damage":32.0,"enemies":"The Guardian","floor":16.0,"turns":10.0},{"damage":33.0,"enemies":"3 Byrds","floor":18.0,"turns":5.0},{"damage":29.0,"enemies":"Masked Bandits","floor":19.0,"turns":4.0},{"damage":2.0,"enemies":"Chosen","floor":21.0,"turns":4.0},{"damage":32.0,"enemies":"Gremlin Leader","floor":23.0,"turns":6.0},{"damage":24.0,"enemies":"Snake Plant","floor":28.0,"turns":5.0},{"damage":34.0,"enemies":"Slavers","floor":29.0,"turns":5.0},{"damage":11.0,"enemies":"Centurion and Healer","floor":30.0,"turns":3.0},{"damage":11.0,"enemies":"Gremlin Leader","floor":31.0,"turns":4.0},{"damage":69.0,"enemies":"Collector","floor":33.0,"turns":7.0},{"damage":23.0,"enemies":"3 Shapes","floor":35.0,"turns":5.0},{"damage":34.0,"enemies":"2 Orb Walkers","floor":37.0,"turns":6.0},{"damage":23.0,"enemies":"Nemesis","floor":40.0,"turns":6.0},{"damage":23.0,"enemies":"3 Darklings","floor":42.0,"turns":5.0},{"damage":17.0,"enemies":"4 Shapes","floor":44.0,"turns":1.0},{"damage":30.0,"enemies":"Giant Head","floor":46.0,"turns":6.0},{"damage":20.0,"enemies":"Writhing Mass","floor":47.0,"turns":5.0},{"damage":34.0,"enemies":"Jaw Worm Horde","floor":48.0,"turns":2.0},{"damage":99.0,"enemies":"Time Eater","floor":50.0,"turns":10.0},{"damage":42.0,"enemies":"Shield and Spear","floor":54.0,"turns":6.0},{"damage":109,"enemies":"The Heart","floor":55,"turns":6}],"seed_played":"-6598618480550764099","potions_obtained":[{"floor":7.0,"key":"Swift Potion"},{"floor":8.0,"key":"SmokeBomb"},{"floor":13.0,"key":"SkillPotion"},{"floor":19.0,"key":"SteroidPotion"},{"floor":21.0,"key":"SpeedPotion"},{"floor":28.0,"key":"FearPotion"},{"floor":29.0,"key":"SkillPotion"},{"floor":30.0,"key":"Fire Potion"},{"floor":31.0,"key":"Fruit Juice"},{"floor":33.0,"key":"BloodPotion"},{"floor":35.0,"key":"ElixirPotion"},{"floor":44.0,"key":"FearPotion"},{"floor":46.0,"key":"Strength Potion"},{"floor":47.0,"key":"BloodPotion"},{"floor":48.0,"key":"Weak Potion"},{"floor":54.0,"key":"BloodPotion"}],"is_trial":false,"path_per_floor":["M","?","M","$","T","R","E","M","T","R","E","R","E","M","R","B",null,"M","?","?","M","?","E","$","R","T","R","M","E","M","E","R","B",null,"M","?","?","?","$","E","R","M","T","M","$","E","M","M","R","B",null,"R","$","E","B"],"character_chosen":"IRONCLAD","items_purchased":["Lee\u0027s Waffle","Shrug It Off+1","Self Forming Clay","Weak Potion"],"campfire_rested":6,"item_purchase_floors":[24,24,39,53],"current_hp_per_floor":[86,78,81,81,81,81,57,54,54,84,58,58,46,37,82,56,91,64,41,41,45,45,19,109,109,109,109,91,63,58,58,107,44,97,86,114,92,92,92,81,114,103,103,98,98,80,94,72,114,49,98,114,114,84,0,0],"gold":80,"neow_bonus":"TEN_PERCENT_HP_BONUS","is_daily":false,"chose_seed":false,"campfire_upgraded":3,"win_rate":0.0,"timestamp":1612846266,"path_taken":["M","?","M","$","?","R","E","M","T","R","E","R","E","M","R","BOSS","M","?","?","M","?","E","$","R","T","R","M","E","?","E","R","BOSS","M","?","?","?","$","E","R","?","T","M","$","E","M","?","R","BOSS","R","$","E","BOSS"],"items_purchased_type":["Relic","Card","Relic","Potion"],"build_version":"2020-12-22","purchased_purges":3,"victory":false,"max_hp_per_floor":[88,88,88,88,88,88,102,102,102,102,102,102,102,102,102,102,102,102,102,102,102,102,102,109,109,109,109,109,109,109,114,114,114,114,114,114,114,114,114,114,114,114,114,114,114,114,114,114,114,114,114,114,114,114,114,114],"card_choices":[{"not_picked":["Heavy Blade","Thunderclap"],"picked":"Hemokinesis","floor":1.0},{"not_picked":["Pommel Strike","Clothesline","Combust"],"picked":"SKIP","floor":3.0},{"not_picked":["Feel No Pain","Havoc"],"picked":"Cleave+1","floor":7.0},{"not_picked":["Twin Strike+1","Havoc"],"picked":"Juggernaut","floor":8.0},{"not_picked":["Clothesline+1","Corruption"],"picked":"Twin Strike+1","floor":11.0},{"not_picked":["Sentinel+1","Sword Boomerang+1"],"picked":"Armaments+1","floor":13.0},{"not_picked":["Pommel Strike+1","Headbutt+1","Heavy Blade+1"],"picked":"SKIP","floor":14.0},{"not_picked":["Immolate+1","Bludgeon+1"],"picked":"Offering+1","floor":16.0},{"not_picked":["Twin Strike+1","Entrench+1"],"picked":"Rage+1","floor":18.0},{"not_picked":["Heavy Blade+1","Fire Breathing"],"picked":"True Grit+1","floor":21.0},{"not_picked":["Whirlwind+1","Sentinel+1"],"picked":"Flex+1","floor":23.0},{"not_picked":["Battle Trance+1","Clothesline+1"],"picked":"Bloodletting+1","floor":28.0},{"not_picked":["Cleave+1","Power Through+1","Spot Weakness+1"],"picked":"SKIP","floor":29.0},{"not_picked":["Inflame","Anger+1","Clash+1"],"picked":"SKIP","floor":30.0},{"not_picked":["Shrug It Off+1","Heavy Blade+1"],"picked":"Offering+1","floor":31.0},{"not_picked":["Hemokinesis+1","Shockwave+1","Twin Strike+1"],"picked":"SKIP","floor":35.0},{"not_picked":["Carnage+1","Warcry+1","True Grit+1"],"picked":"SKIP","floor":40.0},{"not_picked":["Pommel Strike+1","Shockwave+1","Inflame"],"picked":"SKIP","floor":42.0},{"not_picked":["Perfected Strike+1","Reaper+1"],"picked":"Battle Trance+1","floor":44.0},{"not_picked":["Thunderclap+1","Sword Boomerang+1"],"picked":"Bloodletting+1","floor":46.0},{"not_picked":["Battle Trance+1","Pommel Strike+1","Thunderclap+1"],"picked":"SKIP","floor":47.0},{"not_picked":["Clash+1","Body Slam+1","Sword Boomerang+1"],"picked":"SKIP","floor":48.0},{"not_picked":["Searing Blow+1","Pummel+1","Pommel Strike+1"],"picked":"SKIP","floor":54.0}],"player_experience":292141,"relics_obtained":[{"floor":5.0,"key":"Molten Egg 2"},{"floor":7.0,"key":"Mango"},{"floor":9.0,"key":"Toxic Egg 2"},{"floor":11.0,"key":"Regal Pillow"},{"floor":13.0,"key":"Ice Cream"},{"floor":19.0,"key":"Red Mask"},{"floor":23.0,"key":"White Beast Statue"},{"floor":29.0,"key":"CaptainsWheel"},{"floor":31.0,"key":"StoneCalendar"},{"floor":37.0,"key":"Gambling Chip"},{"floor":40.0,"key":"Mummified Hand"},{"floor":43.0,"key":"PreservedInsect"},{"floor":46.0,"key":"HornCleat"},{"floor":54.0,"key":"Anchor"}],"event_choices":[{"damage_healed":0.0,"max_hp_gain":0.0,"max_hp_loss":0.0,"gold_gain":0.0,"event_name":"Wheel of Change","player_choice":"Damaged","floor":2.0,"gold_loss":0.0,"damage_taken":8.0},{"damage_healed":0.0,"max_hp_gain":0.0,"max_hp_loss":0.0,"gold_gain":0.0,"event_name":"Masked Bandits","player_choice":"Fought Bandits","floor":19.0,"gold_loss":0.0,"damage_taken":0.0},{"damage_healed":0.0,"max_hp_gain":0.0,"max_hp_loss":0.0,"gold_gain":0.0,"event_name":"Back to Basics","player_choice":"Simplicity","floor":20.0,"gold_loss":0.0,"damage_taken":0.0,"cards_upgraded":["Strike_R","Strike_R","Strike_R","Strike_R","Defend_R","Defend_R","Defend_R","Defend_R"]},{"damage_healed":0.0,"max_hp_gain":0.0,"max_hp_loss":0.0,"gold_gain":0.0,"cards_transformed":["Strike_R"],"event_name":"Transmorgrifier","player_choice":"Transformed","floor":22.0,"gold_loss":0.0,"damage_taken":0.0,"cards_obtained":["Juggernaut"]},{"damage_healed":29.0,"max_hp_gain":0.0,"max_hp_loss":0.0,"gold_gain":0.0,"event_name":"Winding Halls","player_choice":"Writhe","floor":36.0,"gold_loss":0.0,"damage_taken":0.0,"cards_obtained":["Writhe"]},{"damage_healed":0.0,"max_hp_gain":0.0,"max_hp_loss":0.0,"gold_gain":0.0,"event_name":"Mysterious Sphere","player_choice":"Fight","floor":37.0,"gold_loss":0.0,"damage_taken":0.0},{"damage_healed":0.0,"max_hp_gain":0.0,"max_hp_loss":0.0,"gold_gain":0.0,"event_name":"Upgrade Shrine","player_choice":"Ignored","floor":38.0,"gold_loss":0.0,"damage_taken":0.0}],"is_beta":false,"boss_relics":[{"not_picked":["Runic Pyramid","Mark of Pain","Velvet Choker"]},{"not_picked":["Coffee Dripper","Runic Dome"],"picked":"Black Blood"}],"items_purged_floors":[4,24,45],"is_endless":false,"potions_floor_spawned":[7,8,13,19,21,28,29,30,31,33,35,37,40,42,44,46,47,48,54],"killed_by":"The Heart","ascension_level":6}}