{"host":"d52brwsy6af8zvaq","time":1612858925,"event":{"mods":["AchievementEnabler","BaseMod","Bestiary","Highlight Path","Minty Spire (QoL Compilation)","Quick Restart","Relic Stats","ojb\u0027s Better Paths Mod"],"gold_per_floor":[209,220,236,236,253,253,281,281,305,319,75,92,112,38,38,113,113,130,45,45,57,57,57,82,92,115,115,115,115],"floor_reached":28,"language":"ENG","playtime":915,"items_purged":["Strike_B"],"score":480,"play_id":"b3563e56-3076-49a6-8d5d-76f96ddf3b38","local_time":"20210209012205","is_ascension_mode":true,"campfire_choices":[{"data":"Zap","floor":6.0,"key":"SMITH"},{"data":"Creative AI","floor":8.0,"key":"SMITH"},{"floor":15.0,"key":"REST"},{"data":"Stack","floor":23.0,"key":"SMITH"},{"floor":27,"key":"REST"}],"circlet_count":0,"master_deck":["AscendersBane","Strike_B","Strike_B","Defend_B","Defend_B","Defend_B","Defend_B","Zap+1","Dualcast","Streamline","Rebound","Doom and Gloom","Redo","Creative AI+1","Stack+1","Leap","Go for the Eyes","Static Discharge","Core Surge","Conserve Battery+1","RitualDagger","Stack+1","Force Field"],"relics":["Cracked Core","Bag of Marbles","Potion Belt","ClockworkSouvenir","Nuclear Battery","Akabeko","White Beast Statue","MealTicket"],"acts_visited":["Exordium","TheCity"],"potions_floor_usage":[25,28],"damage_taken":[{"damage":0.0,"enemies":"Small Slimes","floor":1.0,"turns":3.0},{"damage":0.0,"enemies":"Cultist","floor":2.0,"turns":3.0},{"damage":7.0,"enemies":"Jaw Worm","floor":3.0,"turns":3.0},{"damage":2.0,"enemies":"3 Louse","floor":5.0,"turns":2.0},{"damage":22.0,"enemies":"Lagavulin","floor":7.0,"turns":6.0},{"damage":11.0,"enemies":"Exordium Thugs","floor":10.0,"turns":3.0},{"damage":11.0,"enemies":"Blue Slaver","floor":12.0,"turns":4.0},{"damage":1.0,"enemies":"Lots of Slimes","floor":13.0,"turns":3.0},{"damage":28.0,"enemies":"Hexaghost","floor":16.0,"turns":9.0},{"damage":12.0,"enemies":"Shell Parasite","floor":18.0,"turns":5.0},{"damage":5.0,"enemies":"Chosen","floor":21.0,"turns":4.0},{"damage":18.0,"enemies":"Slavers","floor":24.0,"turns":6.0},{"damage":5,"enemies":"Snake Plant","floor":25,"turns":4},{"damage":33,"enemies":"Gremlin Leader","floor":28,"turns":3}],"seed_played":"5145409492638670958","potions_obtained":[{"floor":3.0,"key":"Block Potion"},{"floor":5.0,"key":"BlessingOfTheForge"},{"floor":7.0,"key":"BlessingOfTheForge"},{"floor":13.0,"key":"SteroidPotion"},{"floor":16.0,"key":"GamblersBrew"},{"floor":24.0,"key":"Fire Potion"},{"floor":25,"key":"Dexterity Potion"}],"is_trial":false,"path_per_floor":["M","M","M","?","M","R","E","R","T","M","$","M","M","$","R","B",null,"M","?","?","M","?","R","E","M","T","R","E"],"character_chosen":"DEFECT","items_purchased":["ClockworkSouvenir","Static Discharge"],"campfire_rested":2,"item_purchase_floors":[11,14],"current_hp_per_floor":[64,64,57,57,55,55,33,33,33,22,22,11,10,10,31,3,54,42,42,36,31,31,31,13,8,8,29,0,0],"gold":115,"neow_bonus":"HUNDRED_GOLD","is_daily":false,"chose_seed":false,"campfire_upgraded":3,"win_rate":0.0,"timestamp":1612858925,"path_taken":["M","M","M","?","M","R","E","R","T","M","?","M","M","$","R","BOSS","M","?","?","M","?","R","E","M","T","R","E"],"items_purchased_type":["Relic","Card"],"build_version":"2020-12-22","purchased_purges":1,"victory":false,"max_hp_per_floor":[71,71,71,71,71,71,71,71,71,71,71,71,71,71,71,71,71,71,71,71,71,71,71,71,71,71,71,71,71],"relic_stats":{"counters":[14,58],"MealTicket":0,"obtain_stats":[{"Potion Belt":9,"MealTicket":26,"Bag of Marbles":7,"Cracked Core":0,"Akabeko":19,"White Beast Statue":24,"ClockworkSouvenir":11,"Nuclear Battery":17},{"Potion Belt":5,"MealTicket":13,"Bag of Marbles":5,"Cracked Core":0,"Akabeko":10,"White Beast Statue":12,"ClockworkSouvenir":6,"Nuclear Battery":9},{"Potion Belt":17,"MealTicket":55,"Bag of Marbles":17,"Cracked Core":0,"Akabeko":41,"White Beast Statue":51,"ClockworkSouvenir":20,"Nuclear Battery":36}]},"card_choices":[{"not_picked":["Gash","Coolheaded"],"picked":"Streamline","floor":1.0},{"not_picked":["Recycle","Aggregate"],"picked":"Rebound","floor":2.0},{"not_picked":["Coolheaded","Rebound"],"picked":"Doom and Gloom","floor":3.0},{"not_picked":["Hologram","Steam Power"],"picked":"Redo","floor":5.0},{"not_picked":["Ball Lightning","Scrape"],"picked":"Creative AI","floor":7.0},{"not_picked":["Leap","Streamline"],"picked":"Stack","floor":10.0},{"not_picked":["Aggregate","Beam Cell"],"picked":"Leap","floor":12.0},{"not_picked":["Streamline","Stack"],"picked":"Go for the Eyes","floor":13.0},{"not_picked":["Buffer","Hyperbeam"],"picked":"Core Surge","floor":16.0},{"not_picked":["Capacitor","Leap"],"picked":"Conserve Battery+1","floor":18.0},{"not_picked":["Beam Cell","Gash+1"],"picked":"Stack+1","floor":21.0},{"not_picked":["Multi-Cast","Blizzard","Doom and Gloom+1"],"picked":"SKIP","floor":24.0},{"not_picked":["White Noise","Hologram"],"picked":"Force Field","floor":25}],"player_experience":2201595,"relics_obtained":[{"floor":7.0,"key":"Bag of Marbles"},{"floor":9.0,"key":"Potion Belt"},{"floor":24.0,"key":"White Beast Statue"},{"floor":26,"key":"MealTicket"}],"event_choices":[{"cards_removed":["Strike_B"],"damage_healed":0.0,"max_hp_gain":0.0,"max_hp_loss":0.0,"gold_gain":0.0,"event_name":"Bonfire Elementals","player_choice":"Offered Basic","floor":4.0,"gold_loss":0.0,"damage_taken":0.0},{"damage_healed":0.0,"max_hp_gain":0.0,"max_hp_loss":0.0,"gold_gain":0.0,"event_name":"Addict","player_choice":"Obtained Relic","floor":19.0,"gold_loss":85.0,"damage_taken":0.0,"relics_obtained":["Akabeko"]},{"damage_healed":0.0,"max_hp_gain":0.0,"max_hp_loss":0.0,"gold_gain":0.0,"event_name":"Nest","player_choice":"Joined the Cult","floor":20.0,"gold_loss":0.0,"damage_taken":6.0,"cards_obtained":["RitualDagger"]},{"damage_healed":0.0,"max_hp_gain":0.0,"max_hp_loss":0.0,"gold_gain":0.0,"event_name":"The Mausoleum","player_choice":"Ignored","floor":22.0,"gold_loss":0.0,"damage_taken":0.0}],"is_beta":false,"boss_relics":[{"not_picked":["Astrolabe","Coffee Dripper"],"picked":"Nuclear Battery"}],"items_purged_floors":[11],"is_endless":false,"potions_floor_spawned":[3,5,7,13,16,24,25],"killed_by":"Gremlin Leader","ascension_level":20}}