{"host":"m6aaltr68g9tvoay","time":1612845237,"event":{"mods":["AchievementEnabler","BaseMod","Colored Map","Downfall","Minty Spire (QoL Compilation)","Slay the Relics Exporter","StSLib"],"gold_per_floor":[99,118,218,233,246,146,146,159,191,54,71,106,106,106,121,218,218,218,228,248,248,258,258,258,258,283,293,293,323,323,349,368,467,467,467,483,497,497,512,528,528,428,461,461,461,481,481,498,515,515],"floor_reached":51,"language":"ENG","playtime":4664,"items_purged":[],"score":1114,"play_id":"e410b474-9cfd-424e-87b2-2deb87858b5b","local_time":"20210208203357","is_ascension_mode":true,"campfire_choices":[{"floor":1,"key":"RECALL"},{"floor":6,"key":"REST"},{"floor":13,"key":"REST"},{"data":"bronze:ItsAFeature","floor":18,"key":"SMITH"},{"floor":25,"key":"REST"},{"floor":28,"key":"REST"},{"data":"bronze:FindAndReplace","floor":35,"key":"SMITH"},{"data":"bronze:BugBarrage","floor":42,"key":"SMITH"},{"data":"bronze:Shield","floor":45,"key":"SMITH"},{"floor":47,"key":"REST"}],"circlet_count":0,"master_deck":["AscendersBane","bronze:Strike","bronze:Strike","bronze:Strike","bronze:Strike","bronze:Defend","bronze:Defend","bronze:Defend","bronze:Defend","bronze:Replicate","bronze:Goto","bronze:Iterate","bronze:FollowUp","bronze:Repair","bronze:OilSpill","bronze:OilSpill","bronze:BugBarrage+1","bronze:ItsAFeature+1","bronze:Shield","bronze:Turbo","bronze:DazingPulse","bronze:Explode","bronze:Frontload","bronze:Format","bronze:WildBeam","bronze:BugBarrage","RitualDagger+1","bronze:Shield+1","bronze:ChildClass+1","bronze:FindAndReplace+1","bronze:Virus+1","bronze:Flail+1","bronze:DelayedSlice+1","bronze:AlphaBuild+1"],"relics":["Black Star","downfall:HeartBlessingRed","Mercury Hourglass","Bag of Marbles","Oddly Smooth Stone","Happy Flower","bronze:ProtectiveGoggles","expansioncontent:StudyCardRelic","MealTicket","PreservedInsect","bronze:CableSpool","Bag of Preparation","Omamori","downfall:RedIOU","The Courier","Molten Egg 2","sneckomod:SneckoTalon","downfall:HeartBlessingBlue","CaptainsWheel","hexamod:CandleOfCauterizing"],"acts_visited":["Exordium","TheCity","TheBeyond"],"potions_floor_usage":[9,16,16,16,22,33,50,50],"damage_taken":[{"damage":3,"enemies":"2 Louse","floor":2,"turns":3},{"damage":1,"enemies":"Cultist","floor":4,"turns":3},{"damage":13,"enemies":"Small Slimes","floor":5,"turns":3},{"damage":0,"enemies":"2 Fungi Beasts","floor":8,"turns":3},{"damage":26,"enemies":"Lagavulin","floor":9,"turns":5},{"damage":0,"enemies":"downfall:FleeingMerchant","floor":10,"turns":4},{"damage":0,"enemies":"3 Louse","floor":11,"turns":2},{"damage":20,"enemies":"Gremlin Nob","floor":12,"turns":4},{"damage":5,"enemies":"Gremlin Nob","floor":14,"turns":3},{"damage":7,"enemies":"Blue Slaver","floor":15,"turns":2},{"damage":19,"enemies":"WA_ARCHETYPE_RETAIN","floor":16,"turns":7},{"damage":2,"enemies":"Chosen","floor":19,"turns":3},{"damage":7,"enemies":"Spheric Guardian","floor":20,"turns":4},{"damage":0,"enemies":"Chosen and Byrds","floor":22,"turns":4},{"damage":22,"enemies":"Slavers","floor":26,"turns":4},{"damage":4,"enemies":"Snake Plant","floor":27,"turns":3},{"damage":21,"enemies":"Gremlin Leader","floor":29,"turns":4},{"damage":0,"enemies":"Slavers","floor":31,"turns":3},{"damage":1,"enemies":"Centurion and Healer","floor":32,"turns":3},{"damage":34,"enemies":"DF_ARCHETYPE_CLAW","floor":33,"turns":7},{"damage":7,"enemies":"Orb Walker","floor":36,"turns":2},{"damage":1,"enemies":"3 Darklings","floor":37,"turns":4},{"damage":7,"enemies":"Writhing Mass","floor":39,"turns":5},{"damage":0,"enemies":"Sphere and 2 Shapes","floor":40,"turns":3},{"damage":3,"enemies":"Nemesis","floor":43,"turns":5},{"damage":0,"enemies":"Maw","floor":46,"turns":3},{"damage":50,"enemies":"Transient","floor":48,"turns":5},{"damage":4,"enemies":"Jaw Worm Horde","floor":49,"turns":4},{"damage":84,"enemies":"IC_BLOCK_ARCHETYPE","floor":50,"turns":8}],"seed_played":"-7895304746973354627","potions_obtained":[{"floor":4,"key":"GamblersBrew"},{"floor":5,"key":"PowerPotion"},{"floor":12,"key":"SteroidPotion"},{"floor":14,"key":"FearPotion"},{"floor":16,"key":"Fire Potion"},{"floor":20,"key":"LiquidBronze"},{"floor":21,"key":"CultistPotion"},{"floor":27,"key":"bronze:FreeFunctionsPotion"},{"floor":33,"key":"Explosive Potion"},{"floor":36,"key":"FairyPotion"},{"floor":43,"key":"CultistPotion"}],"is_trial":false,"path_per_floor":["R","M","?","M","M","R","T","M","E","$","M","E","R","?","M","B",null,"R","M","M","?","M","?","T","R","E","M","R","E","?","E","M","B",null,"R","M","M","?","M","M","T","R","E","?","R","M","R","M","M","B",null],"character_chosen":"THE_AUTOMATON","items_purchased":["bronze:BugBarrage","bronze:ItsAFeature"],"campfire_rested":5,"item_purchase_floors":[10,10],"current_hp_per_floor":[63,60,60,59,46,67,67,70,44,51,51,38,59,54,47,35,61,61,59,52,52,59,59,59,70,55,51,70,56,56,70,69,35,67,67,60,66,87,87,87,87,97,97,97,97,97,97,47,43,29],"gold":515,"neow_bonus":"BOSS_RELIC","is_daily":false,"chose_seed":false,"campfire_upgraded":4,"win_rate":0.0,"timestamp":1612845237,"path_taken":["R","M","?","M","M","R","T","?","E","$","M","E","R","?","M","BOSS","R","M","M","?","M","?","T","R","E","M","R","E","?","E","M","BOSS","R","M","M","?","M","M","T","R","E","?","R","M","R","M","M","BOSS"],"items_purchased_type":["Card","Card"],"build_version":"2020-12-22","purchased_purges":0,"victory":true,"max_hp_per_floor":[70,70,70,70,70,70,70,70,70,70,70,70,70,70,70,70,70,70,70,70,70,70,70,70,70,70,70,70,77,77,77,77,77,77,77,77,77,87,87,87,87,97,97,97,97,97,97,97,97,97],"card_choices":[{"not_picked":["bronze:Separator","bronze:Shield"],"picked":"bronze:Iterate","floor":2},{"not_picked":["bronze:Separator","bronze:WildBeam"],"picked":"bronze:FollowUp","floor":4},{"not_picked":["bronze:Deprecate","bronze:Turbo"],"picked":"bronze:Repair","floor":5},{"not_picked":["bronze:DelayedSlice","bronze:WildBeam"],"picked":"bronze:OilSpill","floor":8},{"not_picked":["bronze:MaxOutput","bronze:Fortify"],"picked":"bronze:ThunderWave","floor":9},{"not_picked":["bronze:ClassDefault","bronze:Turbo"],"picked":"bronze:OilSpill","floor":10},{"not_picked":["bronze:ChosenStrike","bronze:CutThrough"],"picked":"bronze:Shield","floor":11},{"not_picked":["bronze:WhirlingStrike","bronze:Optimize"],"picked":"bronze:Turbo","floor":12},{"not_picked":[],"picked":"bronze:DazingPulse","floor":14},{"not_picked":[],"picked":"bronze:Explode","floor":14},{"not_picked":["bronze:Overload","bronze:DarkDash"],"picked":"bronze:Frontload","floor":14},{"not_picked":["bronze:FineTuning","bronze:WildBeam","bronze:Separator"],"picked":"SKIP","floor":15},{"not_picked":["bronze:HyperBeam","bronze:ThunderWave"],"picked":"bronze:Format","floor":16},{"not_picked":["bronze:Deprecate","bronze:CloningBeam"],"picked":"bronze:WildBeam","floor":19},{"not_picked":["bronze:MaxOutput","bronze:Branch"],"picked":"bronze:BugBarrage","floor":20},{"not_picked":["bronze:CutThrough+1","bronze:Frontload"],"picked":"bronze:Shield","floor":22},{"not_picked":["bronze:CleanCode","bronze:Turbo+1"],"picked":"bronze:ChildClass+1","floor":26},{"not_picked":["bronze:BronzeArmor+1","bronze:Branch","bronze:FineTuning"],"picked":"SKIP","floor":27},{"not_picked":["bronze:Iterate+1","bronze:Invalidate+1"],"picked":"bronze:FindAndReplace","floor":29},{"not_picked":["bronze:FineTuning+1","bronze:Shell+1","bronze:Frontload+1"],"picked":"SKIP","floor":31},{"not_picked":["bronze:ClassDefault","bronze:Philosophize+1","bronze:DelayedSlice+1"],"picked":"SKIP","floor":32},{"not_picked":["bronze:Hardcode","bronze:CleanCode"],"picked":"bronze:Virus+1","floor":33},{"not_picked":["bronze:Boost","bronze:Separator+1"],"picked":"bronze:Flail+1","floor":36},{"not_picked":["bronze:MaxOutput","bronze:WildBeam+1"],"picked":"bronze:DelayedSlice+1","floor":37},{"not_picked":["bronze:Branch+1","bronze:Safeguard","bronze:Invalidate"],"picked":"SKIP","floor":39},{"not_picked":["bronze:Frontload","bronze:Shield+1","bronze:Return+1"],"picked":"SKIP","floor":40},{"not_picked":["bronze:Branch+1","bronze:Repulsor+1","bronze:BronzeOrb+1"],"picked":"SKIP","floor":43},{"not_picked":["bronze:ChosenStrike+1","bronze:BitShift"],"picked":"bronze:AlphaBuild+1","floor":46},{"not_picked":["bronze:DigitalCarnage+1","bronze:Invalidate","bronze:OilSpill+1"],"picked":"SKIP","floor":48},{"not_picked":["bronze:Constructor+1","bronze:Iterate+1","bronze:Shell"],"picked":"SKIP","floor":49}],"player_experience":1876057,"relics_obtained":[{"floor":7,"key":"Mercury Hourglass"},{"floor":9,"key":"Bag of Marbles"},{"floor":9,"key":"Oddly Smooth Stone"},{"floor":12,"key":"Happy Flower"},{"floor":12,"key":"bronze:ProtectiveGoggles"},{"floor":24,"key":"PreservedInsect"},{"floor":26,"key":"bronze:CableSpool"},{"floor":26,"key":"Bag of Preparation"},{"floor":29,"key":"Omamori"},{"floor":29,"key":"Strawberry"},{"floor":31,"key":"The Courier"},{"floor":31,"key":"Molten Egg 2"},{"floor":43,"key":"CaptainsWheel"},{"floor":43,"key":"hexamod:CandleOfCauterizing"}],"event_choices":[],"is_beta":false,"boss_relics":[{"not_picked":["Astrolabe","Pandora\u0027s Box"],"picked":"expansioncontent:StudyCardRelic"},{"not_picked":["Busted Crown","Snecko Eye"],"picked":"sneckomod:SneckoTalon"}],"items_purged_floors":[],"is_endless":false,"potions_floor_spawned":[4,5,12,14,16,20,27,31,33,36,43,46,48],"ascension_level":10}}