{"host":"c97twqu0op5dg8i4","time":1612831778,"event":{"mods":["AchievementEnabler","BaseMod","Colored Map","Minty Spire (QoL Compilation)","Permanent Neow"],"gold_per_floor":[211,211,26,50,68,68,68,90,90,124,139,168,168,184,184,284,334,354,354,365,96,107,107,133,148,148,175,90,106,120,120,120],"floor_reached":31,"language":"ENG","playtime":993,"items_purged":["Strike_P"],"score":406,"play_id":"91836434-f6fa-4164-ab14-86c2d4155c4b","local_time":"20210208194938","is_ascension_mode":true,"campfire_choices":[{"data":"Eruption","floor":6.0,"key":"SMITH"},{"data":"Tantrum","floor":13.0,"key":"SMITH"},{"data":"ThirdEye","floor":15.0,"key":"SMITH"},{"data":"JustLucky","floor":23.0,"key":"SMITH"}],"circlet_count":0,"master_deck":["Strike_P","Strike_P","Defend_P","Defend_P","Defend_P","Defend_P","Eruption+1","Vigilance","FlurryOfBlows","Judgement+1","Tantrum+1","ThirdEye+1","Consecrate","Halt","Conclude","Evaluate","FlurryOfBlows","Blasphemy+1","ThirdEye","ClearTheMind","Scrawl","JustLucky+1","EmptyMind","Prostrate","ThirdEye+1"],"relics":["PureWater","Lee\u0027s Waffle","Pen Nib","Odd Mushroom","Boot","Ancient Tea Set","HornCleat","Tiny House","Pantograph","Gremlin Horn","Bag of Marbles","Darkstone Periapt"],"acts_visited":["Exordium","TheCity"],"potions_floor_usage":[],"damage_taken":[{"damage":2.0,"enemies":"Small Slimes","floor":1.0,"turns":3.0},{"damage":0.0,"enemies":"Cultist","floor":5.0,"turns":2.0},{"damage":0.0,"enemies":"The Mushroom Lair","floor":8.0,"turns":3.0},{"damage":32.0,"enemies":"Gremlin Nob","floor":10.0,"turns":3.0},{"damage":0.0,"enemies":"Jaw Worm","floor":11.0,"turns":1.0},{"damage":0.0,"enemies":"Lagavulin","floor":12.0,"turns":4.0},{"damage":0.0,"enemies":"Exordium Wildlife","floor":14.0,"turns":3.0},{"damage":5.0,"enemies":"Hexaghost","floor":16.0,"turns":5.0},{"damage":12.0,"enemies":"Chosen","floor":18.0,"turns":3.0},{"damage":6.0,"enemies":"Shell Parasite","floor":20.0,"turns":3.0},{"damage":0.0,"enemies":"Chosen and Byrds","floor":22.0,"turns":3.0},{"damage":16.0,"enemies":"Gremlin Leader","floor":24.0,"turns":6.0},{"damage":1.0,"enemies":"Snake Plant","floor":25.0,"turns":3.0},{"damage":0.0,"enemies":"3 Cultists","floor":29.0,"turns":2.0},{"damage":19.0,"enemies":"Shelled Parasite and Fungi","floor":30.0,"turns":3.0},{"damage":24,"enemies":"Book of Stabbing","floor":31,"turns":5}],"seed_played":"-1184744646721830865","potions_obtained":[{"floor":5.0,"key":"DistilledChaos"},{"floor":10.0,"key":"Ancient Potion"},{"floor":11.0,"key":"Dexterity Potion"},{"floor":16.0,"key":"LiquidMemories"}],"is_trial":false,"path_per_floor":["M","?","$","T","M","R","$","?","T","E","M","E","R","M","R","B",null,"M","?","M","$","M","R","E","M","T","T","?","M","M","E"],"character_chosen":"WATCHER","items_purchased":["Tantrum","Lee\u0027s Waffle","Scrawl","JustLucky"],"campfire_rested":0,"item_purchase_floors":[3,3,21,21],"current_hp_per_floor":[63,63,79,79,79,79,79,79,79,47,47,47,47,47,47,42,75,63,63,57,57,57,57,41,40,40,40,40,40,21,0,0],"gold":120,"neow_bonus":"HUNDRED_GOLD","is_daily":false,"chose_seed":false,"campfire_upgraded":4,"win_rate":0.0,"timestamp":1612831778,"path_taken":["M","?","$","?","M","R","$","?","T","E","?","E","R","M","R","BOSS","M","?","?","$","M","R","E","?","T","?","?","M","M","E"],"items_purchased_type":["Card","Relic","Card","Card"],"build_version":"2020-12-22","purchased_purges":1,"victory":false,"max_hp_per_floor":[72,72,79,79,79,79,79,79,79,79,79,79,79,79,79,79,84,84,84,84,84,84,84,84,84,84,84,84,84,84,84,84],"card_choices":[{"not_picked":["Crescendo","SandsOfTime"],"picked":"FlurryOfBlows","floor":1.0},{"not_picked":["Meditate","ClearTheMind"],"picked":"ThirdEye","floor":5.0},{"not_picked":["Protect","Vengeance"],"picked":"Consecrate","floor":8.0},{"not_picked":["SandsOfTime","ForeignInfluence"],"picked":"Halt","floor":10.0},{"not_picked":["Swivel","Protect"],"picked":"Conclude","floor":11.0},{"not_picked":["Consecrate","ClearTheMind"],"picked":"Evaluate","floor":12.0},{"not_picked":["Indignation","Nirvana"],"picked":"FlurryOfBlows","floor":14.0},{"not_picked":["Omniscience","DeusExMachina"],"picked":"Blasphemy","floor":16.0},{"not_picked":["Worship","WheelKick"],"picked":"ThirdEye","floor":17.0},{"not_picked":["CrushJoints+1","SandsOfTime"],"picked":"ClearTheMind","floor":18.0},{"not_picked":["ForeignInfluence","CrushJoints","FearNoEvil"],"picked":"SKIP","floor":20.0},{"not_picked":["Worship+1","Perseverance","FearNoEvil+1"],"picked":"SKIP","floor":22.0},{"not_picked":["Worship+1","Perseverance","FearNoEvil+1"],"picked":"SKIP","floor":22.0},{"not_picked":["Prostrate","Conclude+1"],"picked":"EmptyMind","floor":24.0},{"not_picked":["MentalFortress","Sanctity","JustLucky"],"picked":"SKIP","floor":25.0},{"not_picked":["CutThroughFate","Vengeance+1"],"picked":"Prostrate","floor":29.0},{"not_picked":["ClearTheMind","Halt+1"],"picked":"ThirdEye+1","floor":30.0}],"player_experience":348950,"relics_obtained":[{"floor":4.0,"key":"Pen Nib"},{"floor":8.0,"key":"Odd Mushroom"},{"floor":9.0,"key":"Boot"},{"floor":10.0,"key":"Ancient Tea Set"},{"floor":12.0,"key":"HornCleat"},{"floor":24.0,"key":"Pantograph"},{"floor":26.0,"key":"Gremlin Horn"},{"floor":27.0,"key":"Bag of Marbles"}],"event_choices":[{"damage_healed":0.0,"max_hp_gain":0.0,"max_hp_loss":0.0,"gold_gain":0.0,"cards_transformed":["Strike_P"],"event_name":"Transmorgrifier","player_choice":"Transformed","floor":2.0,"gold_loss":0.0,"damage_taken":0.0,"cards_obtained":["Judgement"]},{"damage_healed":0.0,"max_hp_gain":0.0,"max_hp_loss":0.0,"gold_gain":0.0,"event_name":"Mushrooms","player_choice":"Fought Mushrooms","floor":8.0,"gold_loss":0.0,"damage_taken":0.0},{"damage_healed":0.0,"max_hp_gain":0.0,"max_hp_loss":0.0,"gold_gain":0.0,"event_name":"Accursed Blacksmith","player_choice":"Forge","floor":19.0,"gold_loss":0.0,"damage_taken":0.0,"cards_upgraded":["Blasphemy"]},{"damage_healed":0.0,"max_hp_gain":0.0,"max_hp_loss":0.0,"gold_gain":0.0,"event_name":"Addict","player_choice":"Obtained Relic","floor":28.0,"gold_loss":85.0,"damage_taken":0.0,"relics_obtained":["Darkstone Periapt"]}],"is_beta":false,"boss_relics":[{"not_picked":["Runic Pyramid","Empty Cage"],"picked":"Tiny House"}],"items_purged_floors":[21],"is_endless":false,"potions_floor_spawned":[5,10,11,16,22,24],"killed_by":"Book of Stabbing","ascension_level":8}}