{"host":"23qk1co0p3p8qz56","time":1612905483,"event":{"mods":["100% Spire Juice","AchievementEnabler","Act Like it!","Arknights","BaseMod","Better Note","Better Third Choice","BetterRewards","CapriCore","Chen","Colored Map","Downfall","Duelist Mod","Friendly Minions","Gensokyo","Gold Saver","KinomotoSakuraMod(ñÿîVñ{?)","Koishi","LagranYue(ùfäiòNÅEåé)","Lobotomy","LobotomyExtend","MarisaÅiñ∂âJÅ@ñÇóùçπÅj","Minty Spire (QoL Compilation)","Prisma Mod","ReimuÅiîé??öÎÅj","RemiliaÅiÂQïƒ‰ª?Åj","StSLib","The Administrix","The Alterego","The Animator","The Gatherer","The Immortal","The Marked","The Senshi","TheSwordswoman","Waifu the Spire","WarShipGirlsR/??è≠èóR mod","Yakumo Yukari mod","Yohane!","Yuyuko"],"gold_per_floor":[426,455,468,388,388,388,388,388],"floor_reached":7,"language":"ENG","playtime":337,"items_purged":[],"score":41,"play_id":"78c76c03-728c-4a0b-9b5e-ea8c7ecb3e6f","local_time":"20210209141803","is_ascension_mode":false,"campfire_choices":[{"data":"animator:Demiurge","floor":6,"key":"SMITH"}],"circlet_count":0,"master_deck":["animator:Strike_Overlord","animator:Defend_Overlord","animator:Strike","animator:Strike","animator:Strike","animator:Defend","animator:Defend","animator:Defend","animator:Cocytus","animator:Demiurge+1","animator:Shalltear","animator:Shuna","animator:Shuna","animator:NarberalGamma"],"relics":["animator:LivingPicture","animator:TheMissingPiece","animator:PurgingStone","LagranYue:RandomDrawCardRelic","Bronze Scales","LetterFromLob"],"acts_visited":["Exordium"],"potions_floor_usage":[7,7],"damage_taken":[{"damage":6,"enemies":"Cultist","floor":1,"turns":5},{"damage":2,"enemies":"Small Slimes","floor":2,"turns":4},{"damage":0,"enemies":"2 Louse","floor":3,"turns":2},{"damage":71,"enemies":"Gremlin Nob","floor":7,"turns":5}],"seed_played":"-4888254276522730582","potions_obtained":[{"floor":1,"key":"SkillPotion"},{"floor":3,"key":"Fruit Juice"}],"is_trial":false,"path_per_floor":["M","M","M","$","?","R","E"],"character_chosen":"THE_ANIMATOR","items_purchased":["animator:NarberalGamma"],"campfire_rested":0,"item_purchase_floors":[4],"current_hp_per_floor":[60,58,58,58,66,66,0,0],"gold":388,"neow_bonus":"RANDOM_COMMON_RELIC","is_daily":false,"chose_seed":false,"campfire_upgraded":1,"win_rate":0.0,"timestamp":1612905483,"path_taken":["M","?","M","$","?","R","E"],"items_purchased_type":["Card"],"build_version":"2020-12-22","purchased_purges":0,"victory":false,"max_hp_per_floor":[66,66,66,66,66,66,71,71],"card_choices":[{"not_picked":["animator:DolaSchwi","animator:Shinoa"],"picked":"animator:Shalltear","floor":1},{"not_picked":["animator:Hitei","animator:Elsword"],"picked":"animator:Shuna","floor":2},{"not_picked":["animator:AcuraAkari","animator:TukaLunaMarceau"],"picked":"animator:Shuna","floor":3}],"player_experience":135135,"relics_obtained":[{"floor":1,"key":"LetterFromLob"}],"event_choices":[],"is_beta":false,"boss_relics":[],"items_purged_floors":[],"is_endless":false,"potions_floor_spawned":[1,3],"killed_by":"Gremlin Nob","ascension_level":0}}