{"host":"dcj2yvrgcvh5dl2s","time":1612839337,"event":{"mods":["BaseMod","Bestiary","Better Note","Block Reminder","Colored Powertips","Curses Come First","DeckTracker","Minty Spire (QoL Compilation)","Quick Restart","Rare Cards Sparkle","Relic Stats","StSLib"],"gold_per_floor":[112,112,26,42,42,68,68,86,131,12,42,58,58,78,78,149,149,149,149,149,49,49,49,49,49,49,49,49,49,49,49,49,49,49],"floor_reached":33,"language":"ENG","playtime":8832,"items_purged":["Strike_R","Strike_R"],"score":644,"play_id":"c5a4daa7-38e8-4fea-b463-b29e96cff31b","local_time":"20210209125537","is_ascension_mode":true,"campfire_choices":[{"data":"Infernal Blade","floor":7,"key":"SMITH"},{"floor":15,"key":"REST"},{"floor":23,"key":"REST"},{"floor":25,"key":"REST"},{"floor":32,"key":"REST"}],"circlet_count":0,"master_deck":["AscendersBane","Strike_R","Defend_R+1","Defend_R+1","Defend_R","Defend_R","Bash","Clothesline","Infernal Blade+1","Pummel","Heavy Blade","Shrug It Off","Ghostly Armor","Thunderclap","Pummel","Limit Break","Shockwave","Flex","Sword Boomerang","Inflame","Shrug It Off","Body Slam"],"relics":["Burning Blood","War Paint","Blood Vial","Lantern","Ectoplasm","Nloth\u0027s Gift","Mummified Hand","Ornamental Fan","Nunchaku"],"acts_visited":["Exordium","TheCity"],"potions_floor_usage":[12,16,16,24,29,31,33,33],"damage_taken":[{"damage":0,"enemies":"Small Slimes","floor":1,"turns":1},{"damage":0,"enemies":"Cultist","floor":4,"turns":1},{"damage":0,"enemies":"Gremlin Nob","floor":6,"turns":1},{"damage":11,"enemies":"2 Louse","floor":8,"turns":2},{"damage":45,"enemies":"3 Sentries","floor":11,"turns":9},{"damage":26,"enemies":"Large Slime","floor":12,"turns":6},{"damage":0,"enemies":"Exordium Thugs","floor":14,"turns":4},{"damage":75,"enemies":"The Guardian","floor":16,"turns":11},{"damage":32,"enemies":"Spheric Guardian","floor":18,"turns":6},{"damage":6,"enemies":"3 Byrds","floor":19,"turns":5},{"damage":30,"enemies":"Book of Stabbing","floor":24,"turns":5},{"damage":3,"enemies":"Snecko","floor":27,"turns":6},{"damage":14,"enemies":"Centurion and Healer","floor":28,"turns":8},{"damage":28,"enemies":"Gremlin Leader","floor":29,"turns":5},{"damage":12,"enemies":"Snake Plant","floor":30,"turns":3},{"damage":0,"enemies":"Cultist and Chosen","floor":31,"turns":5},{"damage":82,"enemies":"Champ","floor":33,"turns":11}],"seed_played":"2808261874704776060","potions_obtained":[{"floor":1,"key":"Strength Potion"},{"floor":6,"key":"CultistPotion"},{"floor":11,"key":"AttackPotion"},{"floor":14,"key":"Regen Potion"},{"floor":16,"key":"Weak Potion"},{"floor":18,"key":"AttackPotion"},{"floor":24,"key":"Weak Potion"},{"floor":28,"key":"ColorlessPotion"},{"floor":29,"key":"Fire Potion"},{"floor":31,"key":"EssenceOfSteel"}],"is_trial":false,"path_per_floor":["M","?","$","M","$","E","R","M","T","$","E","M","?","M","R","B",null,"M","M","?","$","?","R","E","R","T","M","M","E","M","M","R","B"],"character_chosen":"IRONCLAD","items_purchased":["Infernal Blade","Ghostly Armor"],"campfire_rested":4,"item_purchase_floors":[3,10],"current_hp_per_floor":[74,74,74,75,75,75,75,70,70,70,33,15,40,48,70,16,60,36,38,38,38,38,60,38,60,60,65,59,39,35,43,65,0,0],"gold":49,"neow_bonus":"THREE_ENEMY_KILL","is_daily":false,"chose_seed":false,"campfire_upgraded":1,"win_rate":0.0,"timestamp":1612839337,"path_taken":["M","?","$","M","$","E","R","?","T","$","E","M","?","M","R","BOSS","M","M","?","?","?","R","E","R","T","M","M","E","M","?","R","BOSS"],"items_purchased_type":["Card","Card"],"build_version":"2020-12-22","purchased_purges":2,"victory":false,"max_hp_per_floor":[75,75,75,75,75,75,75,75,75,75,75,75,75,75,75,75,75,75,75,75,75,75,75,75,75,75,75,75,75,75,75,75,75,75],"relic_stats":{"Blood Vial":26,"Nunchaku":[3],"counters":[17,89],"Mummified Hand":[4],"Ornamental Fan":[24],"Ectoplasm":143,"Nloth\u0027s Gift":0,"War Paint":["Defend_R","Defend_R"],"obtain_stats":[{"Blood Vial":9,"Lantern":11,"Nunchaku":29,"NeowsBlessing":0,"Mummified Hand":24,"Ornamental Fan":26,"Ectoplasm":17,"Nloth\u0027s Gift":20,"War Paint":6,"Burning Blood":0},{"Blood Vial":4,"Lantern":5,"Nunchaku":14,"NeowsBlessing":0,"Mummified Hand":11,"Ornamental Fan":11,"Ectoplasm":8,"Nloth\u0027s Gift":10,"War Paint":3,"Burning Blood":0},{"Blood Vial":5,"Lantern":14,"Nunchaku":70,"NeowsBlessing":0,"Mummified Hand":51,"Ornamental Fan":51,"Ectoplasm":35,"Nloth\u0027s Gift":46,"War Paint":3,"Burning Blood":0}],"Burning Blood":85},"card_choices":[{"not_picked":["Evolve","Power Through"],"picked":"Clothesline","floor":1},{"not_picked":["Shrug It Off","Bloodletting"],"picked":"Pummel","floor":4},{"not_picked":["Sentinel","Body Slam"],"picked":"Heavy Blade","floor":6},{"not_picked":["Anger","Dual Wield"],"picked":"Shrug It Off","floor":8},{"not_picked":["Entrench","Heavy Blade"],"picked":"Thunderclap","floor":11},{"not_picked":["Bludgeon","Intimidate"],"picked":"Pummel","floor":12},{"not_picked":["Anger","Clothesline","Searing Blow"],"picked":"SKIP","floor":14},{"not_picked":["Corruption","Feed"],"picked":"Limit Break","floor":16},{"not_picked":["Dual Wield","True Grit"],"picked":"Shockwave","floor":18},{"not_picked":["Warcry","Wild Strike"],"picked":"Flex","floor":19},{"not_picked":["Clash","Havoc"],"picked":"Sword Boomerang","floor":24},{"not_picked":["Ghostly Armor","Clash","Twin Strike"],"picked":"SKIP","floor":27},{"not_picked":["Searing Blow","Anger+1"],"picked":"Inflame","floor":28},{"not_picked":["Metallicize+1","Inflame"],"picked":"Shrug It Off","floor":29},{"not_picked":["Power Through","Sword Boomerang"],"picked":"Body Slam","floor":30},{"not_picked":["Brutality","Warcry","Searing Blow"],"picked":"SKIP","floor":31}],"player_experience":2335632,"relics_obtained":[{"floor":6,"key":"War Paint"},{"floor":9,"key":"Blood Vial"},{"floor":11,"key":"Lantern"},{"floor":24,"key":"Mummified Hand"},{"floor":26,"key":"Ornamental Fan"},{"floor":29,"key":"Nunchaku"}],"event_choices":[{"cards_removed":["Strike_R"],"damage_healed":0,"gold_gain":0,"player_choice":"Offered Basic","damage_taken":0,"max_hp_gain":0,"max_hp_loss":0,"event_name":"Bonfire Elementals","floor":2,"gold_loss":0},{"damage_healed":25,"gold_gain":0,"player_choice":"Banana","damage_taken":0,"max_hp_gain":0,"max_hp_loss":0,"event_name":"Big Fish","floor":13,"gold_loss":0},{"damage_healed":0,"gold_gain":0,"player_choice":"Traded Relic","damage_taken":0,"relics_obtained":["Nloth\u0027s Gift"],"max_hp_gain":0,"max_hp_loss":0,"event_name":"N\u0027loth","floor":20,"relics_lost":["NeowsBlessing"],"gold_loss":0},{"cards_removed":["Strike_R"],"damage_healed":0,"gold_gain":0,"player_choice":"Purged","damage_taken":0,"max_hp_gain":0,"max_hp_loss":0,"event_name":"Purifier","floor":22,"gold_loss":0}],"is_beta":false,"boss_relics":[{"not_picked":["Runic Cube","Black Blood"],"picked":"Ectoplasm"}],"items_purged_floors":[10,21],"is_endless":false,"potions_floor_spawned":[1,6,11,14,16,18,24,28,29,31],"killed_by":"Champ","ascension_level":20}}