{"host":"08yfhu6uhosdn245","time":1612847918,"event":{"mods":["2.2 Compatiblity","BaseMod","Bestiary","Colored Map","Colored Powertips","Curses Come First","Highlight Path","Minty Spire (QoL Compilation)","Quick Restart","Relic Stats","StSLib"],"gold_per_floor":[111,134,153,103,123,123,154,154,154,164,21,48,48,79,79,183,183,199,5,20,0,18,45,65,65,65],"floor_reached":25,"language":"ENG","playtime":1075,"items_purged":["Decay","Strike_B"],"score":325,"play_id":"a4d2b05e-bef5-4356-8d36-6a7e0232a2ff","local_time":"20210209001838","is_ascension_mode":true,"campfire_choices":[{"data":"Streamline","floor":6,"key":"SMITH"},{"data":"The Bomb","floor":13,"key":"SMITH"},{"data":"Conserve Battery","floor":15,"key":"SMITH"}],"circlet_count":0,"master_deck":["Strike_B","Strike_B","Strike_B","Defend_B","Defend_B","Defend_B","Defend_B","Zap","Dualcast","The Bomb+1","Streamline+1","Rebound","Melter","FTL","Bandage Up","Rip and Tear","Conserve Battery+1","Fission","BootSequence","Apotheosis","Hologram+1","Ball Lightning","Hologram","Conserve Battery"],"relics":["Cracked Core","Smiling Mask","Orichalcum","Pen Nib","Meat on the Bone","Matryoshka","Frozen Egg 2","Fusion Hammer","Bronze Scales"],"acts_visited":["Exordium","TheCity"],"potions_floor_usage":[12,16,24,24],"damage_taken":[{"damage":1,"enemies":"Cultist","floor":1,"turns":4},{"damage":9,"enemies":"Jaw Worm","floor":3,"turns":3},{"damage":3,"enemies":"2 Louse","floor":5,"turns":2},{"damage":25,"enemies":"Lagavulin","floor":7,"turns":4},{"damage":14,"enemies":"Gremlin Gang","floor":10,"turns":3},{"damage":10,"enemies":"Gremlin Nob","floor":12,"turns":3},{"damage":10,"enemies":"Lagavulin","floor":14,"turns":5},{"damage":26,"enemies":"Slime Boss","floor":16,"turns":9},{"damage":2,"enemies":"Chosen","floor":18,"turns":4},{"damage":26,"enemies":"2 Thieves","floor":20,"turns":4},{"damage":15,"enemies":"Centurion and Healer","floor":22,"turns":3},{"damage":38,"enemies":"Slavers","floor":23,"turns":5},{"damage":18,"enemies":"Cultist and Chosen","floor":24,"turns":6},{"damage":24,"enemies":"Gremlin Leader","floor":25,"turns":2}],"seed_played":"6092216529185439088","potions_obtained":[{"floor":3,"key":"FocusPotion"},{"floor":10,"key":"Explosive Potion"},{"floor":12,"key":"LiquidMemories"},{"floor":22,"key":"GamblersBrew"}],"is_trial":false,"path_per_floor":["M","T","M","$","M","R","E","?","T","M","$","E","R","E","R","B",null,"M","$","M","?","M","E","M","E"],"character_chosen":"DEFECT","items_purchased":["Bandage Up","Apotheosis"],"campfire_rested":0,"item_purchase_floors":[11,19],"current_hp_per_floor":[67,67,58,58,55,55,30,30,30,28,28,34,34,40,40,30,64,66,66,44,44,45,25,23,0,0],"gold":65,"neow_bonus":"RANDOM_COLORLESS_2","is_daily":false,"chose_seed":false,"campfire_upgraded":3,"win_rate":0.0,"timestamp":1612847918,"path_taken":["M","?","M","?","M","R","E","?","T","?","$","E","R","E","R","BOSS","M","$","M","?","M","E","M","E"],"items_purchased_type":["Card","Card"],"build_version":"2020-12-22","purchased_purges":2,"victory":false,"max_hp_per_floor":[75,75,75,75,75,75,75,75,75,75,75,75,75,75,75,75,75,75,75,75,75,75,75,75,75,75],"relic_stats":{"counters":[14,57],"Bronze Scales":[33],"Pen Nib":[7],"Orichalcum":[102],"Smiling Mask":75,"obtain_stats":[{"Matryoshka":12,"Bronze Scales":23,"Pen Nib":8,"Fusion Hammer":17,"Orichalcum":7,"Frozen Egg 2":14,"Cracked Core":0,"Smiling Mask":2,"Meat on the Bone":9},{"Matryoshka":6,"Bronze Scales":12,"Pen Nib":4,"Fusion Hammer":8,"Orichalcum":4,"Frozen Egg 2":7,"Cracked Core":0,"Smiling Mask":1,"Meat on the Bone":4},{"Matryoshka":19,"Bronze Scales":49,"Pen Nib":13,"Fusion Hammer":33,"Orichalcum":13,"Frozen Egg 2":24,"Cracked Core":0,"Smiling Mask":4,"Meat on the Bone":13}],"Meat on the Bone":84},"card_choices":[{"not_picked":["Secret Technique","Magnetism"],"picked":"The Bomb","floor":0},{"not_picked":["Redo","Ball Lightning"],"picked":"Streamline","floor":1},{"not_picked":["Turbo","Stack"],"picked":"Rebound","floor":3},{"not_picked":["Gash","Redo"],"picked":"Melter","floor":5},{"not_picked":["Cold Snap","Lockon"],"picked":"Streamline","floor":7},{"not_picked":["Go for the Eyes","Compile Driver"],"picked":"FTL","floor":10},{"not_picked":["Streamline","All For One"],"picked":"Rip and Tear","floor":12},{"not_picked":["Static Discharge+1","Chaos"],"picked":"Conserve Battery","floor":14},{"not_picked":["Amplify","Multi-Cast"],"picked":"Fission","floor":16},{"not_picked":["Redo","Stack+1"],"picked":"BootSequence","floor":18},{"not_picked":["Turbo","Ball Lightning"],"picked":"Hologram+1","floor":20},{"not_picked":["Redo","Gash"],"picked":"Ball Lightning","floor":22},{"not_picked":["Multi-Cast","Ball Lightning"],"picked":"Hologram","floor":23},{"not_picked":["Rebound+1","Barrage"],"picked":"Conserve Battery","floor":24}],"player_experience":377253,"relics_obtained":[{"floor":2,"key":"Smiling Mask"},{"floor":7,"key":"Orichalcum"},{"floor":9,"key":"Meat on the Bone"},{"floor":12,"key":"Matryoshka"},{"floor":14,"key":"Frozen Egg 2"},{"floor":23,"key":"Bronze Scales"}],"event_choices":[{"cards_removed":["Streamline"],"damage_healed":0,"gold_gain":0,"player_choice":"Gave Card","damage_taken":0,"relics_obtained":["Pen Nib"],"max_hp_gain":0,"max_hp_loss":0,"event_name":"WeMeetAgain","floor":8,"gold_loss":0},{"damage_healed":0,"gold_gain":0,"player_choice":"Paid Fearfully","damage_taken":0,"max_hp_gain":0,"max_hp_loss":0,"event_name":"Masked Bandits","floor":21,"gold_loss":20}],"is_beta":false,"boss_relics":[{"not_picked":["Pandora\u0027s Box","Empty Cage"],"picked":"Fusion Hammer"}],"items_purged_floors":[4,11],"is_endless":false,"potions_floor_spawned":[3,10,12,22],"killed_by":"Gremlin Leader","ascension_level":7}}