{"host":"8u1cu4kisw6g21am","time":1612833614,"event":{"mods":["AchievementEnabler","BaseMod","Bestiary","BetterRewards","Minty Spire (QoL Compilation)","Quick Restart","Shop Mod","StSLib"],"gold_per_floor":[119,133,145,164,183,183,29,58,58,77,102,102,121,138,138,243,243,256,275,286,132,132,143,143,162,233,233,251,251,261,273,273,374,374,387,401,147,147,147,147,477,477,530,630,656,672,687,687,687],"floor_reached":48,"language":"ENG","playtime":9470,"items_purged":["Strike_R","Strike_R"],"score":810,"play_id":"88be13da-81e9-4e6e-b91f-b9f7118586c7","local_time":"20210208202014","is_ascension_mode":false,"campfire_choices":[{"data":"Body Slam","floor":6.0,"key":"SMITH"},{"data":"Barricade","floor":12.0,"key":"SMITH"},{"floor":15.0,"key":"REST"},{"data":"Seeing Red","floor":24.0,"key":"SMITH"},{"data":"Flame Barrier","floor":27.0,"key":"SMITH"},{"data":"Iron Wave","floor":29.0,"key":"SMITH"},{"data":"Iron Wave","floor":32.0,"key":"SMITH"},{"data":"Juggernaut","floor":40.0,"key":"SMITH"},{"data":"Power Through","floor":42.0,"key":"SMITH"}],"circlet_count":0,"master_deck":["Strike_R","Strike_R","Defend_R","Defend_R","Defend_R","Defend_R","Bash","Seeing Red+1","Body Slam+1","Flame Barrier+1","Feel No Pain","Power Through+1","Barricade+1","Feel No Pain","Iron Wave+1","Dual Wield+1","Juggernaut+1","Entrench+1","Body Slam+1","Power Through+1","Rage+1","Iron Wave+1","Body Slam","Writhe","Second Wind+1","Body Slam+1"],"relics":["Burning Blood","Frozen Eye","Paper Frog","Oddly Smooth Stone","Pantograph","Toxic Egg 2","Snecko Eye","MerchantsRug","Bottled Lightning","SlaversCollar","Medical Kit","Old Coin","PreservedInsect","Letter Opener"],"acts_visited":["Exordium","TheCity","TheBeyond"],"potions_floor_usage":[],"damage_taken":[{"damage":1.0,"enemies":"Cultist","floor":1.0,"turns":3.0},{"damage":7.0,"enemies":"2 Louse","floor":2.0,"turns":3.0},{"damage":8.0,"enemies":"Small Slimes","floor":3.0,"turns":3.0},{"damage":18.0,"enemies":"2 Fungi Beasts","floor":4.0,"turns":4.0},{"damage":15.0,"enemies":"Red Slaver","floor":5.0,"turns":5.0},{"damage":18.0,"enemies":"Lagavulin","floor":8.0,"turns":9.0},{"damage":4.0,"enemies":"Looter","floor":10.0,"turns":2.0},{"damage":49.0,"enemies":"Gremlin Nob","floor":11.0,"turns":7.0},{"damage":14.0,"enemies":"3 Louse","floor":13.0,"turns":5.0},{"damage":6.0,"enemies":"Blue Slaver","floor":14.0,"turns":3.0},{"damage":14.0,"enemies":"The Guardian","floor":16.0,"turns":13.0},{"damage":0.0,"enemies":"Chosen","floor":18.0,"turns":4.0},{"damage":0.0,"enemies":"Shell Parasite","floor":19.0,"turns":3.0},{"damage":0.0,"enemies":"Sentry and Sphere","floor":20.0,"turns":4.0},{"damage":4.0,"enemies":"Cultist and Chosen","floor":23.0,"turns":6.0},{"damage":8.0,"enemies":"Centurion and Healer","floor":25.0,"turns":5.0},{"damage":0.0,"enemies":"Chosen and Byrds","floor":28.0,"turns":5.0},{"damage":3.0,"enemies":"Snecko","floor":30.0,"turns":4.0},{"damage":0.0,"enemies":"Cultist and Chosen","floor":31.0,"turns":5.0},{"damage":0.0,"enemies":"Automaton","floor":33.0,"turns":6.0},{"damage":0.0,"enemies":"Orb Walker","floor":35.0,"turns":4.0},{"damage":50.0,"enemies":"3 Darklings","floor":36.0,"turns":7.0},{"damage":20.0,"enemies":"Nemesis","floor":41.0,"turns":5.0},{"damage":0.0,"enemies":"Reptomancer","floor":45.0,"turns":2.0},{"damage":25.0,"enemies":"4 Shapes","floor":46.0,"turns":4.0},{"damage":18.0,"enemies":"Jaw Worm Horde","floor":47.0,"turns":5.0},{"damage":55,"enemies":"Transient","floor":48,"turns":3}],"seed_played":"-3462842828280481479","potions_obtained":[{"floor":3.0,"key":"DistilledChaos"},{"floor":4.0,"key":"AttackPotion"},{"floor":5.0,"key":"Strength Potion"},{"floor":8.0,"key":"SpeedPotion"},{"floor":14.0,"key":"BlessingOfTheForge"},{"floor":16.0,"key":"Dexterity Potion"},{"floor":19.0,"key":"Energy Potion"},{"floor":23.0,"key":"BlessingOfTheForge"},{"floor":25.0,"key":"ColorlessPotion"},{"floor":35.0,"key":"PowerPotion"},{"floor":46.0,"key":"FearPotion"}],"is_trial":false,"path_per_floor":["M","M","M","M","M","R","$","E","T","M","E","R","M","M","R","B",null,"M","M","M","$","?","M","R","M","T","R","M","R","M","M","R","B",null,"M","M","$","?","?","R","E","R","T","?","E","M","M","M"],"character_chosen":"IRONCLAD","items_purchased":["Frozen Eye","Paper Frog","Seeing Red","Oddly Smooth Stone","MerchantsRug","Medical Kit"],"campfire_rested":1,"item_purchase_floors":[0,0,0,7,21,37],"current_hp_per_floor":[80,79,77,65,56,56,56,44,44,46,46,46,38,38,62,72,80,80,80,80,80,80,80,80,78,78,78,80,80,80,80,80,80,80,80,36,36,36,56,56,42,42,42,42,48,29,17,0,0],"gold":687,"neow_bonus":"","is_daily":false,"chose_seed":false,"campfire_upgraded":8,"win_rate":0.0,"timestamp":1612833614,"path_taken":["M","M","M","M","M","R","$","E","T","M","E","R","M","M","R","BOSS","M","M","M","$","?","M","R","M","T","R","?","R","M","M","R","BOSS","M","M","$","?","?","R","E","R","T","?","E","M","M","M"],"items_purchased_type":["Relic","Relic","Card","Relic","Relic","Relic"],"build_version":"2020-12-22","purchased_purges":2,"victory":false,"max_hp_per_floor":[80,80,80,80,80,80,80,80,80,80,80,80,80,80,80,80,80,80,80,80,80,80,80,80,80,80,80,80,80,80,80,80,80,80,80,80,80,80,80,80,80,80,80,80,80,80,80,80,80],"card_choices":[{"not_picked":["Warcry","Cleave"],"picked":"Body Slam","floor":1.0},{"not_picked":["Clash","Heavy Blade","Cleave"],"picked":"SKIP","floor":2.0},{"not_picked":["Perfected Strike","True Grit"],"picked":"Flame Barrier","floor":3.0},{"not_picked":["Cleave","Sword Boomerang"],"picked":"Feel No Pain","floor":4.0},{"not_picked":["Blood for Blood","Whirlwind"],"picked":"Power Through","floor":5.0},{"not_picked":["Combust","Battle Trance","Sword Boomerang"],"picked":"SKIP","floor":8.0},{"not_picked":["Reckless Charge","Thunderclap"],"picked":"Barricade","floor":10.0},{"not_picked":["Thunderclap","Cleave"],"picked":"Feel No Pain","floor":11.0},{"not_picked":["Perfected Strike","Headbutt"],"picked":"Iron Wave","floor":13.0},{"not_picked":["Combust","Anger"],"picked":"Dual Wield+1","floor":14.0},{"not_picked":["Feed","Berserk"],"picked":"Juggernaut","floor":16.0},{"not_picked":["Burning Pact+1","Shockwave+1","Thunderclap"],"picked":"SKIP","floor":18.0},{"not_picked":["Pommel Strike","Armaments+1"],"picked":"Entrench+1","floor":19.0},{"not_picked":["Pommel Strike","Battle Trance+1","Feel No Pain"],"picked":"SKIP","floor":20.0},{"not_picked":["Heavy Blade","Spot Weakness+1"],"picked":"Power Through+1","floor":23.0},{"not_picked":["Flex+1","Heavy Blade"],"picked":"Rage+1","floor":25.0},{"not_picked":["Headbutt","Dropkick+1","Twin Strike"],"picked":"SKIP","floor":28.0},{"not_picked":["Pommel Strike","Heavy Blade"],"picked":"Iron Wave","floor":30.0},{"not_picked":["Bloodletting+1","Fiend Fire","Anger"],"picked":"SKIP","floor":31.0},{"not_picked":["Dual Wield+1","Armaments+1"],"picked":"Body Slam","floor":35.0},{"not_picked":["Armaments+1","Sword Boomerang+1","Clothesline"],"picked":"SKIP","floor":36.0},{"not_picked":["Flex+1","Fiend Fire"],"picked":"Second Wind+1","floor":41.0},{"not_picked":["Sword Boomerang+1","Combust+1"],"picked":"Body Slam+1","floor":45.0},{"not_picked":["Clothesline","Searing Blow+1","Iron Wave"],"picked":"SKIP","floor":46.0},{"not_picked":["Clothesline+1","Anger+1","Juggernaut"],"picked":"SKIP","floor":47.0}],"player_experience":15630,"relics_obtained":[{"floor":8.0,"key":"Pantograph"},{"floor":9.0,"key":"Lizard Tail"},{"floor":11.0,"key":"Toxic Egg 2"},{"floor":26.0,"key":"Bottled Lightning"},{"floor":41.0,"key":"Old Coin"},{"floor":43.0,"key":"PreservedInsect"},{"floor":45.0,"key":"Letter Opener"}],"event_choices":[{"damage_healed":0.0,"max_hp_gain":0.0,"max_hp_loss":0.0,"gold_gain":0.0,"event_name":"Duplicator","player_choice":"Copied","floor":22.0,"gold_loss":0.0,"damage_taken":0.0,"cards_obtained":["Body Slam"]},{"cards_removed":["Strike_R"],"damage_healed":0.0,"max_hp_gain":0.0,"max_hp_loss":0.0,"gold_gain":0.0,"event_name":"Falling","player_choice":"Removed Attack","floor":38.0,"gold_loss":0.0,"damage_taken":0.0},{"damage_healed":20.0,"max_hp_gain":0.0,"max_hp_loss":0.0,"gold_gain":0.0,"event_name":"Winding Halls","player_choice":"Writhe","floor":39.0,"gold_loss":0.0,"damage_taken":0.0,"cards_obtained":["Writhe"]},{"damage_healed":0.0,"max_hp_gain":0.0,"max_hp_loss":0.0,"gold_gain":100.0,"event_name":"Golden Shrine","player_choice":"Pray","floor":44.0,"gold_loss":0.0,"damage_taken":0.0}],"is_beta":false,"boss_relics":[{"not_picked":["Philosopher\u0027s Stone","SacredBark"],"picked":"Snecko Eye"},{"not_picked":["Mark of Pain","Astrolabe"],"picked":"SlaversCollar"}],"items_purged_floors":[21,37],"is_endless":false,"potions_floor_spawned":[3,4,5,8,14,16,19,23,25,35,46],"killed_by":"Transient","ascension_level":0}}