{"host":"Doisman","time":1612896005,"event":{"mods":["AchievementEnabler","BaseMod","Better Note","Curses Come First","Minty Spire (QoL Compilation)","Permanent Neow","Relic Stats","Replay The Spire","StSLib"],"gold_per_floor":[112,287,287,64,74,74,103,103,103,120,153,153,171,171,171,274,274,288,288,307,318,318,350,15,15,15,15,40,40,64,75,75,177,177,195,242,258,258,133,167,17,34,34,34,46,57,57,8,8,8,8],"floor_reached":50,"language":"ENG","playtime":2195,"items_purged":["Doubt","Strike_G","Strike_G","Storm of Steel+1"],"score":593,"play_id":"eede1be0-f072-4dbf-ad37-cb13f3a24cd1","local_time":"20210209124005","is_ascension_mode":true,"campfire_choices":[{"data":"Dagger Spray","floor":6,"key":"SMITH"},{"data":"ReplayTheSpireMod:Speed Training","floor":8,"key":"SMITH"},{"data":"Blade Dance","floor":12,"key":"SMITH"},{"data":"Defend_G","floor":15,"key":"SMITH"},{"data":"Flying Knee","floor":25,"key":"SMITH"},{"data":"Glass Knife","floor":29,"key":"SMITH"},{"data":"Infinite Blades","floor":32,"key":"SMITH"},{"floor":44,"key":"REST"},{"data":"Noxious Fumes","floor":47,"key":"SMITH"},{"data":"Mayhem","floor":49,"key":"SMITH"}],"circlet_count":0,"master_deck":["Defend_G","Defend_G+1","Defend_G","Defend_G","Defend_G+1","Survivor","Neutralize+1","Dagger Spray+1","ReplayTheSpireMod:Speed Training+1","Blade Dance+1","Well Laid Plans+1","Glass Knife+1","Night Terror+1","Dagger Throw+1","Flying Knee+1","Infinite Blades+1","Pot Of Greed","Pot Of Greed","Leg Sweep","ReplayTheSpireMod:Speed Training+1","Noxious Fumes+1","Master of Strategy","Mayhem+1","Dodge and Roll","Pot Of Greed","Noxious Fumes","Noxious Fumes"],"relics":["Ring of Chaos","Replay:Baseball","Singing Bowl","Divine Protection","Replay:Towering Pillar of Hats","Astrolabe","ReplayTheSpireMod:Shallot","Blood Vial","Grinning Jar","Mummified Hand","Lantern","Replay:Mystery Machine","ChewingGum","The Specimen","Blue Doll","Bag of Marbles"],"acts_visited":["Exordium","TheCity","TheBeyond"],"potions_floor_usage":[11,16,23,23,28,36,36,46,50,50],"damage_taken":[{"damage":0,"enemies":"Jaw Worm","floor":1,"turns":4},{"damage":0,"enemies":"Cultist","floor":5,"turns":4},{"damage":7,"enemies":"3 Sentries","floor":7,"turns":8},{"damage":0,"enemies":"Small Slimes","floor":10,"turns":3},{"damage":10,"enemies":"Gremlin Nob","floor":11,"turns":4},{"damage":0,"enemies":"2 Fungi Beasts","floor":13,"turns":3},{"damage":7,"enemies":"Hexaghost","floor":16,"turns":16},{"damage":2,"enemies":"Chosen","floor":18,"turns":5},{"damage":0,"enemies":"Shell Parasite","floor":20,"turns":4},{"damage":0,"enemies":"Centurion and Healer","floor":21,"turns":5},{"damage":33,"enemies":"Slavers","floor":23,"turns":7},{"damage":0,"enemies":"Replay:Snechameleon","floor":28,"turns":5},{"damage":0,"enemies":"3 Cultists","floor":31,"turns":4},{"damage":34,"enemies":"Collector","floor":33,"turns":11},{"damage":0,"enemies":"Orb Walker","floor":35,"turns":4},{"damage":8,"enemies":"2 Orb Walkers","floor":36,"turns":4},{"damage":18,"enemies":"3 Darklings","floor":37,"turns":4},{"damage":25,"enemies":"Giant Head","floor":40,"turns":9},{"damage":1,"enemies":"4 Shapes","floor":42,"turns":4},{"damage":2,"enemies":"Jaw Worm Horde","floor":45,"turns":5},{"damage":3,"enemies":"3 Darklings","floor":46,"turns":5},{"damage":71,"enemies":"Time Eater","floor":50,"turns":10}],"seed_played":"-1982694187150570972","potions_obtained":[{"floor":5,"key":"ColorlessPotion"},{"floor":11,"key":"Languid Potion"},{"floor":13,"key":"GamblersBrew"},{"floor":18,"key":"Swift Potion"},{"floor":23,"key":"AttackPotion"},{"floor":33,"key":"Block Potion"},{"floor":35,"key":"Strength Potion"},{"floor":42,"key":"Fire Potion"},{"floor":45,"key":"GamblersBrew"},{"floor":46,"key":"DistilledChaos"}],"is_trial":false,"path_per_floor":["M","?","?","$","M","R","E","R","T","M","E","R","M","?","R","B",null,"M","?","M","M","?","E","$","R","T","$","E","R","T","M","R","B",null,"M","?","M","?","$","E","$","M","T","R","M","M","R","$","R","B"],"character_chosen":"THE_SILENT","items_purchased":["Replay:Baseball","Infinite Blades","Grinning Jar","Noxious Fumes"],"campfire_rested":1,"item_purchase_floors":[4,24,24,48],"current_hp_per_floor":[70,70,70,70,70,70,65,65,65,65,57,57,57,42,42,35,74,74,74,76,76,76,45,45,45,45,45,49,49,49,53,53,23,86,86,78,62,54,54,33,33,36,36,63,65,64,64,64,64,0,0],"gold":8,"neow_bonus":"BOSS_RELIC","is_daily":false,"chose_seed":false,"campfire_upgraded":9,"win_rate":0.0,"timestamp":1612896005,"path_taken":["M","?","?","$","M","R","E","R","T","?","E","R","M","?","R","BOSS","M","?","M","M","?","E","$","R","T","$","E","R","?","M","R","BOSS","M","?","M","?","$","E","?","M","T","R","M","M","R","?","R","BOSS"],"items_purchased_type":["Relic","Card","Relic","Card"],"build_version":"2020-12-18","purchased_purges":4,"victory":false,"max_hp_per_floor":[70,70,70,70,70,70,72,72,72,72,74,74,74,74,74,74,74,76,76,78,78,78,80,80,80,80,80,82,82,82,84,84,86,86,86,86,86,88,88,90,90,92,92,92,94,94,94,94,94,94,94],"relic_stats":{"Blood Vial":18,"Singing Bowl":24,"counters":[22,128],"Mummified Hand":[42],"Astrolabe":["Night Terror","Dagger Throw","Storm of Steel"],"obtain_stats":[{"Divine Protection":9,"Lantern":28,"Singing Bowl":7,"Replay:Towering Pillar of Hats":11,"The Specimen":36,"Astrolabe":17,"Blue Doll":40,"Ring of Chaos":0,"Replay:Mystery Machine":30,"Blood Vial":23,"Replay:Baseball":4,"ReplayTheSpireMod:Shallot":19,"Mummified Hand":26,"ChewingGum":34,"Bag of Marbles":43,"Grinning Jar":24,"Ring of the Snake":0},{"Divine Protection":3,"Lantern":12,"Singing Bowl":3,"Replay:Towering Pillar of Hats":5,"The Specimen":16,"Astrolabe":7,"Blue Doll":18,"Ring of Chaos":0,"Replay:Mystery Machine":12,"Blood Vial":11,"Replay:Baseball":1,"ReplayTheSpireMod:Shallot":8,"Mummified Hand":11,"ChewingGum":14,"Bag of Marbles":19,"Grinning Jar":11,"Ring of the Snake":0},{"Divine Protection":16,"Lantern":68,"Singing Bowl":16,"Replay:Towering Pillar of Hats":23,"The Specimen":91,"Astrolabe":42,"Blue Doll":104,"Ring of Chaos":0,"Replay:Mystery Machine":68,"Blood Vial":63,"Replay:Baseball":4,"ReplayTheSpireMod:Shallot":47,"Mummified Hand":63,"ChewingGum":83,"Bag of Marbles":108,"Grinning Jar":63,"Ring of the Snake":0}]},"card_choices":[{"not_picked":["Hidden Blade","Backflip"],"picked":"Dagger Spray","floor":1},{"not_picked":["Dagger Spray","Draining Mist"],"picked":"ReplayTheSpireMod:Speed Training","floor":5},{"not_picked":["Expertise","Dagger Throw","Acrobatics"],"picked":"Singing Bowl","floor":7},{"not_picked":["PiercingWail","Slice"],"picked":"Blade Dance","floor":10},{"not_picked":["Dagger Throw","Deflect","Calculated Gamble"],"picked":"Singing Bowl","floor":11},{"not_picked":["Backflip","Prepared"],"picked":"Well Laid Plans","floor":13},{"not_picked":["Burst","Phantasmal Killer"],"picked":"Glass Knife","floor":16},{"not_picked":["Deflect","Acrobatics+1","Quick Slash"],"picked":"Singing Bowl","floor":18},{"not_picked":["ReplayTheSpireMod:Exploit Weakness","Bane","ReplayTheSpireMod:The Works"],"picked":"Singing Bowl","floor":20},{"not_picked":["Flechettes","Prepared"],"picked":"Flying Knee","floor":21},{"not_picked":["Underhanded Strike","Grand Finale","Quick Slash"],"picked":"Singing Bowl","floor":23},{"not_picked":["Slice","Bane","ReplayTheSpireMod:Tripwire+1"],"picked":"Singing Bowl","floor":28},{"not_picked":["Eviscerate","Flechettes","Sneak Up"],"picked":"Singing Bowl","floor":31},{"not_picked":["Night Terror","Doppelganger","Tools of the Trade"],"picked":"Singing Bowl","floor":33},{"not_picked":["Blade Dance+1","Replay:Poison Smokescreen+1"],"picked":"Leg Sweep","floor":35},{"not_picked":["Calculated Gamble+1","Eviscerate+1"],"picked":"ReplayTheSpireMod:Speed Training+1","floor":36},{"not_picked":["Bouncing Flask","Toxin Wave"],"picked":"Noxious Fumes","floor":37},{"not_picked":["Purity","Swift Strike"],"picked":"Master of Strategy","floor":38},{"not_picked":["Blind","Survey Options","Mind Blast"],"picked":"Singing Bowl","floor":38},{"not_picked":["ReplayTheSpireMod:Trickstab","Discovery"],"picked":"Mayhem","floor":38},{"not_picked":["ReplayTheSpireMod:Speed Training","ReplayTheSpireMod:The Works+1","Sucker Punch+1"],"picked":"Singing Bowl","floor":40},{"not_picked":["Prepared+1","Underhanded Strike","Setup"],"picked":"Singing Bowl","floor":42},{"not_picked":["Caltrops","Cloak And Dagger","Outmaneuver"],"picked":"Singing Bowl","floor":45},{"not_picked":["Hidden Blade+1","Setup"],"picked":"Dodge and Roll","floor":46}],"player_experience":1096370,"relics_obtained":[{"floor":7,"key":"Singing Bowl"},{"floor":9,"key":"Divine Protection"},{"floor":11,"key":"Replay:Towering Pillar of Hats"},{"floor":19,"key":"ReplayTheSpireMod:Shallot"},{"floor":23,"key":"Blood Vial"},{"floor":26,"key":"Mummified Hand"},{"floor":28,"key":"Lantern"},{"floor":30,"key":"Replay:Mystery Machine"},{"floor":36,"key":"The Specimen"},{"floor":40,"key":"Blue Doll"},{"floor":43,"key":"Bag of Marbles"}],"event_choices":[{"damage_healed":0,"gold_gain":175,"player_choice":"AGREE","damage_taken":0,"max_hp_gain":0,"max_hp_loss":0,"event_name":"Liars Game","floor":2,"gold_loss":0,"cards_obtained":["Doubt"]},{"damage_healed":0,"gold_gain":0,"player_choice":"Upgraded","damage_taken":0,"max_hp_gain":0,"max_hp_loss":0,"event_name":"Upgrade Shrine","floor":3,"gold_loss":0,"cards_upgraded":["Neutralize"]},{"damage_healed":0,"gold_gain":0,"player_choice":"Entered Light","damage_taken":15,"max_hp_gain":0,"max_hp_loss":0,"event_name":"Shining Light","floor":14,"gold_loss":0,"cards_upgraded":["Defend_G","Well Laid Plans"]},{"damage_healed":0,"gold_gain":0,"player_choice":"Relic","damage_taken":0,"max_hp_gain":0,"max_hp_loss":0,"event_name":"Wheel of Change","floor":19,"gold_loss":0},{"damage_healed":0,"gold_gain":0,"player_choice":"Ignored","damage_taken":0,"max_hp_gain":0,"max_hp_loss":0,"event_name":"betterNote:BetterNote","floor":22,"gold_loss":0,"cards_obtained":["Bash"]},{"damage_healed":0,"gold_gain":0,"player_choice":"Fight","damage_taken":0,"max_hp_gain":0,"max_hp_loss":0,"event_name":"Mysterious Sphere","floor":36,"gold_loss":0},{"damage_healed":0,"gold_gain":0,"player_choice":"Memory 3","damage_taken":10,"max_hp_gain":0,"max_hp_loss":0,"event_name":"SensoryStone","floor":38,"gold_loss":0}],"is_beta":true,"boss_relics":[{"not_picked":["Runic Dome","Replay:Wanted Poster"],"picked":"Astrolabe"},{"not_picked":["Snecko Heart","HoveringKite"],"picked":"ChewingGum"}],"items_purged_floors":[4,24,39,41],"is_endless":false,"potions_floor_spawned":[5,11,13,18,23,33,35,42,45,46],"killed_by":"Time Eater","ascension_level":1}}