{"host":"swn8ychr123rw3gf","time":1612853005,"event":{"mods":["BaseMod","Minty Spire (QoL Compilation)","StSLib"],"gold_per_floor":[110,110,125,50,60,60,87,12,12,12,12,47,47,60,60,138,138,158,158,158,82,93,93,122,122,148,148,173,189,214,229,229,302,302,322,335,335,335,354,388,400,424,436,468,480,492,492],"floor_reached":46,"language":"ZHS","playtime":2054,"items_purged":["Defend_P"],"score":1111,"play_id":"2b06129e-a208-4081-a114-ced615d24542","local_time":"20210209144325","is_ascension_mode":true,"campfire_choices":[{"data":"Eruption","floor":6.0,"key":"SMITH"},{"data":"LessonLearned","floor":10.0,"key":"SMITH"},{"floor":15.0,"key":"REST"},{"data":"Adaptation","floor":23.0,"key":"SMITH"},{"floor":25.0,"key":"REST"},{"data":"FlurryOfBlows","floor":27.0,"key":"SMITH"},{"floor":32.0,"key":"REST"},{"floor":41.0,"key":"REST"}],"circlet_count":0,"master_deck":["AscendersBane","Eruption+1","Vigilance+1","EmptyBody+1","Vengeance+1","FlurryOfBlows+1","LessonLearned+1","WheelKick+1","DevaForm+1","Indignation+1","Adaptation+1","WaveOfTheHand+1","Fasting2+1","Halt+1","FearNoEvil+1","Evaluate","SpiritShield+1","EmptyFist","Collect","MentalFortress+1","Tantrum+1"],"relics":["PureWater","Mango","Darkstone Periapt","PreservedInsect","Empty Cage","Smiling Mask","Dream Catcher","HornCleat","InkBottle","Black Star","Omamori","MawBank","CeramicFish"],"acts_visited":["Exordium","TheCity","TheBeyond"],"potions_floor_usage":[46],"damage_taken":[{"damage":13.0,"enemies":"Small Slimes","floor":1.0,"turns":4.0},{"damage":0.0,"enemies":"Cultist","floor":3.0,"turns":2.0},{"damage":5.0,"enemies":"Jaw Worm","floor":5.0,"turns":3.0},{"damage":0.0,"enemies":"Gremlin Nob","floor":7.0,"turns":2.0},{"damage":26.0,"enemies":"3 Sentries","floor":12.0,"turns":6.0},{"damage":1.0,"enemies":"3 Louse","floor":14.0,"turns":3.0},{"damage":22.0,"enemies":"The Guardian","floor":16.0,"turns":10.0},{"damage":0.0,"enemies":"Spheric Guardian","floor":18.0,"turns":2.0},{"damage":0.0,"enemies":"Chosen","floor":22.0,"turns":3.0},{"damage":23.0,"enemies":"Book of Stabbing","floor":24.0,"turns":4.0},{"damage":3.0,"enemies":"Slavers","floor":28.0,"turns":3.0},{"damage":18.0,"enemies":"Snake Plant","floor":29.0,"turns":3.0},{"damage":15.0,"enemies":"Book of Stabbing","floor":30.0,"turns":3.0},{"damage":0.0,"enemies":"Snecko","floor":31.0,"turns":3.0},{"damage":19.0,"enemies":"Automaton","floor":33.0,"turns":7.0},{"damage":22.0,"enemies":"3 Darklings","floor":35.0,"turns":4.0},{"damage":6.0,"enemies":"Orb Walker","floor":36.0,"turns":4.0},{"damage":10.0,"enemies":"Maw","floor":39.0,"turns":7.0},{"damage":13.0,"enemies":"Giant Head","floor":40.0,"turns":4.0},{"damage":13.0,"enemies":"Transient","floor":42.0,"turns":6.0},{"damage":22.0,"enemies":"4 Shapes","floor":44.0,"turns":5.0},{"damage":0.0,"enemies":"3 Darklings","floor":45.0,"turns":1.0},{"damage":7,"enemies":"Nemesis","floor":46,"turns":4}],"seed_played":"-6608421933610162736","potions_obtained":[{"floor":1.0,"key":"BottledMiracle"},{"floor":3.0,"key":"PowerPotion"},{"floor":16.0,"key":"BlessingOfTheForge"},{"floor":18.0,"key":"Swift Potion"},{"floor":24.0,"key":"DistilledChaos"},{"floor":30.0,"key":"Fruit Juice"},{"floor":33.0,"key":"Swift Potion"},{"floor":35.0,"key":"SmokeBomb"},{"floor":40.0,"key":"Dexterity Potion"}],"is_trial":false,"path_per_floor":["M","?","M","?","M","R","E","$","T","R","$","E","?","M","R","B",null,"M","?","?","$","M","R","E","R","T","R","E","M","E","M","R","B",null,"M","M","?","?","M","E","R","M","T","M","M","E"],"character_chosen":"WATCHER","items_purchased":["Adaptation"],"campfire_rested":4,"item_purchase_floors":[21],"current_hp_per_floor":[48,48,48,48,43,43,57,57,57,57,57,31,24,23,47,25,68,68,68,68,68,68,68,45,69,69,69,66,48,33,38,64,45,77,55,49,49,49,39,26,52,39,39,17,17,10,10],"gold":492,"neow_bonus":"REMOVE_CARD","is_daily":false,"chose_seed":false,"campfire_upgraded":4,"win_rate":0.0,"timestamp":1612853005,"path_taken":["M","?","?","?","M","R","E","$","T","R","$","E","?","M","R","BOSS","M","?","?","?","M","R","E","R","T","R","E","M","E","M","R","BOSS","M","M","?","?","M","E","R","M","T","M","M","E"],"items_purchased_type":["Card"],"build_version":"2020-12-22","purchased_purges":1,"victory":false,"max_hp_per_floor":[68,68,68,68,68,68,82,82,82,82,82,82,82,82,82,82,82,82,82,82,82,82,82,82,82,82,82,82,82,82,87,87,87,87,87,87,87,87,87,87,87,87,87,87,87,87,87],"card_choices":[{"not_picked":["Collect","Halt"],"picked":"EmptyBody","floor":1.0},{"not_picked":["FlyingSleeves","WreathOfFlame"],"picked":"Vengeance","floor":3.0},{"not_picked":["BowlingBash","FollowUp"],"picked":"FlurryOfBlows","floor":5.0},{"not_picked":["CrushJoints","FlurryOfBlows"],"picked":"LessonLearned","floor":7.0},{"not_picked":["Consecrate","CrushJoints","ReachHeaven"],"picked":"SKIP","floor":12.0},{"not_picked":["WindmillStrike","PathToVictory"],"picked":"WheelKick","floor":14.0},{"not_picked":["Alpha","Scrawl"],"picked":"DevaForm","floor":16.0},{"not_picked":["Crescendo","FlyingSleeves"],"picked":"Indignation","floor":18.0},{"not_picked":["Consecrate","ForeignInfluence"],"picked":"WaveOfTheHand","floor":22.0},{"not_picked":["Weave","BowlingBash"],"picked":"SashWhip","floor":24.0},{"not_picked":["FollowUp","PathToVictory"],"picked":"Fasting2","floor":28.0},{"not_picked":["Meditate+1","Evaluate"],"picked":"Halt","floor":29.0},{"not_picked":["Weave+1","SignatureMove"],"picked":"FearNoEvil","floor":30.0},{"not_picked":["Fasting2+1","ThirdEye","Perseverance"],"picked":"SKIP","floor":31.0},{"not_picked":["WindmillStrike","CutThroughFate"],"picked":"Evaluate","floor":32.0},{"not_picked":["LessonLearned","Judgement"],"picked":"SpiritShield","floor":33.0},{"not_picked":["Prostrate+1","FlurryOfBlows"],"picked":"EmptyFist","floor":35.0},{"not_picked":["FearNoEvil","DeceiveReality+1","CrushJoints"],"picked":"SKIP","floor":36.0},{"not_picked":["Evaluate","Swivel","ThirdEye"],"picked":"SKIP","floor":39.0},{"not_picked":["FlyingSleeves+1","Crescendo+1"],"picked":"Collect","floor":40.0},{"not_picked":["FollowUp+1","Prostrate"],"picked":"MentalFortress+1","floor":41.0},{"not_picked":["Worship","JustLucky"],"picked":"Tantrum+1","floor":42.0},{"not_picked":["ForeignInfluence","FollowUp","ThirdEye"],"picked":"SKIP","floor":44.0}],"player_experience":439835,"relics_obtained":[{"floor":7.0,"key":"Mango"},{"floor":9.0,"key":"Darkstone Periapt"},{"floor":12.0,"key":"PreservedInsect"},{"floor":24.0,"key":"Smiling Mask"},{"floor":26.0,"key":"Dream Catcher"},{"floor":28.0,"key":"HornCleat"},{"floor":30.0,"key":"InkBottle"},{"floor":40.0,"key":"Omamori"},{"floor":40.0,"key":"MawBank"},{"floor":43.0,"key":"CeramicFish"}],"event_choices":[{"cards_removed":["Defend_P"],"damage_healed":0.0,"max_hp_gain":0.0,"max_hp_loss":0.0,"gold_gain":0.0,"event_name":"Purifier","player_choice":"Purged","floor":2.0,"gold_loss":0.0,"damage_taken":0.0},{"cards_removed":["Strike_P"],"damage_healed":0.0,"max_hp_gain":0.0,"max_hp_loss":0.0,"gold_gain":0.0,"event_name":"The Cleric","player_choice":"Card Removal","floor":4.0,"gold_loss":75.0,"damage_taken":0.0},{"cards_removed":["Strike_P"],"damage_healed":0.0,"max_hp_gain":0.0,"max_hp_loss":0.0,"gold_gain":0.0,"event_name":"Golden Wing","player_choice":"Card Removal","floor":13.0,"gold_loss":0.0,"damage_taken":7.0},{"damage_healed":0.0,"max_hp_gain":0.0,"max_hp_loss":0.0,"gold_gain":0.0,"event_name":"Vampires","player_choice":"Ignored","floor":19.0,"gold_loss":0.0,"damage_taken":0.0},{"damage_healed":0.0,"max_hp_gain":0.0,"max_hp_loss":0.0,"gold_gain":0.0,"event_name":"Cursed Tome","player_choice":"Ignored","floor":20.0,"gold_loss":0.0,"damage_taken":0.0},{"cards_removed":["Strike_P"],"damage_healed":0.0,"max_hp_gain":0.0,"max_hp_loss":0.0,"gold_gain":0.0,"event_name":"Falling","player_choice":"Removed Attack","floor":37.0,"gold_loss":0.0,"damage_taken":0.0},{"cards_removed":["SashWhip"],"damage_healed":0.0,"max_hp_gain":0.0,"max_hp_loss":0.0,"gold_gain":0.0,"event_name":"Purifier","player_choice":"Purged","floor":38.0,"gold_loss":0.0,"damage_taken":0.0}],"is_beta":false,"boss_relics":[{"not_picked":["Pandora\u0027s Box","Busted Crown"],"picked":"Empty Cage"},{"not_picked":["Velvet Choker","SlaversCollar"],"picked":"Black Star"}],"items_purged_floors":[8],"is_endless":false,"potions_floor_spawned":[1,3,16,18,24,30,33,35,40,44],"killed_by":"Nemesis","ascension_level":20}}