{"host":"fortuna","time":1612903667,"event":{"mods":["100% Spire Juice","Act Like it!","Arknights","BaseMod","CapriCore","Gensokyo","Hallownest","Koishi","Minty Spire (QoL Compilation)","MostiFishMod","Reimu£®≤©¿ˆ¡È√Œ£©","Relic Stats","StSLib","The Administrix","The Animator","The Bug Knight","The Immortal","Waifu the Spire","WarShipGirlsR/’ΩΩ¢…Ÿ≈ÆR mod","Yakumo Yukari mod"],"gold_per_floor":[115,89,19,19,35,65,81,81,126,126,140,154,188,202,202,302,302,316,316,236,255,245,272,272,272,319,339,339,355,370,398,398,501,501,518,433,433,433,443,443,474,485,485,519,519,537,566,579,579,579],"floor_reached":51,"language":"ZHS","playtime":2116,"items_purged":[],"score":937,"play_id":"2c1b46e7-229d-42b5-8dfc-01c189933111","local_time":"20210210044747","is_ascension_mode":false,"campfire_choices":[{"data":"HollowMod:FocusHealStart","floor":8,"key":"SMITH"},{"data":"HollowMod:VengefulVoid","floor":15,"key":"SMITH"},{"floor":25,"key":"REST"},{"data":"HollowMod:VengefulVoid","floor":32,"key":"SMITH"},{"data":"Hallownest:skillKingdomsEdgeMap","floor":40,"key":"SMITH"},{"data":"HollowMod:CloakDash","floor":49,"key":"SMITH"}],"circlet_count":0,"master_deck":["HollowMod:NailStrikeStart","HollowMod:NailStrikeStart","HollowMod:NailStrikeStart","HollowMod:NailStrikeStart","HollowMod:QuickDashStart","HollowMod:QuickDashStart","HollowMod:QuickDashStart","HollowMod:QuickDashStart","HollowMod:FocusHealStart+1","HollowMod:PogoStrike","HollowMod:VoidDash","HollowMod:DescendingDark","HollowMod:VengefulVoid+1","HollowMod:VengefulVoid+1","HollowMod:LordofShades","HollowMod:WraithStrike","HollowMod:BlackTendrils+1","HollowMod:Hiveblood","HollowMod:CloakDash","Hallownest:skillCityofTearsMap","HollowMod:MantisMark","HollowMod:SiblingsShadow","HollowMod:ShadowDash","HollowMod:BlackTendrils","HollowMod:SlysStrikes","HollowMod:VengefulVoid","Hallownest:skillKingdomsEdgeMap+1","HollowMod:SiblingsShadow+1","HollowMod:DescendingDark","HollowMod:CloakDash+1","HollowMod:MylasSalvation","HollowMod:HuntersJournal+1","HollowMod:SiblingsShadow","HollowMod:CloakDash+1"],"relics":["HollowMod:VesselMask","DaveBox","ThornShield","SynthV:TestCard","Hallownest:StagBellRelic1","Akabeko","Hallownest:DreamNailRelic","Centennial Puzzle","Black Star","InkBottle","Vajra","RuthlessExorcism:ReiMu","Singing Bowl","Ancient Tea Set","Transparent","Hallownest:BeastSealRelic","ImprovedEquipment","StrikeDummy","Gremlin Horn","Mercury Hourglass","SentryEyes","Mummified Hand","Potion Belt","DianDianMeat"],"acts_visited":["Hallownest:Greenpath","Hallownest:CityofTears","Hallownest:KingdomsEdge"],"potions_floor_usage":[23,33],"damage_taken":[{"damage":2,"enemies":"Hallownest:monsterHuskGuard","floor":1,"turns":3},{"damage":0,"enemies":"2_ Uuma","floor":5,"turns":2},{"damage":21,"enemies":"Hallownest:eliteVengeflyKing","floor":6,"turns":7},{"damage":0,"enemies":"Hallownest:monsterHuskWarrior","floor":7,"turns":1},{"damage":8,"enemies":"Hallownest:2_Tiktiks_1_Baldur_1_Crawlid","floor":11,"turns":3},{"damage":7,"enemies":"Hallownest:Guard_and_Warrior","floor":12,"turns":4},{"damage":27,"enemies":"Hallownest:eliteMossKnight","floor":13,"turns":13},{"damage":17,"enemies":"Hallownest:monsterFoolEater","floor":14,"turns":2},{"damage":15,"enemies":"Hallownest:BossBrokenVessel","floor":16,"turns":6},{"damage":9,"enemies":"Hallownest:2_Mistakes","floor":18,"turns":4},{"damage":17,"enemies":"Hallownest:3_Youths","floor":21,"turns":5},{"damage":103,"enemies":"Hallownest:eliteWatcherKnight","floor":23,"turns":16},{"damage":21,"enemies":"Hallownest:Master_and_Novice","floor":27,"turns":3},{"damage":10,"enemies":"Hallownest:monsterShrumalOgre","floor":29,"turns":4},{"damage":1,"enemies":"Hallownest:2_Husk_Sentries","floor":30,"turns":4},{"damage":0,"enemies":"Hallownest:Nosk","floor":31,"turns":6},{"damage":87,"enemies":"Hallownest:BossSoulMaster","floor":33,"turns":10},{"damage":37,"enemies":"Hallownest:2_Littles","floor":35,"turns":2},{"damage":30,"enemies":"Hallownest:Shield_Heavy","floor":39,"turns":2},{"damage":30,"enemies":"Hallownest:StalkingDevout","floor":41,"turns":2},{"damage":42,"enemies":"Hallownest:Slobbering_and_Violent","floor":42,"turns":2},{"damage":30,"enemies":"Hallownest:eliteHiveKnight","floor":44,"turns":2},{"damage":15,"enemies":"Hallownest:2_Great","floor":46,"turns":1},{"damage":15,"enemies":"Hallownest:StalkingDevout","floor":47,"turns":1},{"damage":15,"enemies":"Hallownest:monsterPrimalAspid","floor":48,"turns":1},{"damage":32,"enemies":"Hallownest:BossGreyPrinceZote","floor":50,"turns":2}],"seed_played":"7356231999564866616","potions_obtained":[{"floor":1,"key":"Ancient Potion"},{"floor":6,"key":"SpeedPotion"},{"floor":12,"key":"FairyPotion"},{"floor":27,"key":"Fire Potion"},{"floor":33,"key":"Dexterity Potion"}],"is_trial":false,"path_per_floor":["M","$","?","?","M","E","M","R","T","?","M","M","E","M","R","B",null,"M","?","?","M","?","E","?","R","T","M","?","M","M","E","R","B",null,"M","?","?","T","M","R","E","M","T","E","?","M","E","M","R","B",null],"character_chosen":"THE_BUGKNIGHT","items_purchased":["HollowMod:DescendingDark"],"campfire_rested":1,"item_purchase_floors":[2],"current_hp_per_floor":[75,75,75,75,75,54,54,54,54,54,52,51,36,25,25,19,75,70,70,70,75,75,4,18,40,40,39,39,53,74,75,75,11,75,75,75,75,75,77,77,77,77,77,77,77,77,78,80,80,80],"gold":579,"neow_bonus":"ONE_RANDOM_RARE_CARD","is_daily":false,"chose_seed":false,"campfire_upgraded":5,"win_rate":0.0,"timestamp":1612903667,"path_taken":["M","?","?","?","M","E","M","R","T","?","M","M","E","M","R","BOSS","M","?","?","?","?","E","?","R","T","M","?","M","M","E","R","BOSS","M","?","?","?","M","R","E","M","T","E","?","M","E","M","R","BOSS"],"items_purchased_type":["Card"],"build_version":"2020-12-18","purchased_purges":0,"victory":true,"max_hp_per_floor":[75,75,75,75,75,75,75,75,75,75,75,75,75,75,75,75,75,75,75,75,75,75,75,75,75,75,75,75,75,75,75,75,75,75,75,75,75,75,77,77,77,77,77,77,77,77,78,80,80,80],"relic_stats":{"Centennial Puzzle":[36],"Singing Bowl":2,"Gremlin Horn":[2,3],"counters":[26,108],"Mummified Hand":[1],"Black Star":5,"obtain_stats":[{"Potion Belt":47,"DianDianMeat":47,"Hallownest:StagBellRelic1":3,"DaveBox":0,"Singing Bowl":31,"Gremlin Horn":41,"ImprovedEquipment":38,"Vajra":23,"HollowMod:VesselMask":0,"Hallownest:DreamNailRelic":10,"ThornShield":1,"Ancient Tea Set":31,"Akabeko":6,"Mercury Hourglass":43,"Centennial Puzzle":13,"SynthV:TestCard":1,"Transparent":34,"Mummified Hand":44,"SentryEyes":44,"Black Star":17,"StrikeDummy":41,"InkBottle":23,"RuthlessExorcism:ReiMu":26,"Hallownest:BeastSealRelic":37},{"Potion Belt":24,"DianDianMeat":24,"Hallownest:StagBellRelic1":1,"DaveBox":0,"Singing Bowl":16,"Gremlin Horn":20,"ImprovedEquipment":18,"Vajra":12,"HollowMod:VesselMask":0,"Hallownest:DreamNailRelic":4,"ThornShield":1,"Ancient Tea Set":16,"Akabeko":3,"Mercury Hourglass":21,"Centennial Puzzle":7,"SynthV:TestCard":1,"Transparent":17,"Mummified Hand":22,"SentryEyes":22,"Black Star":9,"StrikeDummy":20,"InkBottle":12,"RuthlessExorcism:ReiMu":12,"Hallownest:BeastSealRelic":18},{"Potion Belt":105,"DianDianMeat":105,"Hallownest:StagBellRelic1":3,"DaveBox":0,"Singing Bowl":83,"Gremlin Horn":99,"ImprovedEquipment":95,"Vajra":66,"HollowMod:VesselMask":0,"Hallownest:DreamNailRelic":13,"ThornShield":1,"Ancient Tea Set":83,"Akabeko":12,"Mercury Hourglass":101,"Centennial Puzzle":33,"SynthV:TestCard":3,"Transparent":93,"Mummified Hand":103,"SentryEyes":103,"Black Star":41,"StrikeDummy":99,"InkBottle":66,"RuthlessExorcism:ReiMu":66,"Hallownest:BeastSealRelic":95}],"InkBottle":[18],"Mercury Hourglass":[30]},"card_choices":[{"not_picked":["HollowMod:InfectedAttack","HollowMod:SharpenedNail","HollowMod:NewLittleFool"],"picked":"SKIP","floor":1},{"not_picked":["HollowMod:MonarchWings","HollowMod:SoulStrike","HollowMod:CycloneSlash","HollowMod:InfectedAttack","HollowMod:SharpenedNail"],"picked":"SKIP","floor":5},{"not_picked":["HollowMod:MidwifesHunger","HollowMod:CrystalDash","HollowMod:HowlingWraiths","HollowMod:RecoilStrike"],"picked":"HollowMod:VengefulVoid","floor":6},{"not_picked":["HollowMod:DungDefenderAura","HollowMod:NewLittleFool","HollowMod:LuriensSpire","HollowMod:SiblingsSouls"],"picked":"HollowMod:VengefulVoid","floor":7},{"not_picked":["HollowMod:CycloneSlash","HollowMod:GoodIntentions","HollowMod:NewGlowingWomb","HollowMod:NewJinnsSoul","HollowMod:LifebloodCocoon"],"picked":"SKIP","floor":11},{"not_picked":["HollowMod:DoubleDash","HollowMod:WraithStrike","HollowMod:FastStrike","HollowMod:FallenFury"],"picked":"HollowMod:LordofShades","floor":12},{"not_picked":["HollowMod:HerrahsAnger","HollowMod:MidwifesHunger","HollowMod:MawleksShell","HollowMod:LordofShades"],"picked":"HollowMod:WraithStrike","floor":13},{"not_picked":["HollowMod:CoiledNail","HollowMod:MawleksShell","HollowMod:WraithStrike","HollowMod:LuriensSpire"],"picked":"HollowMod:BlackTendrils","floor":14},{"not_picked":["HollowMod:VoidDash","HollowMod:PureVessel","HollowMod:SoulMaster","HollowMod:ElderbugsWisdom"],"picked":"HollowMod:Hiveblood","floor":16},{"not_picked":["HollowMod:ShapeofUnn","HollowMod:SoulStrike","HollowMod:FallenFury","HollowMod:InfectedCysts"],"picked":"HollowMod:CloakDash","floor":18},{"not_picked":["HollowMod:SoulSplash+1","HollowMod:BrokenVessel","HollowMod:NewJinnsSoul+1","HollowMod:TaintedHusks","HollowMod:SharpenedNail+1"],"picked":"SKIP","floor":21},{"not_picked":["HollowMod:SoulSplash+1","HollowMod:ShapeofUnn","HollowMod:DungDefenderAura+1","HollowMod:MonomonsArchive"],"picked":"HollowMod:MantisMark","floor":23},{"not_picked":["HollowMod:PerfectDash","HollowMod:GoodIntentions","HollowMod:GrimmsGift","HollowMod:NewGlowingWomb"],"picked":"HollowMod:SiblingsShadow","floor":27},{"not_picked":["HollowMod:Hiveblood","HollowMod:DashSlash","HollowMod:NewGlowingWomb","HollowMod:PerfectDash"],"picked":"HollowMod:ShadowDash","floor":29},{"not_picked":["HollowMod:DreamGate","HollowMod:MonomonsArchive","HollowMod:MothsMistake","HollowMod:GoodIntentions","HollowMod:LifebloodCocoon"],"picked":"SKIP","floor":30},{"not_picked":["HollowMod:InfectionAssault","HollowMod:WraithStrike","HollowMod:MawleksShell","HollowMod:BaldurShell"],"picked":"HollowMod:BlackTendrils","floor":31},{"not_picked":["HollowMod:SoulMaster","HollowMod:MidwifesHunger","HollowMod:NewInfectedGuardian","HollowMod:PureVessel"],"picked":"HollowMod:SlysStrikes","floor":33},{"not_picked":["HollowMod:MantisMark+1","HollowMod:DoubleDash+1","HollowMod:InfectedAttack+1","HollowMod:GrimmsGift+1"],"picked":"HollowMod:VengefulVoid","floor":35},{"not_picked":["HollowMod:DashSlash+1","HollowMod:PureNailStrike+1","HollowMod:TaintedHusks","HollowMod:SharpenedNail","HollowMod:SiblingsSouls"],"picked":"Singing Bowl","floor":39},{"not_picked":["HollowMod:TaintedHusks+1","HollowMod:DescendingDark","HollowMod:BlackTendrils","HollowMod:HerrahsAnger"],"picked":"HollowMod:SiblingsShadow+1","floor":41},{"not_picked":["HollowMod:QuirrelsAssistance+1","HollowMod:NewJinnsSoul","HollowMod:GreatSlash+1","HollowMod:DreamGate"],"picked":"HollowMod:DescendingDark","floor":42},{"not_picked":["HollowMod:SoulSplash+1","HollowMod:InfectedAttack","HollowMod:NewLittleFool","HollowMod:SharpenedNail+1"],"picked":"HollowMod:CloakDash+1","floor":44},{"not_picked":["HollowMod:GoodIntentions+1","HollowMod:TaintedHusks","HollowMod:LifebloodCocoon","HollowMod:NewLittleFool+1"],"picked":"HollowMod:HuntersJournal+1","floor":46},{"not_picked":["HollowMod:SoulStrike+1","HollowMod:CycloneSlash","HollowMod:SoulShaman+1","HollowMod:BrokenVessel"],"picked":"HollowMod:SiblingsShadow","floor":47},{"not_picked":["HollowMod:DungDefenderAura+1","HollowMod:SharpenedNail+1","HollowMod:LifebloodCocoon+1","HollowMod:InfectionAssault+1"],"picked":"HollowMod:CloakDash","floor":48}],"player_experience":345381,"relics_obtained":[{"floor":1,"key":"SynthV:TestCard"},{"floor":6,"key":"Akabeko"},{"floor":13,"key":"Centennial Puzzle"},{"floor":23,"key":"InkBottle"},{"floor":23,"key":"Vajra"},{"floor":26,"key":"RuthlessExorcism:ReiMu"},{"floor":31,"key":"Singing Bowl"},{"floor":31,"key":"Ancient Tea Set"},{"floor":38,"key":"ImprovedEquipment"},{"floor":41,"key":"StrikeDummy"},{"floor":41,"key":"Gremlin Horn"},{"floor":43,"key":"Mercury Hourglass"},{"floor":44,"key":"SentryEyes"},{"floor":44,"key":"Mummified Hand"},{"floor":47,"key":"Potion Belt"},{"floor":47,"key":"DianDianMeat"}],"event_choices":[],"is_beta":true,"boss_relics":[{"not_picked":["Empty Cage","HereWithMe"],"picked":"Black Star"},{"not_picked":["Runic Pyramid","JellyFishMachine"],"picked":"Transparent"}],"items_purged_floors":[],"is_endless":false,"potions_floor_spawned":[1,6,12,18,27,29,33,39,41,46],"ascension_level":0}}