{"host":"yck2t2q3ro7hf56e","time":1612888023,"event":{"mods":["2.2 Compatiblity","AchievementEnabler","Act Like it!","Aspiration","BaseMod","Better Altar","Better Match","Better Note","Better Sensory Stone","Better Skull","Better Third Choice","Better Vampires","BetterRewards","Block Reminder","Bossed Relics","CCEM2","Challenge The Spire","Colored Powertips","Conspire","Curses Come First","DNKmod","Energized Spire","Friendly Minions","GifTheSpireLib","Glutton Mod","Halation","Hubris","Infinite Spire","Marked Mod","Minty Spire (QoL Compilation)","Permanent Neow","Practice Mode","Quick Restart","Rare Cards Sparkle","RatMod","Relic Sorter","Relic Stats","Reliquary","Replay The Spire","Shade Mod","Shop Mod","Spicy Shops","Spikes Relics","StSLib","Stuff the Spire","Synergy Search","The Blue Laboratory","The Construct","TheSurvivalist","Thieving Mod","Unceasing Turn Reminder","Unknown Chances","everything is the same but u backflip on backflip","??????REMEMod"],"gold_per_floor":[6013,4812,4823,3377,3395,3395,3395,3412,3436,3465,3485,3485,3485,3485,3485,3584,3584,3603,3603,3623,3623,3623,3623,3655,3655,3655,3666,3666,2692,2692,2703,2703,2805,2805,2817,2817,2817,2830,2876,2876,2911,2911,2992,2992,3002,3020,2346,2365,2365,2365,2365,2365,1254,1280,1280],"floor_reached":56,"language":"ENG","playtime":6925,"items_purged":["Regret","Pride","Replay:Hysterical Blindness"],"score":1143,"play_id":"a8e7cc8c-6793-4453-a9dc-a5c18f68ff77","local_time":"20210209162703","is_ascension_mode":false,"campfire_choices":[{"floor":6.0,"key":"RECALL"},{"data":"Draining Mist","floor":12.0,"key":"SMITH"},{"data":"Caltrops","floor":15.0,"key":"SMITH"},{"data":"Neutralize","floor":23.0,"key":"SMITH"},{"data":"Caltrops","floor":28,"key":"SMITH"},{"data":"RitualDagger","floor":32,"key":"SMITH"},{"floor":49,"key":"REST"}],"circlet_count":0,"master_deck":["Strike_G+1","Strike_G+1","Strike_G+1","Strike_G+1","Strike_G+1","Defend_G+1","Defend_G+1","Defend_G+1","Defend_G+1","Survivor+1","Neutralize+1","Rainbow+1","Draining Mist+1","Noxious Fumes+1","rat:WitheringShackles+1","Caltrops+1","Envenom+1","Blade Dance+1","Backflip+1","Defend_G+1","Caltrops+1","RitualDagger+1","Pace+1","Poison Darts+1","Cloak And Dagger+1","Corpse Explosion","Crippling Poison+1","Replay:Poison Smokescreen","Panacea","rat:VenomousWounds","Noxious Fumes","Replay:Poison Smokescreen+1"],"relics":["StuffTheSpire:OccultApparatus","StuffTheSpire:GreaterSneckoEye","MerchantsRug","Snake Skull","TungstenRod","REME_ComplimentaryCards","StuffTheSpire:Mouthbags","reliquary:RosewoodLute","Blood Vial","Lee\u0027s Waffle","CCEMRelics:DerglesHeadphones","CCEMRelics:CocoNut","rat:PhantomDancer","hubris:EmptyBottle","Frozen Eye","hubris:Metronome","construct:WeddingRing","reliquary:SharkskinSheath","Incense Burner","hubris:Towel","reliquary:ExpiredCoupon","Regal Pillow","ToxicTincture","ZombieTooth","CCEMRelics:ImbuedSpirit","CCEMRelics:Barrel","reliquary:KinkedSpring","StuffTheSpire:WitherSkull","CCEMRelics:WhiteRose","CCEMRelics:CanOfSoda","reliquary:QuartzCube","Question Card","CCEMRelics:PorcelainBowl","Toolbox","StuffTheSpire:Barrel","aspiration:HummingbirdHeart","Strange Spoon","Gremlin Food","reliquary:Bookmark","MiniBlackHole"],"acts_visited":["Exordium","TheCity","TheBeyond","TheEnding"],"potions_floor_usage":[27,33,38,48,50,50,50,50,50,55,55,55,55,55,55],"damage_taken":[{"damage":0.0,"enemies":"Jaw Worm","floor":1.0,"turns":5.0},{"damage":11.0,"enemies":"Small Slimes","floor":3.0,"turns":3.0},{"damage":0.0,"enemies":"conspire:RoseBush","floor":5.0,"turns":2.0},{"damage":0.0,"enemies":"2 Fungi Beasts","floor":8.0,"turns":3.0},{"damage":0.0,"enemies":"Gremlin Nob","floor":10.0,"turns":5.0},{"damage":0.0,"enemies":"Lots of Slimes","floor":11.0,"turns":1.0},{"damage":36.0,"enemies":"Hexaghost","floor":16.0,"turns":5.0},{"damage":0.0,"enemies":"3 Byrds","floor":18.0,"turns":2.0},{"damage":1.0,"enemies":"Chosen","floor":20.0,"turns":4.0},{"damage":4.0,"enemies":"Book of Stabbing","floor":24.0,"turns":3.0},{"damage":0,"enemies":"Snake Plant","floor":27,"turns":2},{"damage":3,"enemies":"Centurion and Healer","floor":31,"turns":3},{"damage":3,"enemies":"hubris:MusketHawk","floor":33,"turns":6},{"damage":0,"enemies":"Orb Walker","floor":35,"turns":2},{"damage":15,"enemies":"3 Darklings","floor":38,"turns":4},{"damage":6,"enemies":"Reptomancer","floor":41,"turns":4},{"damage":0,"enemies":"Writhing Mass","floor":45,"turns":3},{"damage":5,"enemies":"Sphere and 2 Shapes","floor":46,"turns":3},{"damage":2,"enemies":"Spire Growth","floor":48,"turns":1},{"damage":56,"enemies":"Replay:Hell Engine","floor":50,"turns":7},{"damage":0,"enemies":"Shield and Spear","floor":54,"turns":3},{"damage":46,"enemies":"The Heart","floor":55,"turns":6}],"seed_played":"-1059651653150943339","potions_obtained":[{"floor":5.0,"key":"Adrenaline Potion"},{"floor":8.0,"key":"blueLaboratory:FrostheartPotion"},{"floor":10.0,"key":"AttackPotion"},{"floor":18.0,"key":"blueLaboratory:CorrosionFlask"},{"floor":20.0,"key":"PowerPotion"},{"floor":31,"key":"blueLaboratory:BubblePotion"},{"floor":39,"key":"CultistPotion"},{"floor":45,"key":"AttackPotion"},{"floor":46,"key":"Energy Potion"}],"is_trial":false,"path_per_floor":["M","$","M","$","M","R","?","M","T","E","M","R","?","?","R","B",null,"M","?","M","AVR","?","R","E","?","T","M","R","$","?","M","R","B",null,"M","?","AVR","M","?","R","E","?","T","?","M","M","$","M","R","B",null,"R","$","E","B",null],"character_chosen":"THE_SILENT","items_purchased":["Noxious Fumes","reliquary:RosewoodLute","Blood Vial","Lee\u0027s Waffle","Nunchaku","CCEMRelics:DerglesHeadphones","halation:Diary","MerchantsRug","Snake Skull","CCEMRelics:CocoNut","TungstenRod","rat:PhantomDancer","Caltrops","hubris:EmptyBottle","Frozen Eye","blueLaboratory:FruitPunch","Toxic Potion","Regal Pillow","ToxicTincture","ZombieTooth","CCEMRelics:ImbuedSpirit","CCEMRelics:Barrel","reliquary:QuartzCube","Question Card","CCEMRelics:PorcelainBowl","Toolbox","StuffTheSpire:Barrel","Panacea","Noxious Fumes","aspiration:HummingbirdHeart","Strange Spoon","Gremlin Food","reliquary:Bookmark","Venom Potion","Explosive Potion"],"campfire_rested":1,"item_purchase_floors":[2,2,2,2,2,2,2,2,4,4,4,4,4,4,4,4,4,29,29,29,29,29,47,47,47,47,47,47,53,53,53,53,53,53,53],"current_hp_per_floor":[100,107,96,101,103,103,103,109,109,111,113,116,116,116,116,80,116,116,116,115,115,115,116,112,112,112,114,116,116,111,110,116,113,116,116,97,97,84,84,84,80,80,95,95,97,94,94,94,131,75,131,131,131,131,85],"gold":1280,"neow_bonus":"RANDOM_COMMON_RELIC","is_daily":false,"chose_seed":false,"campfire_upgraded":5,"win_rate":0.0,"timestamp":1612888023,"path_taken":["M","$","M","$","M","R","?","M","T","E","M","R","?","?","R","BOSS","M","?","?","AVR","?","R","E","?","T","M","R","$","?","M","R","BOSS","M","?","AVR","M","?","R","E","?","T","?","M","M","$","M","R","BOSS","R","$","E","BOSS"],"items_purchased_type":["Card","Relic","Relic","Relic","Relic","Relic","Relic","Relic","Relic","Relic","Relic","Relic","Card","Relic","Relic","Potion","Potion","Relic","Relic","Relic","Relic","Relic","Relic","Relic","Relic","Relic","Relic","Card","Card","Relic","Relic","Relic","Relic","Potion","Potion"],"build_version":"2020-12-22","purchased_purges":3,"victory":true,"max_hp_per_floor":[100,107,107,112,112,112,112,116,116,116,116,116,116,116,116,116,116,116,116,116,116,116,116,116,116,116,116,116,116,116,116,116,116,116,116,116,116,116,116,116,116,116,131,131,131,131,131,131,131,131,131,131,131,131,131],"relic_stats":{"Blood Vial":22,"Strange Spoon":[8],"Lee\u0027s Waffle":7,"Regal Pillow":0,"counters":[22,77],"Snake Skull":[232],"Question Card":7,"obtain_stats":[{"halation:Diary":2,"hubris:Metronome":10,"Regal Pillow":29,"CCEMRelics:PorcelainBowl":47,"StuffTheSpire:Barrel":47,"StuffTheSpire:WitherSkull":37,"Snake Skull":4,"Incense Burner":24,"hubris:EmptyBottle":4,"Cursed Key":37,"reliquary:QuartzCube":47,"CCEMRelics:DerglesHeadphones":2,"halation:HeavySnake":17,"Blood Vial":2,"StuffTheSpire:OccultApparatus":14,"Frozen Eye":4,"Nunchaku":2,"ZombieTooth":29,"Toolbox":47,"MiniBlackHole":54,"reliquary:Buckler":41,"CCEMRelics:WhiteRose":39,"Ring of the Snake":0,"reliquary:SharkskinSheath":21,"CCEMRelics:Barrel":29,"Gremlin Food":53,"MerchantsRug":2,"Lee\u0027s Waffle":2,"construct:WeddingRing":21,"CCEMRelics:ImbuedSpirit":29,"CCEMRelics:CocoNut":4,"CCEMRelics:CanOfSoda":43,"aspiration:HummingbirdHeart":53,"ToxicTincture":29,"reliquary:RosewoodLute":2,"hubris:Towel":25,"Question Card":47,"reliquary:KinkedSpring":34,"reliquary:Bookmark":53,"reliquary:ExpiredCoupon":26,"Strange Spoon":53,"StuffTheSpire:Mouthbags":0,"StuffTheSpire:GreaterSneckoEye":36,"TungstenRod":4,"rat:PhantomDancer":4,"REME_ComplimentaryCards":0},{"halation:Diary":1,"hubris:Metronome":5,"Regal Pillow":11,"CCEMRelics:PorcelainBowl":18,"StuffTheSpire:Barrel":18,"StuffTheSpire:WitherSkull":14,"Snake Skull":2,"Incense Burner":10,"hubris:EmptyBottle":2,"Cursed Key":14,"reliquary:QuartzCube":18,"CCEMRelics:DerglesHeadphones":1,"halation:HeavySnake":7,"Blood Vial":1,"StuffTheSpire:OccultApparatus":6,"Frozen Eye":2,"Nunchaku":1,"ZombieTooth":11,"Toolbox":18,"MiniBlackHole":21,"reliquary:Buckler":16,"CCEMRelics:WhiteRose":15,"Ring of the Snake":0,"reliquary:SharkskinSheath":9,"CCEMRelics:Barrel":11,"Gremlin Food":20,"MerchantsRug":1,"Lee\u0027s Waffle":1,"construct:WeddingRing":9,"CCEMRelics:ImbuedSpirit":11,"CCEMRelics:CocoNut":2,"CCEMRelics:CanOfSoda":16,"aspiration:HummingbirdHeart":20,"ToxicTincture":11,"reliquary:RosewoodLute":1,"hubris:Towel":10,"Question Card":18,"reliquary:KinkedSpring":13,"reliquary:Bookmark":20,"reliquary:ExpiredCoupon":10,"Strange Spoon":20,"StuffTheSpire:Mouthbags":0,"StuffTheSpire:GreaterSneckoEye":14,"TungstenRod":2,"rat:PhantomDancer":2,"REME_ComplimentaryCards":0},{"halation:Diary":5,"hubris:Metronome":18,"Regal Pillow":35,"CCEMRelics:PorcelainBowl":60,"StuffTheSpire:Barrel":60,"StuffTheSpire:WitherSkull":46,"Snake Skull":8,"Incense Burner":33,"hubris:EmptyBottle":8,"Cursed Key":46,"reliquary:QuartzCube":60,"CCEMRelics:DerglesHeadphones":5,"halation:HeavySnake":24,"Blood Vial":5,"StuffTheSpire:OccultApparatus":19,"Frozen Eye":8,"Nunchaku":5,"ZombieTooth":35,"Toolbox":60,"MiniBlackHole":71,"reliquary:Buckler":54,"CCEMRelics:WhiteRose":50,"Ring of the Snake":0,"reliquary:SharkskinSheath":30,"CCEMRelics:Barrel":35,"Gremlin Food":68,"MerchantsRug":5,"Lee\u0027s Waffle":5,"construct:WeddingRing":30,"CCEMRelics:ImbuedSpirit":35,"CCEMRelics:CocoNut":8,"CCEMRelics:CanOfSoda":54,"aspiration:HummingbirdHeart":68,"ToxicTincture":35,"reliquary:RosewoodLute":5,"hubris:Towel":33,"Question Card":60,"reliquary:KinkedSpring":44,"reliquary:Bookmark":68,"reliquary:ExpiredCoupon":33,"Strange Spoon":68,"StuffTheSpire:Mouthbags":0,"StuffTheSpire:GreaterSneckoEye":46,"TungstenRod":8,"rat:PhantomDancer":8,"REME_ComplimentaryCards":0}],"TungstenRod":46},"card_choices":[{"not_picked":["Choke","Eviscerate"],"picked":"Draining Mist","floor":1.0},{"not_picked":["hubris:SlightOfHand","rat:FanOfKnives"],"picked":"rat:WitheringShackles","floor":3.0},{"not_picked":["rat:DextrousStrike","Concentrate"],"picked":"Envenom","floor":5.0},{"not_picked":["Deflect","PiercingWail","Slice"],"picked":"SKIP","floor":8.0},{"not_picked":["rat:RuptureArtery","rat:DextrousStrike"],"picked":"Blade Dance","floor":10.0},{"not_picked":["Dagger Throw","ReplayTheSpireMod:Shiv Toss","rat:MoondustBomb"],"picked":"SKIP","floor":11.0},{"not_picked":["Backflip","Outmaneuver","hubris:Sniper"],"picked":"SKIP","floor":18.0},{"not_picked":["StuffTheSpire:DoubleShiv+1","ReplayTheSpireMod:Tripwire"],"picked":"Backflip+1","floor":20.0},{"not_picked":["Dodge and Roll+1","All Out Attack","rat:SilverDagger"],"picked":"SKIP","floor":24.0},{"not_picked":["Die Die Die","Slice"],"picked":"Caltrops","floor":27},{"not_picked":["StuffTheSpire:Sprint","Well Laid Plans"],"picked":"Pace","floor":31},{"not_picked":["Phantasmal Killer","rat:Dispatch"],"picked":"Poison Darts","floor":33},{"not_picked":["Backflip+1","Flying Knee+1","Flechettes"],"picked":"SKIP","floor":35},{"not_picked":["Dagger Throw+1","Slice","All Out Attack"],"picked":"SKIP","floor":38},{"not_picked":["Flechettes+1","hubris:TrickCloak"],"picked":"Cloak And Dagger+1","floor":39},{"not_picked":["Underhanded Strike","Deadly Poison"],"picked":"Corpse Explosion","floor":41},{"not_picked":["Dagger Throw","Heel Hook+1"],"picked":"Crippling Poison","floor":45},{"not_picked":["Acrobatics","Prepared+1"],"picked":"Replay:Poison Smokescreen","floor":46},{"not_picked":["Cloak And Dagger+1","StuffTheSpire:ReptileScales+1","StuffTheSpire:Injection"],"picked":"rat:VenomousWounds","floor":48},{"not_picked":["Masterful Stab+1","Slice+1","Underhanded Strike"],"picked":"Replay:Poison Smokescreen+1","floor":54}],"player_experience":243143,"relics_obtained":[{"floor":10.0,"key":"hubris:Metronome"},{"floor":24.0,"key":"Incense Burner"},{"floor":26.0,"key":"reliquary:ExpiredCoupon"},{"floor":36,"key":"StuffTheSpire:GreaterSneckoEye"},{"floor":39,"key":"CCEMRelics:WhiteRose"},{"floor":41,"key":"reliquary:Buckler"},{"floor":43,"key":"CCEMRelics:CanOfSoda"},{"floor":54,"key":"MiniBlackHole"}],"event_choices":[{"damage_healed":0.0,"max_hp_gain":0.0,"max_hp_loss":0.0,"gold_gain":0.0,"event_name":"betterNote:BetterNote","player_choice":"Ignored","floor":19.0,"gold_loss":0.0,"damage_taken":0.0,"cards_obtained":["Doubt"]},{"damage_healed":0,"gold_gain":0,"player_choice":"Dagger","damage_taken":6,"max_hp_gain":0,"max_hp_loss":0,"event_name":"betterThird:BetterNest","floor":30,"gold_loss":0,"cards_obtained":["RitualDagger"]}],"is_beta":false,"boss_relics":[{"not_picked":["hubris:RunicObelisk","StuffTheSpire:RunicHypercube"],"picked":"halation:HeavySnake"},{"not_picked":["Replay:Cursed D8","conspire:SlowCooker"],"picked":"reliquary:KinkedSpring"}],"items_purged_floors":[47,53,53],"is_endless":false,"potions_floor_spawned":[5,8,10,18,20,27,31,35,45,46],"ascension_level":0}}