{"host":"bw00wb7p5bw58om7","time":1612884344,"event":{"mods":["100% Spire Juice","Act Like it!","BaseMod","Better Third Choice","CapriCore","Chen","Downfall","Gensokyo","Hermit","KinomotoSakuraMod(????)","Koishi","KomeijiMod","Mari Mod (Legacy)","Mari\u0027s V1 Patch","Marisa????????","Minty Spire (QoL Compilation)","MostiFishMod","Onozuka Komachi Mod","Permanent Neow","Prisma Mod","Railgun Mod","Reimu??????","Remilia_Scarlet Moed?????·?????3.3.5","Remilia??????","Replay The Spire","Spicy Shops","StSLib","The Administrix","The Alterego","The Death Knight","The Immortal","The Mystic","The Senshi","The Servant 0.9.4","TheSwordswoman","TheVelvet","WarShipGirlsR/????R mod","Yakumo Yukari mod","Youmu??????","Yuyuko"],"gold_per_floor":[145,157,172,172,203,247,259,287,326,35,79,91,135,157,169,278,290,322,349,361,391,403,415,453,475,538,550,572,584,193,212,212,312,312,328,328,338,352,352,369,369,59,85,136,136,181,181,181,181,201],"floor_reached":51,"language":"ENG","playtime":2288,"items_purged":[],"score":1004,"play_id":"f9c31c39-2186-4d63-bc8f-1697796b55d1","local_time":"20210209152544","is_ascension_mode":false,"campfire_choices":[{"floor":7,"key":"REST"},{"floor":15,"key":"REST"},{"data":"MokouMod:FusionFlare","floor":23,"key":"SMITH"},{"data":"MokouMod:CrimsonArmoury","floor":27,"key":"SMITH"},{"data":"MokouMod:Overheat","floor":29,"key":"SMITH"},{"data":"MokouMod:ScorchingColumn","floor":32,"key":"SMITH"},{"data":"Gensokyo:ShootingStar","floor":41,"key":"SMITH"},{"floor":45,"key":"RECALL"},{"data":"MokouMod:HeatCyclone","floor":47,"key":"SMITH"},{"floor":49,"key":"DIG"}],"circlet_count":0,"master_deck":["MokouMod:Strike","MokouMod:Strike","MokouMod:Strike","MokouMod:Strike","MokouMod:Strike","MokouMod:Defend","MokouMod:Defend","MokouMod:Defend","MokouMod:Defend","MokouMod:HeatSpark","MokouMod:HeartofFire+1","MokouMod:AdaptivePyromancy","MokouMod:ScorchedEarth+1","MokouMod:Singe","MokouMod:IgnitionBarrier","MokouMod:FusionFlare+1","MokouMod:ScorchingColumn+1","MokouMod:SearingBlow+1","MokouMod:Overheat+1","MokouMod:CrimsonArmoury+1","MokouMod:SacredFire+1","MokouMod:HeatCyclone+1","MokouMod:GuidingSmoke","MokouMod:Wildfire+1","MokouMod:EnchantingBambooForest+1","MokouMod:ImperishableFlame+1","MokouMod:InfernalWave+1","MokouMod:SacredFire+1","Gensokyo:ShootingStar+1","MokouMod:SpontaneousHumanCombustion+1","MokouMod:HeatCyclone+1","MokouMod:AdaptivePyromancy+1","MokouMod:Ember","MokouMod:RisingSunBarrier+1","MokouMod:IgnitionBlast","MokouMod:SpontaneousHumanCombustion+1"],"relics":["MokouMod:PhoenixFeather","DaveBox","Darkstone Periapt","SynthV:TestCard","FeatherPendant","MawBank","Toy Ornithopter","Smiling Mask","BrkXgEgg","Guide Book","PreservedInsect","ReplayTheSpireMod:TigerMarble","GreenFoldingFan","Gensokyo:RedStar","Gensokyo:SongOfSouls","CaptainsWheel","Simple Rune","Bottled Lightning","PureWhite:ReiMu","JellyFishMachine","Gensokyo:DualWield","Calipers","Replay:Bandana","AntiCross","Thread and Needle"],"acts_visited":["Gensokyo:Gensokyo","Gensokyo:Gensokyoer","Gensokyo:Gensokyoest"],"potions_floor_usage":[],"damage_taken":[{"damage":42,"enemies":"Gensokyo:Cirno","floor":0,"turns":6},{"damage":5,"enemies":"Gensokyo:3_Fairies","floor":1,"turns":4},{"damage":1,"enemies":"Gensokyo:Python","floor":2,"turns":2},{"damage":1,"enemies":"Gensokyo:Gryphon","floor":3,"turns":2},{"damage":1,"enemies":"Gensokyo:VengefulSpirit","floor":5,"turns":2},{"damage":2,"enemies":"Gensokyo:Aya","floor":6,"turns":2},{"damage":17,"enemies":"Gensokyo:5_Fairies","floor":8,"turns":8},{"damage":25,"enemies":"Gensokyo:Mamizou","floor":11,"turns":8},{"damage":15,"enemies":"Gensokyo:Cirno","floor":13,"turns":8},{"damage":7,"enemies":"Gensokyo:Kitsune","floor":14,"turns":2},{"damage":24,"enemies":"Gensokyo:Kokoro","floor":16,"turns":5},{"damage":8,"enemies":"Gensokyo:CosmicMonolith","floor":18,"turns":2},{"damage":27,"enemies":"Gensokyo:Chomper","floor":19,"turns":3},{"damage":8,"enemies":"Gensokyo:3_Gloops","floor":21,"turns":3},{"damage":2,"enemies":"Gensokyo:Tenshi","floor":24,"turns":1},{"damage":12,"enemies":"Gensokyo:Wraith","floor":25,"turns":3},{"damage":7,"enemies":"Gensokyo:Swordslinger","floor":28,"turns":3},{"damage":2,"enemies":"Gensokyo:Monolith_and_Dog","floor":31,"turns":1},{"damage":2,"enemies":"Gensokyo:Eiki","floor":33,"turns":1},{"damage":4,"enemies":"Gensokyo:3_Bats","floor":35,"turns":2},{"damage":5,"enemies":"Gensokyo:AncientGuardian","floor":37,"turns":2},{"damage":4,"enemies":"Gensokyo:AtlasGolem","floor":38,"turns":2},{"damage":3,"enemies":"Gensokyo:Sharpion","floor":40,"turns":1},{"damage":16,"enemies":"Gensokyo:Rafflesia","floor":44,"turns":3},{"damage":2,"enemies":"Gensokyo:Marisa","floor":46,"turns":1},{"damage":18,"enemies":"Gensokyo:Scarlet_Devils","floor":50,"turns":3}],"seed_played":"8064885125082205488","potions_obtained":[{"floor":0,"key":"Elixir"},{"floor":2,"key":"LiquidMemories"},{"floor":11,"key":"Milkshake"}],"is_trial":false,"path_per_floor":["M","M","M","?","M","E","R","M","T","COS","E","?","E","M","R","B",null,"M","M","?","M","?","R","E","M","T","R","M","R","$","M","R","B",null,"M","?","M","M","?","M","R","$","T","M","R","E","R","?","R","B",null],"character_chosen":"MKU","items_purchased":["Bottled Lightning","PureWhite:ReiMu","Calipers"],"campfire_rested":2,"item_purchase_floors":[30,30,42],"current_hp_per_floor":[28,27,26,32,31,29,53,36,36,36,11,11,18,11,35,11,81,81,64,64,66,66,66,74,72,72,72,81,81,81,81,81,81,81,81,81,81,81,81,81,81,81,81,75,75,81,81,81,81,73],"gold":201,"neow_bonus":"RANDOM_EVENT","is_daily":false,"chose_seed":false,"campfire_upgraded":6,"win_rate":0.0,"timestamp":1612884344,"path_taken":["M","M","M","?","M","E","R","M","T","COS","E","?","E","M","R","BOSS","M","M","?","M","?","R","E","?","T","R","M","R","?","M","R","BOSS","M","?","?","M","?","M","R","$","T","M","R","E","R","?","R","BOSS"],"items_purchased_type":["Relic","Relic","Relic"],"build_version":"2020-12-22","purchased_purges":0,"victory":true,"max_hp_per_floor":[75,75,75,81,81,81,81,81,81,81,81,81,81,81,81,81,81,81,81,81,81,81,81,81,81,81,81,81,81,81,81,81,81,81,81,81,81,81,81,81,81,81,81,81,81,81,81,81,81,81],"card_choices":[{"not_picked":["MokouMod:HeatTransfer","MokouMod:IgnitionBarrier"],"picked":"MokouMod:HeartofFire","floor":0},{"not_picked":["MokouMod:RoaringFlare","MokouMod:FlareStarter"],"picked":"MokouMod:AdaptivePyromancy","floor":1},{"not_picked":["MokouMod:Overheat","MokouMod:AdaptivePyromancy","MokouMod:UncontrollableSolarReaction","MokouMod:HeatFactory"],"picked":"MokouMod:ScorchedEarth","floor":2},{"not_picked":["MokouMod:TemporalFireSeal","MokouMod:ControlledCombustion","MokouMod:RetainTemperature","MokouMod:FujiyamaVolcano"],"picked":"MokouMod:Singe","floor":3},{"not_picked":["MokouMod:ScorchingColumn","MokouMod:Ember","MokouMod:RoaringFlare","MokouMod:SearingShot"],"picked":"MokouMod:IgnitionBarrier","floor":5},{"not_picked":["MokouMod:ScorchingColumn","MokouMod:CrimsonFlare","MokouMod:ResoluteFlare","MokouMod:RadiantBlade"],"picked":"MokouMod:FusionFlare","floor":6},{"not_picked":["MokouMod:Cataclysm","MokouMod:TemporalFireSeal","MokouMod:FlareStarter","MokouMod:ResoluteFlare"],"picked":"MokouMod:ScorchingColumn","floor":8},{"not_picked":["MokouMod:Sear","MokouMod:IllusoryBattlefield","MokouMod:UncontrollableSolarReaction","MokouMod:BlazingComet"],"picked":"MokouMod:SearingBlow+1","floor":11},{"not_picked":["MokouMod:Scorch","MokouMod:Trailblazer","MokouMod:Refresh","MokouMod:Stoke"],"picked":"MokouMod:Overheat","floor":13},{"not_picked":["MokouMod:Stoke","MokouMod:InfernalWave","MokouMod:Sear","MokouMod:RoaringFlare"],"picked":"MokouMod:CrimsonArmoury","floor":14},{"not_picked":["MokouMod:Geothermal+1","MokouMod:RadiantBlade+1","MokouMod:HouraiForge+1","MokouMod:ProfanedFlare+1"],"picked":"MokouMod:SacredFire+1","floor":16},{"not_picked":["MokouMod:PhoenixFeathers","MokouMod:RoaringFlare","MokouMod:BurningDraft","MokouMod:AdaptivePyromancy"],"picked":"MokouMod:HeatCyclone+1","floor":18},{"not_picked":["MokouMod:Wildfire","MokouMod:HeatFactory+1","MokouMod:EternalBurstReactor","MokouMod:ShiftIgnition+1"],"picked":"MokouMod:GuidingSmoke","floor":19},{"not_picked":["MokouMod:Trailblazer","MokouMod:Ember","MokouMod:Combust","MokouMod:HeatTransfer"],"picked":"MokouMod:Wildfire+1","floor":21},{"not_picked":["MokouMod:SpontaneousHumanCombustion+1","MokouMod:ProfanedFlare+1","MokouMod:Firecracker+1","MokouMod:FlamingFireTalons"],"picked":"MokouMod:EnchantingBambooForest+1","floor":24},{"not_picked":["MokouMod:AdaptivePyromancy","MokouMod:Trailblazer","MokouMod:ShiftIgnition","MokouMod:FlareStarter"],"picked":"MokouMod:ImperishableFlame+1","floor":25},{"not_picked":["MokouMod:Ember","MokouMod:ScorchingColumn","MokouMod:IndiscriminateIgnition","MokouMod:RoaringFlare+1"],"picked":"MokouMod:InfernalWave+1","floor":28},{"not_picked":["MokouMod:IcarusDive","MokouMod:IgnitionBarrier","MokouMod:Singe","MokouMod:Cataclysm"],"picked":"MokouMod:SacredFire+1","floor":31},{"not_picked":[],"picked":"Gensokyo:ShootingStar","floor":33},{"not_picked":["MokouMod:HouraiForge+1","MokouMod:RadiantBlade+1","MokouMod:PhoenixForm+1","MokouMod:Ventilation+1"],"picked":"MokouMod:SpontaneousHumanCombustion+1","floor":33},{"not_picked":["MokouMod:UncontrollableSolarReaction+1","MokouMod:Trailblazer","MokouMod:Firecracker+1","MokouMod:Ember"],"picked":"MokouMod:HeatCyclone","floor":35},{"not_picked":["MokouMod:Burn+1","MokouMod:FujiyamaVolcano+1","MokouMod:ResonanceReactor","MokouMod:RetainTemperature+1"],"picked":"MokouMod:AdaptivePyromancy+1","floor":37},{"not_picked":["MokouMod:UncontrollableSolarReaction+1","MokouMod:ResonanceReactor","MokouMod:Sear+1","MokouMod:InfernalWave"],"picked":"MokouMod:Ember","floor":38},{"not_picked":["MokouMod:RoaringFlare","MokouMod:CrimsonFlare","MokouMod:EternalBurstReactor+1","MokouMod:SearingShot+1"],"picked":"MokouMod:RisingSunBarrier+1","floor":40},{"not_picked":["MokouMod:RoaringFlare","MokouMod:SearingShot+1","MokouMod:Afterburner+1","MokouMod:FusionFlare"],"picked":"MokouMod:IgnitionBlast","floor":44},{"not_picked":["MokouMod:Stoke+1","MokouMod:Trailblazer+1","MokouMod:RoaringFlare","MokouMod:ResoluteFlare"],"picked":"MokouMod:SpontaneousHumanCombustion+1","floor":46}],"player_experience":335729,"relics_obtained":[{"floor":0,"key":"Darkstone Periapt"},{"floor":1,"key":"SynthV:TestCard"},{"floor":6,"key":"Toy Ornithopter"},{"floor":9,"key":"Smiling Mask"},{"floor":11,"key":"PreservedInsect"},{"floor":13,"key":"ReplayTheSpireMod:TigerMarble"},{"floor":24,"key":"CaptainsWheel"},{"floor":26,"key":"Simple Rune"},{"floor":43,"key":"Replay:Bandana"},{"floor":46,"key":"AntiCross"},{"floor":49,"key":"Thread and Needle"}],"event_choices":[],"is_beta":false,"boss_relics":[{"not_picked":["Calling Bell","bronze:MakeshiftBattery"],"picked":"GreenFoldingFan"},{"not_picked":["TimeKeys","BloodWine"],"picked":"JellyFishMachine"}],"items_purged_floors":[],"is_endless":false,"potions_floor_spawned":[0,2,11,14,18,24,25,33,37,46],"ascension_level":0}}