{"host":"627up2rvtmm0cf0r","time":1612858352,"event":{"mods":["ATMod(°¢èªMod)","Act Like it!","BaseMod","Better Vampires","CapriCore","Card Filter","Card Forge","Colored Powertips","DeckTracker","Dota2Spire","Downfall","Energized Spire","Friendly Minions","Highlight Path","Infinite Spire","Jedi Mod","Minty Spire (QoL Compilation)","MostiFishMod","Permanent Neow","Practice Mode","Quick Restart","Relic Stats","Reliquary","Shop Mod","Spicy Shops","StSLib","SuperFastMode","TestMod","Warlord Emblem","¡¾ÒÅÎï¿¨ÅÆ¡¿REMEMod","óô»ðÖ¸ÄÏ"],"gold_per_floor":[99,116,129,129,39,39,107,107,124,154,166,166,166,199,210,312,312,312,330,344,335,335,335,335,335,51,51,51,51,51,51,51,51,51,51,51,51,51,54,54,81,95,113,113,113,128,128,143,155,155],"floor_reached":51,"language":"ZHS","playtime":1592,"items_purged":["bronze:Strike","bronze:Defend","bronze:Strike","bronze:Strike","Normality","bronze:Defend","bronze:FindAndReplace"],"score":1047,"play_id":"de269852-ddc9-4c93-92fd-503360cdad97","local_time":"20210209161232","is_ascension_mode":true,"campfire_choices":[{"data":"MostiFishMod:Kaleido","floor":1,"key":"SMITH"},{"data":"bronze:Replicate","floor":6,"key":"SMITH"},{"data":"bronze:DelayedSlice","floor":8,"key":"SMITH"},{"data":"bronze:Goto","floor":13,"key":"SMITH"},{"data":"bronze:HardenedForm","floor":18,"key":"SMITH"},{"data":"bronze:MaxOutput","floor":35,"key":"SMITH"},{"data":"infinitespire:Oblivion","floor":40,"key":"SMITH"},{"data":"bronze:BronzeOrb","floor":47,"key":"SMITH"}],"circlet_count":0,"master_deck":["bronze:Replicate+1","bronze:Goto+1","MostiFishMod:Kaleido+1","bronze:DelayedSlice+1","bronze:BronzeOrb+1","bronze:HardenedForm+1","bronze:MaxOutput+1","infinitespire:Oblivion+1","bronze:Virus"],"relics":["bronze:BronzeCore","Hammer of Thor","Seething Fire","Anvil of the Gods","DaveBox","testmod-TestBox","REME_ComplimentaryCards","AT_ATBox","Pen Nib","testmod-Muramasa","DiscerningMonocle","infinitespire:FocusingShard","jedi:gremlinknob","reliquary:PurpleTingedLeaf","Dota2Spire:Bloodstone","jedi:ominousloannote","AT_ArchangelStaff","reliquary:RoseTintedGlasses","bronze:ProtectiveGoggles","infinitespire:Lucky Rock","Membership Card","Dota2Spire:DrumOfEndurance","MutagenicStrength","Pen Nib","RhineSuit","Empty Cage","bronze:BottledCode","Slimebound:PreparedRelic","reliquary:SilkGlove","Blue Candle","AT_BladeRuinedKing","Vajra","jedi:bottledfury","reliquary:Buckler","MostiFishMod:AdaptiveDefenses","Guardian:BottledAnomaly"],"acts_visited":["Exordium","TheCity","TheBeyond"],"potions_floor_usage":[9],"damage_taken":[{"damage":18,"enemies":"infinitespire:Voidling","floor":2,"turns":4},{"damage":10,"enemies":"Small Slimes","floor":3,"turns":2},{"damage":5,"enemies":"downfall:FleeingMerchant","floor":5,"turns":4},{"damage":12,"enemies":"Jaw Worm","floor":9,"turns":2},{"damage":0,"enemies":"Gremlin Nob","floor":10,"turns":2},{"damage":0,"enemies":"Large Slime","floor":11,"turns":3},{"damage":0,"enemies":"Lagavulin","floor":14,"turns":1},{"damage":11,"enemies":"Gremlin Gang","floor":15,"turns":2},{"damage":8,"enemies":"SI_SHIV_ARCHETYPE","floor":16,"turns":3},{"damage":0,"enemies":"Shell Parasite","floor":19,"turns":2},{"damage":1,"enemies":"Snecko","floor":20,"turns":2},{"damage":10,"enemies":"downfall:FleeingMerchant","floor":21,"turns":4},{"damage":0,"enemies":"3 Cultists","floor":22,"turns":3},{"damage":9,"enemies":"REME_1_Revenger","floor":23,"turns":3},{"damage":3,"enemies":"Sentry and Sphere","floor":25,"turns":3},{"damage":58,"enemies":"downfall:Augmenter","floor":27,"turns":6},{"damage":0,"enemies":"Chosen and Byrds","floor":28,"turns":2},{"damage":0,"enemies":"Snecko","floor":29,"turns":1},{"damage":0,"enemies":"Sentry and Sphere","floor":31,"turns":1},{"damage":0,"enemies":"3 Cultists","floor":32,"turns":1},{"damage":2,"enemies":"DF_ARCHETYPE_CLAW","floor":33,"turns":2},{"damage":5,"enemies":"3 Shapes","floor":36,"turns":1},{"damage":0,"enemies":"downfall:FleeingMerchant","floor":39,"turns":1},{"damage":0,"enemies":"Orb Walker","floor":42,"turns":1},{"damage":0,"enemies":"Spire Growth","floor":43,"turns":1},{"damage":0,"enemies":"3 Darklings","floor":46,"turns":1},{"damage":5,"enemies":"Writhing Mass","floor":48,"turns":1},{"damage":0,"enemies":"Sphere and 2 Shapes","floor":49,"turns":1},{"damage":38,"enemies":"IC_BLOCK_ARCHETYPE","floor":50,"turns":3}],"seed_played":"1952411371821312994","potions_obtained":[{"floor":2,"key":"FairyPotion"},{"floor":9,"key":"REME_GoldPotion"},{"floor":11,"key":"bronze:FreeFunctionsPotion"},{"floor":15,"key":"Weak Potion"},{"floor":27,"key":"champ:CounterPotion"}],"is_trial":false,"path_per_floor":["R","M","M","?","$","R","T","R","M","E","M","?","R","E","M","B",null,"R","M","M","$","M","E","T","M","R","?","M","M","AVR","M","M","B",null,"R","M","?","?","$","R","T","M","M","?","$","M","R","M","M","B",null],"character_chosen":"THE_AUTOMATON","items_purchased":["jedi:ominousloannote","AT_ArchangelStaff","reliquary:RoseTintedGlasses","Membership Card","Dota2Spire:DrumOfEndurance","Slimebound:PreparedRelic","AT_BladeRuinedKing","Vajra","jedi:bottledfury","reliquary:Buckler","MostiFishMod:AdaptiveDefenses","Guardian:BottledAnomaly"],"campfire_rested":0,"item_purchase_floors":[21,21,21,26,26,39,45,45,45,45,45,45],"current_hp_per_floor":[70,56,48,48,43,43,43,43,52,52,52,52,52,52,42,34,72,72,72,71,62,63,55,55,53,53,39,40,41,41,42,43,44,74,74,70,53,53,54,54,54,54,55,50,50,51,51,47,47,22],"gold":155,"neow_bonus":"RANDOM_COMMON_RELIC","is_daily":false,"chose_seed":false,"campfire_upgraded":8,"win_rate":0.0,"timestamp":1612858352,"path_taken":["R","M","?","?","?","R","T","R","M","E","M","?","R","E","M","BOSS","R","M","M","$","M","E","T","?","R","?","M","M","AVR","M","M","BOSS","R","M","?","?","$","R","T","M","M","?","$","?","R","M","M","BOSS"],"items_purchased_type":["Relic","Relic","Relic","Relic","Relic","Relic","Relic","Relic","Relic","Relic","Relic","Relic"],"build_version":"2020-12-22","purchased_purges":7,"victory":true,"max_hp_per_floor":[70,70,72,72,72,72,72,72,72,72,72,72,72,72,72,72,72,72,72,72,72,72,72,72,72,72,72,72,72,72,72,72,74,74,74,74,74,64,64,64,64,64,64,64,64,64,64,64,64,64],"relic_stats":{"counters":[29,63],"Blue Candle":[0],"Pen Nib":[31],"obtain_stats":[{"bronze:BronzeCore":0,"AT_ATBox":0,"reliquary:SilkGlove":41,"DaveBox":0,"DiscerningMonocle":0,"Vajra":45,"Dota2Spire:DrumOfEndurance":26,"RhineSuit":30,"MostiFishMod:AdaptiveDefenses":45,"Hammer of Thor":0,"jedi:bottledfury":45,"AT_ArchangelStaff":21,"Empty Cage":34,"reliquary:Buckler":45,"reliquary:RoseTintedGlasses":21,"Guardian:BottledAnomaly":45,"testmod-Muramasa":0,"testmod-TestBox":0,"Blue Candle":44,"jedi:gremlinknob":10,"Pen Nib":0,"infinitespire:FocusingShard":7,"Dota2Spire:Bloodstone":17,"AT_BladeRuinedKing":45,"Seething Fire":0,"infinitespire:Lucky Rock":24,"bronze:BottledCode":38,"bronze:ProtectiveGoggles":23,"Anvil of the Gods":0,"jedi:ominousloannote":21,"MutagenicStrength":27,"reliquary:SculptingSteel":30,"Slimebound:PreparedRelic":39,"Membership Card":26,"reliquary:PurpleTingedLeaf":14,"REME_ComplimentaryCards":0},{"bronze:BronzeCore":0,"AT_ATBox":0,"reliquary:SilkGlove":23,"DaveBox":0,"DiscerningMonocle":0,"Vajra":25,"Dota2Spire:DrumOfEndurance":15,"RhineSuit":18,"MostiFishMod:AdaptiveDefenses":25,"Hammer of Thor":0,"jedi:bottledfury":25,"AT_ArchangelStaff":12,"Empty Cage":21,"reliquary:Buckler":25,"reliquary:RoseTintedGlasses":12,"Guardian:BottledAnomaly":25,"testmod-Muramasa":0,"testmod-TestBox":0,"Blue Candle":25,"jedi:gremlinknob":5,"Pen Nib":0,"infinitespire:FocusingShard":3,"Dota2Spire:Bloodstone":9,"AT_BladeRuinedKing":25,"Seething Fire":0,"infinitespire:Lucky Rock":14,"bronze:BottledCode":22,"bronze:ProtectiveGoggles":14,"Anvil of the Gods":0,"jedi:ominousloannote":12,"MutagenicStrength":16,"reliquary:SculptingSteel":18,"Slimebound:PreparedRelic":23,"Membership Card":15,"reliquary:PurpleTingedLeaf":7,"REME_ComplimentaryCards":0},{"bronze:BronzeCore":0,"AT_ATBox":0,"reliquary:SilkGlove":55,"DaveBox":0,"DiscerningMonocle":0,"Vajra":57,"Dota2Spire:DrumOfEndurance":40,"RhineSuit":49,"MostiFishMod:AdaptiveDefenses":57,"Hammer of Thor":0,"jedi:bottledfury":57,"AT_ArchangelStaff":31,"Empty Cage":53,"reliquary:Buckler":57,"reliquary:RoseTintedGlasses":31,"Guardian:BottledAnomaly":57,"testmod-Muramasa":0,"testmod-TestBox":0,"Blue Candle":57,"jedi:gremlinknob":14,"Pen Nib":0,"infinitespire:FocusingShard":10,"Dota2Spire:Bloodstone":23,"AT_BladeRuinedKing":57,"Seething Fire":0,"infinitespire:Lucky Rock":37,"bronze:BottledCode":54,"bronze:ProtectiveGoggles":37,"Anvil of the Gods":0,"jedi:ominousloannote":31,"MutagenicStrength":46,"reliquary:SculptingSteel":49,"Slimebound:PreparedRelic":55,"Membership Card":40,"reliquary:PurpleTingedLeaf":18,"REME_ComplimentaryCards":0}]},"card_choices":[{"not_picked":["bronze:Invalidate","bronze:BitShift","bronze:BuggyMess"],"picked":"SKIP","floor":2},{"not_picked":["bronze:Turbo","bronze:Fortify"],"picked":"bronze:DelayedSlice","floor":3},{"not_picked":["bronze:Flail","bronze:ChildClass","bronze:BronzeArmor"],"picked":"SKIP","floor":5},{"not_picked":["bronze:Shell","bronze:GetLatest"],"picked":"bronze:BronzeOrb","floor":9},{"not_picked":["bronze:ItsAFeature","bronze:Invalidate","bronze:Allocate"],"picked":"SKIP","floor":10},{"not_picked":["bronze:ChosenStrike","bronze:Branch","bronze:Backtrace"],"picked":"SKIP","floor":11},{"not_picked":["bronze:BitShift","bronze:Allocate","bronze:OilSpill"],"picked":"SKIP","floor":14},{"not_picked":["bronze:DelayedGuard","bronze:CutThrough","bronze:DigitalCarnage"],"picked":"SKIP","floor":15},{"not_picked":["bronze:RecursiveStrike","bronze:FindAndReplace"],"picked":"bronze:HardenedForm","floor":16},{"not_picked":["bronze:BuggyMess+1","bronze:Separator","bronze:CutThrough"],"picked":"SKIP","floor":19},{"not_picked":["bronze:BitShift","bronze:Boost","bronze:Branch"],"picked":"SKIP","floor":20},{"not_picked":["bronze:FineTuning","bronze:DigitalCarnage+1","bronze:Frontload+1"],"picked":"SKIP","floor":21},{"not_picked":["bronze:Deprecate","bronze:DelayedGuard+1","bronze:Flail"],"picked":"SKIP","floor":22},{"not_picked":["bronze:Fortify","bronze:Break","bronze:WildBeam"],"picked":"SKIP","floor":23},{"not_picked":["bronze:BitShift+1","bronze:Deprecate+1","bronze:Shield"],"picked":"SKIP","floor":25},{"not_picked":["bronze:DelayedSlice","bronze:Frontload"],"picked":"bronze:MaxOutput","floor":27},{"not_picked":["bronze:WhirlingStrike+1","bronze:Iterate+1","bronze:BitShift"],"picked":"SKIP","floor":28},{"not_picked":["bronze:Format","bronze:CloningBeam+1","bronze:Terminator"],"picked":"SKIP","floor":29},{"not_picked":["bronze:DelayedGuard+1","bronze:ForceShield","bronze:Iterate"],"picked":"SKIP","floor":31},{"not_picked":["bronze:DelayedSlice+1","bronze:Separator+1","bronze:BronzeArmor"],"picked":"SKIP","floor":32},{"not_picked":["bronze:Allocate","bronze:Overload","bronze:Shield+1"],"picked":"SKIP","floor":36},{"not_picked":["infinitespire:FinalStrike","infinitespire:Punishment"],"picked":"infinitespire:Oblivion","floor":37},{"not_picked":["bronze:CutThrough+1","bronze:Constructor","bronze:Shell"],"picked":"SKIP","floor":39},{"not_picked":["bronze:Shield+1","bronze:Repair+1","bronze:ForceShield"],"picked":"SKIP","floor":42},{"not_picked":["bronze:ChosenStrike+1","bronze:Deprecate","bronze:WhirlingStrike+1"],"picked":"SKIP","floor":43},{"not_picked":["bronze:Terminator","bronze:FollowUp+1","bronze:CloningBeam"],"picked":"SKIP","floor":46},{"not_picked":["bronze:WhirlingStrike+1","bronze:Constructor+1","bronze:Overload+1"],"picked":"SKIP","floor":48},{"not_picked":["bronze:Backtrace+1","bronze:Branch"],"picked":"bronze:Virus","floor":49}],"player_experience":148504,"relics_obtained":[{"floor":7,"key":"infinitespire:FocusingShard"},{"floor":10,"key":"jedi:gremlinknob"},{"floor":14,"key":"reliquary:PurpleTingedLeaf"},{"floor":23,"key":"bronze:ProtectiveGoggles"},{"floor":24,"key":"infinitespire:Lucky Rock"},{"floor":27,"key":"MutagenicStrength"},{"floor":41,"key":"reliquary:SilkGlove"}],"event_choices":[],"is_beta":false,"boss_relics":[{"not_picked":["energizedSpire:NeverEndingSparkler","reliquary:Ember"],"picked":"Dota2Spire:Bloodstone"},{"not_picked":["testmod-BatchProcessingSystem","testmod-StringDisintegrator"],"picked":"Empty Cage"}],"items_purged_floors":[5,21,26,30,39,39,45],"is_endless":false,"potions_floor_spawned":[2,9,11,15,16,19,22,23,27,31,32,33,36,43,46],"ascension_level":1}}