{"host":"wshey5htrz8rni6u","time":1612913426,"event":{"mods":["2.2 Compatiblity","BaseMod","Block Reminder","Colored Map","Colored Powertips","Current Relic Mod","Curses Come First","Dark Map","Key Reminder","Minty Spire (QoL Compilation)","Potion Indicator Mod","Quick Restart","Random Character Button","Relic Sorter","Relic Stats","StSLib","SuperFastMode","Twitch Utils","Unceasing Turn Reminder","Weighted Paths","everything is the same but u backflip on backflip"],"gold_per_floor":[16,34,34,34,52,52,87,19,67,67,57,57,88,18,18,144,144,168,168,168,2,2,38,38,63,88,120,93,107,122,150,150,246,246,258,258,11,61,78,78,105,117,144,144,192,36,36,49,49,49,49,49,22,50,50],"floor_reached":56,"language":"ENG","playtime":4590,"items_purged":["Shame"],"score":1457,"play_id":"45f9f9a4-37e6-47f0-802a-7e9b7ecb1cd8","local_time":"20210209153026","is_ascension_mode":true,"campfire_choices":[{"data":"Armaments","floor":6.0,"key":"SMITH"},{"data":"Armaments","floor":15.0,"key":"SMITH"},{"data":"Berserk","floor":32,"key":"SMITH"},{"floor":40,"key":"RECALL"},{"floor":49,"key":"DIG"},{"floor":52,"key":"DIG"}],"circlet_count":0,"master_deck":["Strike_R","Strike_R","Strike_R","Defend_R","Defend_R","Defend_R","Defend_R","Bash","Brutality","Armaments+1","Metallicize","Iron Wave","Armaments+1","Disarm","Disarm","Second Wind","Infernal Blade","Berserk+1","Reaper","Evolve+1","Reckless Charge","Headbutt","Flame Barrier","Feed","Rampage","Rage+1","Armaments+1","Whirlwind","Dropkick+1","Feed","Shrug It Off","Apotheosis","Magnetism","Deep Breath","True Grit","Disarm+1","Rage","Ghostly Armor+1","Offering","Rupture","Carnage+1","True Grit+1","Combust","Seeing Red","Dark Embrace+1","Madness","Madness","Rage+1","Heavy Blade","Feel No Pain"],"relics":["Burning Blood","Bloody Idol","Oddly Smooth Stone","Juzu Bracelet","Mercury Hourglass","Eternal Feather","Runic Cube","Mango","Vajra","Enchiridion","Potion Belt","Toy Ornithopter","MealTicket","Blood Vial","Nunchaku","Coffee Dripper","Strange Spoon","StoneCalendar","Bronze Scales","Shovel","Orrery","Lantern","Self Forming Clay","Sundial"],"acts_visited":["Exordium","TheCity","TheBeyond","TheEnding"],"potions_floor_usage":[23,23,25,27,27,30,33,39,39,50,50,55],"damage_taken":[{"damage":5.0,"enemies":"2 Louse","floor":1.0,"turns":4.0},{"damage":6.0,"enemies":"Cultist","floor":2.0,"turns":4.0},{"damage":12.0,"enemies":"Jaw Worm","floor":5.0,"turns":4.0},{"damage":21.0,"enemies":"Gremlin Nob","floor":7.0,"turns":5.0},{"damage":8.0,"enemies":"Exordium Thugs","floor":11.0,"turns":4.0},{"damage":17.0,"enemies":"Lagavulin","floor":13.0,"turns":9.0},{"damage":9.0,"enemies":"Hexaghost","floor":16.0,"turns":10.0},{"damage":26,"enemies":"Spheric Guardian","floor":18,"turns":9},{"damage":22,"enemies":"Slavers","floor":23,"turns":3},{"damage":18,"enemies":"Book of Stabbing","floor":25,"turns":6},{"damage":20,"enemies":"Slavers","floor":27,"turns":4},{"damage":23,"enemies":"2 Thieves","floor":28,"turns":5},{"damage":28,"enemies":"Centurion and Healer","floor":29,"turns":11},{"damage":16,"enemies":"3 Cultists","floor":30,"turns":5},{"damage":33,"enemies":"Gremlin Leader","floor":31,"turns":11},{"damage":43,"enemies":"Champ","floor":33,"turns":19},{"damage":18,"enemies":"Orb Walker","floor":35,"turns":3},{"damage":0,"enemies":"Mind Bloom Boss Battle","floor":38,"turns":5},{"damage":45,"enemies":"3 Darklings","floor":39,"turns":5},{"damage":66,"enemies":"Giant Head","floor":41,"turns":9},{"damage":16,"enemies":"Maw","floor":42,"turns":9},{"damage":29,"enemies":"2 Orb Walkers","floor":45,"turns":6},{"damage":18,"enemies":"Sphere and 2 Shapes","floor":48,"turns":4},{"damage":25,"enemies":"Time Eater","floor":50,"turns":7},{"damage":51,"enemies":"Shield and Spear","floor":54,"turns":6},{"damage":70,"enemies":"The Heart","floor":55,"turns":9}],"seed_played":"4343223167668917339","potions_obtained":[{"floor":5.0,"key":"SkillPotion"},{"floor":7.0,"key":"Explosive Potion"},{"floor":16.0,"key":"EssenceOfSteel"},{"floor":23,"key":"Explosive Potion"},{"floor":25,"key":"LiquidMemories"},{"floor":29,"key":"Block Potion"},{"floor":31,"key":"SkillPotion"},{"floor":33,"key":"AttackPotion"},{"floor":38,"key":"SneckoOil"},{"floor":42,"key":"Strength Potion"},{"floor":45,"key":"ColorlessPotion"},{"floor":54,"key":"Strength Potion"}],"is_trial":false,"path_per_floor":["M","M","?","?","M","R","E","$","T","?","M","?","E","$","R","B",null,"M","?","?","$","?","E","?","E","T","E","M","M","M","E","R","B",null,"M","?","$","?","M","R","E","M","T","?","?","$","?","M","R","B",null,"R","$","E","B",null],"character_chosen":"IRONCLAD","items_purchased":["Disarm","Berserk","Reckless Charge","Headbutt","Flame Barrier","Strange Spoon","True Grit","Orrery","Heavy Blade"],"campfire_rested":0,"item_purchase_floors":[8,14,21,21,21,37,37,46,53],"current_hp_per_floor":[80,80,74,74,68,68,53,53,53,35,33,33,22,22,31,28,74,57,71,71,71,55,39,39,32,37,38,42,41,62,54,72,51,104,97,87,102,104,98,108,86,92,97,97,85,100,86,85,112,112,112,112,112,95,70],"gold":50,"neow_bonus":"THREE_RARE_CARDS","is_daily":false,"chose_seed":false,"campfire_upgraded":3,"win_rate":0.0,"timestamp":1612913426,"path_taken":["M","M","?","?","?","R","E","?","T","?","M","?","E","$","R","BOSS","M","?","?","$","?","E","?","E","T","E","M","M","M","E","R","BOSS","M","?","$","?","M","R","E","M","T","?","?","$","?","M","R","BOSS","R","$","E","BOSS"],"items_purchased_type":["Card","Card","Card","Card","Card","Relic","Card","Relic","Card"],"build_version":"2020-12-13","purchased_purges":1,"victory":true,"max_hp_per_floor":[80,80,74,74,74,74,74,74,74,74,74,74,74,74,74,74,74,74,88,88,88,88,88,88,88,88,88,92,96,100,100,100,104,104,104,104,104,104,108,108,108,108,108,108,112,112,112,112,112,112,112,112,112,120,120],"relic_stats":{"counters":[26,173],"Self Forming Clay":[90],"Eternal Feather":64,"StoneCalendar":[208],"Juzu Bracelet":2,"Burning Blood":144,"Mercury Hourglass":[548],"Blood Vial":20,"Strange Spoon":[53],"Nunchaku":[16],"Shovel":2,"Sundial":[2],"Bloody Idol":85,"Bronze Scales":[231],"MealTicket":30,"obtain_stats":[{"Lantern":49,"Vajra":20,"Enchiridion":22,"Mango":19,"StoneCalendar":38,"Juzu Bracelet":9,"Burning Blood":0,"Blood Vial":27,"Nunchaku":31,"Shovel":45,"Sundial":54,"MealTicket":26,"Runic Cube":17,"Potion Belt":23,"Golden Idol":3,"Self Forming Clay":52,"Oddly Smooth Stone":7,"Eternal Feather":13,"Mercury Hourglass":10,"keyreminder:keyreminder":40,"Strange Spoon":37,"Bloody Idol":24,"Bronze Scales":41,"Orrery":46,"Coffee Dripper":34,"Toy Ornithopter":25},{"Lantern":23,"Vajra":8,"Enchiridion":8,"Mango":8,"StoneCalendar":18,"Juzu Bracelet":4,"Burning Blood":0,"Blood Vial":11,"Nunchaku":15,"Shovel":22,"Sundial":25,"MealTicket":10,"Runic Cube":7,"Potion Belt":9,"Golden Idol":2,"Self Forming Clay":24,"Oddly Smooth Stone":4,"Eternal Feather":6,"Mercury Hourglass":4,"keyreminder:keyreminder":19,"Strange Spoon":17,"Bloody Idol":9,"Bronze Scales":20,"Orrery":22,"Coffee Dripper":16,"Toy Ornithopter":10},{"Lantern":151,"Vajra":48,"Enchiridion":48,"Mango":48,"StoneCalendar":119,"Juzu Bracelet":17,"Burning Blood":0,"Blood Vial":60,"Nunchaku":92,"Shovel":147,"Sundial":164,"MealTicket":56,"Runic Cube":39,"Potion Belt":51,"Golden Idol":8,"Self Forming Clay":158,"Oddly Smooth Stone":17,"Eternal Feather":29,"Mercury Hourglass":17,"keyreminder:keyreminder":124,"Strange Spoon":114,"Bloody Idol":51,"Bronze Scales":133,"Orrery":147,"Coffee Dripper":111,"Toy Ornithopter":56}],"Toy Ornithopter":25,"Runic Cube":[144]},"card_choices":[{"not_picked":["Barricade","Juggernaut"],"picked":"Brutality","floor":0.0},{"not_picked":["Clash","True Grit"],"picked":"Armaments","floor":1.0},{"not_picked":["Flame Barrier","Spot Weakness"],"picked":"Metallicize","floor":2.0},{"not_picked":["True Grit","Wild Strike"],"picked":"Iron Wave","floor":5.0},{"not_picked":["Clothesline","Perfected Strike"],"picked":"Armaments","floor":7.0},{"not_picked":["Cleave","Dual Wield"],"picked":"Disarm","floor":11.0},{"not_picked":["Reckless Charge","Perfected Strike"],"picked":"Infernal Blade","floor":13.0},{"not_picked":["Fiend Fire","Brutality"],"picked":"Reaper","floor":16.0},{"not_picked":["Dual Wield","Pommel Strike"],"picked":"Evolve+1","floor":18},{"not_picked":["Sword Boomerang","Feel No Pain"],"picked":"Feed","floor":23},{"not_picked":["Battle Trance","Feel No Pain"],"picked":"Rampage","floor":25},{"not_picked":["Thunderclap","Shrug It Off"],"picked":"Rage+1","floor":27},{"not_picked":["Clothesline","Pommel Strike","Burning Pact"],"picked":"SKIP","floor":28},{"not_picked":["Thunderclap","Flex"],"picked":"Armaments+1","floor":29},{"not_picked":["Twin Strike","Body Slam"],"picked":"Whirlwind","floor":30},{"not_picked":["Intimidate+1","Cleave"],"picked":"Dropkick+1","floor":31},{"not_picked":["Brutality","Offering"],"picked":"Feed","floor":33},{"not_picked":["Thunderclap+1","Clothesline"],"picked":"Shrug It Off","floor":35},{"not_picked":["Dark Shackles","Flash of Steel"],"picked":"Apotheosis","floor":36},{"not_picked":["Secret Weapon","Panacea"],"picked":"Magnetism","floor":36},{"not_picked":["Sadistic Nature","Mind Blast"],"picked":"Deep Breath","floor":36},{"not_picked":["Combust","Cleave+1"],"picked":"Disarm+1","floor":38},{"not_picked":["Sword Boomerang","Flex"],"picked":"Rage","floor":39},{"not_picked":["Clash+1","Reckless Charge"],"picked":"Ghostly Armor+1","floor":41},{"not_picked":["Reckless Charge+1","Wild Strike"],"picked":"Offering","floor":42},{"not_picked":["Wild Strike+1","Uppercut"],"picked":"Rupture","floor":45},{"not_picked":["Iron Wave","Armaments"],"picked":"Carnage+1","floor":46},{"not_picked":["Clash","Clothesline"],"picked":"True Grit+1","floor":46},{"not_picked":["Anger","Flex"],"picked":"Combust","floor":46},{"not_picked":["Clash","Anger+1"],"picked":"Seeing Red","floor":46},{"not_picked":["Body Slam+1","Thunderclap+1"],"picked":"Dark Embrace+1","floor":46},{"not_picked":["Anger","Seeing Red+1"],"picked":"Rage+1","floor":48},{"not_picked":["Immolate","Fire Breathing"],"picked":"Feel No Pain","floor":54}],"player_experience":23827,"relics_obtained":[{"floor":7.0,"key":"Oddly Smooth Stone"},{"floor":9.0,"key":"Juzu Bracelet"},{"floor":13.0,"key":"Eternal Feather"},{"floor":22,"key":"Enchiridion"},{"floor":23,"key":"Potion Belt"},{"floor":25,"key":"Toy Ornithopter"},{"floor":26,"key":"MealTicket"},{"floor":27,"key":"Blood Vial"},{"floor":31,"key":"Nunchaku"},{"floor":38,"key":"StoneCalendar"},{"floor":41,"key":"Bronze Scales"},{"floor":45,"key":"Shovel"},{"floor":49,"key":"Lantern"},{"floor":52,"key":"Self Forming Clay"},{"floor":54,"key":"Sundial"}],"event_choices":[{"damage_healed":0.0,"max_hp_gain":0.0,"max_hp_loss":6.0,"gold_gain":0.0,"event_name":"Golden Idol","player_choice":"Lose Max HP","floor":3.0,"gold_loss":0.0,"damage_taken":0.0,"relics_obtained":["Golden Idol"]},{"cards_removed":["Strike_R"],"damage_healed":0.0,"max_hp_gain":0.0,"max_hp_loss":0.0,"gold_gain":0.0,"event_name":"Purifier","player_choice":"Purged","floor":4.0,"gold_loss":0.0,"damage_taken":0.0},{"damage_healed":0.0,"max_hp_gain":0.0,"max_hp_loss":0.0,"gold_gain":0.0,"event_name":"Scrap Ooze","player_choice":"Success","floor":10.0,"gold_loss":0.0,"damage_taken":18.0,"relics_obtained":["Mercury Hourglass"]},{"damage_healed":0.0,"max_hp_gain":0.0,"max_hp_loss":0.0,"gold_gain":0.0,"cards_transformed":["Strike_R"],"event_name":"Living Wall","player_choice":"Change","floor":12.0,"gold_loss":0.0,"damage_taken":0.0,"cards_obtained":["Second Wind"]},{"damage_healed":0,"gold_gain":0,"player_choice":"Stole Relic","damage_taken":0,"relics_obtained":["Mango"],"max_hp_gain":0,"max_hp_loss":0,"event_name":"Addict","floor":19,"gold_loss":0,"cards_obtained":["Shame"]},{"damage_healed":0,"gold_gain":0,"player_choice":"Opened","damage_taken":0,"relics_obtained":["Vajra"],"max_hp_gain":0,"max_hp_loss":0,"event_name":"The Mausoleum","floor":20,"gold_loss":0,"cards_obtained":["Writhe"]},{"damage_healed":0,"gold_gain":0,"player_choice":"Obtained Book","damage_taken":16,"max_hp_gain":0,"max_hp_loss":0,"event_name":"Cursed Tome","floor":22,"gold_loss":0},{"damage_healed":0,"gold_gain":0,"player_choice":"Gave Idol","damage_taken":0,"relics_obtained":["Bloody Idol"],"max_hp_gain":0,"max_hp_loss":0,"event_name":"Forgotten Altar","floor":24,"relics_lost":["Golden Idol"],"gold_loss":0},{"damage_healed":0,"gold_gain":0,"player_choice":"Memory 3","damage_taken":10,"max_hp_gain":0,"max_hp_loss":0,"event_name":"SensoryStone","floor":36,"gold_loss":0},{"damage_healed":0,"gold_gain":0,"player_choice":"Fight","damage_taken":0,"max_hp_gain":0,"max_hp_loss":0,"event_name":"MindBloom","floor":38,"gold_loss":0},{"cards_removed":["Writhe"],"damage_healed":0,"gold_gain":0,"player_choice":"Removed Curses","damage_taken":0,"max_hp_gain":0,"max_hp_loss":0,"event_name":"Fountain of Cleansing","floor":44,"gold_loss":0},{"damage_healed":0,"gold_gain":0,"player_choice":"Fight","damage_taken":0,"max_hp_gain":0,"max_hp_loss":0,"event_name":"Mysterious Sphere","floor":45,"gold_loss":0},{"damage_healed":0,"gold_gain":0,"player_choice":"Embrace Madness","damage_taken":14,"max_hp_gain":0,"max_hp_loss":0,"event_name":"Winding Halls","floor":47,"gold_loss":0,"cards_obtained":["Madness","Madness"]}],"is_beta":false,"boss_relics":[{"not_picked":["Philosopher\u0027s Stone","Snecko Eye"],"picked":"Runic Cube"},{"not_picked":["Velvet Choker","SlaversCollar"],"picked":"Coffee Dripper"}],"items_purged_floors":[37],"is_endless":false,"potions_floor_spawned":[5,7,16,18,23,25,29,31,33,38,42,45,54],"ascension_level":2}}