{"host":"5p9hybygolzp0efr","time":1612865714,"event":{"mods":["AchievementEnabler","BaseMod","Bestiary","Colored Map","Minty Spire (QoL Compilation)","Permanent Neow","Relic Stats","StSLib"],"gold_per_floor":[116,116,132,148,2,34,34,50,118,148,148,148,73,103,103,103,103],"floor_reached":16,"language":"ENG","playtime":766,"items_purged":["Strike_P"],"score":183,"play_id":"15e46035-28e3-4205-ba73-e2d7c1daf6a7","local_time":"20210209181514","is_ascension_mode":true,"campfire_choices":[{"floor":7,"key":"REST"},{"floor":12,"key":"REST"},{"floor":15,"key":"RECALL"}],"circlet_count":0,"master_deck":["AscendersBane","Strike_P","Strike_P","Strike_P","Defend_P","Defend_P","Defend_P","Defend_P","Eruption","Vigilance","Protect","Wallop","ThirdEye","Tantrum","Scrawl","Consecrate"],"relics":["Fusion Hammer","PreservedInsect","TungstenRod","Kunai","Blood Vial","White Beast Statue","Bag of Marbles"],"acts_visited":["Exordium"],"potions_floor_usage":[],"damage_taken":[{"damage":0,"enemies":"Cultist","floor":1,"turns":2},{"damage":7,"enemies":"Jaw Worm","floor":3,"turns":3},{"damage":0,"enemies":"2 Louse","floor":4,"turns":2},{"damage":11,"enemies":"Gremlin Nob","floor":6,"turns":3},{"damage":3,"enemies":"2 Fungi Beasts","floor":8,"turns":4},{"damage":3,"enemies":"3 Sentries","floor":10,"turns":6},{"damage":62,"enemies":"Gremlin Nob","floor":14,"turns":4},{"damage":7,"enemies":"Hexaghost","floor":16,"turns":11}],"seed_played":"4361239100054401598","potions_obtained":[{"floor":1,"key":"LiquidBronze"},{"floor":4,"key":"Strength Potion"}],"is_trial":false,"path_per_floor":["M","?","M","M","$","E","R","M","T","E","T","R","$","E","R","B"],"character_chosen":"WATCHER","items_purchased":["PreservedInsect"],"campfire_rested":2,"item_purchase_floors":[5],"current_hp_per_floor":[65,65,58,58,58,47,68,65,65,62,62,72,72,10,10,5,5],"gold":103,"neow_bonus":"BOSS_RELIC","is_daily":false,"chose_seed":false,"campfire_upgraded":0,"win_rate":0.0,"timestamp":1612865714,"path_taken":["M","?","M","M","$","E","R","?","T","E","?","R","?","E","R","BOSS"],"items_purchased_type":["Relic"],"build_version":"2020-12-22","purchased_purges":1,"victory":false,"max_hp_per_floor":[72,72,72,72,72,72,72,72,72,72,72,72,72,72,72,72,72],"relic_stats":{"Blood Vial":2,"counters":[8,35],"PreservedInsect":77,"Kunai":[7],"obtain_stats":[{"Blood Vial":10,"Fusion Hammer":0,"PreservedInsect":5,"Bag of Marbles":14,"Kunai":9,"PureWater":0,"TungstenRod":6,"White Beast Statue":11},{"Blood Vial":6,"Fusion Hammer":0,"PreservedInsect":3,"Bag of Marbles":7,"Kunai":5,"PureWater":0,"TungstenRod":4,"White Beast Statue":6},{"Blood Vial":20,"Fusion Hammer":0,"PreservedInsect":7,"Bag of Marbles":24,"Kunai":14,"PureWater":0,"TungstenRod":10,"White Beast Statue":20}],"TungstenRod":9},"card_choices":[{"not_picked":["Sanctity","EmptyBody"],"picked":"Protect","floor":1},{"not_picked":["WaveOfTheHand","DeceiveReality"],"picked":"Wallop","floor":3},{"not_picked":["FollowUp","FlyingSleeves"],"picked":"ThirdEye","floor":4},{"not_picked":["BattleHymn","Wallop","ThirdEye"],"picked":"SKIP","floor":6},{"not_picked":["SignatureMove","WreathOfFlame"],"picked":"Tantrum","floor":8},{"not_picked":["SignatureMove","Fasting2"],"picked":"Scrawl","floor":10},{"not_picked":["PathToVictory","FlyingSleeves"],"picked":"Consecrate","floor":14}],"player_experience":604054,"relics_obtained":[{"floor":6,"key":"TungstenRod"},{"floor":9,"key":"Kunai"},{"floor":10,"key":"Blood Vial"},{"floor":11,"key":"White Beast Statue"},{"floor":14,"key":"Bag of Marbles"}],"event_choices":[{"damage_healed":0,"gold_gain":0,"player_choice":"Bought 0 Potions","damage_taken":0,"max_hp_gain":0,"max_hp_loss":0,"event_name":"The Woman in Blue","floor":2,"gold_loss":0}],"is_beta":false,"boss_relics":[],"items_purged_floors":[13],"is_endless":false,"potions_floor_spawned":[1,4,10,14],"killed_by":"Hexaghost","ascension_level":11}}