{"host":"xb2tau8pgi8aflss","time":1612850513,"event":{"mods":["AchievementEnabler","BaseMod","Hermit","Minty Spire (QoL Compilation)","StSLib","SuperFastMode"],"gold_per_floor":[20,20,20,34,109,109,141,141,141,141,153,103,132,149,149,244,244,262,212,212,222,321,349,365,380,380,46,59,9,9,38,38,140,140,160,160,6,56,6,6,35,0,48,48,78,93,93,104,104,104],"floor_reached":51,"language":"KOR","playtime":1612,"items_purged":["PathToVictory","Blasphemy","Scrawl","Perseverance"],"score":994,"play_id":"5ff2507a-ab20-4d55-9419-f91a5b5a268d","local_time":"20210209150153","is_ascension_mode":true,"campfire_choices":[{"data":"EmptyFist","floor":6,"key":"SMITH"},{"floor":8,"key":"REST"},{"floor":15,"key":"REST"},{"data":"Omniscience","floor":30,"key":"SMITH"},{"floor":32,"key":"REST"},{"data":"Ragnarok","floor":40,"key":"SMITH"},{"data":"Omniscience","floor":44,"key":"SMITH"},{"data":"TalkToTheHand","floor":47,"key":"SMITH"},{"floor":49,"key":"REST"}],"circlet_count":0,"master_deck":["Eruption+1","Vigilance","Pray","BowlingBash","EmptyFist+1","Adaptation","FearNoEvil+1","FlurryOfBlows","InnerPeace","Omniscience+1","Blasphemy","Judgement","WheelKick","Halt+1","TalkToTheHand+1","EmptyMind+1","Conclude","Omniscience+1","FlurryOfBlows+1","Tantrum","Ragnarok+1","WreathOfFlame","Madness","TalkToTheHand+1","TalkToTheHand+1"],"relics":["PureWater","MealTicket","Lizard Tail","Smiling Mask","Question Card","Pandora\u0027s Box","Vajra","Bottled Lightning","Kunai","PreservedInsect","Cursed Key","DollysMirror","CaptainsWheel","Omamori","Red Mask","Whetstone","CeramicFish"],"acts_visited":["Exordium","TheCity","TheBeyond"],"potions_floor_usage":[16,23,28,33,35,50,50,50],"damage_taken":[{"damage":4,"enemies":"Jaw Worm","floor":1,"turns":2},{"damage":0,"enemies":"2 Louse","floor":4,"turns":2},{"damage":38,"enemies":"Gremlin Nob","floor":7,"turns":4},{"damage":0,"enemies":"Small Slimes","floor":11,"turns":3},{"damage":12,"enemies":"3 Sentries","floor":13,"turns":4},{"damage":13,"enemies":"Exordium Wildlife","floor":14,"turns":4},{"damage":13,"enemies":"Slime Boss","floor":16,"turns":6},{"damage":12,"enemies":"Chosen","floor":18,"turns":3},{"damage":0,"enemies":"Spheric Guardian","floor":21,"turns":2},{"damage":48,"enemies":"Book of Stabbing","floor":23,"turns":6},{"damage":0,"enemies":"Centurion and Healer","floor":24,"turns":3},{"damage":3,"enemies":"Snecko","floor":25,"turns":4},{"damage":4,"enemies":"Snake Plant","floor":28,"turns":3},{"damage":28,"enemies":"Slavers","floor":31,"turns":3},{"damage":17,"enemies":"Collector","floor":33,"turns":7},{"damage":3,"enemies":"3 Shapes","floor":35,"turns":4},{"damage":0,"enemies":"Mind Bloom Boss Battle","floor":38,"turns":6},{"damage":23,"enemies":"Reptomancer","floor":41,"turns":3},{"damage":6,"enemies":"Giant Head","floor":45,"turns":5},{"damage":0,"enemies":"Orb Walker","floor":46,"turns":2},{"damage":0,"enemies":"Jaw Worm Horde","floor":48,"turns":2},{"damage":56,"enemies":"Donu and Deca","floor":50,"turns":5}],"seed_played":"6475610567239023666","potions_obtained":[{"floor":13,"key":"Fire Potion"},{"floor":14,"key":"Ambrosia"},{"floor":16,"key":"BlessingOfTheForge"},{"floor":18,"key":"SteroidPotion"},{"floor":23,"key":"Block Potion"},{"floor":31,"key":"StancePotion"},{"floor":35,"key":"CultistPotion"},{"floor":38,"key":"Strength Potion"}],"is_trial":false,"path_per_floor":["M","?","$","M","?","R","E","R","T","T","M","$","E","M","R","B",null,"M","$","?","M","?","E","M","M","T","$","M","$","R","E","R","B",null,"M","?","$","?","$","R","E","?","T","R","E","M","R","M","R","B",null],"character_chosen":"WATCHER","items_purchased":["Tantrum","Kunai","DollysMirror"],"campfire_rested":4,"item_purchase_floors":[27,27,37],"current_hp_per_floor":[61,61,61,61,50,50,12,33,33,33,33,48,36,23,44,31,62,50,65,65,65,65,17,17,14,14,29,25,40,40,12,33,16,58,55,55,70,70,72,72,49,49,49,49,43,43,43,43,64,8],"gold":104,"neow_bonus":"TRANSFORM_TWO_CARDS","is_daily":false,"chose_seed":false,"campfire_upgraded":5,"win_rate":0.0,"timestamp":1612850513,"path_taken":["M","?","$","M","?","R","E","R","T","?","M","$","E","M","R","BOSS","M","$","?","M","?","E","M","M","T","$","?","?","R","E","R","BOSS","M","?","$","?","$","R","E","?","T","R","E","?","R","M","R","BOSS"],"items_purchased_type":["Card","Relic","Relic"],"build_version":"2020-12-22","purchased_purges":4,"victory":true,"max_hp_per_floor":[72,72,72,72,72,72,72,72,72,72,72,72,72,72,72,72,72,72,72,72,72,72,72,72,72,72,72,72,72,72,72,72,72,72,72,72,72,72,72,72,72,72,72,72,72,72,72,72,72,72],"card_choices":[{"not_picked":["CarveReality","EmptyBody"],"picked":"BowlingBash","floor":1},{"not_picked":["Evaluate","JustLucky"],"picked":"EmptyFist","floor":4},{"not_picked":["SashWhip","Wallop"],"picked":"Adaptation","floor":7},{"not_picked":["ThirdEye","EmptyBody"],"picked":"FearNoEvil","floor":11},{"not_picked":["Swivel","Weave"],"picked":"FlurryOfBlows","floor":13},{"not_picked":["EmptyFist","ClearTheMind","Study"],"picked":"InnerPeace","floor":14},{"not_picked":["Establishment","Blasphemy","Ragnarok"],"picked":"Omniscience","floor":16},{"not_picked":["JustLucky","FlyingSleeves","Swivel"],"picked":"Halt+1","floor":18},{"not_picked":["ThirdEye","WindmillStrike","EmptyBody"],"picked":"EmptyMind+1","floor":21},{"not_picked":["Wallop+1","CrushJoints","SashWhip"],"picked":"Conclude","floor":23},{"not_picked":["FlyingSleeves","EmptyFist","CarveReality"],"picked":"Omniscience","floor":24},{"not_picked":["FearNoEvil","Evaluate","JustLucky+1"],"picked":"FlurryOfBlows+1","floor":25},{"not_picked":["Crescendo","Halt","CrushJoints","JustLucky+1"],"picked":"SKIP","floor":28},{"not_picked":["Devotion","Nirvana","BowlingBash+1","InnerPeace"],"picked":"SKIP","floor":31},{"not_picked":["Devotion","SpiritShield","Judgement"],"picked":"Ragnarok","floor":33},{"not_picked":["Evaluate","BowlingBash+1","EmptyFist+1"],"picked":"WreathOfFlame","floor":35},{"not_picked":["Purity","HandOfGreed","Mind Blast"],"picked":"Madness","floor":36},{"not_picked":["PathToVictory+1","Wish","ThirdEye+1"],"picked":"TalkToTheHand+1","floor":41},{"not_picked":["Halt","PathToVictory","ForeignInfluence+1","Evaluate+1"],"picked":"SKIP","floor":45},{"not_picked":["Weave+1","CutThroughFate+1","ClearTheMind","Tantrum"],"picked":"SKIP","floor":46},{"not_picked":["Study+1","BowlingBash","EmptyFist+1","Tantrum"],"picked":"SKIP","floor":48}],"player_experience":819764,"relics_obtained":[{"floor":7,"key":"MealTicket"},{"floor":9,"key":"Lizard Tail"},{"floor":10,"key":"Smiling Mask"},{"floor":13,"key":"Question Card"},{"floor":23,"key":"Vajra"},{"floor":26,"key":"Bottled Lightning"},{"floor":31,"key":"PreservedInsect"},{"floor":38,"key":"CaptainsWheel"},{"floor":41,"key":"Omamori"},{"floor":43,"key":"Whetstone"},{"floor":45,"key":"CeramicFish"}],"event_choices":[{"damage_healed":0,"gold_gain":0,"player_choice":"Grow","damage_taken":0,"max_hp_gain":0,"max_hp_loss":0,"event_name":"Living Wall","floor":2,"gold_loss":0,"cards_upgraded":["Eruption"]},{"damage_healed":0,"gold_gain":75,"player_choice":"Gather Gold","damage_taken":11,"max_hp_gain":0,"max_hp_loss":0,"event_name":"World of Goop","floor":5,"gold_loss":0},{"damage_healed":0,"gold_gain":0,"player_choice":"Read","damage_taken":0,"max_hp_gain":0,"max_hp_loss":0,"event_name":"The Library","floor":20,"gold_loss":0,"cards_obtained":["TalkToTheHand"]},{"damage_healed":0,"gold_gain":99,"player_choice":"Stole From Cult","damage_taken":0,"max_hp_gain":0,"max_hp_loss":0,"event_name":"Nest","floor":22,"gold_loss":0},{"damage_healed":0,"gold_gain":0,"player_choice":"Memory 1","damage_taken":0,"max_hp_gain":0,"max_hp_loss":0,"event_name":"SensoryStone","floor":36,"gold_loss":0},{"damage_healed":0,"gold_gain":0,"player_choice":"Fight","damage_taken":0,"max_hp_gain":0,"max_hp_loss":0,"event_name":"MindBloom","floor":38,"gold_loss":0},{"damage_healed":0,"gold_gain":0,"player_choice":"Paid","damage_taken":0,"relics_obtained":["Red Mask"],"max_hp_gain":0,"max_hp_loss":0,"event_name":"Tomb of Lord Red Mask","floor":42,"gold_loss":35}],"is_beta":false,"boss_relics":[{"not_picked":["Ectoplasm","SlaversCollar"],"picked":"Pandora\u0027s Box"},{"not_picked":["Calling Bell","Runic Pyramid"],"picked":"Cursed Key"}],"items_purged_floors":[12,19,29,39],"is_endless":false,"potions_floor_spawned":[13,14,16,18,23,31,35,38,45],"ascension_level":7}}