{"host":"gkm149kh1ihaqy0o","time":1612910560,"event":{"mods":["AchievementEnabler","BaseMod","Colored Powertips","Googly Eyes","Key Reminder","Minty Spire (QoL Compilation)","Permanent Neow","Quick Restart","Random Character Button","Rare Cards Sparkle","Relic Sorter","Relic Stats","SuperFastMode","Unceasing Turn Reminder","everything is the same but u backflip on backflip"],"gold_per_floor":[114,114,7,22,37,67,67,82,82,112,142,142,172,347,347,447,447,462,477,492,507,467,497,512,527,552,567,597,30,45,60,60,160,160,175,190,190,190,190,220,56,86,111,111,141,171,21,36,36,36],"floor_reached":51,"language":"ENG","playtime":3833,"items_purged":[],"score":1287,"play_id":"4ea450b7-71bf-4817-b707-4f2d75e2c9cb","local_time":"20210209164240","daily_mods":["Draft","Hoarder","DeadlyEvents"],"is_ascension_mode":false,"campfire_choices":[{"floor":7,"key":"REST"},{"floor":12,"key":"REST"},{"floor":15,"key":"REST"},{"floor":32,"key":"REST"},{"data":"Caltrops","floor":44,"key":"SMITH"},{"floor":49,"key":"REST"}],"circlet_count":0,"master_deck":["Cloak And Dagger","Cloak And Dagger","Cloak And Dagger","Leg Sweep","Leg Sweep","Leg Sweep","Quick Slash","Quick Slash","Quick Slash","Cloak And Dagger","Cloak And Dagger","Cloak And Dagger","Backflip","Backflip","Backflip","Deadly Poison","Deadly Poison","Deadly Poison","Backflip","Backflip","Backflip","PiercingWail","PiercingWail","PiercingWail+1","Sucker Punch","Sucker Punch","Sucker Punch","Cloak And Dagger","Cloak And Dagger","Cloak And Dagger","Dagger Spray","Dagger Spray","Dagger Spray","Dodge and Roll","Dodge and Roll","Dodge and Roll","Cloak And Dagger","Cloak And Dagger","Cloak And Dagger","Deflect","Deflect","Deflect","Quick Slash","Quick Slash","Quick Slash","Finisher","Finisher","Finisher","Pain","Pain","Pain","Caltrops+1","Caltrops","Caltrops","Flying Knee","Flying Knee","Flying Knee","Blade Dance","Blade Dance","Blade Dance","Dagger Throw","Dagger Throw","Dagger Throw","Corpse Explosion","Corpse Explosion","Corpse Explosion","Dagger Spray","Dagger Spray","Dagger Spray","Sucker Punch","Sucker Punch","Sucker Punch","Riddle With Holes","Riddle With Holes","Riddle With Holes","Adrenaline","Adrenaline","Adrenaline","Doubt","Doubt","Adrenaline","Adrenaline","Adrenaline","Dodge and Roll+1","Dodge and Roll+1","Dodge and Roll+1","Dash","Dash","Dash","Dagger Throw+1","Dagger Throw+1","Dagger Throw+1","After Image+1","After Image","After Image","Crippling Poison+1","Crippling Poison+1","Crippling Poison+1","Calculated Gamble+1","Calculated Gamble+1","Calculated Gamble+1","Skewer","Skewer","Skewer","Flying Knee+1","Flying Knee+1","Flying Knee+1","Poisoned Stab+1","Poisoned Stab+1","Poisoned Stab+1","Prepared+1","Prepared+1","Prepared+1","Backstab","Backstab","Backstab","Calculated Gamble","Calculated Gamble","Calculated Gamble","Footwork","Footwork","Footwork","Malaise","Malaise","Malaise","Malaise","Malaise","Malaise","Cloak And Dagger+1","Cloak And Dagger+1","Cloak And Dagger+1","Envenom","Envenom","Envenom","Accuracy+1","Accuracy+1","Accuracy+1","Bouncing Flask+1","Bouncing Flask+1","Bouncing Flask+1","Prepared","Prepared","Prepared","Catalyst","Catalyst","Catalyst","Adrenaline","Adrenaline","Adrenaline","Doppelganger","Doppelganger","Doppelganger","JustLucky+1","JustLucky+1","JustLucky+1"],"relics":["Ring of the Serpent","WarpedTongs","Blood Vial","Vajra","Mercury Hourglass","MealTicket","Akabeko","Prayer Wheel","Happy Flower","Question Card","TungstenRod","Snake Skull","Snecko Eye","MawBank","Strawberry","Lantern","Mummified Hand","Pen Nib","PrismaticShard"],"acts_visited":["Exordium","TheCity","TheBeyond"],"potions_floor_usage":[6,10,16,33,33,33,42,45,48,50,50,50],"damage_taken":[{"damage":0,"enemies":"Small Slimes","floor":1,"turns":2},{"damage":3,"enemies":"Cultist","floor":4,"turns":4},{"damage":0,"enemies":"2 Louse","floor":5,"turns":2},{"damage":14,"enemies":"Gremlin Nob","floor":6,"turns":3},{"damage":7,"enemies":"Exordium Thugs","floor":8,"turns":4},{"damage":0,"enemies":"Lagavulin","floor":10,"turns":6},{"damage":13,"enemies":"Gremlin Nob","floor":11,"turns":4},{"damage":8,"enemies":"3 Sentries","floor":13,"turns":4},{"damage":16,"enemies":"The Guardian","floor":16,"turns":8},{"damage":0,"enemies":"Spheric Guardian","floor":18,"turns":1},{"damage":4,"enemies":"Shell Parasite","floor":19,"turns":4},{"damage":9,"enemies":"Centurion and Healer","floor":20,"turns":4},{"damage":4,"enemies":"Snecko","floor":21,"turns":4},{"damage":2,"enemies":"Gremlin Leader","floor":23,"turns":5},{"damage":0,"enemies":"3 Cultists","floor":24,"turns":3},{"damage":4,"enemies":"Cultist and Chosen","floor":25,"turns":6},{"damage":0,"enemies":"Snake Plant","floor":27,"turns":4},{"damage":14,"enemies":"Slavers","floor":28,"turns":2},{"damage":0,"enemies":"Sentry and Sphere","floor":30,"turns":4},{"damage":2,"enemies":"Centurion and Healer","floor":31,"turns":5},{"damage":8,"enemies":"Collector","floor":33,"turns":10},{"damage":0,"enemies":"3 Shapes","floor":35,"turns":4},{"damage":5,"enemies":"3 Darklings","floor":36,"turns":2},{"damage":1,"enemies":"Giant Head","floor":40,"turns":7},{"damage":10,"enemies":"Reptomancer","floor":42,"turns":6},{"damage":19,"enemies":"Nemesis","floor":45,"turns":7},{"damage":6,"enemies":"Reptomancer","floor":46,"turns":6},{"damage":26,"enemies":"Spire Growth","floor":48,"turns":4},{"damage":29,"enemies":"Time Eater","floor":50,"turns":14}],"seed_played":"-878916022338446095","potions_obtained":[{"floor":1,"key":"BlessingOfTheForge"},{"floor":6,"key":"ColorlessPotion"},{"floor":13,"key":"DuplicationPotion"},{"floor":23,"key":"Strength Potion"},{"floor":25,"key":"SpeedPotion"},{"floor":28,"key":"SteroidPotion"},{"floor":30,"key":"PowerPotion"},{"floor":33,"key":"Strength Potion"},{"floor":42,"key":"Poison Potion"},{"floor":46,"key":"LiquidBronze"},{"floor":48,"key":"ColorlessPotion"}],"is_trial":false,"path_per_floor":["M","?","$","M","M","E","R","M","T","E","E","R","E","?","R","B",null,"M","M","M","M","?","E","M","M","T","M","E","$","M","M","R","B",null,"M","M","?","?","$","E","$","E","T","R","E","E","$","M","R","B",null],"character_chosen":"THE_SILENT","items_purchased":["Caltrops","Flying Knee","TungstenRod","Snake Skull","Footwork","PowerPotion","Catalyst","PowerPotion","AttackPotion","PrismaticShard"],"campfire_rested":5,"item_purchase_floors":[3,3,29,29,29,29,41,41,41,47],"current_hp_per_floor":[70,70,70,67,67,53,70,63,63,65,54,70,62,62,70,54,70,70,66,59,57,57,57,59,57,57,59,47,62,64,64,70,62,70,70,65,65,65,70,69,70,67,67,67,50,46,61,37,60,33],"gold":36,"neow_bonus":"","is_daily":true,"chose_seed":false,"campfire_upgraded":1,"win_rate":0.0,"timestamp":1612910560,"path_taken":["M","?","$","?","M","E","R","M","T","E","?","R","?","?","R","BOSS","M","M","M","M","?","E","M","M","T","M","E","$","?","M","R","BOSS","M","M","?","?","$","E","$","E","T","R","?","E","?","M","R","BOSS"],"items_purchased_type":["Card","Card","Relic","Relic","Card","Potion","Card","Potion","Potion","Relic"],"build_version":"2020-12-22","purchased_purges":0,"victory":true,"max_hp_per_floor":[70,70,70,70,70,70,70,70,70,70,70,70,70,70,70,70,70,70,70,70,70,70,70,70,70,70,70,70,70,70,70,70,70,70,70,70,70,70,70,70,70,77,77,77,77,77,77,77,77,77],"relic_stats":{"Happy Flower":[25],"counters":[29,138],"Snake Skull":[64],"Pen Nib":[2],"Question Card":15,"MawBank":12,"WarpedTongs":[136],"Mercury Hourglass":[451],"Blood Vial":30,"Mummified Hand":[23],"Snecko Eye":[116,119,96,113],"MealTicket":36,"Prayer Wheel":8,"obtain_stats":[{"Lantern":43,"Happy Flower":26,"Vajra":9,"Snake Skull":29,"Pen Nib":46,"Question Card":28,"MawBank":40,"PrismaticShard":47,"Akabeko":13,"WarpedTongs":2,"Mercury Hourglass":10,"Blood Vial":6,"Mummified Hand":45,"Strawberry":42,"Snecko Eye":34,"MealTicket":11,"Prayer Wheel":23,"Ring of the Serpent":17,"TungstenRod":29,"Ring of the Snake":0},{"Lantern":25,"Happy Flower":16,"Vajra":5,"Snake Skull":18,"Pen Nib":27,"Question Card":18,"MawBank":24,"PrismaticShard":27,"Akabeko":8,"WarpedTongs":1,"Mercury Hourglass":6,"Blood Vial":4,"Mummified Hand":26,"Strawberry":25,"Snecko Eye":21,"MealTicket":7,"Prayer Wheel":14,"Ring of the Serpent":9,"TungstenRod":18,"Ring of the Snake":0},{"Lantern":107,"Happy Flower":64,"Vajra":15,"Snake Skull":70,"Pen Nib":120,"Question Card":70,"MawBank":101,"PrismaticShard":120,"Akabeko":29,"WarpedTongs":2,"Mercury Hourglass":21,"Blood Vial":11,"Mummified Hand":114,"Strawberry":107,"Snecko Eye":89,"MealTicket":25,"Prayer Wheel":55,"Ring of the Serpent":37,"TungstenRod":70,"Ring of the Snake":0}],"TungstenRod":91},"card_choices":[{"not_picked":["Crippling Poison","Dodge and Roll"],"picked":"Cloak And Dagger","floor":0},{"not_picked":["Outmaneuver","Predator"],"picked":"Leg Sweep","floor":0},{"not_picked":["Backflip","Flechettes"],"picked":"Quick Slash","floor":0},{"not_picked":["Sucker Punch","Skewer"],"picked":"Cloak And Dagger","floor":0},{"not_picked":["Outmaneuver","Expertise"],"picked":"Backflip","floor":0},{"not_picked":["Acrobatics","Bane"],"picked":"Deadly Poison","floor":0},{"not_picked":["Flying Knee","Skewer"],"picked":"Backflip","floor":0},{"not_picked":["Prepared","Deflect"],"picked":"PiercingWail","floor":0},{"not_picked":["Quick Slash","PiercingWail"],"picked":"Sucker Punch","floor":0},{"not_picked":["Dodge and Roll","Deadly Poison"],"picked":"Cloak And Dagger","floor":0},{"not_picked":["Dash","Setup"],"picked":"Dagger Spray","floor":0},{"not_picked":["Acrobatics","Prepared"],"picked":"Dodge and Roll","floor":0},{"not_picked":["Crippling Poison","Deadly Poison"],"picked":"Cloak And Dagger","floor":0},{"not_picked":["Prepared","Outmaneuver"],"picked":"Deflect","floor":0},{"not_picked":["Poisoned Stab","Outmaneuver"],"picked":"Quick Slash","floor":0},{"not_picked":["Bane","Backflip"],"picked":"Finisher","floor":1},{"not_picked":["Quick Slash","Concentrate"],"picked":"Blade Dance","floor":4},{"not_picked":["Prepared","Flying Knee"],"picked":"Dagger Throw","floor":5},{"not_picked":["Noxious Fumes","Deadly Poison"],"picked":"Corpse Explosion","floor":6},{"not_picked":["Deflect","Backflip"],"picked":"Dagger Spray","floor":8},{"not_picked":["Endless Agony","Quick Slash"],"picked":"Sucker Punch","floor":10},{"not_picked":["Dagger Throw","Deflect"],"picked":"Riddle With Holes","floor":11},{"not_picked":["Slice","Bane"],"picked":"Adrenaline","floor":13},{"not_picked":["Venomology","Envenom"],"picked":"Adrenaline","floor":16},{"not_picked":["Eviscerate","Outmaneuver"],"picked":"Dodge and Roll+1","floor":18},{"not_picked":["Sucker Punch","Escape Plan+1"],"picked":"Dash","floor":19},{"not_picked":["Slice","Poisoned Stab"],"picked":"Dagger Throw+1","floor":20},{"not_picked":["Acrobatics","Outmaneuver"],"picked":"After Image","floor":21},{"not_picked":["Slice","Dagger Throw+1"],"picked":"Crippling Poison+1","floor":23},{"not_picked":["Quick Slash+1","Deadly Poison"],"picked":"Calculated Gamble+1","floor":24},{"not_picked":["Eviscerate","Concentrate"],"picked":"Skewer","floor":24},{"not_picked":["Deadly Poison","Cloak And Dagger"],"picked":"Flying Knee+1","floor":25},{"not_picked":["Terror","Heel Hook"],"picked":"Poisoned Stab+1","floor":25},{"not_picked":["Underhanded Strike","Reflex"],"picked":"Prepared+1","floor":27},{"not_picked":["Terror","Leg Sweep"],"picked":"Backstab","floor":27},{"not_picked":["Underhanded Strike+1","Poisoned Stab+1"],"picked":"Calculated Gamble","floor":28},{"not_picked":["Quick Slash+1","Underhanded Strike","Escape Plan+1"],"picked":"Malaise","floor":30},{"not_picked":["Underhanded Strike+1","Blade Dance","Slice"],"picked":"Malaise","floor":30},{"not_picked":["Deflect","Dodge and Roll","Acrobatics+1"],"picked":"Cloak And Dagger+1","floor":31},{"not_picked":["Quick Slash+1","Poisoned Stab","Masterful Stab+1","Riddle With Holes+1"],"picked":"SKIP","floor":31},{"not_picked":["A Thousand Cuts","Wraith Form v2","Phantasmal Killer"],"picked":"Envenom","floor":33},{"not_picked":["Dodge and Roll","Well Laid Plans","Sucker Punch+1","Bane+1"],"picked":"SKIP","floor":35},{"not_picked":["Eviscerate+1","Riddle With Holes","Outmaneuver+1","Prepared"],"picked":"SKIP","floor":35},{"not_picked":["Dagger Spray","Quick Slash","Bane"],"picked":"Accuracy+1","floor":36},{"not_picked":["Terror","Dodge and Roll","Dagger Throw"],"picked":"Bouncing Flask+1","floor":36},{"not_picked":["Poisoned Stab+1","Acrobatics","Footwork+1"],"picked":"Prepared","floor":40},{"not_picked":["Outmaneuver+1","Quick Slash+1","Backstab+1"],"picked":"Adrenaline","floor":42},{"not_picked":["Deflect+1","Slice+1","Acrobatics+1","Prepared"],"picked":"SKIP","floor":45},{"not_picked":["Riddle With Holes+1","Backflip+1","Crippling Poison+1"],"picked":"Doppelganger","floor":46},{"not_picked":["Adaptation+1","Cloak And Dagger+1","Leg Sweep"],"picked":"JustLucky+1","floor":48},{"not_picked":["EmptyFist+1","Protect","Perfected Strike","Shrug It Off"],"picked":"SKIP","floor":48}],"player_experience":650451,"relics_obtained":[{"floor":6,"key":"Blood Vial"},{"floor":9,"key":"Vajra"},{"floor":10,"key":"Mercury Hourglass"},{"floor":11,"key":"MealTicket"},{"floor":13,"key":"Akabeko"},{"floor":23,"key":"Prayer Wheel"},{"floor":26,"key":"Happy Flower"},{"floor":28,"key":"Question Card"},{"floor":40,"key":"MawBank"},{"floor":42,"key":"Strawberry"},{"floor":43,"key":"Lantern"},{"floor":45,"key":"Mummified Hand"},{"floor":46,"key":"Pen Nib"}],"event_choices":[{"damage_healed":0,"gold_gain":0,"player_choice":"Rummage","damage_taken":0,"relics_obtained":["WarpedTongs"],"max_hp_gain":0,"max_hp_loss":0,"event_name":"Accursed Blacksmith","floor":2,"gold_loss":0,"cards_obtained":["Pain"]},{"damage_healed":0,"gold_gain":175,"player_choice":"AGREE","damage_taken":0,"max_hp_gain":0,"max_hp_loss":0,"event_name":"Liars Game","floor":14,"gold_loss":0,"cards_obtained":["Doubt"]},{"damage_healed":0,"gold_gain":0,"player_choice":"Upgraded Two","damage_taken":0,"max_hp_gain":0,"max_hp_loss":0,"event_name":"Designer","floor":22,"gold_loss":40,"cards_upgraded":["After Image","PiercingWail"]},{"damage_healed":0,"gold_gain":0,"player_choice":"Ignored","damage_taken":0,"max_hp_gain":0,"max_hp_loss":0,"event_name":"Tomb of Lord Red Mask","floor":37,"gold_loss":0},{"cards_removed":["Doubt"],"damage_healed":0,"gold_gain":0,"player_choice":"Purged","damage_taken":0,"max_hp_gain":0,"max_hp_loss":0,"event_name":"Purifier","floor":38,"gold_loss":0}],"is_beta":false,"boss_relics":[{"not_picked":["Fusion Hammer","Sozu"],"picked":"Ring of the Serpent"},{"not_picked":["Runic Pyramid","Velvet Choker"],"picked":"Snecko Eye"}],"items_purged_floors":[],"is_endless":false,"potions_floor_spawned":[1,6,13,23,25,28,30,33,42,46,48],"ascension_level":0}}