{"host":"aw6ta4ll26ap9lu8","time":1612839304,"event":{"mods":["AchievementEnabler","AlwaysNeverKeys","BaseMod","Bestiary","Block Reminder","Colored Map","Colored Powertips","Dark Map","DeckTracker","Highlight Path","Minty Spire (QoL Compilation)","Permanent Neow","Quick Restart","Relic Stats","StSLib"],"gold_per_floor":[453,453,486,34,85,181,181,290,358,358,358,433,508,568,568,856,856,895,895,895,587,620,701,256,295,295,376,426,426,510,564,564,870,870,912,912,948,990,1077,1176,1176,1176,1176,1176,1257,1293,699,801,801,801],"floor_reached":51,"language":"ENG","playtime":1554,"items_purged":[],"score":1351,"play_id":"35824ed8-122c-43c5-87fa-b481e4108a51","local_time":"20210208215504","daily_mods":["Chimera","Shiny","Specialized","Vintage","ControlledChaos","Allstar","Diverse","Colorless Cards","Heirloom","Time Dilation","Flight","DeadlyEvents","Elite Swarm","Lethality","Midas","Night Terrors","Uncertain Future"],"is_ascension_mode":false,"campfire_choices":[{"floor":7,"key":"REST"},{"floor":11,"key":"REST"},{"floor":15,"key":"REST"},{"floor":29,"key":"REST"},{"floor":32,"key":"REST"},{"floor":41,"key":"REST"},{"floor":44,"key":"REST"},{"data":"1","floor":49,"key":"LIFT"}],"circlet_count":0,"master_deck":["Demon Form","Wraith Form v2","Echo Form","DevaForm","Bash","Survivor","Zap","Eruption","Strike_R","Strike_G","Strike_B","Defend_R","Defend_G","Defend_P+1","Judgement","ConjureBlade","MasterReality","Brilliance","Devotion","Blasphemy","Ragnarok+1","LessonLearned","Scrawl","Vault","Alpha","Wish","Omniscience","Establishment","SpiritShield","DevaForm","DeusExMachina","Multi-Cast","Hyperbeam","Thunder Strike","Biased Cognition","Machine Learning","Electrodynamics","Buffer","Rainbow","Seek","Meteor Strike","Echo Form","All For One+1","Reboot","Amplify","Creative AI","Fission","Core Surge","Venomology","Corpse Explosion","Malaise","Phantasmal Killer","Die Die Die","Adrenaline","Envenom","Doppelganger","Burst","Wraith Form v2","Tools of the Trade","Night Terror","Unload","After Image","Bullet Time","Storm of Steel","Glass Knife","A Thousand Cuts","Grand Finale","Double Tap","Demon Form","Bludgeon","Feed","Limit Break","Corruption","Barricade","Fiend Fire","Berserk","Impervious","Juggernaut","Brutality","Reaper","Exhume","Offering","Immolate","Thinking Ahead","Metamorphosis","Master of Strategy","Magnetism","Chrysalis","Transmutation","HandOfGreed","Mayhem","Apotheosis+1","Secret Weapon","Panache","Violence","Secret Technique","The Bomb","Sadistic Nature","Perfected Strike","Perfected Strike","Perfected Strike","Perfected Strike","Perfected Strike","Apotheosis","Bandage Up","Apotheosis","Violence","Swift Strike","Meteor Strike","Hyperbeam","A Thousand Cuts","Tools of the Trade","Buffer","Alpha"],"relics":["Snecko Eye","Unceasing Top","Thread and Needle","Old Coin","Bag of Marbles","Pen Nib","Calipers","Anchor","Omamori","Tiny Chest","CaptainsWheel","Ornamental Fan","Boot","Gambling Chip","Strawberry","Busted Crown","Kunai","Pear","Damaru","ClockworkSouvenir","Orichalcum","PreservedInsect","Vajra","Sling","War Paint","MealTicket","Nunchaku","Molten Egg 2","Bronze Scales","Akabeko","Matryoshka","Philosopher\u0027s Stone","Art of War","Yang","Mango","Blood Vial","TeardropLocket","Whetstone","Singing Bowl","Bottled Lightning","Dream Catcher","Girya","Potion Belt","Chemical X","Lantern","TungstenRod","Lizard Tail"],"acts_visited":["Exordium","TheCity","TheBeyond"],"potions_floor_usage":[12,28,38,50,50],"damage_taken":[{"damage":0,"enemies":"Small Slimes","floor":1,"turns":1},{"damage":0,"enemies":"Jaw Worm","floor":3,"turns":1},{"damage":0,"enemies":"Cultist","floor":5,"turns":2},{"damage":0,"enemies":"Gremlin Nob","floor":6,"turns":2},{"damage":0,"enemies":"3 Sentries","floor":8,"turns":2},{"damage":5,"enemies":"Lagavulin","floor":12,"turns":3},{"damage":0,"enemies":"3 Sentries","floor":13,"turns":2},{"damage":0,"enemies":"Exordium Thugs","floor":14,"turns":2},{"damage":0,"enemies":"Slime Boss","floor":16,"turns":3},{"damage":0,"enemies":"2 Thieves","floor":18,"turns":2},{"damage":0,"enemies":"3 Byrds","floor":22,"turns":2},{"damage":13,"enemies":"Gremlin Leader","floor":23,"turns":3},{"damage":0,"enemies":"Shelled Parasite and Fungi","floor":25,"turns":1},{"damage":0,"enemies":"Book of Stabbing","floor":27,"turns":1},{"damage":12,"enemies":"Cultist and Chosen","floor":28,"turns":3},{"damage":0,"enemies":"Slavers","floor":30,"turns":1},{"damage":0,"enemies":"Chosen and Byrds","floor":31,"turns":1},{"damage":0,"enemies":"Collector","floor":33,"turns":2},{"damage":0,"enemies":"Orb Walker","floor":35,"turns":1},{"damage":0,"enemies":"3 Shapes","floor":37,"turns":1},{"damage":0,"enemies":"Writhing Mass","floor":38,"turns":1},{"damage":7,"enemies":"Giant Head","floor":39,"turns":3},{"damage":0,"enemies":"Reptomancer","floor":40,"turns":1},{"damage":0,"enemies":"Nemesis","floor":45,"turns":1},{"damage":0,"enemies":"Spire Growth","floor":46,"turns":2},{"damage":0,"enemies":"Reptomancer","floor":48,"turns":2},{"damage":42,"enemies":"Time Eater","floor":50,"turns":4}],"seed_played":"1075595077375662291","potions_obtained":[{"floor":1,"key":"DistilledChaos"},{"floor":5,"key":"Dexterity Potion"},{"floor":6,"key":"StancePotion"},{"floor":12,"key":"FairyPotion"},{"floor":38,"key":"Fruit Juice"},{"floor":48,"key":"ColorlessPotion"}],"is_trial":true,"path_per_floor":["M","?","M","$","M","E","R","E","T","$","R","E","E","M","R","B",null,"M","?","T","$","M","E","$","M","T","E","M","R","E","M","R","B",null,"M","?","M","M","E","E","R","T","T","R","E","M","$","E","R","B",null],"character_chosen":"WATCHER","items_purchased":["Calipers","Anchor","Damaru","ClockworkSouvenir","Vajra","Sling","War Paint","Chemical X","Lantern","TungstenRod"],"campfire_rested":7,"item_purchase_floors":[4,4,21,21,24,24,24,47,47,47],"current_hp_per_floor":[72,60,60,60,60,60,67,67,67,67,62,57,62,69,64,64,64,64,64,74,74,74,65,65,65,65,65,53,69,69,69,64,64,64,64,64,64,83,76,78,78,78,78,75,77,77,77,79,79,37],"gold":801,"neow_bonus":"","is_daily":false,"chose_seed":false,"campfire_upgraded":0,"win_rate":0.0,"timestamp":1612839304,"path_taken":["M","?","M","$","M","E","R","E","T","?","R","?","E","M","R","BOSS","M","?","?","$","M","E","?","M","T","E","M","R","E","M","R","BOSS","M","?","M","M","?","E","R","?","T","R","E","M","$","E","R","BOSS"],"items_purchased_type":["Relic","Relic","Relic","Relic","Relic","Relic","Relic","Relic","Relic","Relic"],"build_version":"2020-12-22","purchased_purges":0,"victory":true,"max_hp_per_floor":[72,72,72,72,72,72,67,67,67,67,62,62,62,69,64,64,64,64,64,74,74,74,74,74,74,74,74,74,69,69,69,64,64,64,64,64,64,83,83,83,78,78,78,75,77,77,77,79,79,79],"relic_stats":{"Singing Bowl":6,"Yang":[27],"Whetstone":["Ragnarok","All For One"],"Boot":[0],"Blood Vial":2,"Nunchaku":[4],"Dream Catcher":1,"Lizard Tail":0,"Gambling Chip":[84],"Tiny Chest":2,"MealTicket":0,"Kunai":[7],"Chemical X":[1],"counters":[27,50],"Pen Nib":[8],"PreservedInsect":368,"Orichalcum":[24],"War Paint":["Apotheosis","Defend_P"],"Busted Crown":18,"Ornamental Fan":[32],"Bronze Scales":[35],"Snecko Eye":[129,122,96,140],"Art of War":[1],"obtain_stats":[{"Lantern":47,"Calipers":4,"Singing Bowl":42,"Vajra":24,"Yang":37,"Mango":38,"TeardropLocket":40,"Whetstone":42,"Boot":12,"Sling":24,"Old Coin":1,"ClockworkSouvenir":21,"Blood Vial":39,"Nunchaku":26,"Dream Catcher":43,"Lizard Tail":48,"Matryoshka":31,"Gambling Chip":13,"Strawberry":14,"Tiny Chest":6,"MealTicket":25,"Philosopher\u0027s Stone":34,"Kunai":18,"Chemical X":47,"Potion Belt":46,"Girya":45,"Pear":20,"Damaru":21,"Thread and Needle":0,"Pen Nib":3,"PreservedInsect":23,"Omamori":5,"Orichalcum":22,"War Paint":24,"Akabeko":30,"Anchor":4,"CaptainsWheel":8,"Busted Crown":17,"Ornamental Fan":9,"Bronze Scales":28,"Snecko Eye":0,"Molten Egg 2":27,"Bag of Marbles":2,"Art of War":35,"Bottled Lightning":43,"Unceasing Top":0,"TungstenRod":47},{"Lantern":25,"Calipers":2,"Singing Bowl":23,"Vajra":12,"Yang":20,"Mango":21,"TeardropLocket":23,"Whetstone":23,"Boot":6,"Sling":12,"Old Coin":1,"ClockworkSouvenir":10,"Blood Vial":22,"Nunchaku":13,"Dream Catcher":23,"Lizard Tail":26,"Matryoshka":17,"Gambling Chip":7,"Strawberry":8,"Tiny Chest":4,"MealTicket":13,"Philosopher\u0027s Stone":18,"Kunai":10,"Chemical X":25,"Potion Belt":25,"Girya":24,"Pear":10,"Damaru":10,"Thread and Needle":0,"Pen Nib":2,"PreservedInsect":12,"Omamori":3,"Orichalcum":11,"War Paint":12,"Akabeko":16,"Anchor":2,"CaptainsWheel":5,"Busted Crown":9,"Ornamental Fan":5,"Bronze Scales":15,"Snecko Eye":0,"Molten Egg 2":14,"Bag of Marbles":1,"Art of War":19,"Bottled Lightning":23,"Unceasing Top":0,"TungstenRod":25},{"Lantern":44,"Calipers":2,"Singing Bowl":41,"Vajra":25,"Yang":36,"Mango":37,"TeardropLocket":41,"Whetstone":41,"Boot":11,"Sling":25,"Old Coin":1,"ClockworkSouvenir":20,"Blood Vial":40,"Nunchaku":26,"Dream Catcher":41,"Lizard Tail":46,"Matryoshka":32,"Gambling Chip":13,"Strawberry":15,"Tiny Chest":6,"MealTicket":26,"Philosopher\u0027s Stone":34,"Kunai":20,"Chemical X":44,"Potion Belt":44,"Girya":42,"Pear":20,"Damaru":20,"Thread and Needle":0,"Pen Nib":2,"PreservedInsect":25,"Omamori":4,"Orichalcum":22,"War Paint":25,"Akabeko":31,"Anchor":2,"CaptainsWheel":8,"Busted Crown":18,"Ornamental Fan":8,"Bronze Scales":30,"Snecko Eye":0,"Molten Egg 2":27,"Bag of Marbles":1,"Art of War":35,"Bottled Lightning":41,"Unceasing Top":0,"TungstenRod":44}],"Unceasing Top":[3],"TungstenRod":4},"card_choices":[{"not_picked":["Die Die Die","Offering"],"picked":"Meteor Strike","floor":6},{"not_picked":["Demon Form","SpiritShield"],"picked":"Hyperbeam","floor":8},{"not_picked":["Metamorphosis","Reaper"],"picked":"A Thousand Cuts","floor":12},{"not_picked":["Transmutation","All For One"],"picked":"Tools of the Trade","floor":13},{"not_picked":["Metamorphosis","Fiend Fire"],"picked":"Buffer","floor":16},{"not_picked":["MasterReality"],"picked":"SKIP","floor":23},{"not_picked":["Malaise"],"picked":"SKIP","floor":27},{"not_picked":["Corpse Explosion"],"picked":"SKIP","floor":30},{"not_picked":[],"picked":"Alpha","floor":33},{"not_picked":["Phantasmal Killer"],"picked":"SKIP","floor":39},{"not_picked":["MasterReality"],"picked":"SKIP","floor":40},{"not_picked":["Quick Slash+1"],"picked":"Singing Bowl","floor":44},{"not_picked":["Wish"],"picked":"Singing Bowl","floor":45},{"not_picked":["Reboot"],"picked":"Singing Bowl","floor":48}],"player_experience":640658,"relics_obtained":[{"floor":1,"key":"Old Coin"},{"floor":3,"key":"Pen Nib"},{"floor":5,"key":"Omamori"},{"floor":6,"key":"Tiny Chest"},{"floor":8,"key":"CaptainsWheel"},{"floor":9,"key":"Ornamental Fan"},{"floor":12,"key":"Boot"},{"floor":13,"key":"Gambling Chip"},{"floor":14,"key":"Strawberry"},{"floor":18,"key":"Kunai"},{"floor":20,"key":"Pear"},{"floor":22,"key":"Orichalcum"},{"floor":23,"key":"PreservedInsect"},{"floor":25,"key":"MealTicket"},{"floor":26,"key":"Nunchaku"},{"floor":27,"key":"Molten Egg 2"},{"floor":28,"key":"Bronze Scales"},{"floor":30,"key":"Akabeko"},{"floor":31,"key":"Matryoshka"},{"floor":35,"key":"Art of War"},{"floor":37,"key":"Yang"},{"floor":38,"key":"Mango"},{"floor":39,"key":"Blood Vial"},{"floor":40,"key":"TeardropLocket"},{"floor":42,"key":"Whetstone"},{"floor":42,"key":"Singing Bowl"},{"floor":43,"key":"Bottled Lightning"},{"floor":43,"key":"Dream Catcher"},{"floor":45,"key":"Girya"},{"floor":46,"key":"Potion Belt"},{"floor":48,"key":"Lizard Tail"}],"event_choices":[{"damage_healed":0,"gold_gain":0,"player_choice":"Success","damage_taken":12,"relics_obtained":["Bag of Marbles"],"max_hp_gain":0,"max_hp_loss":0,"event_name":"Scrap Ooze","floor":2,"gold_loss":0},{"damage_healed":0,"gold_gain":0,"player_choice":"Ignored","damage_taken":0,"max_hp_gain":0,"max_hp_loss":0,"event_name":"Ghosts","floor":19,"gold_loss":0},{"damage_healed":0,"gold_gain":0,"player_choice":"Bought 0 Potions","damage_taken":0,"max_hp_gain":0,"max_hp_loss":0,"event_name":"The Woman in Blue","floor":36,"gold_loss":0}],"is_beta":false,"boss_relics":[{"not_picked":["Velvet Choker","Empty Cage"],"picked":"Busted Crown"},{"not_picked":["Calling Bell","SlaversCollar"],"picked":"Philosopher\u0027s Stone"}],"items_purged_floors":[],"is_endless":false,"potions_floor_spawned":[1,5,6,12,14,18,22,25,33,37,38,48],"ascension_level":0}}