{"host":"fooy2gnzsnh4qz9y","time":1612859707,"event":{"mods":["2.2 Compatiblity","AchievementEnabler","BaseMod","Colored Map","Colored Powertips","DeckTracker","Highlight Path","Keyboard Shortcuts","Minty Spire (QoL Compilation)","Permanent Neow","Quick Restart","Random Character Button","StSLib","SuperFastMode","everything is the same but u backflip on backflip"],"gold_per_floor":[211,225,239,253,153,153,153,153,178,178,253,253,272,272,272,370,420,438,190,190,17,17,17,31,41,41,41,41,55,55,71,71,175,175,187,198,211,104,123,123,123,123,123,123,123,139,151,151,151,151],"floor_reached":51,"language":"KOR","playtime":2631,"items_purged":["Defend_P","Defend_P","Strike_P"],"score":637,"play_id":"f26f1188-ca44-4ed2-9240-7cabfb7c04ab","local_time":"20210209173507","is_ascension_mode":false,"campfire_choices":[{"data":"Eruption","floor":7.0,"key":"SMITH"},{"floor":10.0,"key":"REST"},{"data":"ClearTheMind","floor":12.0,"key":"SMITH"},{"data":"Vigilance","floor":15.0,"key":"SMITH"},{"data":"Tantrum","floor":23.0,"key":"SMITH"},{"floor":28.0,"key":"REST"},{"data":"EmptyFist","floor":30.0,"key":"SMITH"},{"floor":32.0,"key":"REST"},{"floor":40.0,"key":"REST"},{"data":"Adaptation","floor":42.0,"key":"SMITH"},{"floor":49,"key":"REST"}],"circlet_count":0,"master_deck":["Strike_P","Strike_P","Defend_P+1","Defend_P","Eruption+1","Vigilance+1","Tantrum+1","ClearTheMind+1","Halt+1","Ragnarok+1","TalkToTheHand+1","FlurryOfBlows","SandsOfTime","EmptyBody","LikeWater","EmptyFist+1","EmptyMind","Consecrate+1","Vault","Adaptation+1","InnerPeace","Madness","Madness"],"relics":["PureWater","Dream Catcher","InkBottle","Tiny House","Orrery","Omamori","White Beast Statue","Sozu","Frozen Egg 2"],"acts_visited":["Exordium","TheCity","TheBeyond"],"potions_floor_usage":[50,50],"damage_taken":[{"damage":1.0,"enemies":"2 Louse","floor":1.0,"turns":2.0},{"damage":1.0,"enemies":"Jaw Worm","floor":2.0,"turns":2.0},{"damage":0.0,"enemies":"Small Slimes","floor":3.0,"turns":2.0},{"damage":2.0,"enemies":"Looter","floor":4.0,"turns":3.0},{"damage":5.0,"enemies":"Gremlin Gang","floor":13.0,"turns":3.0},{"damage":7.0,"enemies":"Slime Boss","floor":16.0,"turns":7.0},{"damage":0.0,"enemies":"Spheric Guardian","floor":18.0,"turns":2.0},{"damage":10.0,"enemies":"Chosen","floor":24.0,"turns":2.0},{"damage":0.0,"enemies":"Snake Plant","floor":25.0,"turns":1.0},{"damage":0.0,"enemies":"Snecko","floor":29.0,"turns":2.0},{"damage":12.0,"enemies":"3 Cultists","floor":31.0,"turns":4.0},{"damage":32.0,"enemies":"Collector","floor":33.0,"turns":8.0},{"damage":5.0,"enemies":"Orb Walker","floor":35.0,"turns":3.0},{"damage":10.0,"enemies":"3 Shapes","floor":36.0,"turns":4.0},{"damage":19.0,"enemies":"Maw","floor":37.0,"turns":7.0},{"damage":4.0,"enemies":"3 Darklings","floor":39.0,"turns":3.0},{"damage":6.0,"enemies":"Transient","floor":46.0,"turns":6.0},{"damage":14,"enemies":"Maw","floor":47,"turns":6},{"damage":38,"enemies":"Donu and Deca","floor":50,"turns":6}],"seed_played":"-6228677855249487816","potions_obtained":[{"floor":3.0,"key":"CultistPotion"},{"floor":13.0,"key":"SmokeBomb"},{"floor":17.0,"key":"FearPotion"},{"floor":27.0,"key":"Strength Potion"}],"is_trial":false,"path_per_floor":["M","M","M","M","$","?","R","?","T","R","?","R","M","T","R","B",null,"M","$","?","$","?","R","M","M","T","?","R","M","R","M","R","B",null,"M","M","M","$","M","R","?","R","T","?","$","M","M","?","R","B",null],"character_chosen":"WATCHER","items_purchased":["Halt","Orrery","EmptyFist","Adaptation","InnerPeace"],"campfire_rested":5,"item_purchase_floors":[5,19,21,38,38],"current_hp_per_floor":[71,70,70,68,68,54,54,47,47,68,57,57,52,52,52,45,77,77,77,63,63,63,63,53,53,53,53,77,77,77,65,82,50,82,77,67,48,48,44,68,68,68,68,58,58,52,38,38,62,24],"gold":151,"neow_bonus":"HUNDRED_GOLD","is_daily":false,"chose_seed":false,"campfire_upgraded":6,"win_rate":0.0,"timestamp":1612859707,"path_taken":["M","M","M","M","$","?","R","?","T","R","?","R","M","?","R","BOSS","M","$","?","$","?","R","M","M","T","?","R","M","R","M","R","BOSS","M","?","M","$","M","R","?","R","T","?","$","M","M","?","R","BOSS"],"items_purchased_type":["Card","Relic","Card","Card","Card"],"build_version":"2020-12-22","purchased_purges":3,"victory":true,"max_hp_per_floor":[72,72,72,72,72,72,72,72,72,72,72,72,72,72,72,72,77,77,77,82,82,82,82,82,82,82,82,82,82,82,82,82,82,82,82,82,82,82,82,82,82,82,82,82,82,82,82,82,82,82],"card_choices":[{"not_picked":["Halt","Wireheading"],"picked":"Tantrum","floor":1.0},{"not_picked":["Crescendo","JustLucky","Meditate"],"picked":"SKIP","floor":2.0},{"not_picked":["Evaluate","PathToVictory"],"picked":"ClearTheMind","floor":3.0},{"not_picked":["Swivel","JustLucky","PathToVictory"],"picked":"SKIP","floor":4.0},{"not_picked":["Wish","Evaluate","Swivel"],"picked":"SKIP","floor":13.0},{"not_picked":["DevaForm","ConjureBlade"],"picked":"Ragnarok","floor":16.0},{"not_picked":["Crescendo","Prostrate","LessonLearned"],"picked":"SKIP","floor":18.0},{"not_picked":["DevaForm","Protect+1"],"picked":"TalkToTheHand+1","floor":19.0},{"not_picked":["Consecrate","Crescendo"],"picked":"FlurryOfBlows","floor":19.0},{"not_picked":["Protect","PathToVictory+1"],"picked":"SandsOfTime","floor":19.0},{"not_picked":["Consecrate","WaveOfTheHand"],"picked":"EmptyBody","floor":19.0},{"not_picked":["Nirvana","ThirdEye"],"picked":"LikeWater","floor":19.0},{"not_picked":["ClearTheMind","LikeWater","SashWhip"],"picked":"SKIP","floor":24.0},{"not_picked":["Worship","PathToVictory+1","Sanctity"],"picked":"SKIP","floor":25.0},{"not_picked":["EmptyBody","Prostrate"],"picked":"EmptyMind","floor":29.0},{"not_picked":["Evaluate","CutThroughFate"],"picked":"Consecrate+1","floor":31.0},{"not_picked":["Establishment","Brilliance"],"picked":"Vault","floor":33.0},{"not_picked":["Swivel","CutThroughFate+1","DeceiveReality"],"picked":"SKIP","floor":35.0},{"not_picked":["EmptyBody+1","ForeignInfluence","Protect+1"],"picked":"SKIP","floor":36.0},{"not_picked":["ThirdEye","Conclude+1","SandsOfTime"],"picked":"SKIP","floor":37.0},{"not_picked":["BowlingBash+1","EmptyBody+1","Pray"],"picked":"SKIP","floor":39.0},{"not_picked":["ForeignInfluence+1","ClearTheMind+1","CrushJoints"],"picked":"SKIP","floor":46.0},{"not_picked":["Wallop","WreathOfFlame"],"picked":"Adaptation+1","floor":47}],"player_experience":249131,"relics_obtained":[{"floor":9.0,"key":"Dream Catcher"},{"floor":14.0,"key":"InkBottle"},{"floor":26.0,"key":"White Beast Statue"},{"floor":43.0,"key":"Frozen Egg 2"}],"event_choices":[{"damage_healed":0.0,"max_hp_gain":0.0,"max_hp_loss":0.0,"gold_gain":0.0,"event_name":"Shining Light","player_choice":"Entered Light","floor":6.0,"gold_loss":0.0,"damage_taken":14.0,"cards_upgraded":["Defend_P","Halt"]},{"cards_removed":["Strike_P"],"damage_healed":0.0,"max_hp_gain":0.0,"max_hp_loss":0.0,"gold_gain":0.0,"event_name":"Golden Wing","player_choice":"Card Removal","floor":8.0,"gold_loss":0.0,"damage_taken":7.0},{"damage_healed":0.0,"max_hp_gain":0.0,"max_hp_loss":0.0,"gold_gain":75.0,"event_name":"World of Goop","player_choice":"Gather Gold","floor":11.0,"gold_loss":0.0,"damage_taken":11.0},{"damage_healed":0.0,"max_hp_gain":5.0,"max_hp_loss":0.0,"gold_gain":0.0,"event_name":"Forgotten Altar","player_choice":"Shed Blood","floor":20.0,"gold_loss":0.0,"damage_taken":19.0},{"damage_healed":0.0,"max_hp_gain":0.0,"max_hp_loss":0.0,"gold_gain":0.0,"event_name":"The Mausoleum","player_choice":"Opened","floor":22.0,"gold_loss":0.0,"damage_taken":0.0,"relics_obtained":["Omamori"]},{"damage_healed":0.0,"max_hp_gain":0.0,"max_hp_loss":0.0,"gold_gain":0.0,"event_name":"Lab","player_choice":"Got Potions","floor":27.0,"gold_loss":0.0,"damage_taken":0.0},{"damage_healed":0.0,"max_hp_gain":0.0,"max_hp_loss":0.0,"gold_gain":0.0,"event_name":"Tomb of Lord Red Mask","player_choice":"Ignored","floor":41.0,"gold_loss":0.0,"damage_taken":0.0},{"damage_healed":0.0,"max_hp_gain":0.0,"max_hp_loss":0.0,"gold_gain":0.0,"event_name":"Winding Halls","player_choice":"Embrace Madness","floor":44.0,"gold_loss":0.0,"damage_taken":10.0,"cards_obtained":["Madness","Madness"]},{"cards_removed":["Adaptation"],"damage_healed":0,"gold_gain":0,"player_choice":"Removed Power","damage_taken":0,"max_hp_gain":0,"max_hp_loss":0,"event_name":"Falling","floor":48,"gold_loss":0}],"is_beta":false,"boss_relics":[{"not_picked":["Ectoplasm","Coffee Dripper"],"picked":"Tiny House"},{"not_picked":["Philosopher\u0027s Stone","Runic Dome"],"picked":"Sozu"}],"items_purged_floors":[5,19,21],"is_endless":false,"potions_floor_spawned":[3,13,29,31,33,35,36,37,39,46,47],"ascension_level":0}}