{"host":"o3n4et6u1y1w2h5j","time":1612877880,"event":{"mods":["AchievementEnabler","BaseMod","Block Reminder","Minty Spire (QoL Compilation)","Rare Cards Sparkle","Relic Stats","StSLib"],"gold_per_floor":[110,185,36,97,113,145,159,159,231,231,231,260,270,301,301,397,397,410,335,409,419,306,306,319,319,319],"floor_reached":25,"language":"ENG","playtime":1473,"items_purged":["Strike_R"],"score":265,"play_id":"9cc442f2-a3c1-48ac-8b3b-0e3c8d9bc4ba","local_time":"20210209053800","is_ascension_mode":true,"campfire_choices":[{"data":"Searing Blow","floor":8,"key":"SMITH"},{"data":"Searing Blow+1","floor":10,"key":"SMITH"},{"data":"Searing Blow+2","floor":15,"key":"SMITH"},{"data":"Barricade","floor":23,"key":"SMITH"}],"circlet_count":0,"master_deck":["Strike_R","Defend_R","Defend_R","Defend_R","Defend_R","Bash","Searing Blow+3","Feed","Headbutt","Feel No Pain","Demon Form","Carnage","Power Through","Heavy Blade","Dual Wield","Barricade+1","Feel No Pain","Sword Boomerang+1"],"relics":["Burning Blood","Medical Kit","Happy Flower","HornCleat","Odd Mushroom","WingedGreaves","Busted Crown","Matryoshka"],"acts_visited":["Exordium","TheCity"],"potions_floor_usage":[6,13,14,25],"damage_taken":[{"damage":0,"enemies":"Small Slimes","floor":1,"turns":3},{"damage":15,"enemies":"2 Louse","floor":5,"turns":3},{"damage":50,"enemies":"Lagavulin","floor":6,"turns":7},{"damage":2,"enemies":"Jaw Worm","floor":7,"turns":3},{"damage":6,"enemies":"The Mushroom Lair","floor":12,"turns":4},{"damage":0,"enemies":"2 Fungi Beasts","floor":13,"turns":3},{"damage":13,"enemies":"3 Sentries","floor":14,"turns":6},{"damage":41,"enemies":"Slime Boss","floor":16,"turns":12},{"damage":39,"enemies":"3 Byrds","floor":18,"turns":8},{"damage":0,"enemies":"Chosen","floor":21,"turns":6},{"damage":13,"enemies":"Centurion and Healer","floor":24,"turns":7},{"damage":84,"enemies":"Gremlin Leader","floor":25,"turns":9}],"seed_played":"-6754329344724611455","potions_obtained":[{"floor":5,"key":"DuplicationPotion"},{"floor":6,"key":"Ancient Potion"},{"floor":7,"key":"Block Potion"},{"floor":13,"key":"BloodPotion"},{"floor":24,"key":"FearPotion"}],"is_trial":false,"path_per_floor":["M","?","$","?","M","E","M","R","T","R","?","?","M","E","R","B",null,"M","?","T","M","$","R","M","E"],"character_chosen":"IRONCLAD","items_purchased":["Medical Kit","Feel No Pain"],"campfire_rested":0,"item_purchase_floors":[3,22],"current_hp_per_floor":[75,64,64,64,58,17,24,24,24,24,24,27,36,50,50,15,93,66,66,66,75,75,75,71,0,0],"gold":319,"neow_bonus":"TRANSFORM_TWO_CARDS","is_daily":false,"chose_seed":false,"campfire_upgraded":4,"win_rate":0.0,"timestamp":1612877880,"path_taken":["M","?","$","?","M","E","M","R","T","R","?","?","?","E","R","BOSS","M","?","?","?","$","R","M","E"],"items_purchased_type":["Relic","Card"],"build_version":"2020-12-22","purchased_purges":1,"victory":false,"max_hp_per_floor":[75,75,75,75,78,81,84,84,84,84,84,87,90,93,93,93,93,99,99,99,102,102,102,105,105,105],"relic_stats":{"Busted Crown":6,"Happy Flower":[19],"counters":[12,71],"Medical Kit":[32],"obtain_stats":[{"HornCleat":9,"Busted Crown":17,"Matryoshka":20,"Happy Flower":6,"WingedGreaves":14,"Odd Mushroom":12,"Medical Kit":3,"Burning Blood":0},{"HornCleat":4,"Busted Crown":8,"Matryoshka":9,"Happy Flower":3,"WingedGreaves":7,"Odd Mushroom":5,"Medical Kit":1,"Burning Blood":0},{"HornCleat":16,"Busted Crown":41,"Matryoshka":49,"Happy Flower":13,"WingedGreaves":29,"Odd Mushroom":20,"Medical Kit":3,"Burning Blood":0}],"Burning Blood":60},"card_choices":[{"not_picked":["Pommel Strike","Armaments"],"picked":"Headbutt","floor":1},{"not_picked":["Iron Wave","Dropkick"],"picked":"Feel No Pain","floor":5},{"not_picked":["Twin Strike","Heavy Blade"],"picked":"Demon Form","floor":6},{"not_picked":["Whirlwind","Iron Wave"],"picked":"Carnage","floor":7},{"not_picked":["Intimidate","Armaments"],"picked":"Power Through","floor":12},{"not_picked":["True Grit","Pommel Strike"],"picked":"Heavy Blade","floor":13},{"not_picked":["Intimidate","Seeing Red"],"picked":"Dual Wield","floor":14},{"not_picked":["Reaper","Juggernaut"],"picked":"Barricade","floor":16},{"not_picked":["Thunderclap"],"picked":"SKIP","floor":18},{"not_picked":["Sever Soul"],"picked":"SKIP","floor":21},{"not_picked":[],"picked":"Sword Boomerang+1","floor":24}],"player_experience":73026,"relics_obtained":[{"floor":6,"key":"Happy Flower"},{"floor":9,"key":"HornCleat"},{"floor":12,"key":"Odd Mushroom"},{"floor":14,"key":"WingedGreaves"},{"floor":20,"key":"Matryoshka"}],"event_choices":[{"damage_healed":0,"gold_gain":75,"player_choice":"Gather Gold","damage_taken":11,"max_hp_gain":0,"max_hp_loss":0,"event_name":"World of Goop","floor":2,"gold_loss":0},{"damage_healed":0,"gold_gain":61,"player_choice":"Gained Gold","damage_taken":0,"max_hp_gain":0,"max_hp_loss":0,"event_name":"Golden Wing","floor":4,"gold_loss":0},{"damage_healed":0,"gold_gain":0,"player_choice":"Searched \u00271\u0027 times","damage_taken":0,"max_hp_gain":0,"max_hp_loss":0,"event_name":"Dead Adventurer","floor":11,"gold_loss":0},{"damage_healed":0,"gold_gain":0,"player_choice":"Fought Mushrooms","damage_taken":0,"max_hp_gain":0,"max_hp_loss":0,"event_name":"Mushrooms","floor":12,"gold_loss":0},{"cards_removed":["Strike_R"],"damage_healed":0,"gold_gain":0,"player_choice":"Gave Gold","damage_taken":0,"max_hp_gain":0,"max_hp_loss":0,"event_name":"Beggar","floor":19,"gold_loss":75}],"is_beta":false,"boss_relics":[{"not_picked":["Black Star","Fusion Hammer"],"picked":"Busted Crown"}],"items_purged_floors":[22],"is_endless":false,"potions_floor_spawned":[5,6,7,13,24],"killed_by":"Gremlin Leader","ascension_level":3}}