{"host":"61ejhfsushs0xmcl","time":1612858771,"event":{"mods":["ATMod(阿瑾Mod)","Act Like it!","BaseMod","Colored Map","Gold Saver","HumanHunterMod(怪物杀人mod)","Minty Spire (QoL Compilation)","MostiFishMod","Spicy Shops","StSLib","TestMod","[IsaacMod]以撒尖塔","【遗物卡牌】REMEMod","篝火指南"],"gold_per_floor":[1460,1470,1470,1470,1490,1490,1516,1516,1516,1549,1631,1673,1680,960,960,1055,1055,1077,1446,1485,1385,1415,1456,1481,1519,1519,1555,1555,1589,1514,1521,1521,1619,1619,1644,1644,1977,1552,1552,1583,1583,1583,1610,1622,970,970,394,407,407,407,439,439,439,-961,-930,-930],"floor_reached":57,"language":"ZHS","playtime":1742,"items_purged":["Strike_G","Strike_G","Strike_G","Distraction","Survivor","Dash","MostiFishMod:PoisonShield"],"score":4869,"play_id":"03f11cf2-ed01-4911-a727-cd29d291274f","local_time":"20210209161931","is_ascension_mode":true,"campfire_choices":[{"data":"AT_ShadowStep","floor":6.0,"key":"SMITH"},{"data":"Acrobatics","floor":8.0,"key":"SMITH"},{"floor":15.0,"key":"RECALL"},{"data":"Night Terror","floor":32.0,"key":"SMITH"},{"data":"testmod-Bloodthirsty","floor":41.0,"key":"SMITH"},{"data":"MostiFishMod:AdrenalineArouse","floor":49.0,"key":"SMITH"},{"data":"Adrenaline","floor":53.0,"key":"SMITH"}],"circlet_count":0,"master_deck":["AscendersBane","Neutralize","AT_KingSlayer+1","AT_ShadowStep+1","Calculated Gamble","Doppelganger","Acrobatics+1","Tools of the Trade","Terror","MostiFishMod:AdrenalineArouse+1","Backflip+1","Night Terror+1","MostiFishMod:Confrontation+1","Catalyst","Calculated Gamble+1","Adrenaline+1","testmod-Bloodthirsty+1","PiercingWail+1"],"relics":["Ring of the Snake","AT_ATBox","REME_ComplimentaryCards","testmod-TestBox","HushsDoor","MoneyPower","testmod-Prudence","Lizard Tail","SynthV:TestCard","SalivaCoin","Juzu Bracelet","testmod-Alchemist","Lantern","OrangePellets","Matryoshka","SacredBark","HowToJump","Shuriken","BookOfRevelations","DeathBook","ImprovedEquipment","Whetstone","Pantograph","MealTicket","Potion Belt","testmod-OneHitWonder","Vajra","DaveBox","StrikeDummy","testmod-Antiphasic","Pandora\u0027s Box","SatanicBible","Damocles","Akabeko","AnarchistCookbook","AT_ChloranthyRing","testmod-IndustrialRevolution","BelialBook","Bag of Marbles","Happy Flower","Blood Vial","BlankCard","War Paint","REME_HourglassOfDeath","Bag of Preparation","ClockworkSouvenir","Bronze Scales","SynthV:MejaisSoulstealer","SharpPlug","TheBible"],"acts_visited":["Exordium","TheCity","TheBeyond","TheEnding"],"potions_floor_usage":[56,56,56,56,56],"damage_taken":[{"damage":0.0,"enemies":"Cultist","floor":1.0,"turns":2.0},{"damage":0.0,"enemies":"Small Slimes","floor":2.0,"turns":2.0},{"damage":0.0,"enemies":"2 Louse","floor":5.0,"turns":1.0},{"damage":0.0,"enemies":"Gremlin Nob","floor":7.0,"turns":2.0},{"damage":0.0,"enemies":"Lagavulin","floor":10.0,"turns":3.0},{"damage":6.0,"enemies":"Gremlin Nob","floor":12.0,"turns":3.0},{"damage":0.0,"enemies":"Slime Boss","floor":16.0,"turns":2.0},{"damage":0.0,"enemies":"2 Thieves","floor":18.0,"turns":2.0},{"damage":1.00000001E8,"enemies":"Chosen","floor":19.0,"turns":1.0},{"damage":0.0,"enemies":"3 Cultists","floor":20.0,"turns":4.0},{"damage":10.0,"enemies":"Centurion and Healer","floor":22.0,"turns":3.0},{"damage":1.0,"enemies":"REME_1_Revenger","floor":23.0,"turns":4.0},{"damage":0.0,"enemies":"Snake Plant","floor":24.0,"turns":1.0},{"damage":0.0,"enemies":"Book of Stabbing","floor":25.0,"turns":2.0},{"damage":0.0,"enemies":"Gremlin Leader","floor":27.0,"turns":1.0},{"damage":0.0,"enemies":"Slavers","floor":29.0,"turns":3.0},{"damage":0.0,"enemies":"Champ","floor":33.0,"turns":3.0},{"damage":0.0,"enemies":"3 Shapes","floor":35.0,"turns":5.0},{"damage":0.0,"enemies":"Reptomancer","floor":40.0,"turns":2.0},{"damage":0.0,"enemies":"3 Darklings","floor":44.0,"turns":2.0},{"damage":0.0,"enemies":"Writhing Mass","floor":48.0,"turns":1.0},{"damage":0.0,"enemies":"Donu and Deca","floor":50.0,"turns":2.0},{"damage":10.0,"enemies":"Awakened One","floor":51.0,"turns":2.0},{"damage":0.0,"enemies":"Shield and Spear","floor":55.0,"turns":1.0},{"damage":0,"enemies":"The Heart","floor":56,"turns":14}],"seed_played":"-6297589995075006962","potions_obtained":[{"floor":1.0,"key":"Regen Potion"},{"floor":10.0,"key":"GamblersBrew"},{"floor":16.0,"key":"testmod-TestPotion"},{"floor":19.0,"key":"CunningPotion"},{"floor":19.0,"key":"Strength Potion"},{"floor":24.0,"key":"PowerPotion"},{"floor":33.0,"key":"Weak Potion"},{"floor":40.0,"key":"testmod-TestPotion"},{"floor":44.0,"key":"Weak Potion"}],"is_trial":false,"path_per_floor":["M","M","T","?","M","R","E","R","T","E","?","E","?","$","R","B",null,"M","M","M","$","M","E","M","E","T","E","?","E","?","?","R","B",null,"M","?","?","$","?","E","R","?","T","M","$","?","$","M","R","B","B",null,"R","$","E","B",null],"character_chosen":"THE_SILENT","items_purchased":["Lantern","OrangePellets","Terror","Matryoshka","SatanicBible","Damocles","AnarchistCookbook","AT_ChloranthyRing","BlankCard","War Paint","REME_HourglassOfDeath","Fruit Juice","Bag of Preparation","ClockworkSouvenir","SynthV:MejaisSoulstealer"],"campfire_rested":0,"item_purchase_floors":[14,14,14,14,34,34,38,38,45,45,47,47,47,47,54],"current_hp_per_floor":[59,59,59,59,59,59,59,59,59,59,48,42,19,19,19,24,52,52,28,28,28,18,17,17,17,17,17,17,17,17,2,2,27,32,32,32,32,34,34,34,34,34,34,34,34,34,34,34,34,34,29,37,37,39,39,59],"gold":-930,"neow_bonus":"UPGRADE_CARD","is_daily":false,"chose_seed":false,"campfire_upgraded":6,"win_rate":0.0,"timestamp":1612858771,"path_taken":["M","M","?","?","M","R","E","R","T","E","?","E","?","$","R","BOSS","M","M","M","$","M","E","M","E","T","E","?","E","?","?","R","BOSS","M","?","?","$","?","E","R","?","T","M","$","?","?","M","R","BOSS","BOSS","R","$","E","BOSS"],"items_purchased_type":["Relic","Relic","Card","Relic","Relic","Relic","Relic","Relic","Relic","Relic","Relic","Potion","Relic","Relic","Relic"],"build_version":"2020-12-22","purchased_purges":7,"victory":true,"max_hp_per_floor":[66,66,66,66,66,66,66,66,66,66,66,66,66,66,66,66,61,61,61,61,61,61,61,61,61,61,61,61,61,61,61,61,61,34,34,34,34,34,34,34,34,34,34,34,34,34,34,34,34,34,39,39,39,39,39,59],"card_choices":[{"not_picked":[],"picked":"SuicideKing","floor":0.0},{"not_picked":["Dodge and Roll","Leg Sweep"],"picked":"AT_ShadowStep","floor":1.0},{"not_picked":["Dagger Spray","Bane","Prepared","Endless Agony"],"picked":"Calculated Gamble","floor":2.0},{"not_picked":["Predator","AT_WindFlip","Cloak And Dagger","Leg Sweep"],"picked":"Acrobatics","floor":5.0},{"not_picked":["Flechettes","Well Laid Plans","Concentrate","Finisher","Dodge and Roll"],"picked":"SKIP","floor":7.0},{"not_picked":["Flechettes","Well Laid Plans","Concentrate","Finisher","Dodge and Roll"],"picked":"SKIP","floor":7.0},{"not_picked":["Deadly Poison","Acrobatics","Caltrops","Slice"],"picked":"Tools of the Trade","floor":10.0},{"not_picked":["Flying Knee","Eviscerate","Outmaneuver","Caltrops","PiercingWail"],"picked":"SKIP","floor":12.0},{"not_picked":["Doppelganger","Burst","REME_GrazeFinale","AT_KingSlayer"],"picked":"MostiFishMod:ShivMaster","floor":16.0},{"not_picked":["Escape Plan","Cloak And Dagger","MostiFishMod:InvigoratingSolution","Backflip","Catalyst"],"picked":"SKIP","floor":18.0},{"not_picked":["Eviscerate+1","Blur","Distraction","Bane"],"picked":"MostiFishMod:AdrenalineArouse","floor":19.0},{"not_picked":["Cloak And Dagger+1","REME_ShadowStrike","Acrobatics","Underhanded Strike","MostiFishMod:FrostNova"],"picked":"SKIP","floor":19.0},{"not_picked":["Masterful Stab","AT_WomanClash","AT_KneejerkReflex","Acrobatics"],"picked":"Backflip+1","floor":20.0},{"not_picked":["Dagger Spray+1","AT_TinkerSharpsword","Sucker Punch","AT_WindFlip","Well Laid Plans"],"picked":"SKIP","floor":22.0},{"not_picked":["Setup","Sucker Punch","Crippling Poison","Well Laid Plans","Die Die Die"],"picked":"SKIP","floor":23.0},{"not_picked":["Endless Agony","AT_WomanClash","Tactician","Slice+1","Prepared"],"picked":"SKIP","floor":24.0},{"not_picked":["AT_WindFlip+1","Bane","MostiFishMod:PerfectParry","Cloak And Dagger","Deadly Poison"],"picked":"SKIP","floor":25.0},{"not_picked":["AT_ShadowStep","Infinite Blades","Sucker Punch","Skewer+1"],"picked":"Night Terror","floor":27.0},{"not_picked":["Blur","Infinite Blades","MostiFishMod:PerfectParry","Flechettes","Distraction+1"],"picked":"SKIP","floor":29.0},{"not_picked":["Wraith Form v2","REME_SpectralBlade","A Thousand Cuts","MostiFishMod:GrandStart"],"picked":"MostiFishMod:Confrontation","floor":33.0},{"not_picked":["Underhanded Strike","Quick Slash","Flying Knee","Dodge and Roll+1","Deadly Poison"],"picked":"SKIP","floor":35.0},{"not_picked":["Flash of Steel","testmod-EnhanceArmerment","MostiFishMod:SupremeArchaeology","Deep Breath"],"picked":"testmod-Bloodthirsty","floor":36.0},{"not_picked":["Setup","Cloak And Dagger+1","Flying Knee","Backflip","Outmaneuver"],"picked":"SKIP","floor":40.0},{"not_picked":["Poisoned Stab+1","Bane","Blade Dance","Quick Slash"],"picked":"PiercingWail+1","floor":44.0},{"not_picked":["Choke+1","Quick Slash+1","AT_WindFlip","Deadly Poison","Dagger Throw"],"picked":"SKIP","floor":48.0},{"not_picked":["Dodge and Roll","AT_WomanClash+1","Caltrops","Deadly Poison","Terror"],"picked":"SKIP","floor":55.0}],"player_experience":860719,"relics_obtained":[{"floor":1.0,"key":"SynthV:TestCard"},{"floor":3.0,"key":"SalivaCoin"},{"floor":7.0,"key":"Juzu Bracelet"},{"floor":10.0,"key":"testmod-Alchemist"},{"floor":19.0,"key":"HowToJump"},{"floor":19.0,"key":"Shuriken"},{"floor":19.0,"key":"BookOfRevelations"},{"floor":19.0,"key":"DeathBook"},{"floor":19.0,"key":"ImprovedEquipment"},{"floor":19.0,"key":"Whetstone"},{"floor":23.0,"key":"Pantograph"},{"floor":25.0,"key":"MealTicket"},{"floor":26.0,"key":"Potion Belt"},{"floor":26.0,"key":"testmod-OneHitWonder"},{"floor":27.0,"key":"Vajra"},{"floor":29.0,"key":"StrikeDummy"},{"floor":35.0,"key":"Akabeko"},{"floor":40.0,"key":"testmod-IndustrialRevolution"},{"floor":40.0,"key":"BelialBook"},{"floor":43.0,"key":"Bag of Marbles"},{"floor":43.0,"key":"Happy Flower"},{"floor":44.0,"key":"Blood Vial"},{"floor":48.0,"key":"Bronze Scales"},{"floor":55.0,"key":"SharpPlug"},{"floor":55.0,"key":"TheBible"}],"event_choices":[{"damage_healed":0.0,"max_hp_gain":0.0,"max_hp_loss":0.0,"gold_gain":0.0,"event_name":"Match and Keep!","player_choice":"1 cards matched","floor":4.0,"gold_loss":0.0,"damage_taken":0.0,"cards_obtained":["Doppelganger"]},{"damage_healed":0.0,"max_hp_gain":0.0,"max_hp_loss":0.0,"gold_gain":75.0,"event_name":"World of Goop","player_choice":"Gather Gold","floor":11.0,"gold_loss":0.0,"damage_taken":11.0},{"damage_healed":0.0,"max_hp_gain":0.0,"max_hp_loss":0.0,"gold_gain":0.0,"event_name":"Golden Idol","player_choice":"Take Damage","floor":13.0,"gold_loss":0.0,"damage_taken":23.0,"relics_obtained":["Golden Idol"]},{"damage_healed":0.0,"max_hp_gain":0.0,"max_hp_loss":0.0,"gold_gain":0.0,"event_name":"给自己的盒子","player_choice":"Swap Relic","floor":28.0,"relics_lost":["DaveBox"],"gold_loss":0.0,"damage_taken":0.0,"relics_obtained":["DaveBox"]},{"cards_removed":["Defend_G"],"damage_healed":0.0,"max_hp_gain":0.0,"max_hp_loss":0.0,"gold_gain":0.0,"event_name":"Beggar","player_choice":"Gave Gold","floor":30.0,"gold_loss":75.0,"damage_taken":0.0},{"damage_healed":0.0,"max_hp_gain":0.0,"max_hp_loss":0.0,"gold_gain":0.0,"event_name":"SensoryStone","player_choice":"Memory 1","floor":36.0,"gold_loss":0.0,"damage_taken":0.0},{"damage_healed":0.0,"max_hp_gain":0.0,"max_hp_loss":0.0,"gold_gain":333.0,"event_name":"The Moai Head","player_choice":"Gave Idol","floor":37.0,"relics_lost":["Golden Idol"],"gold_loss":0.0,"damage_taken":0.0},{"damage_healed":0.0,"max_hp_gain":0.0,"max_hp_loss":0.0,"gold_gain":0.0,"event_name":"Tomb of Lord Red Mask","player_choice":"Ignored","floor":39.0,"gold_loss":0.0,"damage_taken":0.0},{"cards_removed":["MostiFishMod:ShivMaster"],"damage_healed":0.0,"max_hp_gain":0.0,"max_hp_loss":0.0,"gold_gain":0.0,"event_name":"Purifier","player_choice":"Purged","floor":42.0,"gold_loss":0.0,"damage_taken":0.0},{"cards_removed":["Sadistic Nature"],"damage_healed":0.0,"max_hp_gain":0.0,"max_hp_loss":0.0,"gold_gain":0.0,"event_name":"Falling","player_choice":"Removed Power","floor":46.0,"gold_loss":0.0,"damage_taken":0.0}],"is_beta":false,"boss_relics":[{"not_picked":["Ectoplasm","Transparent"],"picked":"SacredBark"},{"not_picked":[]},{"not_picked":["Calling Bell","HoveringKite"],"picked":"Pandora\u0027s Box"},{"not_picked":[]}],"items_purged_floors":[14,17,21,34,38,45,45],"is_endless":false,"potions_floor_spawned":[1,10,16,20,22,24,33,40,44],"ascension_level":20}}