{"host":"wqy4mrhfanukbt26","time":1612896247,"event":{"mods":["AchievementEnabler","Act Like it!","BaseMod","Bestiary","BetterRewards","Card Forge","Colored Powertips","Friendly Minions","Gensokyo","Minty Spire (QoL Compilation)","Rare Cards Sparkle","Relic Stats","Shop Mod","StSLib"],"gold_per_floor":[117,117,117,135,148,180,180,211,211,60,92,92,108,128,128,225,225,237,237,256,256,271,305,305,16,16,51,51,151,178,178,178,275,275,295,295,237,237,254,254,581,595,595,615,642,667,667,687,687,687,687,687,149,182,182],"floor_reached":56,"language":"ZHS","playtime":3761,"items_purged":[],"score":2401,"play_id":"8d731047-006a-4642-9cb2-3184a4679a75","local_time":"20210210024407","is_ascension_mode":true,"campfire_choices":[{"floor":12.0,"key":"RECALL"},{"data":"Strike_R","floor":15.0,"key":"PURGE"},{"data":"Strike_R","floor":24.0,"key":"PURGE"},{"data":"Bash","floor":28.0,"key":"PURGE"},{"data":"Defend_R","floor":32.0,"key":"PURGE"},{"data":"Defend_R","floor":49,"key":"PURGE"},{"floor":52,"key":"REST"}],"circlet_count":0,"master_deck":["Defend_R","Defend_R","Dark Embrace+1","Clumsy","Warcry+1","Shrug It Off+1","Body Slam+1","Dark Embrace+1","Offering","Feel No Pain+1","Feed+1","Feel No Pain+1","Barricade+1","Gensokyo:MenInBlack+1","Shrug It Off","Offering","Recycle+1","Corruption+1","Reaper","MasterReality+1","Offering+1","Fire Breathing+1"],"relics":["Black Blood","Hammer of Thor","Seething Fire","Anvil of the Gods","Shuriken","FossilizedHelix","Akabeko","Bird Faced Urn","Medical Kit","Paper Frog","StoneCalendar","Dead Branch","Sundial","Gensokyo:NagashiBinaDoll","Frozen Egg 2","Peace Pipe","Gremlin Horn","OrangePellets","PreservedInsect","Fusion Hammer","Gensokyo:MosesMiracle","Eternal Feather","Incense Burner","Thread and Needle","Magic Flower","TungstenRod","StrikeDummy","Gensokyo:EmptyGrave","Bag of Marbles","Centennial Puzzle","Toxic Egg 2","Question Card","Lantern","TheAbacus","Bronze Scales","MerchantsRug","Anchor"],"acts_visited":["Exordium","Gensokyo:Gensokyo","Gensokyo:Gensokyoer","TheEnding"],"potions_floor_usage":[45,55],"damage_taken":[{"damage":0.0,"enemies":"Gensokyo:2_Kodama","floor":1.0,"turns":3.0},{"damage":0.0,"enemies":"Gensokyo:Python","floor":4.0,"turns":4.0},{"damage":12.0,"enemies":"Gensokyo:3_Fairies","floor":5.0,"turns":5.0},{"damage":20.0,"enemies":"Gensokyo:Aya","floor":6.0,"turns":5.0},{"damage":0.0,"enemies":"Gensokyo:Mamizou","floor":8.0,"turns":4.0},{"damage":14.0,"enemies":"Gensokyo:Aya","floor":11.0,"turns":6.0},{"damage":0.0,"enemies":"Gensokyo:Python_and_Kodama","floor":13.0,"turns":3.0},{"damage":10.0,"enemies":"Gensokyo:VengefulSpirit","floor":14.0,"turns":7.0},{"damage":14.0,"enemies":"Gensokyo:Yukari","floor":16.0,"turns":6.0},{"damage":2.0,"enemies":"Gensokyo:AngelMirror","floor":18.0,"turns":6.0},{"damage":6.0,"enemies":"Gensokyo:CosmicMonolith","floor":20.0,"turns":4.0},{"damage":0.0,"enemies":"Gensokyo:Slime_Group","floor":22.0,"turns":2.0},{"damage":2.0,"enemies":"Gensokyo:Reisen","floor":23.0,"turns":5.0},{"damage":0.0,"enemies":"Gensokyo:Koishi","floor":27.0,"turns":4.0},{"damage":1.0,"enemies":"Gensokyo:Koishi","floor":29.0,"turns":6.0},{"damage":10.0,"enemies":"Gensokyo:Reisen","floor":30.0,"turns":3.0},{"damage":7.0,"enemies":"Gensokyo:Kaguya","floor":33.0,"turns":2.0},{"damage":5.0,"enemies":"Gensokyo:3_Bats","floor":35.0,"turns":2.0},{"damage":0.0,"enemies":"Gensokyo:AncientGuardian","floor":39.0,"turns":2.0},{"damage":9,"enemies":"Gensokyo:Doremy","floor":41,"turns":2},{"damage":0,"enemies":"Gensokyo:AtlasGolem","floor":42,"turns":1},{"damage":0,"enemies":"Gensokyo:4_Bats","floor":44,"turns":2},{"damage":20,"enemies":"Gensokyo:Marisa","floor":45,"turns":2},{"damage":5,"enemies":"Gensokyo:Rafflesia","floor":48,"turns":3},{"damage":5,"enemies":"Gensokyo:Shinki","floor":50,"turns":3},{"damage":0,"enemies":"Shield and Spear","floor":54,"turns":1},{"damage":2,"enemies":"The Heart","floor":55,"turns":3}],"seed_played":"3537738678982014953","potions_obtained":[{"floor":5.0,"key":"LiquidMemories"},{"floor":6.0,"key":"SkillPotion"},{"floor":11.0,"key":"Swift Potion"},{"floor":13.0,"key":"Regen Potion"},{"floor":16.0,"key":"EssenceOfSteel"},{"floor":27.0,"key":"BlessingOfTheForge"},{"floor":30.0,"key":"EssenceOfSteel"},{"floor":35.0,"key":"LiquidMemories"},{"floor":54,"key":"AttackPotion"}],"is_trial":false,"path_per_floor":["M","T","?","M","M","E","$","E","T","$","E","R","M","M","R","B",null,"M","?","M","?","M","E","R","$","T","E","R","?","E","?","R","B",null,"M","?","COS","?","M","?","E","M","T","M","E","T","?","M","R","B",null,"R","$","E","B",null],"character_chosen":"IRONCLAD","items_purchased":["Shuriken","Akabeko","Medical Kit","Paper Frog","OrangePellets","Incense Burner","TheAbacus","Bronze Scales","MerchantsRug","Swift Potion","Fire Breathing+1"],"campfire_rested":1,"item_purchase_floors":[0,0,0,0,10,25,53,53,53,53,53],"current_hp_per_floor":[80,80,80,80,74,62,62,78,78,78,74,74,84,86,86,86,91,96,87,91,91,95,99,99,99,99,103,103,103,107,107,107,107,107,111,103,103,103,103,103,107,107,107,111,115,115,115,119,119,119,119,119,119,123,123],"gold":182,"neow_bonus":"","is_daily":false,"chose_seed":false,"campfire_upgraded":0,"win_rate":0.0,"timestamp":1612896247,"path_taken":["M","?","?","?","M","E","?","E","T","$","E","R","?","M","R","BOSS","M","?","M","?","?","E","R","?","T","E","R","?","E","?","R","BOSS","M","?","COS","?","?","?","E","M","T","M","E","?","?","M","R","BOSS","R","$","E","BOSS"],"items_purchased_type":["Relic","Relic","Relic","Relic","Relic","Relic","Relic","Relic","Relic","Potion","Card"],"build_version":"2020-12-22","purchased_purges":0,"victory":true,"max_hp_per_floor":[80,80,80,80,80,80,80,80,80,80,80,80,84,88,88,92,92,96,87,91,91,95,99,99,99,99,103,103,103,107,107,107,107,107,111,103,103,103,103,103,107,107,107,111,115,115,115,119,119,119,119,119,119,123,123],"relic_stats":{"Gremlin Horn":[20,22],"counters":[85,275],"Dead Branch":[463],"Black Blood":167,"Magic Flower":[16],"StoneCalendar":[0],"Eternal Feather":0,"PreservedInsect":376,"Medical Kit":[15],"Question Card":2,"Peace Pipe":7,"OrangePellets":[26],"Centennial Puzzle":[8],"TheAbacus":[282],"Shuriken":[24],"Sundial":[48],"Bird Faced Urn":[90],"Bronze Scales":[78],"obtain_stats":[{"Ice Cream":0,"Calipers":0,"Gremlin Horn":9,"Vajra":43,"Hammer of Thor":0,"Whetstone":42,"Ginger":53,"Boot":54,"Sling":29,"Blood Vial":54,"Centennial Puzzle":41,"HornCleat":21,"Sundial":2,"Philosopher\u0027s Stone":34,"Fusion Hammer":34,"Kunai":0,"Toxic Egg 2":0,"MerchantsRug":53,"Pear":38,"Dead Branch":0,"Oddly Smooth Stone":6,"Eternal Feather":23,"Letter Opener":28,"War Paint":31,"Question Card":45,"Akabeko":28,"OrangePellets":36,"Anvil of the Gods":0,"Shuriken":0,"Bird Faced Urn":8,"Bronze Scales":53,"Molten Egg 2":40,"Mark of Pain":17,"StrikeDummy":30,"Regal Pillow":48,"Lantern":0,"Torii":53,"Singing Bowl":23,"Magic Flower":29,"Black Blood":34,"Mango":45,"StoneCalendar":0,"Gensokyo:NagashiBinaDoll":3,"Bag of Preparation":4,"Incense Burner":25,"Ancient Tea Set":26,"Burning Blood":0,"ClockworkSouvenir":19,"Frozen Eye":27,"Nunchaku":29,"Dream Catcher":31,"TheAbacus":31,"Mummified Hand":0,"Gambling Chip":36,"Tiny Chest":24,"Chemical X":21,"Paper Frog":0,"Potion Belt":44,"Self Forming Clay":29,"Gensokyo:MosesMiracle":27,"Thread and Needle":27,"PreservedInsect":30,"Seething Fire":0,"Orichalcum":9,"Odd Mushroom":12,"Frozen Egg 2":6,"GoldenEye":0,"MawBank":6,"Medical Kit":0,"Mercury Hourglass":0,"Peace Pipe":8,"Gensokyo:EmptyGrave":36,"CaptainsWheel":0,"Anchor":21,"Ornamental Fan":10,"Gensokyo:DayTheSeaSplit":21,"HolyWater":17,"Bag of Marbles":0,"Art of War":7,"Membership Card":53,"PureWater":0,"Toy Ornithopter":13,"TungstenRod":36,"FossilizedHelix":0},{"Ice Cream":28,"Calipers":28,"Gremlin Horn":63,"Vajra":22,"Hammer of Thor":0,"Whetstone":51,"Ginger":56,"Boot":27,"Sling":44,"Blood Vial":57,"Centennial Puzzle":78,"HornCleat":39,"Sundial":59,"Philosopher\u0027s Stone":45,"Fusion Hammer":18,"Kunai":0,"Toxic Egg 2":28,"MerchantsRug":83,"Pear":19,"Dead Branch":58,"Oddly Smooth Stone":31,"Eternal Feather":71,"Letter Opener":14,"War Paint":44,"Question Card":81,"Akabeko":44,"OrangePellets":46,"Anvil of the Gods":0,"Shuriken":58,"Bird Faced Urn":4,"Bronze Scales":26,"Molten Egg 2":21,"Mark of Pain":36,"StrikeDummy":74,"Regal Pillow":25,"Lantern":28,"Torii":26,"Singing Bowl":41,"Magic Flower":73,"Black Blood":75,"Mango":52,"StoneCalendar":58,"Gensokyo:NagashiBinaDoll":59,"Bag of Preparation":1,"Incense Burner":71,"Ancient Tea Set":42,"Burning Blood":0,"ClockworkSouvenir":10,"Frozen Eye":71,"Nunchaku":44,"Dream Catcher":44,"TheAbacus":44,"Mummified Hand":0,"Gambling Chip":46,"Tiny Chest":12,"Chemical X":39,"Paper Frog":58,"Potion Belt":52,"Self Forming Clay":44,"Gensokyo:MosesMiracle":72,"Thread and Needle":72,"PreservedInsect":16,"Seething Fire":0,"Orichalcum":4,"Odd Mushroom":34,"Frozen Egg 2":62,"GoldenEye":0,"MawBank":3,"Medical Kit":58,"Mercury Hourglass":0,"Peace Pipe":63,"Gensokyo:EmptyGrave":76,"CaptainsWheel":28,"Anchor":39,"Ornamental Fan":5,"Gensokyo:DayTheSeaSplit":69,"HolyWater":9,"Bag of Marbles":28,"Art of War":32,"Membership Card":26,"PureWater":0,"Toy Ornithopter":35,"TungstenRod":46,"FossilizedHelix":58},{"Ice Cream":84,"Calipers":84,"Gremlin Horn":200,"Vajra":65,"Hammer of Thor":0,"Whetstone":159,"Ginger":174,"Boot":80,"Sling":140,"Blood Vial":176,"Centennial Puzzle":260,"HornCleat":127,"Sundial":182,"Philosopher\u0027s Stone":145,"Fusion Hammer":57,"Kunai":0,"Toxic Egg 2":84,"MerchantsRug":271,"Pear":59,"Dead Branch":179,"Oddly Smooth Stone":95,"Eternal Feather":239,"Letter Opener":44,"War Paint":140,"Question Card":265,"Akabeko":140,"OrangePellets":146,"Anvil of the Gods":0,"Shuriken":179,"Bird Faced Urn":12,"Bronze Scales":79,"Molten Egg 2":63,"Mark of Pain":117,"StrikeDummy":252,"Regal Pillow":75,"Lantern":84,"Torii":79,"Singing Bowl":132,"Magic Flower":249,"Black Blood":254,"Mango":160,"StoneCalendar":179,"Gensokyo:NagashiBinaDoll":182,"Bag of Preparation":2,"Incense Burner":239,"Ancient Tea Set":137,"Burning Blood":0,"ClockworkSouvenir":32,"Frozen Eye":239,"Nunchaku":140,"Dream Catcher":140,"TheAbacus":140,"Mummified Hand":0,"Gambling Chip":146,"Tiny Chest":37,"Chemical X":127,"Paper Frog":179,"Potion Belt":160,"Self Forming Clay":140,"Gensokyo:MosesMiracle":243,"Thread and Needle":243,"PreservedInsect":49,"Seething Fire":0,"Orichalcum":12,"Odd Mushroom":103,"Frozen Egg 2":196,"GoldenEye":0,"MawBank":9,"Medical Kit":179,"Mercury Hourglass":0,"Peace Pipe":200,"Gensokyo:EmptyGrave":256,"CaptainsWheel":84,"Anchor":127,"Ornamental Fan":15,"Gensokyo:DayTheSeaSplit":232,"HolyWater":30,"Bag of Marbles":84,"Art of War":98,"Membership Card":79,"PureWater":0,"Toy Ornithopter":107,"TungstenRod":146,"FossilizedHelix":179}],"TungstenRod":47},"card_choices":[{"not_picked":["Inflame","True Grit"],"picked":"Dark Embrace","floor":1.0},{"not_picked":["Anger","Dropkick"],"picked":"Warcry","floor":4.0},{"not_picked":["Body Slam","Sword Boomerang"],"picked":"Shrug It Off","floor":5.0},{"not_picked":["Rage","Sever Soul"],"picked":"Body Slam","floor":6.0},{"not_picked":["Twin Strike","Sentinel"],"picked":"Feel No Pain+1","floor":8.0},{"not_picked":["Perfected Strike","Ghostly Armor"],"picked":"Feed","floor":11.0},{"not_picked":["Cleave","Clothesline"],"picked":"Feel No Pain+1","floor":13.0},{"not_picked":["Searing Blow","Perfected Strike"],"picked":"Armaments","floor":14.0},{"not_picked":["Bludgeon","Reaper"],"picked":"Barricade+1","floor":16.0},{"not_picked":["Dual Wield+1","Anger","Iron Wave"],"picked":"SKIP","floor":18.0},{"not_picked":["Dual Wield+1","Anger","Iron Wave"],"picked":"SKIP","floor":18.0},{"not_picked":["Gensokyo:LittleGreenMen","Gensokyo:SpontaneousHumanCombustion+1"],"picked":"Gensokyo:MenInBlack","floor":19.0},{"not_picked":["Iron Wave","Warcry","Battle Trance"],"picked":"SKIP","floor":20.0},{"not_picked":["Shockwave+1","Sword Boomerang"],"picked":"Shrug It Off","floor":22.0},{"not_picked":["Anger","True Grit","Seeing Red"],"picked":"SKIP","floor":23.0},{"not_picked":["Sentinel","Dropkick"],"picked":"Offering","floor":27.0},{"not_picked":["Cleave","Clothesline","Battle Trance"],"picked":"SKIP","floor":30.0},{"not_picked":["Limit Break","Offering"],"picked":"Reaper","floor":33.0},{"not_picked":["Wild Strike+1","True Grit","Searing Blow+1"],"picked":"SKIP","floor":35.0},{"not_picked":["Power Through","Clash+1","Heavy Blade"],"picked":"SKIP","floor":39.0},{"not_picked":["Body Slam","Flex+1","Armaments"],"picked":"SKIP","floor":41},{"not_picked":["Thunderclap+1","Barricade+1","Anger"],"picked":"SKIP","floor":42},{"not_picked":["Body Slam+1","Iron Wave","Heavy Blade+1"],"picked":"SKIP","floor":44},{"not_picked":["Thunderclap","Uppercut","Perfected Strike+1"],"picked":"SKIP","floor":45},{"not_picked":["Perfected Strike","Anger+1","Searing Blow"],"picked":"Offering+1","floor":48},{"not_picked":["Clothesline+1","Iron Wave","Whirlwind","Ghostly Armor+1"],"picked":"SKIP","floor":54}],"player_experience":268546,"relics_obtained":[{"floor":2.0,"key":"Sundial"},{"floor":6.0,"key":"Frozen Egg 2"},{"floor":8.0,"key":"Peace Pipe"},{"floor":9.0,"key":"Gremlin Horn"},{"floor":11.0,"key":"PreservedInsect"},{"floor":23.0,"key":"Eternal Feather"},{"floor":27.0,"key":"Gensokyo:MosesMiracle"},{"floor":27.0,"key":"Thread and Needle"},{"floor":29.0,"key":"Magic Flower"},{"floor":29.0,"key":"TungstenRod"},{"floor":30.0,"key":"StrikeDummy"},{"floor":41,"key":"Centennial Puzzle"},{"floor":43,"key":"Toxic Egg 2"},{"floor":45,"key":"Question Card"},{"floor":46,"key":"Lantern"},{"floor":54,"key":"Anchor"}],"event_choices":[],"is_beta":false,"boss_relics":[{"not_picked":["Sozu","Coffee Dripper"],"picked":"Fusion Hammer"},{"not_picked":["SacredBark","Tiny House"],"picked":"Black Blood"}],"items_purged_floors":[],"is_endless":false,"potions_floor_spawned":[5,6,11,13,16,18,27,30,35,39,54],"ascension_level":5}}