{"host":"bcpyscfajg8dk59p","time":1612889183,"event":{"mods":["AchievementEnabler","Act Like it!","Aspiration","BaseMod","BetterRewards","Colored Map","Colored Powertips","Conspire","Friendly Minions","Hubris","Infinite Spire","Ironclad Rager","Minty Spire (QoL Compilation)","Permanent Neow","Quarter Circle Forward PUNCH!","Rare Cards Sparkle","Replay The Spire","StSLib","SuperFastMode","Trackpad"],"gold_per_floor":[381,331,368,79,113,113,63,63,86,104,104,104,130,130,130,247,247,275,275,316,316,316,316],"floor_reached":22,"language":"ENG","playtime":1077,"items_purged":["Strike_R","Strike_R"],"score":310,"play_id":"4f8ff4d3-6c6f-4409-ba87-60839e7f20dd","local_time":"20210209084623","is_ascension_mode":true,"campfire_choices":[{"data":"True Grit","floor":6,"key":"SMITH"},{"data":"Pommel Strike","floor":8,"key":"SMITH"},{"data":"Defend_R","floor":12,"key":"SMITH"},{"data":"Defend_R","floor":15,"key":"PURGE"}],"circlet_count":0,"master_deck":["Strike_R+1","Strike_R+1","Defend_R+1","Defend_R+1","Bash","Pommel Strike+1","True Grit+1","Flex","conspire:SpireCoStock","Metallicize","Warcry+1","Headbutt","Bludgeon+1"],"relics":["Burning Blood","infinitespire:Golems Mask","Simple Rune","Nunchaku","Gambling Chip","aspiration:PoetsPen_weak"],"acts_visited":["TheCity"],"potions_floor_usage":[13,16],"damage_taken":[{"damage":0,"enemies":"2 Louse","floor":1,"turns":3},{"damage":2,"enemies":"Small Slimes","floor":3,"turns":4},{"damage":0,"enemies":"Cultist","floor":5,"turns":4},{"damage":1,"enemies":"Blue Slaver","floor":10,"turns":6},{"damage":21,"enemies":"Lagavulin","floor":13,"turns":5},{"damage":24,"enemies":"The Guardian","floor":16,"turns":12},{"damage":47,"enemies":"3 Byrds","floor":18,"turns":7},{"damage":16,"enemies":"2 Thieves","floor":20,"turns":3},{"damage":26,"enemies":"conspire:HollyBat","floor":22,"turns":4}],"seed_played":"9138571362239196592","potions_obtained":[{"floor":5,"key":"conspire:TimeTravelPotion"},{"floor":10,"key":"DistilledChaos"}],"is_trial":false,"path_per_floor":["M","?","M","$","M","R","?","R","T","M","?","R","E","?","R_BF","B",null,"M","?","M","?","M"],"character_chosen":"IRONCLAD","items_purchased":["infinitespire:Golems Mask","Pommel Strike","True Grit","Simple Rune","Warcry+1"],"campfire_rested":0,"item_purchase_floors":[0,0,0,4,4],"current_hp_per_floor":[55,55,59,59,65,65,65,65,65,70,70,70,70,63,63,45,80,39,39,29,14,0,0],"gold":316,"neow_bonus":"","is_daily":false,"chose_seed":false,"campfire_upgraded":3,"win_rate":0.0,"timestamp":1612889183,"path_taken":["M","?","M","$","M","R","?","R","T","M","?","R","E","?","R_BF","BOSS","M","?","?","?","M"],"items_purchased_type":["Relic","Card","Card","Relic","Card"],"build_version":"2020-12-22","purchased_purges":2,"victory":false,"max_hp_per_floor":[80,80,80,80,80,80,80,80,80,80,80,80,80,80,80,80,80,80,80,80,85,85,85],"card_choices":[{"not_picked":["Iron Wave","Twin Strike"],"picked":"Flex","floor":1},{"not_picked":["Pommel Strike","Clash"],"picked":"Metallicize","floor":3},{"not_picked":["Combust","Clash","Entrench"],"picked":"SKIP","floor":5},{"not_picked":["Cleave","Thunderclap","Life Link"],"picked":"SKIP","floor":10},{"not_picked":["hubris:ReadiedAction","Wild Strike"],"picked":"Headbutt","floor":13},{"not_picked":["Replay:Many Hands","Feed"],"picked":"Bludgeon","floor":16},{"not_picked":["infinitespire:OneForAll","ReplayTheSpireMod:Limb From Limb","Cleave+1"],"picked":"SKIP","floor":18},{"not_picked":["conspire:ExplosiveBarrier","Run Through","Dropkick"],"picked":"SKIP","floor":20}],"player_experience":460502,"relics_obtained":[{"floor":9,"key":"Nunchaku"},{"floor":13,"key":"Gambling Chip"}],"event_choices":[{"damage_healed":0,"gold_gain":0,"player_choice":"Invest 1","damage_taken":0,"max_hp_gain":0,"max_hp_loss":0,"event_name":"conspire:Investor","floor":2,"gold_loss":0},{"cards_removed":["Strike_R"],"damage_healed":0,"gold_gain":0,"player_choice":"Card Removal","damage_taken":0,"max_hp_gain":0,"max_hp_loss":0,"event_name":"The Cleric","floor":7,"gold_loss":50},{"cards_removed":["Defend_R"],"damage_healed":0,"gold_gain":0,"player_choice":"Card Removal","damage_taken":7,"max_hp_gain":0,"max_hp_loss":0,"event_name":"Golden Wing","floor":14,"gold_loss":0},{"damage_healed":0,"gold_gain":0,"player_choice":"Upgraded","damage_taken":0,"max_hp_gain":0,"max_hp_loss":0,"event_name":"Upgrade Shrine","floor":19,"gold_loss":0,"cards_upgraded":["Bludgeon"]},{"damage_healed":0,"gold_gain":0,"player_choice":"Shed Blood","damage_taken":20,"max_hp_gain":5,"max_hp_loss":0,"event_name":"Forgotten Altar","floor":21,"gold_loss":0}],"is_beta":false,"boss_relics":[{"not_picked":["aspiration:SecretTechniqueScroll","hubris:Backtick"],"picked":"aspiration:PoetsPen_weak"}],"items_purged_floors":[0,4],"is_endless":false,"potions_floor_spawned":[5,10],"killed_by":"conspire:HollyBat","ascension_level":2}}