{"host":"f5gffvlv6a66yqkd","time":1612854796,"event":{"mods":["2.2 Compatiblity","BaseMod","Colored Map","Custom Start","DeckTracker","Keyboard Shortcuts","Minty Spire (QoL Compilation)","Permanent Neow","Quick Restart","Relic Stats","StSLib","SuperFastMode"],"gold_per_floor":[113,123,73,90,101,101,101,26,51,51,80,101,101,115,115,191,191,201,220,220,220,220,220],"floor_reached":22,"language":"KOR","playtime":371,"items_purged":[],"score":368,"play_id":"b1577596-4d29-442d-934d-4d11745b9477","local_time":"20210209161316","is_ascension_mode":true,"campfire_choices":[{"data":"Streamline","floor":6.0,"key":"SMITH"},{"data":"Zap","floor":13.0,"key":"SMITH"},{"data":"Dualcast","floor":15.0,"key":"SMITH"}],"circlet_count":0,"master_deck":["AscendersBane","Strike_B","Strike_B","Defend_B","Defend_B","Defend_B","Defend_B","Zap+1","Dualcast+1","Streamline+1","Compile Driver","Gash","Rebound","Glacier","Turbo","Ball Lightning","Cold Snap","Creative AI","Coolheaded","Chaos"],"relics":["Cracked Core","Eternal Feather","Blood Vial","Ornamental Fan","Odd Mushroom","Nuclear Battery","Nilry\u0027s Codex"],"acts_visited":["Exordium","TheCity"],"potions_floor_usage":[21],"damage_taken":[{"damage":1.0,"enemies":"Cultist","floor":1.0,"turns":3.0},{"damage":6.0,"enemies":"2 Louse","floor":2.0,"turns":3.0},{"damage":0.0,"enemies":"Small Slimes","floor":4.0,"turns":2.0},{"damage":9.0,"enemies":"Blue Slaver","floor":5.0,"turns":4.0},{"damage":6.0,"enemies":"Gremlin Nob","floor":11.0,"turns":3.0},{"damage":9.0,"enemies":"The Mushroom Lair","floor":12.0,"turns":4.0},{"damage":0.0,"enemies":"Looter","floor":14.0,"turns":3.0},{"damage":27.0,"enemies":"Slime Boss","floor":16.0,"turns":8.0},{"damage":8,"enemies":"Spheric Guardian","floor":18,"turns":4},{"damage":4,"enemies":"3 Byrds","floor":19,"turns":7},{"damage":22,"enemies":"Shelled Parasite and Fungi","floor":22,"turns":1}],"seed_played":"172393670253991258","potions_obtained":[{"floor":5.0,"key":"SkillPotion"},{"floor":11.0,"key":"FocusPotion"},{"floor":14.0,"key":"SmokeBomb"},{"floor":16.0,"key":"SneckoOil"},{"floor":19,"key":"Fruit Juice"}],"is_trial":false,"path_per_floor":["M","M","$","M","M","R","T","?","T","?","E","?","R","M","R","B",null,"M","M","?","?","M"],"character_chosen":"DEFECT","items_purchased":["Rebound"],"campfire_rested":0,"item_purchase_floors":[3],"current_hp_per_floor":[63,57,57,57,48,48,48,48,48,41,37,30,39,41,50,25,60,54,52,31,16,0,0],"gold":220,"neow_bonus":"THREE_CARDS","is_daily":false,"chose_seed":false,"campfire_upgraded":3,"win_rate":0.0,"timestamp":1612854796,"path_taken":["M","?","$","?","?","R","?","?","T","?","E","?","R","M","R","BOSS","M","M","?","?","M"],"items_purchased_type":["Card"],"build_version":"2020-12-22","purchased_purges":0,"victory":false,"max_hp_per_floor":[71,71,71,71,71,71,71,71,71,71,71,71,71,71,71,71,71,71,71,71,81,81,81],"relic_stats":{"Blood Vial":14,"counters":[11,42],"Ornamental Fan":[16],"Eternal Feather":18,"obtain_stats":[{"Blood Vial":9,"Ornamental Fan":11,"Nilry\u0027s Codex":20,"Eternal Feather":7,"Odd Mushroom":12,"Cracked Core":0,"Nuclear Battery":17},{"Blood Vial":4,"Ornamental Fan":5,"Nilry\u0027s Codex":10,"Eternal Feather":4,"Odd Mushroom":6,"Cracked Core":0,"Nuclear Battery":8},{"Blood Vial":12,"Ornamental Fan":15,"Nilry\u0027s Codex":41,"Eternal Feather":12,"Odd Mushroom":19,"Cracked Core":0,"Nuclear Battery":30}]},"card_choices":[{"not_picked":["Leap","BootSequence"],"picked":"Streamline","floor":0.0},{"not_picked":["Redo","Steam"],"picked":"Compile Driver","floor":1.0},{"not_picked":["Leap","Streamline"],"picked":"Gash","floor":2.0},{"not_picked":["Hologram","Turbo"],"picked":"Glacier","floor":4.0},{"not_picked":["Leap","Hologram"],"picked":"Turbo","floor":5.0},{"not_picked":["Turbo","Recycle"],"picked":"Ball Lightning","floor":11.0},{"not_picked":["Double Energy","Rebound"],"picked":"Cold Snap","floor":14.0},{"not_picked":["Buffer","Echo Form"],"picked":"Creative AI","floor":16.0},{"not_picked":["Scrape","Cold Snap+1"],"picked":"Coolheaded","floor":18},{"not_picked":["Go for the Eyes","Stack"],"picked":"Chaos","floor":19}],"player_experience":1713180,"relics_obtained":[{"floor":7.0,"key":"Eternal Feather"},{"floor":9.0,"key":"Blood Vial"},{"floor":11.0,"key":"Ornamental Fan"},{"floor":12.0,"key":"Odd Mushroom"},{"floor":20,"key":"Nilry\u0027s Codex"}],"event_choices":[{"cards_removed":["Strike_B"],"damage_healed":0.0,"max_hp_gain":0.0,"max_hp_loss":0.0,"gold_gain":0.0,"event_name":"The Cleric","player_choice":"Card Removal","floor":8.0,"gold_loss":75.0,"damage_taken":0.0},{"cards_removed":["Strike_B"],"damage_healed":0.0,"max_hp_gain":0.0,"max_hp_loss":0.0,"gold_gain":0.0,"event_name":"Golden Wing","player_choice":"Card Removal","floor":10.0,"gold_loss":0.0,"damage_taken":7.0},{"damage_healed":0.0,"max_hp_gain":0.0,"max_hp_loss":0.0,"gold_gain":0.0,"event_name":"Mushrooms","player_choice":"Fought Mushrooms","floor":12.0,"gold_loss":0.0,"damage_taken":0.0},{"damage_healed":0,"gold_gain":0,"player_choice":"Obtained Book","damage_taken":21,"max_hp_gain":0,"max_hp_loss":0,"event_name":"Cursed Tome","floor":20,"gold_loss":0},{"damage_healed":0,"gold_gain":0,"player_choice":"Shed Blood","damage_taken":25,"max_hp_gain":5,"max_hp_loss":0,"event_name":"Forgotten Altar","floor":21,"gold_loss":0}],"is_beta":false,"boss_relics":[{"not_picked":["Ectoplasm","FrozenCore"],"picked":"Nuclear Battery"}],"items_purged_floors":[],"is_endless":false,"potions_floor_spawned":[5,11,14,16,19],"killed_by":"Shelled Parasite and Fungi","ascension_level":20}}