{"host":"kh6fvhxn285ncg0o","time":1612850071,"event":{"mods":["Act Like it!","BaseMod","Colored Map","Friendly Minions","Keyboard Shortcuts","Minty Spire (QoL Compilation)","Quick Restart","Relic Stats","StSLib","SuperFastMode","UnlockEverythingMod"],"gold_per_floor":[117,117,117,117,138,138,469,76,76,76,91,105,136,8,8,102,102,121,161,186,202,202,202,202],"floor_reached":23,"language":"KOR","playtime":695,"items_purged":["Strike_G","Defend_G"],"score":498,"play_id":"a3d2df65-2691-44cc-854e-b3246f81bac3","local_time":"20210209145431","is_ascension_mode":true,"campfire_choices":[{"data":"Apotheosis","floor":6.0,"key":"SMITH"},{"floor":10.0,"key":"REST"},{"data":"Well Laid Plans","floor":15,"key":"SMITH"}],"circlet_count":0,"master_deck":["AscendersBane","Strike_G","Strike_G","Strike_G","Strike_G","Defend_G","Defend_G","Defend_G","Defend_G","Survivor","Neutralize","Apotheosis+1","Blade Dance","Eviscerate","Acrobatics","Well Laid Plans+1","Tactician","Infinite Blades","Prepared","Die Die Die+1","Backstab+1","Finisher+1","Eviscerate+1"],"relics":["Ring of the Snake","Bloody Idol","Nunchaku","Old Coin","OrangePellets","Bag of Marbles","StrikeDummy","Molten Egg 2","SlaversCollar","Red Mask"],"acts_visited":["Exordium","TheCity"],"potions_floor_usage":[13,13,21,21],"damage_taken":[{"damage":4.0,"enemies":"Jaw Worm","floor":1.0,"turns":4.0},{"damage":5.0,"enemies":"Small Slimes","floor":5.0,"turns":4.0},{"damage":12.0,"enemies":"Lagavulin","floor":7.0,"turns":7.0},{"damage":0.0,"enemies":"Cultist","floor":11.0,"turns":1.0},{"damage":1.0,"enemies":"Red Slaver","floor":12.0,"turns":3.0},{"damage":8,"enemies":"Gremlin Nob","floor":13,"turns":3},{"damage":0,"enemies":"Slime Boss","floor":16,"turns":7},{"damage":23,"enemies":"Chosen","floor":18,"turns":4},{"damage":0,"enemies":"Masked Bandits","floor":19,"turns":2},{"damage":0,"enemies":"3 Byrds","floor":20,"turns":3},{"damage":15,"enemies":"Cultist and Chosen","floor":21,"turns":5},{"damage":14,"enemies":"Gremlin Leader","floor":23,"turns":3}],"seed_played":"-5335754379373190196","potions_obtained":[{"floor":7.0,"key":"DuplicationPotion"},{"floor":12.0,"key":"BlessingOfTheForge"},{"floor":13,"key":"AttackPotion"},{"floor":19,"key":"LiquidMemories"},{"floor":20,"key":"DistilledChaos"}],"is_trial":false,"path_per_floor":["M","?","?","?","M","R","E","$","T","R","M","M","E","$","R","B",null,"M","?","M","M","?","E"],"character_chosen":"THE_SILENT","items_purchased":["OrangePellets","Bag of Marbles","Prepared"],"campfire_rested":1,"item_purchase_floors":[8,8,14],"current_hp_per_floor":[55,54,19,19,14,14,2,2,2,18,18,17,9,9,9,9,43,20,20,20,5,5,0,0],"gold":202,"neow_bonus":"RANDOM_COLORLESS_2","is_daily":false,"chose_seed":false,"campfire_upgraded":2,"win_rate":0.0,"timestamp":1612850071,"path_taken":["M","?","?","?","M","R","E","$","T","R","?","M","E","?","R","BOSS","M","?","M","M","?","E"],"items_purchased_type":["Relic","Relic","Card"],"build_version":"2020-12-22","purchased_purges":2,"victory":false,"max_hp_per_floor":[60,54,54,54,54,54,54,54,54,54,54,54,54,54,54,54,54,54,54,54,54,54,54,54],"relic_stats":{"OrangePellets":[2],"Nunchaku":[13],"counters":[12,46],"Bloody Idol":0,"obtain_stats":[{"OrangePellets":8,"SlaversCollar":17,"Nunchaku":3,"Golden Idol":2,"Bloody Idol":22,"Molten Egg 2":13,"Bag of Marbles":8,"Red Mask":19,"StrikeDummy":9,"Ring of the Snake":0,"Old Coin":7},{"OrangePellets":3,"SlaversCollar":7,"Nunchaku":1,"Golden Idol":1,"Bloody Idol":11,"Molten Egg 2":6,"Bag of Marbles":3,"Red Mask":9,"StrikeDummy":3,"Ring of the Snake":0,"Old Coin":3},{"OrangePellets":15,"SlaversCollar":29,"Nunchaku":4,"Golden Idol":4,"Bloody Idol":43,"Molten Egg 2":22,"Bag of Marbles":15,"Red Mask":35,"StrikeDummy":15,"Ring of the Snake":0,"Old Coin":15}],"Ring of the Snake":[24]},"card_choices":[{"not_picked":["Mayhem","Sadistic Nature"],"picked":"Apotheosis","floor":0.0},{"not_picked":["Dagger Spray","Calculated Gamble"],"picked":"Blade Dance","floor":1.0},{"not_picked":["Flying Knee","Poisoned Stab"],"picked":"Eviscerate","floor":5.0},{"not_picked":["Distraction","Outmaneuver"],"picked":"Acrobatics","floor":7.0},{"not_picked":["Calculated Gamble","Deflect"],"picked":"Well Laid Plans","floor":11.0},{"not_picked":["Storm of Steel","Blade Dance"],"picked":"Tactician","floor":12.0},{"not_picked":["Skewer+1","Backflip"],"picked":"Infinite Blades","floor":13},{"not_picked":["Unload+1","Night Terror"],"picked":"Die Die Die+1","floor":16},{"not_picked":["Heel Hook+1","Underhanded Strike+1","Sucker Punch+1"],"picked":"SKIP","floor":18},{"not_picked":["Prepared","Dagger Throw+1"],"picked":"Backstab+1","floor":19},{"not_picked":["Tactician","Underhanded Strike+1"],"picked":"Finisher+1","floor":20},{"not_picked":["Flying Knee+1","Outmaneuver"],"picked":"Eviscerate+1","floor":21}],"player_experience":1347401,"relics_obtained":[{"floor":7.0,"key":"Old Coin"},{"floor":9.0,"key":"StrikeDummy"},{"floor":13,"key":"Molten Egg 2"},{"floor":19,"key":"Red Mask"}],"event_choices":[{"damage_healed":0.0,"max_hp_gain":0.0,"max_hp_loss":6.0,"gold_gain":0.0,"event_name":"Golden Idol","player_choice":"Lose Max HP","floor":2.0,"gold_loss":0.0,"damage_taken":0.0,"relics_obtained":["Golden Idol"]},{"damage_healed":0.0,"max_hp_gain":0.0,"max_hp_loss":0.0,"gold_gain":0.0,"event_name":"Scrap Ooze","player_choice":"Success","floor":3.0,"gold_loss":0.0,"damage_taken":35.0,"relics_obtained":["Nunchaku"]},{"damage_healed":0.0,"max_hp_gain":0.0,"max_hp_loss":0.0,"gold_gain":0.0,"event_name":"Match and Keep!","player_choice":"0 cards matched","floor":4.0,"gold_loss":0.0,"damage_taken":0.0,"cards_obtained":[]},{"damage_healed":0,"gold_gain":0,"player_choice":"Fought Bandits","damage_taken":0,"max_hp_gain":0,"max_hp_loss":0,"event_name":"Masked Bandits","floor":19,"gold_loss":0},{"damage_healed":0,"gold_gain":0,"player_choice":"Gave Idol","damage_taken":0,"relics_obtained":["Bloody Idol"],"max_hp_gain":0,"max_hp_loss":0,"event_name":"Forgotten Altar","floor":22,"relics_lost":["Golden Idol"],"gold_loss":0}],"is_beta":false,"boss_relics":[{"not_picked":["SacredBark","Empty Cage"],"picked":"SlaversCollar"}],"items_purged_floors":[8,14],"is_endless":false,"potions_floor_spawned":[7,12,13,19,20],"killed_by":"Gremlin Leader","ascension_level":20}}