{"host":"ydh61a5ftgdajrbo","time":1612874692,"event":{"mods":["BaseMod","Colored Map","DeckTracker","Downfall","HololiveMod","Minty Spire (QoL Compilation)","Prisma Mod","Replay The Spire","Spire Arcade","StSLib","The Cursed","The Gatherer","The Jungle","The Mystic","The Runesmith","The Servant 0.9.4","WarShipGirlsR/??¤Ö¤kR mod"],"gold_per_floor":[118,118,118,137,137,137,160,203,203,203,217,233,252,267,267,267,267],"floor_reached":16,"language":"ZHS","playtime":759,"items_purged":[],"score":104,"play_id":"80ed5b7b-4868-4f5f-aba5-df7d5f20b217","local_time":"20210209204452","is_ascension_mode":false,"campfire_choices":[{"data":"Runesmith:Fortify","floor":6,"key":"SMITH"}],"circlet_count":0,"master_deck":["Runesmith:Strike_RS","Runesmith:Strike_RS","Runesmith:Strike_RS","Runesmith:Strike_RS","Runesmith:Defend_RS","Runesmith:Defend_RS+1","Runesmith:Defend_RS","Runesmith:CraftFirestone+1","Runesmith:Fortify+1","Runesmith:CraftProtectio","Runesmith:EnergizedChisel","Runesmith:HeatedChisel","Runesmith:CraftSpiculum","Pain","Runesmith:PoweredAnvil","Runesmith:Repurpose"],"relics":["Runesmith:BrokenRuby","Golden Idol","Mirror","Pantograph","WarpedTongs"],"acts_visited":["Exordium"],"potions_floor_usage":[8],"damage_taken":[{"damage":0.0,"enemies":"Cultist","floor":1.0,"turns":4.0},{"damage":0,"enemies":"2 Louse","floor":4,"turns":3},{"damage":0,"enemies":"Small Slimes","floor":7,"turns":4},{"damage":8,"enemies":"3 Sentries","floor":8,"turns":9},{"damage":12,"enemies":"Red Slaver","floor":11,"turns":4},{"damage":7,"enemies":"Exordium Wildlife","floor":12,"turns":4},{"damage":6,"enemies":"3 Louse","floor":13,"turns":3},{"damage":20,"enemies":"Blue Slaver","floor":14,"turns":4},{"damage":0,"enemies":"Hexaghost","floor":16,"turns":1}],"seed_played":"-4361437782345831545","potions_obtained":[{"floor":7,"key":"EssenceOfSteel"},{"floor":8,"key":"DistilledChaos"},{"floor":12,"key":"Flashbang"},{"floor":14,"key":"bronze:BurnAndBuffPotion"}],"is_trial":false,"path_per_floor":["M","?","?","M","?","R","M","E","T","?","M","M","M","M","R_BF","B"],"character_chosen":"RUNESMITH_CLASS","items_purchased":[],"campfire_rested":0,"item_purchase_floors":[],"current_hp_per_floor":[77,77,77,77,77,77,77,69,69,69,57,50,44,24,9,34,34],"gold":267,"neow_bonus":"TEN_PERCENT_HP_BONUS","is_daily":false,"chose_seed":false,"campfire_upgraded":1,"win_rate":0.0,"timestamp":1612874692,"path_taken":["M","?","?","M","?","R","?","E","T","?","?","M","M","M","R_BF","BOSS"],"items_purchased_type":[],"build_version":"2020-12-22","purchased_purges":0,"victory":false,"max_hp_per_floor":[77,77,77,77,77,77,77,77,77,77,77,77,77,77,77,77,77],"card_choices":[{"not_picked":["Runesmith:HeatExchange","Runesmith:Electrocute"],"picked":"Runesmith:CraftProtectio","floor":1.0},{"not_picked":["Runesmith:EarthShield","Runesmith:MakeshiftArmor"],"picked":"Runesmith:EnergizedChisel","floor":4},{"not_picked":["Runesmith:Overpower","Runesmith:CraftProtectio"],"picked":"Runesmith:HeatedChisel","floor":7},{"not_picked":["Runesmith:ElementalConversion","Runesmith:UnstableHammer"],"picked":"Runesmith:CraftSpiculum","floor":8},{"not_picked":["Runesmith:EnergizedChisel","Runesmith:HeatedChisel","Runesmith:StaticCage"],"picked":"SKIP","floor":11},{"not_picked":["Runesmith:Repurpose","Runesmith:EnergizedChisel","Runesmith:Electrocute"],"picked":"SKIP","floor":12},{"not_picked":["Runesmith:EarthShield","Runesmith:RunicBlueprint"],"picked":"Runesmith:PoweredAnvil","floor":13},{"not_picked":["Runesmith:Accelerate","Runesmith:BackupBattery"],"picked":"Runesmith:Repurpose","floor":14}],"player_experience":375886,"relics_obtained":[{"floor":8,"key":"Mirror"},{"floor":9,"key":"Pantograph"}],"event_choices":[{"damage_healed":0.0,"max_hp_gain":0.0,"max_hp_loss":0.0,"gold_gain":0.0,"event_name":"Golden Idol","player_choice":"Take Wound","floor":2.0,"gold_loss":0.0,"damage_taken":0.0,"relics_obtained":["Golden Idol"],"cards_obtained":["Injury"]},{"cards_removed":["Injury"],"damage_healed":0,"gold_gain":0,"player_choice":"Purged","damage_taken":0,"max_hp_gain":0,"max_hp_loss":0,"event_name":"Purifier","floor":5,"gold_loss":0},{"damage_healed":0,"gold_gain":0,"player_choice":"Rummage","damage_taken":0,"relics_obtained":["WarpedTongs"],"max_hp_gain":0,"max_hp_loss":0,"event_name":"Accursed Blacksmith","floor":10,"gold_loss":0,"cards_obtained":["Pain"]},{"damage_healed":0,"gold_gain":0,"player_choice":"Entered Light","damage_taken":15,"max_hp_gain":0,"max_hp_loss":0,"event_name":"Shining Light","floor":15,"gold_loss":0,"cards_upgraded":["Runesmith:Defend_RS","Runesmith:CraftFirestone"]}],"is_beta":false,"boss_relics":[],"items_purged_floors":[],"is_endless":false,"potions_floor_spawned":[7,8,12,14],"killed_by":"Hexaghost","ascension_level":0}}