{"host":"mychigd5o98hbqtx","time":1612893268,"event":{"mods":["2.2 Compatiblity","Act Like it!","Aspiration","BaseMod","Better Sensory Stone","Better Third Choice","BetterRewards","Block Reminder","Bossed Relics","Fox Events","Friendly Minions","GifTheSpireLib","Jedi Mod","Minty Spire (QoL Compilation)","Pale of the Ancients","Reliquary","Replay The Spire","StSLib","SuperFastMode","Wandering Minibosses"],"gold_per_floor":[114,114,132,132,57,57,76,106,160,0,0,19,19,29,29,130,130,146,146,164,176,24,24,24],"floor_reached":23,"language":"RUS","playtime":580,"items_purged":["Strike_B"],"score":191,"play_id":"550fadf9-9bd4-4110-95f8-2aeb5ac51145","local_time":"20210209205428","is_ascension_mode":false,"campfire_choices":[{"data":"Defragment","floor":6,"key":"SMITH"},{"data":"Static Discharge","floor":11,"key":"SMITH"},{"floor":15,"key":"DIG"}],"circlet_count":0,"master_deck":["Strike_B","Strike_B","Strike_B","Defend_B","Defend_B","Defend_B","Defend_B","Zap","Dualcast","Cold Snap","Defragment+1","Beam Cell","Static Discharge+1","Enlightenment","Beam Cell","Gash","All For One","Beam Cell","jedi:hex","Steam","Undo","Self Repair","ReplayGash"],"relics":["Cracked Core","NeowsBlessing","Replay:Baseball","Ice Cream","MealTicket","Prayer Wheel","Bottled Flame","Black Star"],"acts_visited":["Exordium","TheCity"],"potions_floor_usage":[16],"damage_taken":[{"damage":0,"enemies":"Jaw Worm","floor":1,"turns":1},{"damage":0,"enemies":"2 Louse","floor":3,"turns":1},{"damage":0,"enemies":"Cultist","floor":7,"turns":1},{"damage":14,"enemies":"Lagavulin","floor":8,"turns":6},{"damage":15,"enemies":"Exordium Wildlife","floor":12,"turns":3},{"damage":0,"enemies":"Large Slime","floor":14,"turns":5},{"damage":38,"enemies":"Hexaghost","floor":16,"turns":8},{"damage":16,"enemies":"Spheric Guardian","floor":18,"turns":4},{"damage":25,"enemies":"Shell Parasite","floor":20,"turns":5},{"damage":22,"enemies":"Snake Plant","floor":21,"turns":3},{"damage":47,"enemies":"Gremlin Leader","floor":23,"turns":5}],"seed_played":"488997597334040280","potions_obtained":[{"floor":3,"key":"LiquidBronze"},{"floor":16,"key":"FearPotion"},{"floor":18,"key":"BlessingOfTheForge"}],"is_trial":false,"path_per_floor":["M","?","M","?","$","R","M","E","T","?","R","M","?","M","R","B",null,"M","?","M","M","$","E"],"character_chosen":"DEFECT","items_purchased":["Self Repair","ReplayGash"],"campfire_rested":0,"item_purchase_floors":[22,22],"current_hp_per_floor":[75,68,68,75,75,75,75,61,61,67,67,52,57,57,57,19,86,70,70,45,23,38,0,0],"gold":24,"neow_bonus":"THREE_ENEMY_KILL","is_daily":false,"chose_seed":false,"campfire_upgraded":2,"win_rate":0.0,"timestamp":1612893268,"path_taken":["M","?","M","?","$","R","?","E","T","?","R","M","?","M","R","BOSS","M","?","M","M","$","E"],"items_purchased_type":["Card","Card"],"build_version":"2020-12-22","purchased_purges":1,"victory":false,"max_hp_per_floor":[75,75,75,75,75,75,75,75,75,81,81,81,86,86,86,86,86,86,86,86,86,86,86,86],"card_choices":[{"not_picked":["BasicCrystalCard","Coolheaded"],"picked":"Cold Snap","floor":1},{"not_picked":["Turbo","jedi:reiji"],"picked":"Defragment","floor":3},{"not_picked":["jedi:BurstFrost","ReplayTheSpireMod:Calculation Training"],"picked":"Beam Cell","floor":7},{"not_picked":["Streamline","Sweeping Beam"],"picked":"Static Discharge","floor":8},{"not_picked":["ReplaySort","jedi:blockon"],"picked":"ReplayTheSpireMod:Fabricate Wheel","floor":12},{"not_picked":["Compile Driver","jedi:BurstLightning"],"picked":"Beam Cell","floor":14},{"not_picked":["Loop","Coolheaded"],"picked":"Gash","floor":14},{"not_picked":["jedi:studyfrost","ReplayTheSpireMod:Fabricate Wheel"],"picked":"All For One","floor":16},{"not_picked":["Darkness","BasicCrystalCard"],"picked":"Beam Cell","floor":18},{"not_picked":["ReplayTheSpireMod:GoodbyeWorld+1","Hologram","Aggregate"],"picked":"SKIP","floor":18},{"not_picked":["Coolheaded","Go for the Eyes"],"picked":"jedi:hex","floor":20},{"not_picked":["Coolheaded","jedi:locknload+1","Compile Driver"],"picked":"SKIP","floor":20},{"not_picked":["Compile Driver","jedi:darknesscall"],"picked":"Steam","floor":21},{"not_picked":["Barrage","jedi:BurstFrost"],"picked":"Undo","floor":21}],"player_experience":179505,"relics_obtained":[{"floor":8,"key":"Ice Cream"},{"floor":9,"key":"MealTicket"},{"floor":15,"key":"Bottled Flame"}],"event_choices":[{"damage_healed":0,"gold_gain":0,"player_choice":"Relic ","damage_taken":7,"max_hp_gain":0,"max_hp_loss":0,"event_name":"betterThird:BetterScrap","floor":2,"gold_loss":0,"cards_obtained":["Nirvana"]},{"damage_healed":0,"gold_gain":0,"player_choice":"RENOUNCE","damage_taken":160,"max_hp_gain":0,"max_hp_loss":0,"event_name":"betterThird:BetterSerpent","floor":10,"gold_loss":160,"cards_obtained":["Enlightenment"]},{"damage_healed":0,"gold_gain":0,"player_choice":"Donut","damage_taken":0,"max_hp_gain":5,"max_hp_loss":0,"event_name":"Big Fish","floor":13,"gold_loss":0},{"damage_healed":0,"gold_gain":0,"player_choice":"Ignored","damage_taken":0,"max_hp_gain":0,"max_hp_loss":0,"event_name":"Ghosts","floor":19,"gold_loss":0}],"is_beta":false,"boss_relics":[{"not_picked":["Fusion Hammer","aspiration:SecretTechniqueScroll"],"picked":"Black Star"}],"items_purged_floors":[5],"is_endless":false,"potions_floor_spawned":[3,16,18],"killed_by":"Gremlin Leader","ascension_level":0}}