{"host":"tcdxiwht2vajk3tk","time":1612908604,"event":{"mods":["AchievementEnabler","BaseMod","Beaked The Cultist","Colored Powertips","Conspire","Defuse TimeMaze Blight","Downfall","Halation","Hermit","Hubris","Infinite Spire","Lobotomy","LobotomyExtend","Minty Spire (QoL Compilation)","Replay The Spire","Shop Mod","StSLib","The Cursed","The Disciple"],"gold_per_floor":[115,148,160,160,8,38,38,49,72,72,72,88,88,102,102,201,201,214,231,78,78,78,104,119,119,119,119,138,148,148,182,182,280,280,280,280],"floor_reached":35,"language":"ENG","playtime":7264,"items_purged":[],"score":516,"play_id":"9eec17bb-df9e-4269-b5e2-113d1eefa6ea","local_time":"20210209171004","is_ascension_mode":true,"campfire_choices":[{"floor":7.0,"key":"REST"},{"floor":10.0,"key":"REST"},{"floor":15.0,"key":"REST"},{"data":"Pain","floor":25,"key":"SMITH"},{"floor":30,"key":"REST"},{"data":"TheCursedMod:AntiAging","floor":30,"key":"SMITH"},{"floor":32,"key":"REST"},{"data":"TheCursedMod:FleshFromBone","floor":32,"key":"SMITH"}],"circlet_count":0,"master_deck":["TheCursedMod:Strike_TheCursed+1","TheCursedMod:Strike_TheCursed+1","TheCursedMod:Strike_TheCursed+1","TheCursedMod:Strike_TheCursed+1","TheCursedMod:Defend_TheCursed+1","TheCursedMod:Defend_TheCursed+1","TheCursedMod:Defend_TheCursed+1","TheCursedMod:CursedWand","TheCursedMod:CleanUpWorkshop","TheCursedMod:Dregs","Bloodbath","TheCursedMod:CircleOfCorruption","MHz","TheCursedMod:CircleOfFlame","GreedKing","TheCursedMod:CursedStaff","TheCursedMod:HellsGateOpen","VoidDream","TheCursedMod:SpitefulStrike","OSAHOGD","TheCursedMod:FleshFromBone","Scarecrow","TheCursedMod:Stigma","BlackArmy","TheCursedMod:AntiAging+1","CENSORED","TheCursedMod:SoulReap","SingingMachine","TheCursedMod:SoulCrush","Languid","DreamingCurrent","infinitespire:UltimateForm+1","TheCursedMod:CursedBlade","TheCursedMod:RavingStaff","TheCursedMod:FleshFromBone+1","Scorched","TheCursedMod:CircleOfFocus+1","BodiesMountain","TheCursedMod:CircleOfCorruption","FieryBird","TheCursedMod:UltimatePain"],"relics":["TheCursedMod:BlackMagicAdvanced","CogitoBucket","LetterFromLob","hubris:SlimyHat","halation:PinkSoulGem","hubris:OldNail","halation:PrussianBluePaint","Bag of Preparation","AspirationHeart","WarpedTongs","MerchantsRug","Ring of Fangs","Ring of Hypnosis","Bronze Scales","TreeSap","conspire:DecoderRing","infinitespire:Magic Flask","infinitespire:Satchel","hubris:ScarierMask"],"acts_visited":["Exordium","TheCity","TheBeyond"],"potions_floor_usage":[24,24,31],"damage_taken":[{"damage":5.0,"enemies":"Small Slimes","floor":1.0,"turns":4.0},{"damage":16.0,"enemies":"conspire:MimicChest","floor":2.0,"turns":6.0},{"damage":0.0,"enemies":"Cultist","floor":3.0,"turns":4.0},{"damage":27.0,"enemies":"Gremlin Nob","floor":6.0,"turns":4.0},{"damage":3.0,"enemies":"Jaw Worm","floor":8.0,"turns":4.0},{"damage":14.0,"enemies":"Large Slime","floor":12.0,"turns":5.0},{"damage":7.0,"enemies":"Lots of Slimes","floor":14.0,"turns":4.0},{"damage":11.0,"enemies":"Slime Boss","floor":16.0,"turns":11.0},{"damage":7.0,"enemies":"Chosen","floor":18.0,"turns":5.0},{"damage":44.0,"enemies":"Shell Parasite","floor":19.0,"turns":6.0},{"damage":61,"enemies":"Nightmare","floor":23,"turns":9},{"damage":47,"enemies":"Centurion and Healer","floor":24,"turns":2},{"damage":57,"enemies":"3 Cultists","floor":28,"turns":4},{"damage":41,"enemies":"Shelled Parasite and Fungi","floor":29,"turns":4},{"damage":38,"enemies":"Book of Stabbing","floor":31,"turns":8},{"damage":88,"enemies":"conspire:MysteriousRune","floor":33,"turns":6},{"damage":237,"enemies":"Orb Walker","floor":35,"turns":14}],"seed_played":"7531881270049806960","potions_obtained":[{"floor":1.0,"key":"TheCursedMod:DregsPotion"},{"floor":2.0,"key":"FearPotion"},{"floor":12.0,"key":"BlessingOfTheForge"},{"floor":28,"key":"Weak Potion"},{"floor":29,"key":"Elixir"},{"floor":31,"key":"SpeedPotion"},{"floor":33,"key":"ColorlessPotion"}],"is_trial":false,"path_per_floor":["M","?","M","?","$","E","R","M","T","R","?","M","?","M","R","B",null,"M","M","$","?","?","NM","M","R","T","T","M","M","R","E","R","B",null,"M"],"character_chosen":"THE_CURSED","items_purchased":["hubris:OldNail","MerchantsRug"],"campfire_rested":5,"item_purchase_floors":[5,20],"current_hp_per_floor":[70,56,57,57,57,31,53,53,53,75,75,73,73,68,85,75,85,82,77,77,77,77,79,52,52,52,52,43,59,89,72,103,76,109,0,0],"gold":280,"neow_bonus":"","is_daily":false,"chose_seed":false,"campfire_upgraded":3,"win_rate":0.0,"timestamp":1612908604,"path_taken":["M","?","?","?","$","E","R","M","T","R","?","?","?","?","R","BOSS","M","M","$","?","?","NM","M","R","T","?","?","M","R","E","R","BOSS","M"],"items_purchased_type":["Relic","Relic"],"build_version":"2020-12-22","purchased_purges":0,"victory":false,"max_hp_per_floor":[75,75,75,75,75,75,75,75,75,75,75,85,85,85,85,85,85,89,92,92,92,92,98,98,98,98,98,101,103,103,106,106,109,109,115,115],"card_choices":[{"not_picked":["HeroicMonk","ShyLook","MeatLantern"],"picked":"Singing Bowl","floor":1.0},{"not_picked":["SingingMachine","FairyFestival"],"picked":"Bloodbath","floor":1.0},{"not_picked":["TheCursedMod:SaltUponWound","TheCursedMod:ReleasedStrength"],"picked":"TheCursedMod:CircleOfCorruption","floor":1.0},{"not_picked":["Mercenary","Funeral","SpiderBud"],"picked":"Singing Bowl","floor":2.0},{"not_picked":["Murderer","UniverseFragment"],"picked":"MHz","floor":2.0},{"not_picked":["TheCursedMod:PrepareRite","TheCursedMod:SpitefulStrike"],"picked":"TheCursedMod:CircleOfFlame","floor":2.0},{"not_picked":["CherryBlossoms","PunishingBird","OSAHOGD"],"picked":"Singing Bowl","floor":3.0},{"not_picked":["HeroicMonk","BeautyBeast"],"picked":"GreedKing","floor":3.0},{"not_picked":["TheCursedMod:CursedShiv","TheCursedMod:SpitefulStrike"],"picked":"TheCursedMod:CursedStaff","floor":3.0},{"not_picked":["DespairKnight","WhitesApple","CrumblingArmor"],"picked":"Singing Bowl","floor":6.0},{"not_picked":["PunishingBird","Alriune"],"picked":"FairyFestival","floor":6.0},{"not_picked":["TheCursedMod:Grudge","TheCursedMod:Obscuration"],"picked":"TheCursedMod:HellsGateOpen","floor":6.0},{"not_picked":["Murderer","Scorched"],"picked":"VoidDream","floor":8.0},{"not_picked":["TheCursedMod:CircleOfCorruption","TheCursedMod:TacticalStrike"],"picked":"TheCursedMod:SpitefulStrike","floor":8.0},{"not_picked":["Funeral","Rudolta","WallGazer"],"picked":"Singing Bowl","floor":12.0},{"not_picked":["Wellcheers","PunishingBird"],"picked":"OSAHOGD","floor":12.0},{"not_picked":["TheCursedMod:Mangle","TheCursedMod:CircleOfCorruption"],"picked":"TheCursedMod:FleshFromBone","floor":12.0},{"not_picked":["CherryBlossoms","SpiderBud","OldLady"],"picked":"Singing Bowl","floor":14.0},{"not_picked":["CherryBlossoms","Wellcheers"],"picked":"Scarecrow","floor":14.0},{"not_picked":["TheCursedMod:CircleOfCorruption","TheCursedMod:Stretching"],"picked":"TheCursedMod:Stigma","floor":14.0},{"not_picked":["CherryBlossoms","HeroicMonk","MeatLantern"],"picked":"Singing Bowl","floor":16.0},{"not_picked":["QueenBee","BigBird"],"picked":"BlackArmy","floor":16.0},{"not_picked":["TheCursedMod:NeowsMight","TheCursedMod:StunningStrike"],"picked":"TheCursedMod:AntiAging","floor":16.0},{"not_picked":["Mercenary","QueenBee"],"picked":"CENSORED","floor":18.0},{"not_picked":["TheCursedMod:WearCloak","TheCursedMod:CursedShiv+1"],"picked":"TheCursedMod:SoulReap","floor":18.0},{"not_picked":["PunishingBird","WallGazer","SpiderBud"],"picked":"Singing Bowl","floor":19.0},{"not_picked":["Wellcheers","BeautyBeast"],"picked":"SingingMachine","floor":19.0},{"not_picked":["TheCursedMod:VitalStrike","TheCursedMod:Stigma"],"picked":"TheCursedMod:SoulCrush","floor":19.0},{"not_picked":["Scorched","FieryBird","Yin"],"picked":"Singing Bowl","floor":23},{"not_picked":["FairyFestival","Wellcheers"],"picked":"DreamingCurrent","floor":23},{"not_picked":["infinitespire:SevenWalls","infinitespire:DeathsTouch"],"picked":"infinitespire:UltimateForm","floor":23},{"not_picked":["TheCursedMod:SpitefulPlan","TheCursedMod:CursedShiv"],"picked":"TheCursedMod:CursedBlade","floor":23},{"not_picked":["NakedNest","OldLady","ShyLook"],"picked":"Singing Bowl","floor":24},{"not_picked":["Rudolta","HappyTeddy"],"picked":"Yin","floor":24},{"not_picked":["TheCursedMod:SoulCrush","TheCursedMod:Wield"],"picked":"TheCursedMod:RavingStaff","floor":24},{"not_picked":["TheCursedMod:Torture","TheCursedMod:Stigma+1"],"picked":"TheCursedMod:FleshFromBone","floor":28},{"not_picked":["GalaxyChild","BeautyBeast","WhitesApple"],"picked":"Singing Bowl","floor":29},{"not_picked":["PunishingBird","Wellcheers"],"picked":"Scorched","floor":29},{"not_picked":["TheCursedMod:Stretching+1","TheCursedMod:CursedMace"],"picked":"TheCursedMod:CircleOfFocus+1","floor":29},{"not_picked":["NakedNest","SilentOrchestra"],"picked":"BodiesMountain","floor":31},{"not_picked":["TheCursedMod:CursedAmulet+1","TheCursedMod:CursedShiv"],"picked":"TheCursedMod:CircleOfCorruption","floor":31},{"not_picked":["DespairKnight","NakedNest","SpiderBud"],"picked":"Singing Bowl","floor":33},{"not_picked":["BigBadWolf","FairyFestival"],"picked":"FieryBird","floor":33},{"not_picked":["TheCursedMod:ParallelWorld","TheCursedMod:DarkBarrier"],"picked":"TheCursedMod:UltimatePain","floor":33}],"player_experience":1717623,"relics_obtained":[{"floor":1.0,"key":"LetterFromLob"},{"floor":2.0,"key":"hubris:SlimyHat"},{"floor":6.0,"key":"halation:PrussianBluePaint"},{"floor":9.0,"key":"Bag of Preparation"},{"floor":22.0,"key":"Ring of Fangs"},{"floor":22.0,"key":"Ring of Hypnosis"},{"floor":23,"key":"Bronze Scales"},{"floor":26,"key":"conspire:DecoderRing"},{"floor":27,"key":"infinitespire:Magic Flask"},{"floor":31,"key":"infinitespire:Satchel"}],"event_choices":[{"cards_removed":["FairyFestival"],"damage_healed":0.0,"max_hp_gain":0.0,"max_hp_loss":0.0,"gold_gain":0.0,"event_name":"Purifier","player_choice":"Purged","floor":11.0,"gold_loss":0.0,"damage_taken":0.0},{"damage_healed":0.0,"max_hp_gain":0.0,"max_hp_loss":0.0,"gold_gain":0.0,"event_name":"Accursed Blacksmith","player_choice":"Rummage","floor":13.0,"gold_loss":0.0,"damage_taken":0.0,"relics_obtained":["WarpedTongs"],"cards_obtained":["Pain"]},{"damage_healed":0.0,"max_hp_gain":0.0,"max_hp_loss":0.0,"gold_gain":0.0,"event_name":"Back to Basics","player_choice":"Simplicity","floor":21.0,"gold_loss":0.0,"damage_taken":0.0,"cards_upgraded":["TheCursedMod:Strike_TheCursed","TheCursedMod:Strike_TheCursed","TheCursedMod:Strike_TheCursed","TheCursedMod:Strike_TheCursed","TheCursedMod:Defend_TheCursed","TheCursedMod:Defend_TheCursed","TheCursedMod:Defend_TheCursed"]}],"is_beta":false,"boss_relics":[{"not_picked":["Ectoplasm","Runic Dome"],"picked":"TheCursedMod:BlackMagicAdvanced"},{"not_picked":["Fusion Hammer","Replay:Bronze Core"],"picked":"hubris:ScarierMask"}],"items_purged_floors":[],"is_endless":true,"potions_floor_spawned":[1,2,12,14,28,29,31,33],"killed_by":"Orb Walker","ascension_level":1}}