{"host":"zxo0hh95ci93qotr","time":1612856994,"event":{"mods":["AchievementEnabler","BaseMod","Googly Eyes","Minty Spire (QoL Compilation)","StSLib"],"gold_per_floor":[118,118,135,135,160,160,173,201,227,254,266,266,285,296,296,296,296],"floor_reached":16,"language":"ENG","playtime":440,"items_purged":[],"score":129,"play_id":"2ddd419a-f84b-43c2-ad8b-549a17a3ef6a","local_time":"20210209014954","is_ascension_mode":true,"campfire_choices":[{"data":"Bash","floor":6,"key":"SMITH"},{"data":"1","floor":12,"key":"LIFT"},{"data":"2","floor":15,"key":"LIFT"}],"circlet_count":0,"master_deck":["Strike_R","Strike_R","Strike_R","Strike_R","Strike_R+1","Defend_R","Defend_R","Defend_R","Defend_R","Bash+1","Headbutt+1","Sword Boomerang","Bloodletting","Armaments","Perfected Strike","Pummel","Armaments"],"relics":["Burning Blood","NeowsBlessing","Blue Candle","Tiny Chest","Girya","Omamori","Blood Vial"],"acts_visited":["Exordium"],"potions_floor_usage":[8,11,13,14],"damage_taken":[{"damage":0,"enemies":"2 Louse","floor":1,"turns":1},{"damage":0,"enemies":"Jaw Worm","floor":3,"turns":1},{"damage":0,"enemies":"Small Slimes","floor":7,"turns":1},{"damage":37,"enemies":"Lagavulin","floor":8,"turns":4},{"damage":27,"enemies":"Gremlin Nob","floor":10,"turns":4},{"damage":18,"enemies":"Exordium Thugs","floor":11,"turns":4},{"damage":0,"enemies":"Blue Slaver","floor":13,"turns":2},{"damage":4,"enemies":"Looter","floor":14,"turns":2},{"damage":23,"enemies":"The Guardian","floor":16,"turns":7}],"seed_played":"4809760718642371970","potions_obtained":[{"floor":1,"key":"DistilledChaos"},{"floor":8,"key":"DuplicationPotion"},{"floor":10,"key":"ColorlessPotion"},{"floor":11,"key":"ColorlessPotion"}],"is_trial":false,"path_per_floor":["M","?","M","?","T","R","M","E","T","E","M","R","M","M","R","B"],"character_chosen":"IRONCLAD","items_purchased":[],"campfire_rested":0,"item_purchase_floors":[],"current_hp_per_floor":[80,64,70,63,63,63,69,38,38,17,7,7,15,19,19,0,0],"gold":296,"neow_bonus":"THREE_ENEMY_KILL","is_daily":false,"chose_seed":false,"campfire_upgraded":1,"win_rate":0.0,"timestamp":1612856994,"path_taken":["M","?","M","?","?","R","?","E","T","E","M","R","M","M","R","BOSS"],"items_purchased_type":[],"build_version":"2020-12-22","purchased_purges":0,"victory":false,"max_hp_per_floor":[80,80,80,80,80,80,80,80,80,80,80,80,80,80,80,80,80],"card_choices":[{"not_picked":["Wild Strike","Infernal Blade"],"picked":"Headbutt","floor":1},{"not_picked":["Havoc","Burning Pact"],"picked":"Sword Boomerang","floor":3},{"not_picked":["Carnage","Cleave"],"picked":"Bloodletting","floor":7},{"not_picked":["Barricade","Exhume"],"picked":"Armaments","floor":8},{"not_picked":["Heavy Blade","Clash"],"picked":"Perfected Strike","floor":10},{"not_picked":["Wild Strike","Whirlwind"],"picked":"Pummel","floor":11},{"not_picked":["Iron Wave","Sword Boomerang"],"picked":"Armaments","floor":13},{"not_picked":["Flex","Armaments","Thunderclap"],"picked":"SKIP","floor":14}],"player_experience":210909,"relics_obtained":[{"floor":5,"key":"Tiny Chest"},{"floor":8,"key":"Girya"},{"floor":9,"key":"Omamori"},{"floor":10,"key":"Blood Vial"}],"event_choices":[{"damage_healed":0,"gold_gain":0,"player_choice":"Entered Light","damage_taken":16,"max_hp_gain":0,"max_hp_loss":0,"event_name":"Shining Light","floor":2,"gold_loss":0,"cards_upgraded":["Strike_R","Headbutt"]},{"damage_healed":0,"gold_gain":0,"player_choice":"Success","damage_taken":7,"relics_obtained":["Blue Candle"],"max_hp_gain":0,"max_hp_loss":0,"event_name":"Scrap Ooze","floor":4,"gold_loss":0}],"is_beta":false,"boss_relics":[],"items_purged_floors":[],"is_endless":false,"potions_floor_spawned":[1,8,10,11],"killed_by":"The Guardian","ascension_level":3}}