{"host":"w3q5ijqu8eoknil3","time":1612910888,"event":{"mods":["AchievementEnabler","BaseMod","Block Reminder","Colored Map","Colored Powertips","Curses Come First","Dark Map","Minty Spire (QoL Compilation)","Quick Restart","Relic Stats","StSLib","ojb\u0027s Better Paths Mod","ojb\u0027s Info Mod","slay the spire mod where everything is the same but ironclad has a cowboy hat"],"gold_per_floor":[118,135,135,135,152,185,185,210,210,223,240,240,253,323,323,323,323],"floor_reached":16,"language":"ENG","playtime":435,"items_purged":[],"score":218,"play_id":"45183e8c-4a1d-4e24-a6f6-80759b90b2e2","local_time":"20210209224808","is_ascension_mode":true,"campfire_choices":[{"data":"Blur","floor":7,"key":"SMITH"},{"floor":15,"key":"REST"}],"circlet_count":0,"master_deck":["AscendersBane","Strike_G","Strike_G","Strike_G","Defend_G","Defend_G","Defend_G","Defend_G","Defend_G","Survivor","Neutralize","Blur+1","Dagger Throw+1","Masterful Stab+1","Predator+1","Endless Agony+1","Calculated Gamble"],"relics":["Ring of the Snake","NeowsBlessing","Molten Egg 2","Eternal Feather","WingedGreaves","Centennial Puzzle","Ornamental Fan"],"acts_visited":["Exordium"],"potions_floor_usage":[6,8,16,16],"damage_taken":[{"damage":0,"enemies":"2 Louse","floor":1,"turns":1},{"damage":0,"enemies":"Jaw Worm","floor":2,"turns":1},{"damage":0,"enemies":"Cultist","floor":5,"turns":1},{"damage":31,"enemies":"3 Sentries","floor":6,"turns":13},{"damage":11,"enemies":"Lagavulin","floor":8,"turns":6},{"damage":9,"enemies":"Exordium Wildlife","floor":10,"turns":2},{"damage":0,"enemies":"Red Slaver","floor":11,"turns":1},{"damage":0,"enemies":"Large Slime","floor":13,"turns":3},{"damage":39,"enemies":"Hexaghost","floor":16,"turns":11}],"seed_played":"-8979923954080615910","potions_obtained":[{"floor":1,"key":"BlessingOfTheForge"},{"floor":5,"key":"FearPotion"},{"floor":11,"key":"Swift Potion"},{"floor":13,"key":"PowerPotion"}],"is_trial":false,"path_per_floor":["M","M","?","T","M","E","R","E","T","M","M","?","M","T","R","B"],"character_chosen":"THE_SILENT","items_purchased":[],"campfire_rested":1,"item_purchase_floors":[],"current_hp_per_floor":[59,59,52,52,52,21,30,19,19,10,10,10,10,10,38,0,0],"gold":323,"neow_bonus":"THREE_ENEMY_KILL","is_daily":false,"chose_seed":false,"campfire_upgraded":1,"win_rate":0.0,"timestamp":1612910888,"path_taken":["M","M","?","?","?","E","R","E","T","M","M","?","?","?","R","BOSS"],"items_purchased_type":[],"build_version":"2020-12-22","purchased_purges":0,"victory":false,"max_hp_per_floor":[66,66,66,66,66,66,66,66,66,66,66,66,66,66,66,66,66],"relic_stats":{"Centennial Puzzle":[6],"counters":[9,39],"Ornamental Fan":[20],"Eternal Feather":18,"obtain_stats":[{"Centennial Puzzle":9,"NeowsBlessing":0,"Ornamental Fan":14,"Molten Egg 2":4,"Eternal Feather":6,"WingedGreaves":8,"Ring of the Snake":0},{"Centennial Puzzle":5,"NeowsBlessing":0,"Ornamental Fan":8,"Molten Egg 2":2,"Eternal Feather":4,"WingedGreaves":5,"Ring of the Snake":0},{"Centennial Puzzle":22,"NeowsBlessing":0,"Ornamental Fan":28,"Molten Egg 2":2,"Eternal Feather":16,"WingedGreaves":22,"Ring of the Snake":0}],"Ring of the Snake":[19]},"card_choices":[{"not_picked":["Dodge and Roll","Infinite Blades"],"picked":"Blur","floor":1},{"not_picked":["Slice","Deflect","Flechettes"],"picked":"SKIP","floor":2},{"not_picked":["Well Laid Plans","Reflex"],"picked":"Dagger Throw+1","floor":5},{"not_picked":["Dodge and Roll","A Thousand Cuts"],"picked":"Masterful Stab+1","floor":6},{"not_picked":["Dagger Throw+1","Riddle With Holes+1"],"picked":"Predator+1","floor":8},{"not_picked":["Bane+1","Deadly Poison"],"picked":"Endless Agony+1","floor":10},{"not_picked":["Catalyst","Backflip"],"picked":"Calculated Gamble","floor":11},{"not_picked":["Backflip","Prepared","Deadly Poison"],"picked":"SKIP","floor":13}],"player_experience":1043515,"relics_obtained":[{"floor":4,"key":"Molten Egg 2"},{"floor":6,"key":"Eternal Feather"},{"floor":8,"key":"WingedGreaves"},{"floor":9,"key":"Centennial Puzzle"},{"floor":14,"key":"Ornamental Fan"}],"event_choices":[{"cards_removed":["Strike_G"],"damage_healed":0,"gold_gain":0,"player_choice":"Card Removal","damage_taken":7,"max_hp_gain":0,"max_hp_loss":0,"event_name":"Golden Wing","floor":3,"gold_loss":0},{"cards_removed":["Strike_G"],"damage_healed":0,"gold_gain":0,"player_choice":"Offered Basic","damage_taken":0,"max_hp_gain":0,"max_hp_loss":0,"event_name":"Bonfire Elementals","floor":12,"gold_loss":0}],"is_beta":false,"boss_relics":[],"items_purged_floors":[],"is_endless":false,"potions_floor_spawned":[1,5,11,13],"killed_by":"Hexaghost","ascension_level":19}}