{"host":"3jjxuhjpio8e4zkv","time":1612911230,"event":{"mods":["BaseMod","Colored Map","Highlight Path","Minty Spire (QoL Compilation)","Permanent Neow","Relic Stats","StSLib"],"gold_per_floor":[112,112,37,48,63,63,88,88,88,117,128,128,159,185,185,264,264,278,296,313,238,75,105,105,105,105],"floor_reached":25,"language":"ENG","playtime":1260,"items_purged":["Regret"],"score":548,"play_id":"e443d69d-a9ac-41b0-a10d-3b377ebe787d","local_time":"20210209175350","is_ascension_mode":true,"campfire_choices":[{"data":"Terror","floor":6.0,"key":"SMITH"},{"floor":8.0,"key":"REST"},{"floor":12.0,"key":"REST"},{"data":"Footwork","floor":15.0,"key":"SMITH"}],"circlet_count":0,"master_deck":["AscendersBane","Strike_G","Strike_G","Strike_G","Strike_G","Defend_G","Defend_G+1","Defend_G","Defend_G","Defend_G","Survivor","Neutralize","Venomology","Flying Knee","Terror+1","Footwork+1","Noxious Fumes","Dodge and Roll+1","Backstab","Dodge and Roll","Corpse Explosion","Sucker Punch","Skewer+1","Deadly Poison"],"relics":["Ring of the Snake","Pocketwatch","WingedGreaves","Regal Pillow","Bird Faced Urn","Juzu Bracelet","Snecko Eye","Toy Ornithopter","War Paint","Enchiridion"],"acts_visited":["Exordium","TheCity"],"potions_floor_usage":[16,16,19,20,23,23,25],"damage_taken":[{"damage":0.0,"enemies":"Small Slimes","floor":1.0,"turns":3.0},{"damage":2.0,"enemies":"2 Louse","floor":4.0,"turns":4.0},{"damage":0.0,"enemies":"Jaw Worm","floor":5.0,"turns":3.0},{"damage":41.0,"enemies":"Gremlin Nob","floor":7.0,"turns":4.0},{"damage":10.0,"enemies":"Lagavulin","floor":10.0,"turns":8.0},{"damage":3.0,"enemies":"2 Fungi Beasts","floor":11.0,"turns":5.0},{"damage":34.0,"enemies":"Gremlin Nob","floor":13.0,"turns":4.0},{"damage":5.0,"enemies":"3 Sentries","floor":14.0,"turns":12.0},{"damage":1,"enemies":"The Guardian","floor":16,"turns":14},{"damage":9,"enemies":"Spheric Guardian","floor":18,"turns":8},{"damage":18,"enemies":"Chosen","floor":19,"turns":7},{"damage":14,"enemies":"Snecko","floor":20,"turns":8},{"damage":21,"enemies":"Gremlin Leader","floor":23,"turns":8},{"damage":9,"enemies":"Slavers","floor":25,"turns":1}],"seed_played":"2653996435523162183","potions_obtained":[{"floor":1.0,"key":"Regen Potion"},{"floor":4.0,"key":"ColorlessPotion"},{"floor":11.0,"key":"SkillPotion"},{"floor":16,"key":"Strength Potion"},{"floor":19,"key":"Strength Potion"}],"is_trial":false,"path_per_floor":["M","?","$","M","M","R","E","R","T","E","M","R","E","E","R","B",null,"M","M","M","?","$","E","?","E"],"character_chosen":"THE_SILENT","items_purchased":["Toy Ornithopter"],"campfire_rested":2,"item_purchase_floors":[22],"current_hp_per_floor":[59,59,59,57,57,57,16,35,35,25,22,56,22,21,21,24,56,51,37,27,27,27,22,1,0,0],"gold":105,"neow_bonus":"THREE_RARE_CARDS","is_daily":false,"chose_seed":false,"campfire_upgraded":2,"win_rate":0.0,"timestamp":1612911230,"path_taken":["M","?","$","M","M","R","E","R","T","E","M","R","E","E","R","BOSS","M","M","M","?","$","E","?","E"],"items_purchased_type":["Relic"],"build_version":"2020-12-22","purchased_purges":1,"victory":false,"max_hp_per_floor":[66,66,66,66,66,66,66,66,66,66,66,66,66,66,66,66,66,66,66,66,66,66,66,66,66,66],"relic_stats":{"Regal Pillow":15,"counters":[14,89],"Bird Faced Urn":[28],"Snecko Eye":[64,76,81,53],"Juzu Bracelet":0,"War Paint":["Defend_G","Dodge and Roll"],"obtain_stats":[{"Regal Pillow":10,"Bird Faced Urn":13,"Snecko Eye":17,"Enchiridion":24,"WingedGreaves":9,"Juzu Bracelet":14,"War Paint":23,"Toy Ornithopter":22,"Ring of the Snake":0,"Pocketwatch":7},{"Regal Pillow":5,"Bird Faced Urn":7,"Snecko Eye":9,"Enchiridion":13,"WingedGreaves":4,"Juzu Bracelet":8,"War Paint":13,"Toy Ornithopter":12,"Ring of the Snake":0,"Pocketwatch":4},{"Regal Pillow":22,"Bird Faced Urn":31,"Snecko Eye":57,"Enchiridion":88,"WingedGreaves":14,"Juzu Bracelet":43,"War Paint":88,"Toy Ornithopter":80,"Ring of the Snake":0,"Pocketwatch":14}],"Toy Ornithopter":15,"Ring of the Snake":[28],"Pocketwatch":[144]},"card_choices":[{"not_picked":["Tools of the Trade","Unload"],"picked":"Venomology","floor":0.0},{"not_picked":["Sucker Punch","Bouncing Flask"],"picked":"Flying Knee","floor":1.0},{"not_picked":["Bouncing Flask","Outmaneuver"],"picked":"Terror","floor":4.0},{"not_picked":["Escape Plan","Bane","Tactician"],"picked":"SKIP","floor":5.0},{"not_picked":["Masterful Stab","Blade Dance"],"picked":"Footwork","floor":7.0},{"not_picked":["Finisher","Dagger Throw"],"picked":"Noxious Fumes","floor":10.0},{"not_picked":["Outmaneuver","Expertise"],"picked":"Dodge and Roll","floor":11.0},{"not_picked":["Reflex","Sucker Punch"],"picked":"Backstab","floor":13.0},{"not_picked":["Accuracy","Bane"],"picked":"Dodge and Roll","floor":14.0},{"not_picked":["Phantasmal Killer","Adrenaline"],"picked":"Corpse Explosion","floor":16},{"not_picked":["Underhanded Strike","Deadly Poison"],"picked":"Sucker Punch","floor":18},{"not_picked":["Deflect","Heel Hook+1"],"picked":"Skewer+1","floor":19},{"not_picked":["Setup","Sucker Punch","Bane"],"picked":"SKIP","floor":20},{"not_picked":["Poisoned Stab","Quick Slash"],"picked":"Deadly Poison","floor":23}],"player_experience":1266657,"relics_obtained":[{"floor":7.0,"key":"Pocketwatch"},{"floor":9.0,"key":"WingedGreaves"},{"floor":10.0,"key":"Regal Pillow"},{"floor":13.0,"key":"Bird Faced Urn"},{"floor":14.0,"key":"Juzu Bracelet"},{"floor":23,"key":"War Paint"},{"floor":24,"key":"Enchiridion"}],"event_choices":[{"damage_healed":0.0,"max_hp_gain":0.0,"max_hp_loss":0.0,"gold_gain":0.0,"event_name":"Liars Game","player_choice":"Ignored","floor":2.0,"gold_loss":0.0,"damage_taken":0.0},{"cards_removed":["Strike_G"],"damage_healed":0,"gold_gain":0,"player_choice":"Gave Gold","damage_taken":0,"max_hp_gain":0,"max_hp_loss":0,"event_name":"Beggar","floor":21,"gold_loss":75},{"damage_healed":0,"gold_gain":0,"player_choice":"Obtained Book","damage_taken":21,"max_hp_gain":0,"max_hp_loss":0,"event_name":"Cursed Tome","floor":24,"gold_loss":0}],"is_beta":false,"boss_relics":[{"not_picked":["SacredBark","Fusion Hammer"],"picked":"Snecko Eye"}],"items_purged_floors":[3],"is_endless":false,"potions_floor_spawned":[1,4,11,16,19],"killed_by":"Slavers","ascension_level":20}}