{"host":"l15sdf2mmi0nobpi","time":1612840262,"event":{"mods":["ATMod(°¢èªMod)","BaseMod","Highlight Path","Minty Spire (QoL Compilation)","Quick Restart","StSLib","The Runesmith","¡¾¹¦ÄÜMod¡¿Neow½±Àø"],"gold_per_floor":[118,128,128,147,184,184,42,57,57,132,158,13,13,33,33,129,129,141,501,521,521,521],"floor_reached":21,"language":"ZHS","playtime":1147,"items_purged":["Shame"],"score":181,"play_id":"1ccd028f-e133-4721-a20a-ec88885a3f53","local_time":"20210209111102","is_ascension_mode":false,"campfire_choices":[{"data":"Runesmith:Retool","floor":6.0,"key":"SMITH"},{"data":"Runesmith:LithiumIon","floor":13.0,"key":"SMITH"},{"floor":15.0,"key":"REST"}],"circlet_count":0,"master_deck":["Runesmith:Strike_RS","Runesmith:Strike_RS","Runesmith:Strike_RS","Runesmith:Strike_RS","Runesmith:Defend_RS","Runesmith:Defend_RS","Runesmith:Defend_RS","Runesmith:Defend_RS","Runesmith:CraftFirestone","Runesmith:Fortify","AT_RealColorLess+1","Runesmith:GrandSlam","Runesmith:CraftProtectio","Runesmith:Retool+1","Runesmith:LithiumIon+1","Runesmith:BackupBattery","Runesmith:BackupBattery","Runesmith:Repurpose","Runesmith:CraftMedicinae","Runesmith:CraftIncendium"],"relics":["Runesmith:BrokenRuby","AT_ATBox","Bottled Tornado","PreservedInsect","TheAbacus","Runesmith:PocketReactor"],"acts_visited":["Exordium","TheCity"],"potions_floor_usage":[20,21],"damage_taken":[{"damage":7.0,"enemies":"Jaw Worm","floor":1.0,"turns":5.0},{"damage":6.0,"enemies":"Cultist","floor":2.0,"turns":3.0},{"damage":0.0,"enemies":"2 Louse","floor":4.0,"turns":3.0},{"damage":5.0,"enemies":"Looter","floor":5.0,"turns":3.0},{"damage":22.0,"enemies":"Gremlin Gang","floor":8.0,"turns":6.0},{"damage":6.0,"enemies":"3 Sentries","floor":11.0,"turns":9.0},{"damage":4.0,"enemies":"Large Slime","floor":14.0,"turns":6.0},{"damage":17.0,"enemies":"Hexaghost","floor":16.0,"turns":9.0},{"damage":9.0,"enemies":"Chosen","floor":18.0,"turns":6.0},{"damage":10,"enemies":"3 Byrds","floor":20,"turns":3},{"damage":24,"enemies":"Cultist and Chosen","floor":21,"turns":4}],"seed_played":"8813616167231269331","potions_obtained":[{"floor":4.0,"key":"Strength Potion"},{"floor":8.0,"key":"SpeedPotion"},{"floor":11.0,"key":"LiquidBronze"},{"floor":14.0,"key":"Explosive Potion"}],"is_trial":false,"path_per_floor":["M","M","?","M","M","R","$","M","T","?","E","$","R","M","R","B",null,"M","?","M","M"],"character_chosen":"RUNESMITH_CLASS","items_purchased":["Runesmith:LithiumIon","TheAbacus"],"campfire_rested":1,"item_purchase_floors":[7,12],"current_hp_per_floor":[63,57,57,57,52,52,52,30,30,19,13,13,13,9,30,13,70,64,28,21,0,0],"gold":521,"neow_bonus":"THREE_RARE_CARDS","is_daily":false,"chose_seed":false,"campfire_upgraded":2,"win_rate":0.0,"timestamp":1612840262,"path_taken":["M","M","?","M","?","R","$","M","T","?","E","$","R","M","R","BOSS","M","?","?","M"],"items_purchased_type":["Card","Relic"],"build_version":"2020-12-22","purchased_purges":1,"victory":false,"max_hp_per_floor":[70,70,70,70,70,70,70,70,70,70,70,70,70,70,70,70,70,70,70,70,70,70],"card_choices":[{"not_picked":["Runesmith:FissionHammer","Runesmith:CraftIndustria"],"picked":"Runesmith:GrandSlam","floor":0.0},{"not_picked":["Runesmith:Overpower","Runesmith:CraftSpiculum","Runesmith:DoubleUp"],"picked":"SKIP","floor":1.0},{"not_picked":["Runesmith:StaticCage","Runesmith:DoubleUp"],"picked":"Runesmith:CraftProtectio","floor":2.0},{"not_picked":["Runesmith:CraftIncendium","Runesmith:StaticCage"],"picked":"Runesmith:Retool","floor":4.0},{"not_picked":["Runesmith:HeatExchange","Runesmith:ChiselStab","Runesmith:ShiftingStrike"],"picked":"SKIP","floor":5.0},{"not_picked":["Runesmith:EarthShield","Runesmith:HeatExchange"],"picked":"Runesmith:BackupBattery","floor":8.0},{"not_picked":["Runesmith:CraftVitae","Runesmith:LightningRod"],"picked":"Runesmith:BackupBattery","floor":11.0},{"not_picked":["Runesmith:EnergizedChisel","Runesmith:Electrocute"],"picked":"Runesmith:Repurpose","floor":14.0},{"not_picked":["Runesmith:GrandSlam","Runesmith:GenerateForcefield"],"picked":"Runesmith:CraftMedicinae","floor":16.0},{"not_picked":["Runesmith:ShiftingStrike","Runesmith:CraftSpiculum"],"picked":"Runesmith:CraftIncendium","floor":18.0},{"not_picked":["Runesmith:Discharge+1","Runesmith:Electrocute","Runesmith:ChiselStab"],"picked":"SKIP","floor":20}],"player_experience":563524,"relics_obtained":[{"floor":9.0,"key":"Bottled Tornado"},{"floor":11.0,"key":"PreservedInsect"}],"event_choices":[{"damage_healed":0.0,"max_hp_gain":0.0,"max_hp_loss":0.0,"gold_gain":0.0,"event_name":"Upgrade Shrine","player_choice":"Upgraded","floor":3.0,"gold_loss":0.0,"damage_taken":0.0,"cards_upgraded":["AT_RealColorLess"]},{"damage_healed":0.0,"max_hp_gain":0.0,"max_hp_loss":0.0,"gold_gain":75.0,"event_name":"World of Goop","player_choice":"Gather Gold","floor":10.0,"gold_loss":0.0,"damage_taken":11.0},{"damage_healed":0.0,"max_hp_gain":0.0,"max_hp_loss":0.0,"gold_gain":360.0,"event_name":"Knowing Skull","player_choice":"GOLD GOLD GOLD GOLD ","floor":19.0,"potions_obtained":[],"gold_loss":0.0,"damage_taken":36.0,"cards_obtained":[]}],"is_beta":false,"boss_relics":[{"not_picked":["Busted Crown","Tiny House"],"picked":"Runesmith:PocketReactor"}],"items_purged_floors":[7],"is_endless":false,"potions_floor_spawned":[4,8,11,14,16,18],"killed_by":"Cultist and Chosen","ascension_level":0}}