{"host":"d744ndivyohnro60","time":1612833779,"event":{"mods":["BaseMod","Bestiary","Colored Powertips","Minty Spire (QoL Compilation)","Relic Stats"],"gold_per_floor":[114,39,55,55,67,101,101,136,136,150,150,150,4,22,22,22,22],"floor_reached":16,"language":"ENG","playtime":968,"items_purged":["Strike_B"],"score":169,"play_id":"bd60d7e8-d03c-4282-a26b-b70f14296775","local_time":"20210208202259","is_ascension_mode":true,"campfire_choices":[{"data":"Dualcast","floor":12,"key":"SMITH"},{"data":"Conserve Battery","floor":15,"key":"SMITH"}],"circlet_count":0,"master_deck":["Strike_B","Strike_B","Strike_B","Defend_B","Defend_B","Defend_B","Defend_B","Dualcast+1","Cold Snap","Sweeping Beam","Steam Power","Scrape","Injury","Conserve Battery+1","Fusion+1","Glacier"],"relics":["Cracked Core","NeowsBlessing","Vajra","Golden Idol","Bottled Flame","Mercury Hourglass","DataDisk"],"acts_visited":["Exordium"],"potions_floor_usage":[6,6,6,6,6,8,16],"damage_taken":[{"damage":0,"enemies":"Jaw Worm","floor":1,"turns":1},{"damage":0,"enemies":"Cultist","floor":3,"turns":1},{"damage":0,"enemies":"Small Slimes","floor":5,"turns":1},{"damage":0,"enemies":"Gremlin Nob","floor":6,"turns":2},{"damage":26,"enemies":"Lagavulin","floor":8,"turns":6},{"damage":2,"enemies":"Blue Slaver","floor":10,"turns":3},{"damage":1,"enemies":"2 Fungi Beasts","floor":14,"turns":2},{"damage":48,"enemies":"The Guardian","floor":16,"turns":18}],"seed_played":"5588363597478147370","potions_obtained":[{"floor":1,"key":"SkillPotion"},{"floor":3,"key":"EntropicBrew"},{"floor":5,"key":"EssenceOfDarkness"},{"floor":6,"key":"SteroidPotion"}],"is_trial":false,"path_per_floor":["M","$","M","?","M","E","?","E","T","M","?","R","$","M","R","B"],"character_chosen":"DEFECT","items_purchased":["DataDisk"],"campfire_rested":0,"item_purchase_floors":[13],"current_hp_per_floor":[75,75,75,75,75,75,75,49,49,47,47,47,47,46,46,0,0],"gold":22,"neow_bonus":"THREE_ENEMY_KILL","is_daily":false,"chose_seed":false,"campfire_upgraded":2,"win_rate":0.0,"timestamp":1612833779,"path_taken":["M","$","M","?","?","E","?","E","T","M","?","R","$","M","R","BOSS"],"items_purchased_type":["Relic"],"build_version":"2020-12-22","purchased_purges":1,"victory":false,"max_hp_per_floor":[75,75,75,75,75,75,75,75,75,75,75,75,75,75,75,75,75],"relic_stats":{"counters":[8,34],"Golden Idol":14,"obtain_stats":[{"Bottled Flame":8,"DataDisk":13,"NeowsBlessing":0,"Golden Idol":7,"Vajra":6,"Cracked Core":0,"Mercury Hourglass":9},{"Bottled Flame":5,"DataDisk":6,"NeowsBlessing":0,"Golden Idol":4,"Vajra":4,"Cracked Core":0,"Mercury Hourglass":5},{"Bottled Flame":11,"DataDisk":14,"NeowsBlessing":0,"Golden Idol":5,"Vajra":5,"Cracked Core":0,"Mercury Hourglass":11}],"Mercury Hourglass":[63]},"card_choices":[{"not_picked":["Recycle","Heatsinks"],"picked":"Cold Snap","floor":1},{"not_picked":["Recycle","Beam Cell"],"picked":"Sweeping Beam","floor":3},{"not_picked":["Gash","Barrage"],"picked":"Steam Power","floor":5},{"not_picked":["Biased Cognition","Redo"],"picked":"Scrape","floor":6},{"not_picked":["Conserve Battery","Seek","Streamline"],"picked":"SKIP","floor":8},{"not_picked":["Seek","Streamline"],"picked":"Conserve Battery","floor":8},{"not_picked":["Redo","Steam"],"picked":"Fusion","floor":10},{"not_picked":["Beam Cell","Stack"],"picked":"Glacier","floor":14}],"player_experience":218952,"relics_obtained":[{"floor":6,"key":"Vajra"},{"floor":8,"key":"Bottled Flame"},{"floor":9,"key":"Mercury Hourglass"}],"event_choices":[{"cards_removed":["Zap"],"damage_healed":0,"gold_gain":0,"player_choice":"Offered Basic","damage_taken":0,"max_hp_gain":0,"max_hp_loss":0,"event_name":"Bonfire Elementals","floor":4,"gold_loss":0},{"damage_healed":0,"gold_gain":0,"player_choice":"Take Wound","damage_taken":0,"relics_obtained":["Golden Idol"],"max_hp_gain":0,"max_hp_loss":0,"event_name":"Golden Idol","floor":7,"gold_loss":0,"cards_obtained":["Injury"]},{"damage_healed":0,"gold_gain":0,"player_choice":"Grow","damage_taken":0,"max_hp_gain":0,"max_hp_loss":0,"event_name":"Living Wall","floor":11,"gold_loss":0,"cards_upgraded":["Fusion"]}],"is_beta":false,"boss_relics":[],"items_purged_floors":[2],"is_endless":false,"potions_floor_spawned":[1,3,5,6],"killed_by":"The Guardian","ascension_level":5}}