{"host":"cvgfrai8nrtinf2y","time":1612893989,"event":{"mods":["A Magickal Journey","Act Like it!","BaseMod","Better Third Choice","Challenge The Spire","Colored Map","Downfall","Gensokyo","Googly Eyes","Hermit","Highlight Path","Hubris","Infinite Spire","Minty Spire (QoL Compilation)","Rare Cards Sparkle","Relic Sorter","Remilia??????","Spicy Shops","StSLib","The Disciple","The Hierophant","The Necromancer","The Runesmith"],"gold_per_floor":[115,0,0,0,13,13,48,48,48,68,68,68],"floor_reached":11,"language":"ENG","playtime":458,"items_purged":[],"score":96,"play_id":"da771fb8-3ba4-4bbf-aa45-961b1a884a48","local_time":"20210209190629","is_ascension_mode":false,"campfire_choices":[{"data":"Magicka:ThunderstrikeCard","floor":6,"key":"SMITH"},{"data":"Magicka:SlipperyLifeCard","floor":8,"key":"SMITH"}],"circlet_count":0,"master_deck":["Magicka:BlizzardCard","Magicka:ThunderstrikeCard+1","hermit:GoldenBullet+1","Magicka:SlipperyShieldCard","Magicka:SlipperyLifeCard+1"],"relics":["Magicka:WizardStaff","NeowsBlessing","hubris:TenFootPole","Gensokyo:Mercy","Centennial Puzzle","hubris:PeanutButter"],"acts_visited":["Exordium"],"potions_floor_usage":[],"damage_taken":[{"damage":0,"enemies":"Gensokyo:Gryphon","floor":1,"turns":1},{"damage":0,"enemies":"Gensokyo:Python","floor":5,"turns":1},{"damage":0,"enemies":"Gensokyo:Aya","floor":7,"turns":1},{"damage":3,"enemies":"Gensokyo:2_Kodama","floor":10,"turns":6},{"damage":0,"enemies":"Gensokyo:Mamizou","floor":11,"turns":3}],"seed_played":"3064498277796691367","potions_obtained":[{"floor":1,"key":"Strength Potion"},{"floor":5,"key":"Swift Potion"}],"is_trial":false,"path_per_floor":["M","$","?","?","M","R","?","R","T","M","E"],"character_chosen":"MAGICKA_WIZARD","items_purchased":["Magicka:CrystallineLightningCard"],"campfire_rested":0,"item_purchase_floors":[2],"current_hp_per_floor":[40,40,32,32,32,32,32,32,32,29,40,40],"gold":68,"neow_bonus":"THREE_ENEMY_KILL","is_daily":false,"chose_seed":false,"campfire_upgraded":2,"win_rate":0.0,"timestamp":1612893989,"path_taken":["M","$","?","?","M","R","?","R","T","M","E"],"items_purchased_type":["Card"],"build_version":"2020-12-22","purchased_purges":0,"victory":false,"max_hp_per_floor":[40,40,40,40,40,40,40,40,40,40,40,40],"card_choices":[{"not_picked":["Magicka:SlipperyStoneCard","Magicka:PoisonCloudCard"],"picked":"Magicka:SlipperyShieldCard","floor":1},{"not_picked":["Magicka:WalkBackwardsCard","Magicka:DeathRayCard"],"picked":"Magicka:SlipperyLifeCard","floor":5},{"not_picked":["Magicka:SummonPhoenixCard","Magicka:CheeseCard","Magicka:FearCard"],"picked":"SKIP","floor":7},{"not_picked":["Magicka:SlideOverIceCard","Magicka:RainCard","Magicka:SlipperyLifeCard"],"picked":"SKIP","floor":10}],"player_experience":1249265,"relics_obtained":[{"floor":7,"key":"Centennial Puzzle"},{"floor":9,"key":"hubris:PeanutButter"}],"event_choices":[],"is_beta":false,"boss_relics":[],"items_purged_floors":[],"is_endless":false,"potions_floor_spawned":[1,5],"killed_by":"Gensokyo:Mamizou","ascension_level":0}}