{"host":"m7jrdcbl89w2s34c","time":1612832752,"event":{"mods":["AchievementEnabler","BaseMod","Bestiary","Block Reminder","Colored Map","Colored Powertips","Minty Spire (QoL Compilation)","Permanent Neow","Relic Stats","StSLib"],"gold_per_floor":[118,168,7,23,98,132,132,4,4,20,54,68,101,111,111,189,189,200,220,231,18,36,65,65,92,92,92,92,123,73,87,87,158,158,168,193,193,213,224,51,0,0,0,17,37,53,53,3,3,3],"floor_reached":51,"language":"ENG","playtime":3764,"items_purged":["Strike_B","Writhe"],"score":1277,"play_id":"f92b0b09-ab79-45ed-b1d4-31621e058bdd","local_time":"20210209020552","is_ascension_mode":true,"campfire_choices":[{"data":"Zap","floor":7.0,"key":"SMITH"},{"data":"Sunder","floor":15.0,"key":"SMITH"},{"data":"Creative AI","floor":24.0,"key":"SMITH"},{"data":"Defragment","floor":32.0,"key":"SMITH"},{"data":"Loop","floor":47.0,"key":"SMITH"},{"data":"Reinforced Body","floor":49.0,"key":"SMITH"}],"circlet_count":0,"master_deck":["AscendersBane","Strike_B+1","Strike_B+1","Strike_B+1","Defend_B+1","Defend_B+1","Defend_B+1","Defend_B+1","Zap+1","Dualcast","Steam","Hologram","Leap","Reinforced Body+1","Turbo","Self Repair","Sweeping Beam","Sunder+1","Go for the Eyes","Ball Lightning","Creative AI+1","Compile Driver","Ball Lightning","Conserve Battery","Loop+1","Go for the Eyes","Capacitor","Defragment+1","Steam","Core Surge","Compile Driver","FTL","Defragment+1","Chill+1","Compile Driver","Cold Snap"],"relics":["Cracked Core","Orichalcum","Sling","Eternal Feather","Akabeko","Vajra","Sundial","Coffee Dripper","Smiling Mask","Pen Nib","HornCleat","Ornamental Fan","Bottled Tornado","Busted Crown","Lizard Tail","DollysMirror","Red Mask","Mercury Hourglass"],"acts_visited":["Exordium","TheCity","TheBeyond"],"potions_floor_usage":[50,50],"damage_taken":[{"damage":8.0,"enemies":"Small Slimes","floor":1.0,"turns":3.0},{"damage":0.0,"enemies":"Cultist","floor":4.0,"turns":3.0},{"damage":14.0,"enemies":"3 Sentries","floor":6.0,"turns":8.0},{"damage":0.0,"enemies":"Jaw Worm","floor":10.0,"turns":4.0},{"damage":14.0,"enemies":"Gremlin Nob","floor":11.0,"turns":4.0},{"damage":0.0,"enemies":"3 Louse","floor":12.0,"turns":3.0},{"damage":5.0,"enemies":"3 Sentries","floor":13.0,"turns":4.0},{"damage":0.0,"enemies":"Exordium Wildlife","floor":14.0,"turns":3.0},{"damage":5.0,"enemies":"Hexaghost","floor":16.0,"turns":8.0},{"damage":24.0,"enemies":"Shell Parasite","floor":18.0,"turns":6.0},{"damage":0.0,"enemies":"Chosen","floor":19.0,"turns":4.0},{"damage":0.0,"enemies":"Snake Plant","floor":20.0,"turns":2.0},{"damage":4.0,"enemies":"3 Cultists","floor":22.0,"turns":4.0},{"damage":27.0,"enemies":"Book of Stabbing","floor":23.0,"turns":7.0},{"damage":26.0,"enemies":"Slavers","floor":25.0,"turns":5.0},{"damage":7.0,"enemies":"Gremlin Leader","floor":29.0,"turns":9.0},{"damage":12.0,"enemies":"Cultist and Chosen","floor":31.0,"turns":5.0},{"damage":17.0,"enemies":"Champ","floor":33.0,"turns":10.0},{"damage":8.0,"enemies":"3 Darklings","floor":35.0,"turns":6.0},{"damage":14.0,"enemies":"Mind Bloom Boss Battle","floor":36.0,"turns":8.0},{"damage":5.0,"enemies":"Orb Walker","floor":38.0,"turns":3.0},{"damage":18.0,"enemies":"Writhing Mass","floor":39.0,"turns":6.0},{"damage":26.0,"enemies":"Transient","floor":44.0,"turns":6.0},{"damage":0.0,"enemies":"Sphere and 2 Shapes","floor":45.0,"turns":5.0},{"damage":0.0,"enemies":"Writhing Mass","floor":46.0,"turns":7.0},{"damage":60,"enemies":"Donu and Deca","floor":50,"turns":16}],"seed_played":"3553066029511726207","potions_obtained":[{"floor":1.0,"key":"SpeedPotion"},{"floor":6.0,"key":"AttackPotion"},{"floor":13.0,"key":"SkillPotion"},{"floor":18.0,"key":"FearPotion"},{"floor":23.0,"key":"Weak Potion"},{"floor":25.0,"key":"Strength Potion"},{"floor":29.0,"key":"FearPotion"},{"floor":33.0,"key":"Fire Potion"},{"floor":36.0,"key":"BlessingOfTheForge"},{"floor":39.0,"key":"Fire Potion"},{"floor":45.0,"key":"BlessingOfTheForge"},{"floor":46.0,"key":"DistilledChaos"}],"is_trial":false,"path_per_floor":["M","?","$","M","?","E","R","$","T","M","E","M","E","M","R","B",null,"M","M","M","$","M","E","R","E","T","?","?","E","$","M","R","B",null,"M","?","?","M","M","$","?","?","T","M","M","M","R","$","R","B",null],"character_chosen":"DEFECT","items_purchased":["Sling","Reinforced Body","Turbo","Loop","SteroidPotion","DollysMirror","Cold Snap"],"campfire_rested":0,"item_purchase_floors":[3,8,8,21,21,40,48],"current_hp_per_floor":[56,56,56,56,45,31,37,37,37,37,30,37,39,39,51,53,67,50,57,57,57,60,40,55,36,36,36,36,36,36,24,39,29,61,60,53,53,55,44,44,44,44,44,18,18,25,46,46,67,14],"gold":3,"neow_bonus":"RANDOM_COMMON_RELIC","is_daily":false,"chose_seed":false,"campfire_upgraded":6,"win_rate":0.0,"timestamp":1612832752,"path_taken":["M","?","?","?","?","E","R","$","T","M","E","M","E","M","R","BOSS","M","M","M","$","M","E","R","E","T","?","?","E","?","M","R","BOSS","M","?","?","M","M","$","?","?","T","?","M","M","R","?","R","BOSS"],"items_purchased_type":["Relic","Card","Card","Card","Potion","Relic","Card"],"build_version":"2020-12-22","purchased_purges":2,"victory":true,"max_hp_per_floor":[71,71,71,71,71,71,71,71,71,71,71,71,71,71,71,71,71,71,71,71,71,71,71,71,71,71,71,71,71,71,71,71,71,71,71,71,71,71,71,71,71,67,67,67,67,67,67,67,67,67],"relic_stats":{"Lizard Tail":0,"Busted Crown":16,"counters":[26,148],"Sundial":[8],"Ornamental Fan":[76],"Eternal Feather":90,"Pen Nib":[13],"Orichalcum":[270],"Smiling Mask":50,"obtain_stats":[{"Vajra":11,"Eternal Feather":6,"Pen Nib":25,"Orichalcum":0,"Bottled Tornado":29,"Sling":3,"Smiling Mask":23,"Akabeko":9,"Mercury Hourglass":43,"Lizard Tail":36,"HornCleat":26,"Busted Crown":34,"Sundial":13,"Ornamental Fan":27,"DollysMirror":40,"Coffee Dripper":17,"Red Mask":41,"Cracked Core":0},{"Vajra":5,"Eternal Feather":3,"Pen Nib":15,"Orichalcum":0,"Bottled Tornado":16,"Sling":1,"Smiling Mask":14,"Akabeko":3,"Mercury Hourglass":22,"Lizard Tail":20,"HornCleat":15,"Busted Crown":18,"Sundial":7,"Ornamental Fan":15,"DollysMirror":22,"Coffee Dripper":9,"Red Mask":22,"Cracked Core":0},{"Vajra":22,"Eternal Feather":14,"Pen Nib":67,"Orichalcum":0,"Bottled Tornado":76,"Sling":3,"Smiling Mask":62,"Akabeko":14,"Mercury Hourglass":114,"Lizard Tail":105,"HornCleat":67,"Busted Crown":91,"Sundial":29,"Ornamental Fan":67,"DollysMirror":114,"Coffee Dripper":40,"Red Mask":114,"Cracked Core":0}],"Mercury Hourglass":[93]},"card_choices":[{"not_picked":["Force Field","Storm"],"picked":"Steam","floor":1.0},{"not_picked":["Redo","Streamline"],"picked":"Hologram","floor":4.0},{"not_picked":["Gash","Go for the Eyes"],"picked":"Leap","floor":6.0},{"not_picked":["Go for the Eyes","Leap"],"picked":"Self Repair","floor":10.0},{"not_picked":["Gash","Barrage"],"picked":"Sweeping Beam","floor":11.0},{"not_picked":["Rebound","Hologram"],"picked":"Sunder","floor":12.0},{"not_picked":["Gash","Stack"],"picked":"Go for the Eyes","floor":13.0},{"not_picked":["Gash","Reinforced Body"],"picked":"Ball Lightning","floor":14.0},{"not_picked":["Rainbow","Meteor Strike"],"picked":"Creative AI","floor":16.0},{"not_picked":["Sunder","Skim"],"picked":"Compile Driver","floor":18.0},{"not_picked":["Heatsinks","Stack"],"picked":"Ball Lightning","floor":19.0},{"not_picked":["Steam Power","Gash"],"picked":"Conserve Battery","floor":20.0},{"not_picked":["Rebound","Conserve Battery"],"picked":"Go for the Eyes","floor":22.0},{"not_picked":["Leap","Reboot"],"picked":"Capacitor","floor":23.0},{"not_picked":["Ball Lightning","Rebound"],"picked":"Defragment","floor":25.0},{"not_picked":["Genetic Algorithm","Blizzard+1","Gash"],"picked":"SKIP","floor":29.0},{"not_picked":["Ball Lightning","Reprogram"],"picked":"Steam","floor":31.0},{"not_picked":["Thunder Strike","Fission"],"picked":"Core Surge","floor":33.0},{"not_picked":[],"picked":"Compile Driver","floor":35.0},{"not_picked":[],"picked":"FTL","floor":38.0},{"not_picked":["Undo"],"picked":"SKIP","floor":39.0},{"not_picked":[],"picked":"Chill+1","floor":44.0},{"not_picked":[],"picked":"Compile Driver","floor":45.0},{"not_picked":["Blizzard"],"picked":"SKIP","floor":46.0}],"player_experience":268177,"relics_obtained":[{"floor":6.0,"key":"Eternal Feather"},{"floor":9.0,"key":"Akabeko"},{"floor":11.0,"key":"Vajra"},{"floor":13.0,"key":"Sundial"},{"floor":23.0,"key":"Smiling Mask"},{"floor":25.0,"key":"Pen Nib"},{"floor":26.0,"key":"HornCleat"},{"floor":29.0,"key":"Bottled Tornado"},{"floor":36.0,"key":"Lizard Tail"},{"floor":43.0,"key":"Mercury Hourglass"}],"event_choices":[{"damage_healed":0.0,"max_hp_gain":0.0,"max_hp_loss":0.0,"gold_gain":50.0,"event_name":"Golden Shrine","player_choice":"Pray","floor":2.0,"gold_loss":0.0,"damage_taken":0.0},{"damage_healed":0.0,"max_hp_gain":0.0,"max_hp_loss":0.0,"gold_gain":75.0,"event_name":"World of Goop","player_choice":"Gather Gold","floor":5.0,"gold_loss":0.0,"damage_taken":11.0},{"damage_healed":0.0,"max_hp_gain":0.0,"max_hp_loss":0.0,"gold_gain":0.0,"event_name":"The Mausoleum","player_choice":"Opened","floor":27.0,"gold_loss":0.0,"damage_taken":0.0,"relics_obtained":["Ornamental Fan"],"cards_obtained":["Writhe"]},{"damage_healed":0.0,"max_hp_gain":0.0,"max_hp_loss":0.0,"gold_gain":0.0,"event_name":"Back to Basics","player_choice":"Simplicity","floor":28.0,"gold_loss":0.0,"damage_taken":0.0,"cards_upgraded":["Strike_B","Strike_B","Strike_B","Defend_B","Defend_B","Defend_B","Defend_B"]},{"damage_healed":0.0,"max_hp_gain":0.0,"max_hp_loss":0.0,"gold_gain":0.0,"event_name":"MindBloom","player_choice":"Fight","floor":36.0,"gold_loss":0.0,"damage_taken":0.0},{"damage_healed":0.0,"max_hp_gain":0.0,"max_hp_loss":0.0,"gold_gain":0.0,"event_name":"SensoryStone","player_choice":"Memory 1","floor":37.0,"gold_loss":0.0,"damage_taken":0.0},{"damage_healed":0.0,"max_hp_gain":0.0,"max_hp_loss":0.0,"gold_gain":0.0,"event_name":"Tomb of Lord Red Mask","player_choice":"Paid","floor":41.0,"gold_loss":51.0,"damage_taken":0.0,"relics_obtained":["Red Mask"]},{"damage_healed":0.0,"max_hp_gain":0.0,"max_hp_loss":4.0,"gold_gain":0.0,"event_name":"Winding Halls","player_choice":"Max HP","floor":42.0,"gold_loss":0.0,"damage_taken":0.0}],"is_beta":false,"boss_relics":[{"not_picked":["Empty Cage","Velvet Choker"],"picked":"Coffee Dripper"},{"not_picked":["Fusion Hammer","Sozu"],"picked":"Busted Crown"}],"items_purged_floors":[21,30],"is_endless":false,"potions_floor_spawned":[1,6,13,14,18,23,25,29,33,36,39,45,46],"ascension_level":17}}