{"host":"x205naxbihvu3p76","time":1612862732,"event":{"mods":["AchievementEnabler","BaseMod","Minty Spire (QoL Compilation)","StSLib","SuperFastMode"],"gold_per_floor":[118,138,138,63,78,78,104,114,189,189,206,225,257,157,157,231,231,246,52,52,62,77,77,77,77,77,97,108,139,153,167,167,241,241,266,295,307,334,362,374,386,386],"floor_reached":41,"language":"KOR","playtime":1074,"items_purged":["Strike_B","Defend_B"],"score":908,"play_id":"9a4ab859-0ba8-4834-a966-c1e5bfbf1e43","local_time":"20210209182532","is_ascension_mode":true,"campfire_choices":[{"data":"Zap","floor":6,"key":"SMITH"},{"floor":10,"key":"REST"},{"floor":15,"key":"REST"},{"data":"Strike_B","floor":23,"key":"PURGE"},{"data":"Strike_B","floor":25,"key":"PURGE"},{"data":"Defend_B","floor":32,"key":"PURGE"},{"data":"Zap+1","floor":40,"key":"PURGE"}],"circlet_count":0,"master_deck":["AscendersBane","Defend_B","Defend_B","BootSequence","Ball Lightning","Chill","FTL","Biased Cognition","Barrage","Capacitor","Chill","Cold Snap","Glacier","White Noise+1","Electrodynamics","Biased Cognition","CurseOfTheBell","Self Repair+1"],"relics":["Cracked Core","NeowsBlessing","Peace Pipe","Symbiotic Virus","Ancient Tea Set","Sozu","ClockworkSouvenir","Gambling Chip","Darkstone Periapt","Calling Bell","MawBank","Pear","Ginger"],"acts_visited":["Exordium","TheCity","TheBeyond"],"potions_floor_usage":[7],"damage_taken":[{"damage":0,"enemies":"Cultist","floor":1,"turns":1},{"damage":0,"enemies":"Jaw Worm","floor":2,"turns":1},{"damage":0,"enemies":"Small Slimes","floor":5,"turns":1},{"damage":34,"enemies":"Gremlin Nob","floor":7,"turns":4},{"damage":7,"enemies":"Exordium Thugs","floor":8,"turns":4},{"damage":0,"enemies":"Large Slime","floor":11,"turns":4},{"damage":0,"enemies":"Blue Slaver","floor":12,"turns":3},{"damage":5,"enemies":"3 Sentries","floor":13,"turns":6},{"damage":48,"enemies":"Slime Boss","floor":16,"turns":6},{"damage":1,"enemies":"Spheric Guardian","floor":18,"turns":3},{"damage":5,"enemies":"Shell Parasite","floor":21,"turns":4},{"damage":5,"enemies":"3 Cultists","floor":22,"turns":6},{"damage":0,"enemies":"Cultist and Chosen","floor":27,"turns":6},{"damage":0,"enemies":"Centurion and Healer","floor":28,"turns":7},{"damage":0,"enemies":"Gremlin Leader","floor":29,"turns":6},{"damage":0,"enemies":"3 Cultists","floor":30,"turns":6},{"damage":0,"enemies":"Snecko","floor":31,"turns":6},{"damage":10,"enemies":"Champ","floor":33,"turns":14},{"damage":5,"enemies":"Orb Walker","floor":35,"turns":3},{"damage":32,"enemies":"3 Shapes","floor":36,"turns":3},{"damage":0,"enemies":"Sphere and 2 Shapes","floor":38,"turns":4},{"damage":11,"enemies":"Spire Growth","floor":39,"turns":5},{"damage":40,"enemies":"Nemesis","floor":41,"turns":13}],"seed_played":"2334815168050629546","potions_obtained":[{"floor":1,"key":"EssenceOfSteel"},{"floor":5,"key":"ColorlessPotion"},{"floor":11,"key":"SpeedPotion"},{"floor":12,"key":"Block Potion"},{"floor":16,"key":"DuplicationPotion"}],"is_trial":false,"path_per_floor":["M","M","?","$","M","R","E","M","T","R","M","M","E","$","R","B",null,"M","$","?","M","M","R","?","R","T","M","M","E","M","M","R","B",null,"M","M","?","M","M","R","E"],"character_chosen":"DEFECT","items_purchased":["ClockworkSouvenir","Chill"],"campfire_rested":2,"item_purchase_floors":[19,19],"current_hp_per_floor":[64,64,64,64,64,64,30,23,23,44,44,44,39,39,60,12,56,55,55,55,50,45,45,45,45,45,45,45,45,45,45,45,35,78,73,41,41,41,40,40,0,0],"gold":386,"neow_bonus":"THREE_ENEMY_KILL","is_daily":false,"chose_seed":false,"campfire_upgraded":1,"win_rate":0.0,"timestamp":1612862732,"path_taken":["M","?","?","$","?","R","E","M","T","R","M","M","E","$","R","BOSS","M","$","?","M","M","R","?","R","T","M","?","E","M","M","R","BOSS","M","M","?","M","M","R","E"],"items_purchased_type":["Relic","Card"],"build_version":"2020-12-22","purchased_purges":2,"victory":false,"max_hp_per_floor":[71,71,71,71,71,71,71,71,71,71,71,71,71,71,71,71,71,71,71,71,71,71,71,71,71,71,71,71,71,71,71,71,71,87,87,87,87,87,87,87,87,87],"card_choices":[{"not_picked":["Heatsinks","Rebound"],"picked":"BootSequence","floor":1},{"not_picked":["Heatsinks","Go for the Eyes"],"picked":"Ball Lightning","floor":2},{"not_picked":["Turbo","Stack"],"picked":"Chill","floor":5},{"not_picked":["Redo","Gash"],"picked":"FTL","floor":7},{"not_picked":["Consume","Streamline"],"picked":"Biased Cognition","floor":8},{"not_picked":["Conserve Battery","Redo","Stack"],"picked":"SKIP","floor":11},{"not_picked":["Scrape","Leap"],"picked":"Barrage","floor":12},{"not_picked":["Chill","Scrape"],"picked":"Capacitor","floor":13},{"not_picked":["Steam Power","Ball Lightning","BootSequence"],"picked":"SKIP","floor":18},{"not_picked":["Auto Shields","Redo"],"picked":"Glacier","floor":21},{"not_picked":["Streamline","Gash","Lockon"],"picked":"SKIP","floor":22},{"not_picked":["Stack","Glacier","Skim"],"picked":"SKIP","floor":27},{"not_picked":["Rip and Tear","Glacier"],"picked":"White Noise+1","floor":28},{"not_picked":["Streamline","Go for the Eyes","Gash"],"picked":"SKIP","floor":29},{"not_picked":["Barrage","FTL","Go for the Eyes"],"picked":"SKIP","floor":30},{"not_picked":["Scrape","Barrage"],"picked":"Electrodynamics","floor":31},{"not_picked":["Buffer","Seek"],"picked":"Biased Cognition","floor":33},{"not_picked":["Turbo","Lockon","Beam Cell+1"],"picked":"SKIP","floor":35},{"not_picked":["Storm+1","Go for the Eyes"],"picked":"Self Repair+1","floor":36},{"not_picked":["Barrage","Ball Lightning","Redo"],"picked":"SKIP","floor":38},{"not_picked":["Sweeping Beam","Barrage+1","Rebound"],"picked":"SKIP","floor":39}],"player_experience":1029121,"relics_obtained":[{"floor":7,"key":"Peace Pipe"},{"floor":9,"key":"Symbiotic Virus"},{"floor":13,"key":"Ancient Tea Set"},{"floor":26,"key":"Gambling Chip"},{"floor":29,"key":"Darkstone Periapt"},{"floor":34,"key":"MawBank"},{"floor":34,"key":"Pear"},{"floor":34,"key":"Ginger"}],"event_choices":[{"cards_removed":["Strike_B"],"damage_healed":0,"gold_gain":0,"player_choice":"Card Removal","damage_taken":0,"max_hp_gain":0,"max_hp_loss":0,"event_name":"Wheel of Change","floor":3,"gold_loss":0},{"damage_healed":0,"gold_gain":0,"player_choice":"Read","damage_taken":0,"max_hp_gain":0,"max_hp_loss":0,"event_name":"The Library","floor":20,"gold_loss":0,"cards_obtained":["Cold Snap"]},{"damage_healed":0,"gold_gain":0,"player_choice":"Ignored","damage_taken":0,"max_hp_gain":0,"max_hp_loss":0,"event_name":"Ghosts","floor":24,"gold_loss":0},{"cards_removed":["Dualcast"],"damage_healed":0,"gold_gain":0,"player_choice":"Removed Skill","damage_taken":0,"max_hp_gain":0,"max_hp_loss":0,"event_name":"Falling","floor":37,"gold_loss":0}],"is_beta":false,"boss_relics":[{"not_picked":["SlaversCollar","Coffee Dripper"],"picked":"Sozu"},{"not_picked":["Black Star","Tiny House"],"picked":"Calling Bell"}],"items_purged_floors":[4,14],"is_endless":false,"potions_floor_spawned":[1,5,11,12,16,18,22,28,30,36,38],"killed_by":"Nemesis","ascension_level":20}}