{"host":"rolltorest","time":1612832873,"event":{"mods":["BaseMod","Minty Spire (QoL Compilation)","Relic Stats","Slay the Relics Exporter","StSLib"],"gold_per_floor":[119,119,134,47,197,197,228,228,228,262,262,300,300,338,338,433,433,453,503,503,503],"floor_reached":20,"language":"ENG","playtime":457,"items_purged":[],"score":542,"play_id":"de49cdb3-82b1-4044-a519-03365d2caecb","local_time":"20210208170753","is_ascension_mode":true,"campfire_choices":[{"data":"EmptyFist","floor":6,"key":"SMITH"},{"data":"Eruption","floor":8,"key":"SMITH"},{"data":"Wallop","floor":13,"key":"SMITH"},{"floor":15,"key":"REST"}],"circlet_count":0,"master_deck":["AscendersBane","Strike_P","Strike_P","Strike_P","Strike_P","Defend_P","Defend_P","Defend_P","Defend_P","Eruption+1","Vigilance","Prostrate","EmptyFist+1","Wallop+1","Doubt","FearNoEvil","Tantrum","Wireheading","WheelKick","SpiritShield","FollowUp+1"],"relics":["HolyWater","NeowsBlessing","Golden Idol","Ancient Tea Set","TeardropLocket","Regal Pillow","Art of War","PreservedInsect"],"acts_visited":["Exordium","TheCity"],"potions_floor_usage":[],"damage_taken":[{"damage":0,"enemies":"Small Slimes","floor":1,"turns":1},{"damage":0,"enemies":"Jaw Worm","floor":3,"turns":1},{"damage":0,"enemies":"Lagavulin","floor":7,"turns":1},{"damage":10,"enemies":"3 Sentries","floor":10,"turns":8},{"damage":28,"enemies":"Gremlin Nob","floor":12,"turns":4},{"damage":20,"enemies":"Lagavulin","floor":14,"turns":7},{"damage":0,"enemies":"Slime Boss","floor":16,"turns":5},{"damage":5,"enemies":"2 Thieves","floor":18,"turns":4},{"damage":0,"enemies":"3 Byrds","floor":20,"turns":2}],"seed_played":"7221659315768674164","potions_obtained":[{"floor":3,"key":"BlessingOfTheForge"},{"floor":10,"key":"SmokeBomb"},{"floor":12,"key":"Dexterity Potion"},{"floor":16,"key":"Fire Potion"}],"is_trial":false,"path_per_floor":["M","?","M","$","?","R","E","R","T","E","?","E","R","E","R","B",null,"M","?","M"],"character_chosen":"WATCHER","items_purchased":["Wallop"],"campfire_rested":1,"item_purchase_floors":[4],"current_hp_per_floor":[61,61,61,61,61,61,61,61,61,51,56,28,28,8,43,43,61,56,56,56,56],"gold":503,"neow_bonus":"THREE_ENEMY_KILL","is_daily":false,"chose_seed":false,"campfire_upgraded":3,"win_rate":0.0,"timestamp":1612832873,"path_taken":["M","?","M","$","?","R","E","R","T","E","?","E","R","E","R","BOSS","M","?","M"],"items_purchased_type":["Card"],"build_version":"2020-12-18","purchased_purges":0,"victory":false,"max_hp_per_floor":[68,62,62,62,62,62,62,62,62,62,67,67,67,67,67,67,67,67,67,67,67],"relic_stats":{"Regal Pillow":15,"counters":[9,33],"Golden Idol":55,"PreservedInsect":0,"Art of War":[1],"obtain_stats":[{"Regal Pillow":10,"NeowsBlessing":0,"Golden Idol":2,"HolyWater":17,"PreservedInsect":14,"Art of War":12,"TeardropLocket":9,"PureWater":0,"Ancient Tea Set":7},{"Regal Pillow":4,"NeowsBlessing":0,"Golden Idol":1,"HolyWater":7,"PreservedInsect":6,"Art of War":5,"TeardropLocket":3,"PureWater":0,"Ancient Tea Set":3},{"Regal Pillow":11,"NeowsBlessing":0,"Golden Idol":1,"HolyWater":27,"PreservedInsect":22,"Art of War":15,"TeardropLocket":3,"PureWater":0,"Ancient Tea Set":3}]},"card_choices":[{"not_picked":["FlyingSleeves","Evaluate"],"picked":"Prostrate","floor":1},{"not_picked":["CutThroughFate","Prostrate"],"picked":"EmptyFist","floor":3},{"not_picked":["WreathOfFlame","Prostrate"],"picked":"FearNoEvil","floor":7},{"not_picked":["Weave","SashWhip"],"picked":"Tantrum","floor":10},{"not_picked":["FollowUp","BattleHymn"],"picked":"Wireheading","floor":12},{"not_picked":["Halt","Consecrate"],"picked":"WheelKick","floor":14},{"not_picked":["Wish","DevaForm"],"picked":"SpiritShield","floor":16},{"not_picked":["Nirvana","Halt"],"picked":"FollowUp+1","floor":18}],"player_experience":1928512,"relics_obtained":[{"floor":7,"key":"Ancient Tea Set"},{"floor":9,"key":"TeardropLocket"},{"floor":10,"key":"Regal Pillow"},{"floor":12,"key":"Art of War"},{"floor":14,"key":"PreservedInsect"}],"event_choices":[{"damage_healed":0,"gold_gain":0,"player_choice":"Lose Max HP","damage_taken":0,"relics_obtained":["Golden Idol"],"max_hp_gain":0,"max_hp_loss":6,"event_name":"Golden Idol","floor":2,"gold_loss":0},{"damage_healed":0,"gold_gain":150,"player_choice":"AGREE","damage_taken":0,"max_hp_gain":0,"max_hp_loss":0,"event_name":"Liars Game","floor":5,"gold_loss":0,"cards_obtained":["Doubt"]},{"damage_healed":0,"gold_gain":0,"player_choice":"Donut","damage_taken":0,"max_hp_gain":5,"max_hp_loss":0,"event_name":"Big Fish","floor":11,"gold_loss":0},{"damage_healed":0,"gold_gain":50,"player_choice":"Pray","damage_taken":0,"max_hp_gain":0,"max_hp_loss":0,"event_name":"Golden Shrine","floor":19,"gold_loss":0}],"is_beta":true,"boss_relics":[{"not_picked":["Ectoplasm","Cursed Key"],"picked":"HolyWater"}],"items_purged_floors":[],"is_endless":false,"potions_floor_spawned":[3,10,12,16],"killed_by":"3 Byrds","ascension_level":20}}