{"host":"at5b10nm0iti0w4x","time":1612834068,"event":{"mods":["2.2 Compatiblity","AchievementEnabler","BaseMod","Bestiary","Block Reminder","Colored Map","Colored Powertips","Highlight Path","Keyboard Shortcuts","Minty Spire (QoL Compilation)","Relic Stats","Slay the Relics Exporter","StSLib","SuperFastMode","Unknown Chances"],"gold_per_floor":[119,40,53,53,6,6,35,35,81,81,81,46,67,92,92,217,217,241,241,267,287,310,310,310,310,310,310,333,348,369,393,393,517,517,537,140,1139,0,15,15,15,15,15,15,58,109,109,124,124,124],"floor_reached":51,"language":"ENG","playtime":2268,"items_purged":["Normality"],"score":723,"play_id":"ed9bc275-26c2-494b-8dbc-e33034a97025","local_time":"20210208202748","is_ascension_mode":false,"campfire_choices":[{"data":"Dualcast","floor":6,"key":"SMITH"},{"data":"Glacier","floor":8,"key":"SMITH"},{"data":"Self Repair","floor":10,"key":"SMITH"},{"data":"Beam Cell","floor":15,"key":"SMITH"},{"data":"Rainbow","floor":27,"key":"SMITH"},{"data":"Seek","floor":32,"key":"SMITH"},{"data":"Panacea","floor":40,"key":"SMITH"},{"data":"Panacea","floor":44,"key":"SMITH"},{"data":"Panacea","floor":49,"key":"SMITH"}],"circlet_count":0,"master_deck":["Strike_B","Strike_B","Defend_B","Defend_B","Defend_B","Defend_B","Zap+1","Dualcast+1","Glacier+1","Self Repair+1","Beam Cell+1","Leap","Skim","Glacier","Creative AI+1","Darkness","Stack+1","Force Field","FTL","Rainbow+1","Capacitor","Loop","Seek+1","Reboot","CurseOfTheBell","Barrage+1","Panacea+1","Normality","Panacea+1","Defragment","Skim","Panacea+1","White Noise"],"relics":["Coffee Dripper","Tiny Chest","Oddly Smooth Stone","Golden Idol","Velvet Choker","Ancient Tea Set","The Courier","Blue Candle","Calling Bell","PreservedInsect","Sundial","Torii","HornCleat","Toy Ornithopter","Lantern","Letter Opener","Bag of Preparation","Du-Vu Doll","Meat on the Bone","White Beast Statue","Bird Faced Urn","Anchor"],"acts_visited":["Exordium","TheCity","TheBeyond"],"potions_floor_usage":[39],"damage_taken":[{"damage":2,"enemies":"2 Louse","floor":1,"turns":2},{"damage":0,"enemies":"Cultist","floor":3,"turns":4},{"damage":32,"enemies":"Gremlin Nob","floor":7,"turns":6},{"damage":0,"enemies":"Small Slimes","floor":13,"turns":3},{"damage":1,"enemies":"Red Slaver","floor":14,"turns":5},{"damage":10,"enemies":"The Guardian","floor":16,"turns":14},{"damage":9,"enemies":"Spheric Guardian","floor":18,"turns":6},{"damage":10,"enemies":"3 Byrds","floor":21,"turns":8},{"damage":4,"enemies":"Shelled Parasite and Fungi","floor":22,"turns":10},{"damage":6,"enemies":"Sentry and Sphere","floor":28,"turns":6},{"damage":35,"enemies":"3 Cultists","floor":29,"turns":8},{"damage":0,"enemies":"Snake Plant","floor":30,"turns":5},{"damage":0,"enemies":"Centurion and Healer","floor":31,"turns":6},{"damage":10,"enemies":"Automaton","floor":33,"turns":10},{"damage":0,"enemies":"Orb Walker","floor":35,"turns":5},{"damage":1,"enemies":"3 Shapes","floor":39,"turns":4},{"damage":3,"enemies":"Reptomancer","floor":45,"turns":6},{"damage":39,"enemies":"Transient","floor":48,"turns":5},{"damage":33,"enemies":"Donu and Deca","floor":50,"turns":14}],"seed_played":"-6899599108893135953","potions_obtained":[{"floor":3,"key":"LiquidBronze"},{"floor":28,"key":"SteroidPotion"},{"floor":29,"key":"Regen Potion"},{"floor":33,"key":"Strength Potion"},{"floor":39,"key":"Fruit Juice"},{"floor":45,"key":"FearPotion"}],"is_trial":false,"path_per_floor":["M","$","M","?","$","R","E","R","T","R","?","?","M","M","R","B",null,"M","?","T","M","M","?","?","T","T","R","M","M","M","M","R","B",null,"M","$","?","$","M","R","?","$","T","R","E","T","?","M","R","B",null],"character_chosen":"DEFECT","items_purchased":["Self Repair","Leap","Panacea","HornCleat","Toy Ornithopter","Panacea","Defragment","Ancient Potion","Lantern","Letter Opener","Bag of Preparation","Du-Vu Doll","Meat on the Bone"],"campfire_rested":0,"item_purchase_floors":[2,5,36,36,36,38,38,38,38,38,38,38,38],"current_hp_per_floor":[73,73,75,75,75,75,50,50,50,50,50,67,69,69,69,69,69,69,69,69,69,69,69,63,63,63,63,67,42,52,62,62,62,69,69,69,69,69,74,74,74,74,74,74,74,74,69,59,59,74],"gold":124,"neow_bonus":"BOSS_RELIC","is_daily":false,"chose_seed":false,"campfire_upgraded":9,"win_rate":0.0,"timestamp":1612834068,"path_taken":["M","$","M","?","?","R","E","R","T","R","?","?","M","M","R","BOSS","M","?","?","?","M","?","?","?","T","R","M","M","M","M","R","BOSS","M","$","?","$","M","R","?","?","T","R","E","?","?","M","R","BOSS"],"items_purchased_type":["Card","Card","Card","Relic","Relic","Card","Card","Potion","Relic","Relic","Relic","Relic","Relic"],"build_version":"2020-12-22","purchased_purges":1,"victory":true,"max_hp_per_floor":[75,75,75,75,75,75,75,75,75,75,69,69,69,69,69,69,69,69,69,69,69,69,69,69,69,69,69,69,69,69,69,69,69,69,69,69,69,69,74,74,74,74,74,74,74,74,74,74,74,74],"relic_stats":{"Torii":4,"counters":[19,127],"Golden Idol":135,"Blue Candle":[7],"PreservedInsect":60,"Bag of Preparation":[8],"Letter Opener":[153],"Sundial":[4],"Bird Faced Urn":[49],"Tiny Chest":3,"obtain_stats":[{"Lantern":38,"Torii":34,"Golden Idol":11,"Blue Candle":26,"Oddly Smooth Stone":9,"Velvet Choker":17,"The Courier":25,"PreservedInsect":34,"Bag of Preparation":38,"Letter Opener":38,"Ancient Tea Set":20,"White Beast Statue":43,"Calling Bell":34,"Du-Vu Doll":38,"Anchor":46,"HornCleat":36,"Sundial":34,"Bird Faced Urn":45,"Tiny Chest":7,"Coffee Dripper":0,"Cracked Core":0,"Toy Ornithopter":36,"Meat on the Bone":38},{"Lantern":15,"Torii":14,"Golden Idol":3,"Blue Candle":9,"Oddly Smooth Stone":3,"Velvet Choker":6,"The Courier":9,"PreservedInsect":14,"Bag of Preparation":15,"Letter Opener":15,"Ancient Tea Set":7,"White Beast Statue":16,"Calling Bell":14,"Du-Vu Doll":15,"Anchor":17,"HornCleat":15,"Sundial":14,"Bird Faced Urn":17,"Tiny Chest":3,"Coffee Dripper":0,"Cracked Core":0,"Toy Ornithopter":15,"Meat on the Bone":15},{"Lantern":98,"Torii":93,"Golden Idol":12,"Blue Candle":58,"Oddly Smooth Stone":12,"Velvet Choker":34,"The Courier":58,"PreservedInsect":93,"Bag of Preparation":98,"Letter Opener":98,"Ancient Tea Set":40,"White Beast Statue":102,"Calling Bell":93,"Du-Vu Doll":98,"Anchor":108,"HornCleat":98,"Sundial":93,"Bird Faced Urn":108,"Tiny Chest":12,"Coffee Dripper":0,"Cracked Core":0,"Toy Ornithopter":98,"Meat on the Bone":98}],"Toy Ornithopter":0,"Meat on the Bone":12},"card_choices":[{"not_picked":["Cold Snap","Sweeping Beam"],"picked":"Glacier","floor":1},{"not_picked":["Fusion","Compile Driver"],"picked":"Beam Cell","floor":3},{"not_picked":["Rebound","Stack"],"picked":"Skim","floor":7},{"not_picked":["FTL","Fusion"],"picked":"Sunder","floor":13},{"not_picked":["Conserve Battery","Auto Shields"],"picked":"Glacier","floor":14},{"not_picked":["Reboot","Buffer"],"picked":"Creative AI","floor":16},{"not_picked":["Ball Lightning","Gash+1"],"picked":"Darkness","floor":18},{"not_picked":["Gash","Conserve Battery"],"picked":"Stack+1","floor":21},{"not_picked":["FTL+1","Gash"],"picked":"Force Field","floor":22},{"not_picked":["Reprogram","Beam Cell"],"picked":"Capacitor","floor":28},{"not_picked":["Streamline","Cold Snap","Hello World+1"],"picked":"SKIP","floor":29},{"not_picked":["Stack+1","Force Field"],"picked":"Loop","floor":30},{"not_picked":["Blizzard","Hologram+1"],"picked":"Seek","floor":31},{"not_picked":["Hyperbeam","Rainbow"],"picked":"Reboot","floor":33},{"not_picked":["Melter+1","Static Discharge"],"picked":"Barrage+1","floor":35},{"not_picked":["Steam+1","Beam Cell+1","Turbo+1"],"picked":"SKIP","floor":39},{"not_picked":["Stack+1","Aggregate+1"],"picked":"Skim","floor":45},{"not_picked":["Swift Strike","Finesse"],"picked":"Panacea","floor":47},{"not_picked":["Streamline+1","Glacier"],"picked":"White Noise","floor":48}],"player_experience":79899,"relics_obtained":[{"floor":7,"key":"Tiny Chest"},{"floor":9,"key":"Oddly Smooth Stone"},{"floor":20,"key":"Ancient Tea Set"},{"floor":25,"key":"The Courier"},{"floor":26,"key":"Blue Candle"},{"floor":34,"key":"PreservedInsect"},{"floor":34,"key":"Sundial"},{"floor":34,"key":"Torii"},{"floor":43,"key":"White Beast Statue"},{"floor":45,"key":"Bird Faced Urn"},{"floor":46,"key":"Anchor"}],"event_choices":[{"damage_healed":0,"gold_gain":0,"player_choice":"Upgraded","damage_taken":0,"max_hp_gain":0,"max_hp_loss":0,"event_name":"Upgrade Shrine","floor":4,"gold_loss":0,"cards_upgraded":["Zap"]},{"damage_healed":0,"gold_gain":0,"player_choice":"Lose Max HP","damage_taken":0,"relics_obtained":["Golden Idol"],"max_hp_gain":0,"max_hp_loss":6,"event_name":"Golden Idol","floor":11,"gold_loss":0},{"damage_healed":17,"gold_gain":0,"player_choice":"Healed","damage_taken":0,"max_hp_gain":0,"max_hp_loss":0,"event_name":"The Cleric","floor":12,"gold_loss":35},{"damage_healed":0,"gold_gain":0,"player_choice":"Forge","damage_taken":0,"max_hp_gain":0,"max_hp_loss":0,"event_name":"Accursed Blacksmith","floor":19,"gold_loss":0,"cards_upgraded":["Creative AI"]},{"damage_healed":0,"gold_gain":0,"cards_transformed":["Strike_B","Strike_B"],"player_choice":"Became Test Subject","damage_taken":0,"max_hp_gain":0,"max_hp_loss":0,"event_name":"Drug Dealer","floor":23,"gold_loss":0,"cards_obtained":["FTL","Rainbow"]},{"damage_healed":0,"gold_gain":0,"player_choice":"","damage_taken":6,"max_hp_gain":0,"max_hp_loss":0,"event_name":"Knowing Skull","floor":24,"potions_obtained":[],"gold_loss":0,"cards_obtained":[]},{"damage_healed":0,"gold_gain":999,"player_choice":"Gold","damage_taken":0,"max_hp_gain":0,"max_hp_loss":0,"event_name":"MindBloom","floor":37,"gold_loss":0,"cards_obtained":["Normality","Normality"]},{"cards_removed":["Sunder"],"damage_healed":0,"gold_gain":0,"player_choice":"Removed Attack","damage_taken":0,"max_hp_gain":0,"max_hp_loss":0,"event_name":"Falling","floor":41,"gold_loss":0},{"damage_healed":0,"gold_gain":0,"player_choice":"Memory 2","damage_taken":5,"max_hp_gain":0,"max_hp_loss":0,"event_name":"SensoryStone","floor":47,"gold_loss":0}],"is_beta":false,"boss_relics":[{"not_picked":["SlaversCollar","Tiny House"],"picked":"Velvet Choker"},{"not_picked":["Cursed Key","Pandora\u0027s Box"],"picked":"Calling Bell"}],"items_purged_floors":[38],"is_endless":false,"potions_floor_spawned":[3,28,29,33,39,45,48],"ascension_level":0}}