{"host":"y7b1p9nkx4idorr2","time":1612894787,"event":{"mods":["AchievementEnabler","Act Like it!","BaseMod","Colored Map","Downfall","GifTheSpireLib","Googly Eyes","Highlight Path","Mimic Mod","Minty Spire (QoL Compilation)","Shop Mod","Spicy Shops","StSLib","Unceasing Turn Reminder"],"gold_per_floor":[199,214,230,246,259,159,195,230,243,243,243,243,243],"floor_reached":11,"language":"ENG","playtime":507,"items_purged":[],"score":90,"play_id":"a066fdfc-2117-49c9-a228-140d2d17d604","local_time":"20210209121947","is_ascension_mode":true,"campfire_choices":[{"floor":1,"key":"RECALL"},{"data":"champ:Lariat","floor":6,"key":"SMITH"},{"data":"champ:Backstep","floor":10,"key":"SMITH"}],"circlet_count":0,"master_deck":["champ:Strike","champ:Strike","champ:Strike","champ:Strike","champ:Defend","champ:Defend","champ:Defend","champ:Defend","champ:Execute","champ:Taunt","champ:BladeFlurry","champ:BerserkersShout","champ:Lariat+1","champ:Backstep+1","champ:CalledShot","champ:DefensiveStyle","champ:TornadoPunch"],"relics":["champ:ChampionCrown","downfall:HeartBlessingRed","Guardian:PocketSentry","hexamod:Sixitude"],"acts_visited":["Exordium"],"potions_floor_usage":[5],"damage_taken":[{"damage":21,"enemies":"Cultist","floor":2,"turns":5},{"damage":10,"enemies":"Small Slimes","floor":3,"turns":3},{"damage":24,"enemies":"Jaw Worm","floor":4,"turns":3},{"damage":47,"enemies":"Exordium Thugs","floor":5,"turns":4},{"damage":62,"enemies":"Exordium Wildlife","floor":7,"turns":8},{"damage":66,"enemies":"3 Sentries","floor":8,"turns":6},{"damage":15,"enemies":"Exordium Wildlife","floor":9,"turns":3},{"damage":35,"enemies":"Gremlin Nob","floor":11,"turns":3}],"seed_played":"1235177629365687251","potions_obtained":[{"floor":3,"key":"BlessingOfTheForge"}],"is_trial":false,"path_per_floor":["R","M","M","M","M","R","MIM","E","M","R","E"],"character_chosen":"THE_CHAMP","items_purchased":[],"campfire_rested":0,"item_purchase_floors":[],"current_hp_per_floor":[90,89,89,85,68,68,56,35,35,35,0,0,0],"gold":243,"neow_bonus":"HUNDRED_GOLD","is_daily":false,"chose_seed":false,"campfire_upgraded":2,"win_rate":0.0,"timestamp":1612894787,"path_taken":["R","M","M","?","M","R","MIM","E","M","R","E"],"items_purchased_type":[],"build_version":"2020-12-22","purchased_purges":0,"victory":false,"max_hp_per_floor":[90,90,90,90,90,90,90,90,90,90,90,90,90],"card_choices":[{"not_picked":["champ:TornadoPunch","champ:Shatter"],"picked":"champ:BladeFlurry","floor":2},{"not_picked":["champ:EnGarde","champ:BringItOn"],"picked":"champ:BerserkersShout","floor":3},{"not_picked":["champ:GutPunch","champ:BerserkersShout"],"picked":"champ:Lariat","floor":4},{"not_picked":["champ:ArenaPreparation","champ:DefensiveShout"],"picked":"champ:Backstep","floor":5},{"not_picked":["champ:FlashCut","champ:BringItOn"],"picked":"champ:CalledShot","floor":7},{"not_picked":["champ:Circumvent","champ:CrookedStrike"],"picked":"champ:DefensiveStyle","floor":8},{"not_picked":["champ:CrownThrow","champ:FaceSlap"],"picked":"champ:TornadoPunch","floor":9}],"player_experience":2329820,"relics_obtained":[{"floor":7,"key":"Guardian:PocketSentry"},{"floor":8,"key":"hexamod:Sixitude"}],"event_choices":[],"is_beta":false,"boss_relics":[],"items_purged_floors":[],"is_endless":false,"potions_floor_spawned":[3],"killed_by":"Gremlin Nob","ascension_level":4}}