{"host":"otf1z5955ddlv5pq","time":1612857130,"event":{"mods":["BaseMod","Better Altar","Better Match","Better Note","Better Sensory Stone","Better Skull","Better Third Choice","Colored Map","Colored Powertips","Downfall","Minty Spire (QoL Compilation)","Rare Cards Sparkle","Replay The Spire","StSLib","Synergy Search"],"gold_per_floor":[13,13,13,31,43,43,77,2,2,12,25,56,56,71,71,169,169,182,182,194,51,70,103,103,138,164,238,249,249,124,137,137,236,236,253,103,153,113,129,129,129,162,162,175,187,214,240,145,145,145,145],"floor_reached":50,"language":"ENG","playtime":21738,"items_purged":["Strike_G","Catalyst","Strike_G","Strike_G"],"score":604,"play_id":"1204693b-26ac-4a1d-bb28-a4db4f2fe026","local_time":"20210208235210","is_ascension_mode":true,"campfire_choices":[{"data":"Neutralize","floor":6.0,"key":"SMITH"},{"data":"Leg Sweep","floor":15.0,"key":"SMITH"},{"data":"Footwork","floor":24.0,"key":"SMITH"},{"data":"Dash","floor":29.0,"key":"SMITH"},{"floor":32.0,"key":"REST"},{"data":"Infinite Blades","floor":40,"key":"SMITH"},{"floor":49,"key":"REST"}],"circlet_count":0,"master_deck":["Defend_G","Defend_G","Defend_G","Defend_G","Survivor","Neutralize+1","Poisoned Stab","Bane","Dash+1","Infinite Blades+1","Footwork+1","Leg Sweep+1","Adrenaline","Blade Dance+1","Flash of Steel+1","Blade Dance+1","Backstab+1","Noxious Fumes+1","Backflip+1","Toxin Wave+1","Bouncing Flask+1","Toxin Wave+1","Deflect+1"],"relics":["Ring of the Serpent","Replay:Bottled Flurry","Ornamental Fan","Blue Doll","Pear","Gremlin Food","Regal Pillow","Pet Ghost","Replay:Multitool","Ginger","Darkstone Periapt","Replay:Mystery Machine","MealTicket","Calipers"],"acts_visited":["Exordium","TheCity","TheBeyond"],"potions_floor_usage":[39,42,44,50,50],"damage_taken":[{"damage":0.0,"enemies":"Cultist","floor":1.0,"turns":5.0},{"damage":0.0,"enemies":"2 Louse","floor":4.0,"turns":2.0},{"damage":0.0,"enemies":"Jaw Worm","floor":5.0,"turns":4.0},{"damage":3.0,"enemies":"Lagavulin","floor":7.0,"turns":5.0},{"damage":0.0,"enemies":"Blue Slaver","floor":10.0,"turns":3.0},{"damage":0.0,"enemies":"Looter","floor":11.0,"turns":4.0},{"damage":1.0,"enemies":"Replay:BlueRogue","floor":12.0,"turns":6.0},{"damage":0.0,"enemies":"2 Fungi Beasts","floor":14.0,"turns":4.0},{"damage":3.0,"enemies":"Slime Boss","floor":16.0,"turns":9.0},{"damage":10.0,"enemies":"Spheric Guardian","floor":18.0,"turns":10.0},{"damage":0.0,"enemies":"Chosen","floor":20.0,"turns":6.0},{"damage":3.0,"enemies":"Snake Plant","floor":22.0,"turns":6.0},{"damage":6.0,"enemies":"Replay:Snechameleon","floor":23.0,"turns":4.0},{"damage":0.0,"enemies":"Gremlin Leader","floor":25.0,"turns":7.0},{"damage":3.0,"enemies":"Snecko","floor":28.0,"turns":5.0},{"damage":1.0,"enemies":"Chosen and Byrds","floor":31.0,"turns":5.0},{"damage":19.0,"enemies":"Champ","floor":33.0,"turns":11.0},{"damage":4,"enemies":"3 Shapes","floor":35,"turns":4},{"damage":16,"enemies":"Mind Bloom Boss Battle","floor":37,"turns":6},{"damage":7,"enemies":"3 Darklings","floor":39,"turns":3},{"damage":3,"enemies":"Reptomancer","floor":42,"turns":9},{"damage":4,"enemies":"4 Shapes","floor":44,"turns":4},{"damage":19,"enemies":"Jaw Worm Horde","floor":45,"turns":4},{"damage":11,"enemies":"Giant Head","floor":47,"turns":9},{"damage":68,"enemies":"Time Eater","floor":50,"turns":12}],"seed_played":"1689395154793205201","potions_obtained":[{"floor":1.0,"key":"hexamod:SoulburnPotion"},{"floor":4.0,"key":"ColorlessPotion"},{"floor":5.0,"key":"Slimebound:ThreeZeroPotion"},{"floor":12.0,"key":"Elixir"},{"floor":14.0,"key":"CunningPotion"},{"floor":16.0,"key":"Weak Potion"},{"floor":18.0,"key":"Adrenaline Potion"},{"floor":20.0,"key":"LiquidBronze"},{"floor":23.0,"key":"Explosive Potion"},{"floor":27.0,"key":"BlessingOfTheForge"},{"floor":31.0,"key":"ColorlessPotion"},{"floor":33.0,"key":"Dexterity Potion"},{"floor":37,"key":"Energy Potion"},{"floor":38,"key":"CunningPotion"},{"floor":38,"key":"DuplicationPotion"},{"floor":45,"key":"Weak Potion"},{"floor":47,"key":"SpeedPotion"}],"is_trial":false,"path_per_floor":["M","$","?","M","M","R","E","$","T","M","M","E","$","M","R","B",null,"M","?","M","$","M","E","R","E","T","?","M","R","$","M","R","B",null,"M","$","?","?","M","R","?","E","T","M","M","T","E","?","R","B"],"character_chosen":"THE_SILENT","items_purchased":["Backstab+1"],"campfire_rested":2,"item_purchase_floors":[21],"current_hp_per_floor":[70,70,70,70,70,70,67,67,67,67,67,66,66,66,66,63,70,60,60,60,60,57,61,61,61,61,61,58,58,58,57,80,61,80,76,76,60,60,53,53,57,54,54,50,31,31,20,20,59,0,0],"gold":145,"neow_bonus":"REMOVE_TWO","is_daily":false,"chose_seed":false,"campfire_upgraded":5,"win_rate":0.0,"timestamp":1612857130,"path_taken":["M","?","?","M","?","R","E","$","T","M","M","E","$","M","R","BOSS","M","?","M","$","M","E","R","E","T","?","M","R","?","M","R","BOSS","M","$","?","?","?","R","?","E","T","M","?","?","E","?","R","BOSS"],"items_purchased_type":["Card"],"build_version":"2020-12-22","purchased_purges":4,"victory":false,"max_hp_per_floor":[70,70,70,70,70,70,70,70,70,70,70,70,70,70,70,70,70,70,70,70,70,70,80,80,80,80,80,80,80,80,80,80,80,80,80,80,80,80,80,80,80,80,80,80,80,80,80,80,80,80,80],"card_choices":[{"not_picked":["PiercingWail","Well Laid Plans"],"picked":"Poisoned Stab","floor":1.0},{"not_picked":["Calculated Gamble","Flechettes","Draining Mist"],"picked":"SKIP","floor":4.0},{"not_picked":["Poisoned Stab","Quick Slash"],"picked":"Bane","floor":5.0},{"not_picked":["Underhanded Strike","Quick Slash"],"picked":"Dash","floor":7.0},{"not_picked":["Bane","Underhanded Strike"],"picked":"Infinite Blades","floor":10.0},{"not_picked":["Tactician","Quick Slash"],"picked":"Catalyst","floor":11.0},{"not_picked":["Slice","Finisher"],"picked":"Footwork","floor":12.0},{"not_picked":["Backflip","Quick Slash"],"picked":"Leg Sweep","floor":14.0},{"not_picked":["A Thousand Cuts","Venomology"],"picked":"Adrenaline","floor":16.0},{"not_picked":["Sucker Punch","Catalyst+1"],"picked":"Blade Dance","floor":18.0},{"not_picked":["Quick Slash+1","Slice+1","Blade Dance+1"],"picked":"SKIP","floor":20.0},{"not_picked":["Quick Slash+1","Slice+1"],"picked":"Blade Dance+1","floor":20.0},{"not_picked":["Fluid Movement","Glass Knife"],"picked":"Noxious Fumes+1","floor":22.0},{"not_picked":["Reflex","Blade Dance","Well Laid Plans+1"],"picked":"SKIP","floor":23.0},{"not_picked":["Bane","Backflip","ReplayTheSpireMod:The Works"],"picked":"SKIP","floor":25.0},{"not_picked":["Underhanded Strike+1","Finisher"],"picked":"Backflip+1","floor":27.0},{"not_picked":["Acrobatics","Expertise"],"picked":"Toxin Wave+1","floor":28.0},{"not_picked":["Riddle With Holes","Backflip","PiercingWail"],"picked":"SKIP","floor":31.0},{"not_picked":["Dash","Bane"],"picked":"Bouncing Flask+1","floor":35},{"not_picked":["Blade Dance+1","Sneak Up"],"picked":"Toxin Wave+1","floor":37},{"not_picked":["Dagger Spray+1","Quick Slash+1","Dagger Throw"],"picked":"SKIP","floor":39},{"not_picked":["Unload","Deadly Poison","Dagger Throw+1"],"picked":"SKIP","floor":42},{"not_picked":["Masterful Stab","Underhanded Strike","Finisher+1"],"picked":"SKIP","floor":44},{"not_picked":["Blade Dance+1","PiercingWail"],"picked":"Deflect+1","floor":45},{"not_picked":["Dagger Spray+1","Expertise","Tools of the Trade"],"picked":"SKIP","floor":47}],"player_experience":1224264,"relics_obtained":[{"floor":7.0,"key":"Replay:Bottled Flurry"},{"floor":9.0,"key":"Ornamental Fan"},{"floor":12.0,"key":"Blue Doll"},{"floor":23.0,"key":"Pear"},{"floor":25.0,"key":"Gremlin Food"},{"floor":26.0,"key":"Regal Pillow"},{"floor":27.0,"key":"Pet Ghost"},{"floor":37,"key":"Replay:Multitool"},{"floor":42,"key":"Ginger"},{"floor":43,"key":"Darkstone Periapt"},{"floor":46,"key":"Replay:Mystery Machine"},{"floor":47,"key":"MealTicket"}],"event_choices":[{"cards_removed":["Strike_G"],"damage_healed":0.0,"max_hp_gain":0.0,"max_hp_loss":0.0,"gold_gain":0.0,"event_name":"Bonfire Elementals","player_choice":"Offered Basic","floor":3.0,"gold_loss":0.0,"damage_taken":0.0},{"cards_removed":["Adrenaline"],"damage_healed":0.0,"max_hp_gain":0.0,"max_hp_loss":0.0,"gold_gain":0.0,"event_name":"betterNote:BetterNote","player_choice":"Take \u0026 Give","floor":19.0,"gold_loss":0.0,"damage_taken":0.0,"cards_obtained":["Flash of Steel"]},{"damage_healed":0,"gold_gain":0,"player_choice":"Fight","damage_taken":0,"max_hp_gain":0,"max_hp_loss":0,"event_name":"MindBloom","floor":37,"gold_loss":0},{"damage_healed":0,"gold_gain":0,"player_choice":"Bought 3 Potions","damage_taken":0,"max_hp_gain":0,"max_hp_loss":0,"event_name":"The Woman in Blue","floor":38,"gold_loss":0},{"damage_healed":4,"gold_gain":0,"player_choice":"LEAVE ","damage_taken":0,"relics_obtained":[],"max_hp_gain":0,"max_hp_loss":0,"event_name":"betterSkull:BetterSkull","floor":41,"gold_loss":0,"cards_upgraded":[]},{"damage_healed":0,"gold_gain":0,"player_choice":"Paid Gold","damage_taken":0,"relics_obtained":["Calipers"],"max_hp_gain":0,"max_hp_loss":0,"event_name":"WeMeetAgain","floor":48,"gold_loss":95}],"is_beta":false,"boss_relics":[{"not_picked":["Replay:Bronze Core","Replay:Drink Me","Runic Pyramid"]},{"not_picked":["ReplayTheSpireMod:DimensionalGlitch","Calling Bell"],"picked":"Ring of the Serpent"}],"items_purged_floors":[8,21,30,36],"is_endless":false,"potions_floor_spawned":[1,4,5,12,14,16,18,20,23,31,33,37,45,47],"killed_by":"Time Eater","ascension_level":1}}