{"host":"xiain65d2hovry7l","time":1612898451,"event":{"mods":["2.2 Compatiblity","Act Like it!","BaseMod","BetterRewards","Challenge The Spire","Colored Map","Colored Powertips","Downfall","Faster Ascension Climbing","Friendly Minions","Highlight Path","Mimic Mod","Minty Spire (QoL Compilation)","Relic Sorter","StSLib","Unknown Chances"],"gold_per_floor":[99,110,124,144,204,104,131,160,1,28,28,28,39,24,38,141,141,41,54,66,86,6,6,6,6],"floor_reached":23,"language":"ENG","playtime":1394,"items_purged":["Doubt"],"score":339,"play_id":"12370abe-af33-4d4a-8fbd-038c2df09797","local_time":"20210209202051","is_ascension_mode":true,"campfire_choices":[{"floor":1,"key":"RECALL"},{"floor":6,"key":"REST"},{"floor":12,"key":"REST"},{"floor":18,"key":"REST"}],"circlet_count":0,"master_deck":["AscendersBane","Slimebound:Tackle","Slimebound:Split","Slimebound:CorrosiveSpit","Slimebound:LeadByExample","Slimebound:LeechEnergy","Slimebound:FinishingTackle","Slimebound:SplitAcid","Slimebound:GoopTackle","Slimebound:Chomp","Slimebound:Equalize","Slimebound:Schlurp","Slimebound:SlimeSpikes","Slimebound:Chomp","Slimebound:OozeBath","Slimebound:SlimeBrawl","Slimebound:SlimeBrawl","Slimebound:DouseInSlime","Slimebound:LeechingTouch","Slimebound:BestDefense","Slimebound:Schlurp","Slimebound:HauntingLick","Slimebound:SlimeSpikes","Slimebound:LivingWall","Chrysalis","Discovery"],"relics":["Fusion Hammer","Pen Nib","downfall:HeartBlessingRed","Vajra","Juzu Bracelet","Slimebound:SelfDamagePreventRelic","MealTicket","Pandora\u0027s Box","downfall:HeartBlessingGreen"],"acts_visited":["Exordium","TheCity"],"potions_floor_usage":[5,10,16],"damage_taken":[{"damage":4,"enemies":"Jaw Worm","floor":2,"turns":3},{"damage":0,"enemies":"Cultist","floor":3,"turns":3},{"damage":0,"enemies":"2 Louse","floor":4,"turns":2},{"damage":35,"enemies":"Gremlin Nob","floor":5,"turns":4},{"damage":22,"enemies":"3 Sentries","floor":8,"turns":5},{"damage":13,"enemies":"downfall:FleeingMerchant","floor":9,"turns":4},{"damage":0,"enemies":"Lagavulin","floor":10,"turns":3},{"damage":0,"enemies":"Large Slime","floor":13,"turns":4},{"damage":5,"enemies":"downfall:FleeingMerchant","floor":14,"turns":4},{"damage":3,"enemies":"Red Slaver","floor":15,"turns":3},{"damage":9,"enemies":"SI_SHIV_ARCHETYPE","floor":16,"turns":5},{"damage":17,"enemies":"Chosen","floor":19,"turns":4},{"damage":11,"enemies":"Sentry and Sphere","floor":20,"turns":3},{"damage":17,"enemies":"Cultist and Chosen","floor":21,"turns":5},{"damage":15,"enemies":"downfall:FleeingMerchant","floor":22,"turns":4},{"damage":55,"enemies":"Book of Stabbing","floor":23,"turns":3}],"seed_played":"4181263273027683999","potions_obtained":[{"floor":2,"key":"Swift Potion"},{"floor":4,"key":"Dexterity Potion"},{"floor":8,"key":"SteroidPotion"},{"floor":13,"key":"Slimebound:SlimyTonguePotion"},{"floor":15,"key":"AttackPotion"},{"floor":20,"key":"DuplicationPotion"}],"is_trial":false,"path_per_floor":["R","M","M","M","?","R","T","E","$","E","?","R","M","$","M","B",null,"R","M","M","M","$","E"],"character_chosen":"SLIMEBOUND","items_purchased":["Slimebound:SelfDamagePreventRelic","Slimebound:SlimeSpikes","Slimebound:LivingWall","Chrysalis","Discovery"],"campfire_rested":3,"item_purchase_floors":[9,22,22,22,22],"current_hp_per_floor":[59,55,55,55,20,39,39,17,4,4,4,23,27,41,46,41,59,65,53,42,33,41,0,0,0],"gold":6,"neow_bonus":"BOSS_RELIC","is_daily":false,"chose_seed":false,"campfire_upgraded":0,"win_rate":0.0,"timestamp":1612898451,"path_taken":["R","M","M","M","?","R","T","E","$","E","?","R","M","$","M","BOSS","R","M","M","M","$","E"],"items_purchased_type":["Relic","Card","Card","Card","Card"],"build_version":"2020-12-22","purchased_purges":1,"victory":false,"max_hp_per_floor":[65,65,65,65,65,65,65,65,65,65,65,65,65,65,65,65,65,65,65,65,65,65,65,65,65],"card_choices":[{"not_picked":["Slimebound:Prepare","Slimebound:ItLooksTasty"],"picked":"Slimebound:LeadByExample","floor":2},{"not_picked":["Slimebound:Repurpose","Slimebound:SamplingLick"],"picked":"Slimebound:LeechEnergy","floor":3},{"not_picked":["Slimebound:Repurpose","Slimebound:PressTheAttack"],"picked":"Slimebound:FinishingTackle","floor":4},{"not_picked":["Slimebound:SlimeSpikes","Slimebound:DivideAndConquer"],"picked":"Slimebound:SplitAcid","floor":5},{"not_picked":["Slimebound:ItLooksTasty","Slimebound:DivideAndConquer"],"picked":"Slimebound:GoopTackle","floor":8},{"not_picked":["Slimebound:GoopTackle","Slimebound:ProtectTheBoss"],"picked":"Slimebound:Chomp","floor":9},{"not_picked":["Slimebound:Replication","Slimebound:DuplicatedForm"],"picked":"Slimebound:Equalize","floor":10},{"not_picked":["Slimebound:ComboTackle","Slimebound:SplitLeeching"],"picked":"Slimebound:Schlurp","floor":13},{"not_picked":["Slimebound:LeechEnergy","Slimebound:SplitLeeching"],"picked":"Slimebound:SlimeSpikes","floor":14},{"not_picked":["Slimebound:ComboTackle","Slimebound:SplitBruiser"],"picked":"Slimebound:Chomp","floor":15},{"not_picked":["Slimebound:PrepareCrush","Slimebound:SlimeSlap"],"picked":"Slimebound:OozeBath","floor":16},{"not_picked":["Slimebound:Chomp","Slimebound:ItLooksTasty"],"picked":"Slimebound:BestDefense","floor":19},{"not_picked":["Slimebound:LeechingTouch","Slimebound:ItLooksTasty"],"picked":"Slimebound:Schlurp","floor":20},{"not_picked":["Slimebound:ItLooksTasty","Slimebound:Equalize"],"picked":"Slimebound:HauntingLick","floor":21},{"not_picked":["Slimebound:ProtectTheBoss","Slimebound:PressTheAttack","Slimebound:Gluttony"],"picked":"SKIP","floor":22}],"player_experience":737965,"relics_obtained":[{"floor":5,"key":"Pen Nib"},{"floor":7,"key":"Vajra"},{"floor":8,"key":"Juzu Bracelet"},{"floor":10,"key":"MealTicket"}],"event_choices":[],"is_beta":false,"boss_relics":[{"not_picked":["Sozu","Velvet Choker"],"picked":"Pandora\u0027s Box"}],"items_purged_floors":[22],"is_endless":false,"potions_floor_spawned":[2,4,8,13,15,20],"killed_by":"Book of Stabbing","ascension_level":10}}