{"host":"avfk0uqadyfnr875","time":1612874691,"event":{"mods":["2.2 Compatiblity","Act Like it!","BaseMod","Chen","Colored Powertips","Downfall","Gensokyo","Koishi","KomeijiMod","Marisa£®ÏF”Í°°ƒß¿Ì…≥£©","Minty Spire (QoL Compilation)","Pale of the Ancients","Quick Restart","READ ME - Guardian Mod","Reimu£®≤©¿ˆ¡È√Œ£©","Shop Mod","StSLib","The Administrix"],"gold_per_floor":[112,12,30,9,9,39,54,79,104,130,130,143,178,178,178,273,273,592,592,664,674,674,699,121,149,149,149,74,74,89,89,89,487,487,700,114,137,156,156,490,490,490,516,516,516,516,830,1067,1067,1077,1471,2066,2066,1261,1261,1855,1855,829,829,829],"floor_reached":61,"language":"ZHS","playtime":3761,"items_purged":["Writhe","Doubt","Gensokyo:MonkeysPaw"],"score":1693,"play_id":"8bc1f80b-0f53-4e75-affa-bd4755a48d72","local_time":"20210209204451","is_ascension_mode":true,"campfire_choices":[{"floor":11.0,"key":"RECALL"},{"data":"Koishi:DreadfulBlow","floor":15.0,"key":"SMITH"},{"data":"Koishi:MentalBreakdown","floor":27.0,"key":"SMITH"},{"data":"Koishi:HauntingSlash","floor":29.0,"key":"SMITH"},{"data":"Koishi:Catatonia","floor":32.0,"key":"SMITH"},{"data":"Koishi:Heartbroken","floor":41.0,"key":"SMITH"},{"data":"Koishi:GrowingPain","floor":44.0,"key":"SMITH"},{"data":"Gensokyo:GreaterSplit","floor":46.0,"key":"SMITH"},{"data":"Koishi:GrowingPain","floor":49.0,"key":"SMITH"},{"data":"Koishi:ImGoingToCallYouNow","floor":55.0,"key":"SMITH"},{"data":"Koishi:TerrifyingSpectre","floor":57,"key":"SMITH"}],"circlet_count":0,"master_deck":["Koishi:BasicDefend","Koishi:BasicDefend+1","Koishi:BasicDefend+1","Koishi:BasicDefend","Koishi:Provoke","Koishi:HauntingSlash+1","Koishi:Catatonia+1","Koishi:BloodcurdlingScream","Koishi:PhantomStrike","Koishi:DreadfulBlow+1","Koishi:SuperEgo","Koishi:SpiritedAway","Koishi:YoukaiPolygraph","Koishi:PhantomBarrier","Koishi:GrowingPain+1","Koishi:GhostParty","Koishi:VengefulSpirit+1","Koishi:MentalBreakdown+1","Gensokyo:Kunekune","Koishi:SpiritedAway+1","Koishi:GrowingPain+1","Koishi:HeartfeltFancy+1","Koishi:Heartbroken+1","Koishi:StingingMind+1","Koishi:EmbryosDream+1","Koishi:PhantomBarrier+1","Koishi:MindNumbingTerror","Koishi:SubterraneanRose","Gensokyo:UnlikelyAid+1","Gensokyo:GreaterSplit+1","Koishi:UnconsciousUprising","Koishi:JumpScare+1","Koishi:ImGoingToCallYouNow+1","Koishi:PerfectMindControl","Koishi:TerrifyingSpectre+1","Sadistic Nature","Koishi:SubconsciousSweep+1","Magnetism"],"relics":["Koishi:ImaginaryFriend","NeowsBlessing","Matryoshka","Tiny Chest","Vajra","Regal Pillow","Toy Ornithopter","Bag of Marbles","Juzu Bracelet","Gensokyo:LunaticRedEyes","Coffee Dripper","War Paint","Letter Opener","OrangePellets","PureWhite:ReiMu","Ornamental Fan","Boot","Philosopher\u0027s Stone","Medical Kit","HornCleat","Bag of Preparation","Singing Bowl","Pen Nib","Old Coin","Mango","paleoftheancients:Timepiece","paleoftheancients:KeyRelic","CultistMask","paleoftheancients:SoulOfTheShowman","Oddly Smooth Stone","Du-Vu Doll","Lantern","Koishi:LettersToReimu"],"acts_visited":["Gensokyo:Gensokyo","Gensokyo:Gensokyoer","Gensokyo:Gensokyoest","paleoftheancients:PaleOfTheAncients"],"potions_floor_usage":[],"damage_taken":[{"damage":0.0,"enemies":"Gensokyo:Python","floor":1.0,"turns":1.0},{"damage":0.0,"enemies":"Gensokyo:3_Fairies","floor":3.0,"turns":2.0},{"damage":0.0,"enemies":"Gensokyo:Mamizou","floor":6.0,"turns":2.0},{"damage":8.0,"enemies":"Gensokyo:2_Kodama","floor":7.0,"turns":2.0},{"damage":33.0,"enemies":"Gensokyo:Cirno","floor":8.0,"turns":5.0},{"damage":8.0,"enemies":"Gensokyo:Mamizou","floor":10.0,"turns":7.0},{"damage":6.0,"enemies":"Gensokyo:2_Rabbits","floor":12.0,"turns":4.0},{"damage":12.0,"enemies":"Gensokyo:Cirno","floor":13.0,"turns":6.0},{"damage":3.0,"enemies":"Gensokyo:Yukari","floor":16.0,"turns":11.0},{"damage":3.0,"enemies":"Gensokyo:2_Gloops","floor":18.0,"turns":4.0},{"damage":5.0,"enemies":"Gensokyo:Chomper","floor":21.0,"turns":4.0},{"damage":37.0,"enemies":"Gensokyo:Koishi","floor":23.0,"turns":6.0},{"damage":1.0,"enemies":"Gensokyo:Tenshi","floor":25.0,"turns":4.0},{"damage":0.0,"enemies":"Gensokyo:Monolith_and_Dog","floor":30.0,"turns":4.0},{"damage":21.0,"enemies":"Gensokyo:Kaguya","floor":33.0,"turns":10.0},{"damage":6.0,"enemies":"Gensokyo:3_Boulders","floor":35.0,"turns":4.0},{"damage":1.0,"enemies":"Gensokyo:AncientGuardian","floor":37.0,"turns":5.0},{"damage":0.0,"enemies":"Gensokyo:Dusk_and_Dawn","floor":38.0,"turns":3.0},{"damage":30.0,"enemies":"Gensokyo:Marisa","floor":40.0,"turns":4.0},{"damage":0.0,"enemies":"","floor":42.0,"turns":8.0},{"damage":0.0,"enemies":"Gensokyo:Rafflesia","floor":47.0,"turns":4.0},{"damage":1.0,"enemies":"Gensokyo:Kasen","floor":48.0,"turns":6.0},{"damage":15.0,"enemies":"Gensokyo:Scarlet_Devils","floor":50.0,"turns":6.0},{"damage":49.0,"enemies":"Gensokyo:Scarlet_Devils","floor":51.0,"turns":7.0},{"damage":61.0,"enemies":"Gensokyo:Scarlet_Devils","floor":52.0,"turns":4.0},{"damage":76,"enemies":"","floor":56,"turns":16},{"damage":0,"enemies":"paleoftheancients:N","floor":60,"turns":8}],"seed_played":"5633023641062472162","potions_obtained":[{"floor":1.0,"key":"Strength Potion"},{"floor":6.0,"key":"SpeedPotion"},{"floor":7.0,"key":"Guardian:BlockOnCardUsePotion"},{"floor":8.0,"key":"Regen Potion"},{"floor":16.0,"key":"SpeedPotion"},{"floor":21.0,"key":"Ancient Potion"},{"floor":25.0,"key":"Block Potion"},{"floor":37.0,"key":"Block Potion"},{"floor":40.0,"key":"Dexterity Potion"},{"floor":47.0,"key":"DuplicationPotion"},{"floor":48.0,"key":"SpeedPotion"},{"floor":56,"key":"CultistPotion"}],"is_trial":false,"path_per_floor":["M","?","M","COS","?","E","M","E","T","E","R","M","E","?","R","B",null,"M","?","T","M","?","E","COS","E","T","R","$","R","M","?","R","B",null,"M","COS","M","M","T","E","R","?","T","R","?","R","M","E","R","B","M","M","?","$","R","M","R","$","?","B",null],"character_chosen":"KOISHI","items_purchased":["Koishi:ImGoingToCallYouNow","Koishi:PerfectMindControl","Koishi:TerrifyingSpectre","Sadistic Nature","Oddly Smooth Stone","Du-Vu Doll","Lantern","Koishi:LettersToReimu","Magnetism"],"campfire_rested":0,"item_purchase_floors":[54,54,54,54,54,58,58,58,58],"current_hp_per_floor":[60,60,60,60,55,55,48,17,17,34,34,30,24,24,24,27,60,59,59,59,56,56,21,21,22,22,22,22,22,24,24,24,24,60,56,56,60,60,60,37,37,37,37,37,37,37,40,62,62,76,60,76,76,76,76,78,78,78,78,78],"gold":829,"neow_bonus":"THREE_ENEMY_KILL","is_daily":false,"chose_seed":false,"campfire_upgraded":10,"win_rate":0.0,"timestamp":1612874691,"path_taken":["M","?","M","COS","?","E","M","E","T","E","R","?","E","?","R","BOSS","M","?","?","M","?","E","COS","E","T","R","?","R","M","?","R","BOSS","M","COS","M","M","?","E","R","?","T","R","?","R","M","E","R","BOSS","M","M","?","$","R","M","R","$","?","BOSS"],"items_purchased_type":["Card","Card","Card","Card","Relic","Relic","Relic","Relic","Card"],"build_version":"2020-12-22","purchased_purges":3,"victory":true,"max_hp_per_floor":[60,60,60,60,60,60,60,60,60,60,60,60,60,60,60,60,60,60,60,60,60,60,60,60,60,60,60,60,60,60,60,60,60,60,60,60,60,60,60,60,60,60,60,60,60,60,60,76,76,76,78,78,78,78,78,78,78,78,78,78],"card_choices":[{"not_picked":["Koishi:CatchAndRose","Koishi:PhantomStrike"],"picked":"Koishi:Catatonia","floor":1.0},{"not_picked":["Koishi:MindNumbingTerror","Koishi:Catatonia"],"picked":"Koishi:BloodcurdlingScream","floor":3.0},{"not_picked":["Koishi:ConfinedInnocent","Koishi:UnansweredLove"],"picked":"Koishi:PhantomStrike","floor":6.0},{"not_picked":["Koishi:ParalyzingFear","Koishi:CatchAndRose"],"picked":"Koishi:DreadfulBlow","floor":7.0},{"not_picked":["Koishi:TremblingHands","Koishi:GhostParty"],"picked":"Koishi:SuperEgo","floor":8.0},{"not_picked":["Koishi:ParalyzingFear","Koishi:DanmakuParanoia"],"picked":"Koishi:SpiritedAway","floor":10.0},{"not_picked":["Koishi:StrangeCloudFist","Koishi:UnconsciousUprising"],"picked":"Koishi:YoukaiPolygraph","floor":12.0},{"not_picked":["Koishi:BloodcurdlingScream","Koishi:MindNumbingTerror"],"picked":"Koishi:PhantomBarrier","floor":13.0},{"not_picked":["Koishi:TerrifyingSpectre","Koishi:RollingInRichesHeart"],"picked":"Koishi:GrowingPain","floor":16.0},{"not_picked":["Koishi:TremblingHands","Koishi:HeartfeltFancy"],"picked":"Koishi:GhostParty","floor":18.0},{"not_picked":["Koishi:DanmakuParanoia+1","Koishi:Possession"],"picked":"Koishi:VengefulSpirit+1","floor":21.0},{"not_picked":["Koishi:Untouchable+1","Koishi:DNAsFlaw"],"picked":"Koishi:MentalBreakdown","floor":23.0},{"not_picked":["Koishi:ParalyzingFear","Koishi:PhantomStrike+1"],"picked":"Koishi:SpiritedAway+1","floor":25.0},{"not_picked":["Koishi:MindStellarRelief","Koishi:Ego"],"picked":"Koishi:GrowingPain","floor":30.0},{"not_picked":["Koishi:UnansweredLove","Koishi:ReflexRadar"],"picked":"Koishi:HeartfeltFancy+1","floor":30.0},{"not_picked":["Koishi:PerfectMindControl","Koishi:MindStellarRelief"],"picked":"Koishi:Heartbroken","floor":33.0},{"not_picked":["Koishi:CatchAndRose+1","Koishi:UnansweredLove+1"],"picked":"Koishi:StingingMind+1","floor":35.0},{"not_picked":["Koishi:ReflexRadar+1","Koishi:FleetingPhantom+1"],"picked":"Koishi:EmbryosDream+1","floor":37.0},{"not_picked":["Koishi:YoukaiPolygraph","Koishi:ApparitionsStalkTheNight+1"],"picked":"Koishi:PhantomBarrier+1","floor":37.0},{"not_picked":["Koishi:HeartfeltFancy","Koishi:Jaunt"],"picked":"Koishi:MindNumbingTerror","floor":38.0},{"not_picked":["Koishi:YoukaiPolygraph+1","Koishi:SprinkleStarAndHeart"],"picked":"Koishi:SubterraneanRose","floor":40.0},{"not_picked":["Gensokyo:DreamlikeParadise+1","Gensokyo:MorningStar+1"],"picked":"Gensokyo:UnlikelyAid+1","floor":42.0},{"not_picked":["Koishi:FleetingPhantom","Koishi:StingingMind"],"picked":"Koishi:UnconsciousUprising","floor":47.0},{"not_picked":["Koishi:ParalyzingFear+1","Koishi:BloodcurdlingScream+1","Koishi:ApparitionsStalkTheNight+1"],"picked":"Singing Bowl","floor":48.0},{"not_picked":["Koishi:Prune+1","Koishi:Catatonia+1","Koishi:DreadfulBlow"],"picked":"Singing Bowl","floor":51.0},{"not_picked":["Koishi:Vanish+1","Koishi:PhantomStrike+1"],"picked":"Koishi:JumpScare","floor":52.0},{"not_picked":["Koishi:GeneticsOfTheUnconscious","Koishi:BloodcurdlingScream"],"picked":"Koishi:SubconsciousSweep+1","floor":56}],"player_experience":342102,"relics_obtained":[{"floor":6.0,"key":"Tiny Chest"},{"floor":8.0,"key":"Vajra"},{"floor":9.0,"key":"Regal Pillow"},{"floor":9.0,"key":"Toy Ornithopter"},{"floor":10.0,"key":"Bag of Marbles"},{"floor":13.0,"key":"Juzu Bracelet"},{"floor":20.0,"key":"War Paint"},{"floor":23.0,"key":"Letter Opener"},{"floor":25.0,"key":"PureWhite:ReiMu"},{"floor":26.0,"key":"Ornamental Fan"},{"floor":39.0,"key":"HornCleat"},{"floor":40.0,"key":"Singing Bowl"},{"floor":43.0,"key":"Pen Nib"},{"floor":48.0,"key":"Mango"},{"floor":51.0,"key":"paleoftheancients:SoulOfTheShowman"},{"floor":52.0,"key":"paleoftheancients:SoulOfTheShapes"}],"event_choices":[{"damage_healed":0.0,"max_hp_gain":0.0,"max_hp_loss":0.0,"gold_gain":0.0,"event_name":"Upgrade Shrine","player_choice":"Upgraded","floor":53.0,"gold_loss":0.0,"damage_taken":0.0,"cards_upgraded":["Koishi:JumpScare"]}],"is_beta":false,"boss_relics":[{"not_picked":["Runic Pyramid","Calling Bell"],"picked":"Coffee Dripper"},{"not_picked":["Black Star","Empty Cage"],"picked":"Philosopher\u0027s Stone"}],"items_purged_floors":[28,54,58],"is_endless":false,"potions_floor_spawned":[1,6,7,8,16,21,25,37,40,47,48,56],"ascension_level":1}}