{"host":"8nctav4lo34mnono","time":1612893074,"event":{"mods":["BaseMod","Bestiary","Highlight Path","Minty Spire (QoL Compilation)","Relic Stats","Slay the Relics Exporter"],"gold_per_floor":[109,284,234,234,246,287,315,348,372,393,416,443,470,493,493,606,687,705,727,736,755,777,777,777],"floor_reached":23,"language":"ENG","playtime":1115,"items_purged":[],"score":387,"play_id":"5b01d2c8-1fcb-4e56-a553-b6db3c686d56","local_time":"20210209175114","is_ascension_mode":true,"campfire_choices":[{"floor":15.0,"key":"REST"}],"circlet_count":0,"master_deck":["AscendersBane","Bash","Battle Trance","Pain","Uppercut","Corruption","True Grit","Wild Strike","Impervious","Flame Barrier","Metallicize","Offering","Fire Breathing","Body Slam","Barricade","Inflame","Sword Boomerang","Heavy Blade","Dual Wield","Flex","Shrug It Off","Seeing Red","Sentinel+1","Evolve"],"relics":["Burning Blood","NeowsBlessing","WarpedTongs","CeramicFish","Regal Pillow","Akabeko","Self Forming Clay","Pandora\u0027s Box"],"acts_visited":["Exordium","TheCity"],"potions_floor_usage":[16,23],"damage_taken":[{"damage":0.0,"enemies":"Jaw Worm","floor":1.0,"turns":1.0},{"damage":2.0,"enemies":"Small Slimes","floor":5.0,"turns":1.0},{"damage":1.0,"enemies":"3 Sentries","floor":6.0,"turns":2.0},{"damage":3.0,"enemies":"Cultist","floor":7.0,"turns":3.0},{"damage":28.0,"enemies":"Lagavulin","floor":8.0,"turns":6.0},{"damage":25.0,"enemies":"Lots of Slimes","floor":10.0,"turns":6.0},{"damage":2.0,"enemies":"Exordium Wildlife","floor":11.0,"turns":2.0},{"damage":14.0,"enemies":"Gremlin Nob","floor":12.0,"turns":4.0},{"damage":25.0,"enemies":"Exordium Thugs","floor":13.0,"turns":7.0},{"damage":3.0,"enemies":"Gremlin Gang","floor":14.0,"turns":7.0},{"damage":59,"enemies":"Slime Boss","floor":16,"turns":18},{"damage":13,"enemies":"Chosen","floor":18,"turns":5},{"damage":18,"enemies":"3 Byrds","floor":19,"turns":5},{"damage":25,"enemies":"Snake Plant","floor":21,"turns":3},{"damage":25,"enemies":"Sentry and Sphere","floor":22,"turns":5},{"damage":8,"enemies":"Book of Stabbing","floor":23,"turns":4}],"seed_played":"-1756412831304131489","potions_obtained":[{"floor":5.0,"key":"Swift Potion"},{"floor":7.0,"key":"SkillPotion"},{"floor":13.0,"key":"BloodPotion"},{"floor":18,"key":"Strength Potion"},{"floor":22,"key":"DistilledChaos"}],"is_trial":false,"path_per_floor":["M","?","?","?","M","E","M","E","T","M","M","E","M","M","R","B",null,"M","M","?","M","M","E"],"character_chosen":"IRONCLAD","items_purchased":[],"campfire_rested":1,"item_purchase_floors":[],"current_hp_per_floor":[78,78,78,78,80,80,80,58,58,39,43,35,16,19,58,21,65,58,46,46,27,8,0,0],"gold":777,"neow_bonus":"THREE_ENEMY_KILL","is_daily":false,"chose_seed":false,"campfire_upgraded":0,"win_rate":0.0,"timestamp":1612893074,"path_taken":["M","?","?","?","?","E","M","E","T","M","M","E","M","M","R","BOSS","M","?","?","?","M","E"],"items_purchased_type":[],"build_version":"2020-12-22","purchased_purges":0,"victory":false,"max_hp_per_floor":[80,80,80,80,80,80,80,80,80,80,80,80,80,80,80,80,80,80,80,80,80,80,80,80],"relic_stats":{"Regal Pillow":15,"counters":[16,79],"Self Forming Clay":[150],"CeramicFish":180,"Pandora\u0027s Box":["Fire Breathing","Body Slam","Barricade","Inflame","Sword Boomerang","Wild Strike","Heavy Blade","Dual Wield","Flex"],"obtain_stats":[{"Regal Pillow":8,"NeowsBlessing":0,"Self Forming Clay":12,"CeramicFish":6,"Pandora\u0027s Box":17,"Burning Blood":0,"Akabeko":9,"WarpedTongs":4},{"Regal Pillow":5,"NeowsBlessing":0,"Self Forming Clay":8,"CeramicFish":3,"Pandora\u0027s Box":11,"Burning Blood":0,"Akabeko":5,"WarpedTongs":1},{"Regal Pillow":13,"NeowsBlessing":0,"Self Forming Clay":25,"CeramicFish":4,"Pandora\u0027s Box":57,"Burning Blood":0,"Akabeko":13,"WarpedTongs":1}],"Burning Blood":80,"WarpedTongs":[75]},"card_choices":[{"not_picked":["Headbutt","Cleave"],"picked":"Battle Trance","floor":1.0},{"not_picked":["Dark Embrace","Flex"],"picked":"Uppercut","floor":5.0},{"not_picked":["Anger","Headbutt"],"picked":"Corruption","floor":6.0},{"not_picked":["Heavy Blade","Battle Trance"],"picked":"True Grit","floor":7.0},{"not_picked":["Havoc","Anger","Iron Wave"],"picked":"SKIP","floor":8.0},{"not_picked":["Iron Wave","Twin Strike"],"picked":"Wild Strike","floor":10.0},{"not_picked":["Disarm","Cleave"],"picked":"Impervious","floor":11.0},{"not_picked":["Clothesline","Anger","Sword Boomerang"],"picked":"SKIP","floor":12.0},{"not_picked":["Reckless Charge","Wild Strike"],"picked":"Flame Barrier","floor":13.0},{"not_picked":["Armaments","Thunderclap"],"picked":"Metallicize","floor":14.0},{"not_picked":["Demon Form","Exhume"],"picked":"Offering","floor":16},{"not_picked":["Searing Blow","Flex","Clothesline+1"],"picked":"SKIP","floor":18},{"not_picked":["Sword Boomerang","Headbutt"],"picked":"Shrug It Off","floor":19},{"not_picked":["Wild Strike","Carnage"],"picked":"Sentinel+1","floor":21},{"not_picked":["Cleave","Perfected Strike"],"picked":"Evolve","floor":22}],"player_experience":369923,"relics_obtained":[{"floor":6.0,"key":"CeramicFish"},{"floor":8.0,"key":"Regal Pillow"},{"floor":9.0,"key":"Akabeko"},{"floor":12.0,"key":"Self Forming Clay"}],"event_choices":[{"damage_healed":0.0,"max_hp_gain":0.0,"max_hp_loss":0.0,"gold_gain":175.0,"event_name":"Liars Game","player_choice":"AGREE","floor":2.0,"gold_loss":0.0,"damage_taken":0.0,"cards_obtained":["Doubt"]},{"cards_removed":["Doubt"],"damage_healed":0.0,"max_hp_gain":0.0,"max_hp_loss":0.0,"gold_gain":0.0,"event_name":"The Cleric","player_choice":"Card Removal","floor":3.0,"gold_loss":50.0,"damage_taken":0.0},{"damage_healed":0.0,"max_hp_gain":0.0,"max_hp_loss":0.0,"gold_gain":0.0,"event_name":"Accursed Blacksmith","player_choice":"Rummage","floor":4.0,"gold_loss":0.0,"damage_taken":0.0,"relics_obtained":["WarpedTongs"],"cards_obtained":["Pain"]},{"damage_healed":0,"gold_gain":0,"cards_transformed":["Wild Strike"],"player_choice":"Transformed","damage_taken":0,"max_hp_gain":0,"max_hp_loss":0,"event_name":"Transmorgrifier","floor":20,"gold_loss":0,"cards_obtained":["Seeing Red"]}],"is_beta":false,"boss_relics":[{"not_picked":["Coffee Dripper","Runic Dome"],"picked":"Pandora\u0027s Box"}],"items_purged_floors":[],"is_endless":false,"potions_floor_spawned":[5,7,8,13,18,22],"killed_by":"Book of Stabbing","ascension_level":12}}