{"host":"tvwbxqry54t86y0v","time":1612842722,"event":{"mods":["2.2 Compatiblity","A Magickal Journey","Act Like it!","Arknights","Astrologer","BaseMod","Beaked The Cultist","BetterRewards","Block Reminder","Clockwork Mod","Colored Powertips","DeckTracker","Downfall","Fiend Mod","GungeonMod","Hermit","Hubris","Infinite Spire","Ironclad Rager","Marked Mod","Mimic Mod","Minty Spire (QoL Compilation)","Potionbrewer","Reliquary","Replay The Spire","Robot Space Explorer","Shade Mod","Somnambulant","StSLib","The Bug Knight","The Cursed","The Death Knight","The Druid","The Elementalist","The Exalted","The Forsaken","The Hierophant","The Jungle","The Marked","The Mystic","The Problem Sleuth","The Runesmith","The Senshi","The Spell Scribe","The Valiant","The Wild Card","TheFirefly","TheHeartMod","Unceasing Turn Reminder","thorton"],"gold_per_floor":[117,186,186,32,66,66,96,96,96,22,22,40,51,87,87,87,87],"floor_reached":16,"language":"ENG","playtime":703,"items_purged":[],"score":138,"play_id":"6fb17cf2-a189-4265-aedd-87b8acb60fa7","local_time":"20210209145202","is_ascension_mode":true,"campfire_choices":[{"data":"RobotSpaceExplorer:SlimeMissile","floor":6,"key":"SMITH"},{"data":"RobotSpaceExplorer:ScrapMissile","floor":8,"key":"SMITH"},{"floor":11,"key":"RECALL"},{"data":"RobotSpaceExplorer:ScrapMissile","floor":15,"key":"SMITH"}],"circlet_count":0,"master_deck":["RobotSpaceExplorer:Strike","RobotSpaceExplorer:Strike","RobotSpaceExplorer:Strike","RobotSpaceExplorer:Strike","RobotSpaceExplorer:Defend","RobotSpaceExplorer:Defend","RobotSpaceExplorer:Defend","RobotSpaceExplorer:Defend","RobotSpaceExplorer:Scan+1","RobotSpaceExplorer:MiniLasers","RobotSpaceExplorer:SlimeMissile+1","RobotSpaceExplorer:Ammunition","RobotSpaceExplorer:ScrapMissile+1","RobotSpaceExplorer:ScrapMissile+1"],"relics":["RobotSpaceExplorer:RoboCore","Strange Spoon","Tiny Chest","reliquary:BoilingFlask","CeramicFish"],"acts_visited":["Exordium"],"potions_floor_usage":[5,14,16,16],"damage_taken":[{"damage":0,"enemies":"Small Slimes","floor":1,"turns":4},{"damage":1,"enemies":"ats:Genji","floor":5,"turns":9},{"damage":14,"enemies":"3 Sentries","floor":7,"turns":13},{"damage":0,"enemies":"ats:Genji","floor":12,"turns":3},{"damage":0,"enemies":"Jaw Worm","floor":13,"turns":2},{"damage":0,"enemies":"HollowMod:MossKnight","floor":14,"turns":5},{"damage":64,"enemies":"Hexaghost","floor":16,"turns":14}],"seed_played":"3423246101677299538","potions_obtained":[{"floor":1,"key":"infinitespire:BlackPotion"},{"floor":12,"key":"Fire Potion"},{"floor":13,"key":"SpeedPotion"}],"is_trial":false,"path_per_floor":["M","?","?","$","MIM","R","E","R","T","$","R","M","M","E","R","B"],"character_chosen":"RobotSpaceExplorer","items_purchased":["Strange Spoon","DistilledChaos"],"campfire_rested":0,"item_purchase_floors":[4,10],"current_hp_per_floor":[75,75,75,75,74,74,60,60,60,60,60,60,60,60,60,0,0],"gold":87,"neow_bonus":"UPGRADE_CARD","is_daily":false,"chose_seed":false,"campfire_upgraded":3,"win_rate":0.0,"timestamp":1612842722,"path_taken":["M","?","?","?","?","R","E","R","T","$","R","M","M","E","R","BOSS"],"items_purchased_type":["Relic","Potion"],"build_version":"2020-12-22","purchased_purges":0,"victory":false,"max_hp_per_floor":[75,75,75,75,75,75,75,75,75,75,75,75,75,75,75,75,75],"card_choices":[{"not_picked":["RobotSpaceExplorer:TurboDodge","RobotSpaceExplorer:ShockKick"],"picked":"RobotSpaceExplorer:SlimeMissile","floor":1},{"not_picked":["RobotSpaceExplorer:Calculate","RobotSpaceExplorer:IronShell"],"picked":"RobotSpaceExplorer:ScrapMissile","floor":7},{"not_picked":["RobotSpaceExplorer:Smokescreen","RobotSpaceExplorer:Counterblock","RobotSpaceExplorer:StunGrenade"],"picked":"SKIP","floor":12},{"not_picked":["RobotSpaceExplorer:SwiftStep","RobotSpaceExplorer:Probe","RobotSpaceExplorer:ToxicBomb"],"picked":"SKIP","floor":13},{"not_picked":["RobotSpaceExplorer:Exploration","RobotSpaceExplorer:SwiftStep"],"picked":"RobotSpaceExplorer:ScrapMissile","floor":14}],"player_experience":1156131,"relics_obtained":[{"floor":7,"key":"Tiny Chest"},{"floor":9,"key":"reliquary:BoilingFlask"},{"floor":14,"key":"CeramicFish"}],"event_choices":[{"damage_healed":0,"gold_gain":69,"player_choice":"Gained Gold","damage_taken":0,"max_hp_gain":0,"max_hp_loss":0,"event_name":"Golden Wing","floor":2,"gold_loss":0}],"is_beta":false,"boss_relics":[],"items_purged_floors":[],"is_endless":false,"potions_floor_spawned":[1,12,13],"killed_by":"Hexaghost","ascension_level":1}}