{"host":"ijtyqc57s6c9mbij","time":1612844810,"event":{"mods":["AchievementEnabler","BaseMod","Colored Map","Minty Spire (QoL Compilation)","StSLib"],"gold_per_floor":[116,128,128,3,3,3,17,17,62,62,91,91,104,104,104,208,208,228,240,240,255,273,273,286,286,311,311,226,226,226,243,243,347,347,364,364,414,414,429,429,2,2,2,2,50,65,77,89,89,89,89,89,39,73,73],"floor_reached":56,"language":"ENG","playtime":2424,"items_purged":["Normality","Writhe","Doubt"],"score":1245,"play_id":"0b7ddaeb-7c7e-458b-8a73-e197fbd69aa4","local_time":"20210208202650","is_ascension_mode":false,"campfire_choices":[{"data":"Dualcast","floor":6.0,"key":"SMITH"},{"data":"Zap","floor":8.0,"key":"SMITH"},{"floor":15.0,"key":"REST"},{"data":"Creative AI","floor":23.0,"key":"SMITH"},{"floor":25.0,"key":"REST"},{"data":"Glacier","floor":27.0,"key":"SMITH"},{"floor":32.0,"key":"RECALL"},{"data":"Streamline","floor":40.0,"key":"SMITH"},{"data":"All For One","floor":42.0,"key":"SMITH"},{"data":"Electrodynamics","floor":49,"key":"SMITH"},{"data":"Panache","floor":52,"key":"SMITH"}],"circlet_count":0,"master_deck":["Zap+1","Dualcast+1","Biased Cognition","Scrape","Melter","Conserve Battery","Capacitor","Steam Power","Darkness","Biased Cognition","Gash","Beam Cell","Reboot","Scrape","Rainbow","Creative AI+1","Electrodynamics+1","Auto Shields","Compile Driver+1","Necronomicurse","Glacier+1","Gash","Gash","Turbo","All For One+1","Streamline+1","Mind Blast","PanicButton","Panache+1","Storm+1","Streamline+1","BootSequence","Gash","Decay","Recycle+1","Skim","Leap+1","Auto Shields+1"],"relics":["Cracked Core","Calipers","FaceOfCleric","Vajra","WarpedTongs","Pandora\u0027s Box","Necronomicon","Smiling Mask","White Beast Statue","MutagenicStrength","StrikeDummy","Cursed Key","Incense Burner","HornCleat","Bag of Preparation","Mango","Torii","Oddly Smooth Stone"],"acts_visited":["Exordium","TheCity","TheBeyond","TheEnding"],"potions_floor_usage":[50,55,55,55],"damage_taken":[{"damage":9.0,"enemies":"2 Louse","floor":1.0,"turns":3.0},{"damage":8.0,"enemies":"Jaw Worm","floor":2.0,"turns":3.0},{"damage":0.0,"enemies":"Cultist","floor":7.0,"turns":2.0},{"damage":18.0,"enemies":"Gremlin Nob","floor":11.0,"turns":4.0},{"damage":4.0,"enemies":"Looter","floor":13.0,"turns":2.0},{"damage":15.0,"enemies":"The Guardian","floor":16.0,"turns":7.0},{"damage":7.0,"enemies":"Shell Parasite","floor":18.0,"turns":3.0},{"damage":0.0,"enemies":"Chosen","floor":19.0,"turns":2.0},{"damage":13.0,"enemies":"Snake Plant","floor":21.0,"turns":3.0},{"damage":16.0,"enemies":"Centurion and Healer","floor":22.0,"turns":4.0},{"damage":3.0,"enemies":"Shelled Parasite and Fungi","floor":24.0,"turns":3.0},{"damage":0.0,"enemies":"Sentry and Sphere","floor":31.0,"turns":5.0},{"damage":21.0,"enemies":"Collector","floor":33.0,"turns":4.0},{"damage":9.0,"enemies":"3 Shapes","floor":35.0,"turns":2.0},{"damage":24.0,"enemies":"Mind Bloom Boss Battle","floor":37.0,"turns":3.0},{"damage":0.0,"enemies":"3 Darklings","floor":39.0,"turns":4.0},{"damage":2.0,"enemies":"2 Orb Walkers","floor":45.0,"turns":3.0},{"damage":10.0,"enemies":"4 Shapes","floor":46.0,"turns":2.0},{"damage":0.0,"enemies":"Maw","floor":47.0,"turns":3.0},{"damage":2,"enemies":"Sphere and 2 Shapes","floor":48,"turns":2},{"damage":52,"enemies":"Awakened One","floor":50,"turns":11},{"damage":33,"enemies":"Shield and Spear","floor":54,"turns":3},{"damage":64,"enemies":"The Heart","floor":55,"turns":7}],"seed_played":"-9050902485603307682","potions_obtained":[{"floor":1.0,"key":"EssenceOfDarkness"},{"floor":2.0,"key":"GamblersBrew"},{"floor":11.0,"key":"Energy Potion"},{"floor":18.0,"key":"Fire Potion"},{"floor":31.0,"key":"FocusPotion"},{"floor":33.0,"key":"PowerPotion"},{"floor":39.0,"key":"Block Potion"},{"floor":45.0,"key":"SneckoOil"},{"floor":47,"key":"Strength Potion"},{"floor":54,"key":"LiquidBronze"}],"is_trial":false,"path_per_floor":["M","M","?","$","?","R","M","R","T","?","E","?","M","?","R","B",null,"M","M","?","M","M","R","M","R","T","R","?","?","T","M","R","B",null,"M","?","?","?","M","R","$","R","T","T","?","M","M","M","R","B",null,"R","$","E","B",null],"character_chosen":"DEFECT","items_purchased":["Conserve Battery","HornCleat","BootSequence","Gash"],"campfire_rested":2,"item_purchase_floors":[4,41,41,41],"current_hp_per_floor":[66,58,55,55,55,55,56,56,56,41,24,24,21,21,44,30,79,73,74,58,46,31,31,29,54,54,54,54,54,54,55,55,35,86,78,68,45,67,68,68,68,68,68,82,81,72,73,72,72,21,108,108,108,76,13],"gold":73,"neow_bonus":"THREE_RARE_CARDS","is_daily":false,"chose_seed":false,"campfire_upgraded":8,"win_rate":0.0,"timestamp":1612844810,"path_taken":["M","M","?","$","?","R","?","R","T","?","E","?","?","?","R","BOSS","M","?","?","M","M","R","M","R","T","R","?","?","?","M","R","BOSS","M","?","?","?","M","R","?","R","T","?","?","?","M","M","R","BOSS","R","$","E","BOSS"],"items_purchased_type":["Card","Relic","Card","Card"],"build_version":"2020-12-22","purchased_purges":3,"victory":true,"max_hp_per_floor":[75,75,75,75,75,75,76,76,76,76,77,77,78,78,78,79,79,80,81,81,82,83,83,84,84,84,84,84,84,84,85,85,86,86,87,87,88,88,89,89,89,89,89,103,104,105,106,107,107,108,108,108,108,109,110],"card_choices":[{"not_picked":["Reboot","Buffer"],"picked":"Biased Cognition","floor":0.0},{"not_picked":["Cold Snap","Redo"],"picked":"Scrape","floor":1.0},{"not_picked":["Capacitor","Barrage"],"picked":"Melter","floor":2.0},{"not_picked":["Gash","Sweeping Beam"],"picked":"Capacitor","floor":7.0},{"not_picked":["Thunder Strike","Compile Driver"],"picked":"Steam Power","floor":11.0},{"not_picked":["Scrape","Beam Cell"],"picked":"Darkness","floor":13.0},{"not_picked":["Rainbow","Thunder Strike"],"picked":"Biased Cognition","floor":16.0},{"not_picked":["Ball Lightning","Sweeping Beam"],"picked":"Compile Driver+1","floor":18.0},{"not_picked":["Streamline","Force Field","Barrage"],"picked":"SKIP","floor":19.0},{"not_picked":["Buffer","Turbo"],"picked":"Glacier","floor":21.0},{"not_picked":["Darkness","Reinforced Body"],"picked":"Gash","floor":22.0},{"not_picked":["Conserve Battery","Rebound"],"picked":"Gash","floor":24.0},{"not_picked":["Lockon","Coolheaded+1"],"picked":"Turbo","floor":31.0},{"not_picked":["Amplify","Rainbow"],"picked":"All For One","floor":33.0},{"not_picked":["Coolheaded","Scrape"],"picked":"Streamline","floor":35.0},{"not_picked":["Flash of Steel","Purity"],"picked":"Mind Blast","floor":36.0},{"not_picked":["Dramatic Entrance","Violence"],"picked":"PanicButton","floor":36.0},{"not_picked":["Purity","Deep Breath"],"picked":"Panache","floor":36.0},{"not_picked":["Turbo","Coolheaded"],"picked":"Storm+1","floor":37.0},{"not_picked":["Conserve Battery","Cold Snap"],"picked":"Streamline+1","floor":39.0},{"not_picked":["Genetic Algorithm+1","Steam"],"picked":"Recycle+1","floor":46.0},{"not_picked":["Thunder Strike","Redo"],"picked":"Skim","floor":47},{"not_picked":["Conserve Battery","Turbo+1"],"picked":"Leap+1","floor":48},{"not_picked":["Lockon+1","Amplify"],"picked":"Auto Shields+1","floor":54}],"player_experience":841286,"relics_obtained":[{"floor":11.0,"key":"Vajra"},{"floor":20.0,"key":"Necronomicon"},{"floor":26.0,"key":"Smiling Mask"},{"floor":30.0,"key":"StrikeDummy"},{"floor":37.0,"key":"Incense Burner"},{"floor":43.0,"key":"Bag of Preparation"},{"floor":44.0,"key":"Mango"},{"floor":45.0,"key":"Torii"},{"floor":54,"key":"Oddly Smooth Stone"}],"event_choices":[{"damage_healed":0.0,"max_hp_gain":0.0,"max_hp_loss":0.0,"gold_gain":0.0,"event_name":"Scrap Ooze","player_choice":"Success","floor":3.0,"gold_loss":0.0,"damage_taken":3.0,"relics_obtained":["Calipers"]},{"damage_healed":0.0,"max_hp_gain":0.0,"max_hp_loss":0.0,"gold_gain":0.0,"event_name":"FaceTrader","player_choice":"Trade","floor":5.0,"gold_loss":0.0,"damage_taken":0.0,"relics_obtained":["FaceOfCleric"]},{"damage_healed":0.0,"max_hp_gain":0.0,"max_hp_loss":0.0,"gold_gain":0.0,"event_name":"Shining Light","player_choice":"Entered Light","floor":10.0,"gold_loss":0.0,"damage_taken":15.0,"cards_upgraded":["Defend_B","Defend_B"]},{"damage_healed":0.0,"max_hp_gain":0.0,"max_hp_loss":0.0,"gold_gain":0.0,"event_name":"Accursed Blacksmith","player_choice":"Rummage","floor":12.0,"gold_loss":0.0,"damage_taken":0.0,"relics_obtained":["WarpedTongs"],"cards_obtained":["Pain"]},{"cards_removed":["Pain"],"damage_healed":0.0,"max_hp_gain":0.0,"max_hp_loss":0.0,"gold_gain":0.0,"event_name":"Fountain of Cleansing","player_choice":"Removed Curses","floor":14.0,"gold_loss":0.0,"damage_taken":0.0},{"damage_healed":0.0,"max_hp_gain":0.0,"max_hp_loss":0.0,"gold_gain":0.0,"event_name":"Cursed Tome","player_choice":"Obtained Book","floor":20.0,"gold_loss":0.0,"damage_taken":16.0},{"damage_healed":0.0,"max_hp_gain":0.0,"max_hp_loss":0.0,"gold_gain":0.0,"event_name":"Addict","player_choice":"Obtained Relic","floor":28.0,"gold_loss":85.0,"damage_taken":0.0,"relics_obtained":["White Beast Statue"]},{"damage_healed":0.0,"max_hp_gain":0.0,"max_hp_loss":0.0,"gold_gain":0.0,"event_name":"Drug Dealer","player_choice":"Inject Mutagens","floor":29.0,"gold_loss":0.0,"damage_taken":0.0,"relics_obtained":["MutagenicStrength"]},{"damage_healed":0.0,"max_hp_gain":0.0,"max_hp_loss":0.0,"gold_gain":0.0,"event_name":"SensoryStone","player_choice":"Memory 3","floor":36.0,"gold_loss":0.0,"damage_taken":10.0},{"damage_healed":0.0,"max_hp_gain":0.0,"max_hp_loss":0.0,"gold_gain":0.0,"event_name":"MindBloom","player_choice":"Fight","floor":37.0,"gold_loss":0.0,"damage_taken":0.0},{"damage_healed":22.0,"max_hp_gain":0.0,"max_hp_loss":0.0,"gold_gain":0.0,"event_name":"Winding Halls","player_choice":"Writhe","floor":38.0,"gold_loss":0.0,"damage_taken":0.0,"cards_obtained":["Writhe"]},{"damage_healed":0.0,"max_hp_gain":0.0,"max_hp_loss":0.0,"gold_gain":0.0,"event_name":"Mysterious Sphere","player_choice":"Fight","floor":45.0,"gold_loss":0.0,"damage_taken":0.0}],"is_beta":false,"boss_relics":[{"not_picked":["Snecko Eye","Nuclear Battery"],"picked":"Pandora\u0027s Box"},{"not_picked":["FrozenCore","Runic Pyramid"],"picked":"Cursed Key"}],"items_purged_floors":[4,41,53],"is_endless":false,"potions_floor_spawned":[1,2,11,18,19,31,33,35,37,39,45,46,47,48,54],"ascension_level":0}}