{"host":"i8x3uekhioq8aaet","time":1612885707,"event":{"mods":["AchievementEnabler","BaseMod","Colored Map","Colored Powertips","DeckTracker","Minty Spire (QoL Compilation)","Relic Sorter","StSLib"],"gold_per_floor":[116,191,366,85,100,131,131,162,162,162,179,192,192,205,205,301,301,311,311,411,429,429,429,462,477,501,501,501,501,447,467,467,467,467],"floor_reached":33,"language":"ZHT","playtime":1219,"items_purged":["Doubt"],"score":387,"play_id":"9f82cae2-1c4d-442a-b45c-5c675aab222e","local_time":"20210209234827","is_ascension_mode":true,"campfire_choices":[{"data":"Doom and Gloom","floor":7,"key":"SMITH"},{"floor":15,"key":"REST"},{"floor":23,"key":"REST"},{"data":"Gash","floor":29,"key":"SMITH"},{"data":"White Noise","floor":32,"key":"SMITH"}],"circlet_count":0,"master_deck":["Strike_B+1","Strike_B+1","Strike_B+1","Strike_B+1","Defend_B+1","Defend_B+1","Defend_B+1","Defend_B+1","Zap","Dualcast","White Noise+1","Doom and Gloom+1","Finesse","Gash","Undo","Parasite","Sweeping Beam","Glacier","Gash+1","Electrodynamics","Ball Lightning","Coolheaded","Sweeping Beam+1","Cold Snap+1"],"relics":["Cracked Core","NeowsBlessing","Vajra","Akabeko","Blue Candle","Sozu","Question Card","MealTicket","Toy Ornithopter","Mummified Hand"],"acts_visited":["Exordium","TheCity"],"potions_floor_usage":[8,12,16,24],"damage_taken":[{"damage":0,"enemies":"Jaw Worm","floor":1,"turns":1},{"damage":0,"enemies":"2 Louse","floor":5,"turns":1},{"damage":0,"enemies":"Gremlin Nob","floor":6,"turns":1},{"damage":28,"enemies":"3 Sentries","floor":8,"turns":4},{"damage":7,"enemies":"Small Slimes","floor":11,"turns":3},{"damage":6,"enemies":"Gremlin Gang","floor":12,"turns":3},{"damage":15,"enemies":"Red Slaver","floor":14,"turns":2},{"damage":19,"enemies":"The Guardian","floor":16,"turns":13},{"damage":12,"enemies":"Spheric Guardian","floor":18,"turns":3},{"damage":6,"enemies":"Chosen","floor":21,"turns":4},{"damage":27,"enemies":"Book of Stabbing","floor":24,"turns":4},{"damage":1,"enemies":"Sentry and Sphere","floor":25,"turns":3},{"damage":6,"enemies":"3 Cultists","floor":31,"turns":3},{"damage":92,"enemies":"Champ","floor":33,"turns":9}],"seed_played":"1161981171251464287","potions_obtained":[{"floor":11,"key":"AttackPotion"},{"floor":12,"key":"Weak Potion"},{"floor":16,"key":"LiquidBronze"}],"is_trial":false,"path_per_floor":["M","?","?","$","M","E","R","E","T","?","M","M","?","M","R","B",null,"M","T","?","M","?","R","E","M","T","?","?","R","?","M","R","B"],"character_chosen":"DEFECT","items_purchased":["Doom and Gloom","FocusPotion","Finesse"],"campfire_rested":2,"item_purchase_floors":[4,4,4],"current_hp_per_floor":[68,57,57,57,57,57,57,29,29,47,40,34,34,19,41,22,62,50,50,50,44,44,66,39,38,38,38,63,63,63,57,57,0,0],"gold":467,"neow_bonus":"THREE_ENEMY_KILL","is_daily":false,"chose_seed":false,"campfire_upgraded":3,"win_rate":0.0,"timestamp":1612885707,"path_taken":["M","?","?","$","M","E","R","E","T","?","M","M","?","?","R","BOSS","M","?","?","?","?","R","E","M","T","?","?","R","?","?","R","BOSS"],"items_purchased_type":["Card","Potion","Card"],"build_version":"2020-12-22","purchased_purges":1,"victory":false,"max_hp_per_floor":[75,75,75,75,75,75,75,75,75,75,75,75,75,75,75,75,75,75,75,75,75,75,75,75,75,75,75,75,75,75,75,75,75,75],"card_choices":[{"not_picked":["Redo","Stack"],"picked":"White Noise","floor":1},{"not_picked":["Sweeping Beam","Sunder"],"picked":"Gash","floor":5},{"not_picked":["Turbo","Compile Driver","Barrage"],"picked":"SKIP","floor":6},{"not_picked":["Heatsinks","Self Repair"],"picked":"Undo","floor":8},{"not_picked":["Compile Driver","Beam Cell"],"picked":"Sweeping Beam","floor":11},{"not_picked":["Redo","Consume"],"picked":"Glacier","floor":12},{"not_picked":["Fission","Genetic Algorithm"],"picked":"Gash","floor":14},{"not_picked":["All For One","Multi-Cast"],"picked":"Electrodynamics","floor":16},{"not_picked":["Doom and Gloom","Go for the Eyes"],"picked":"Ball Lightning","floor":18},{"not_picked":["Chill","Cold Snap","Rebound"],"picked":"Coolheaded","floor":21},{"not_picked":["Redo","Glacier","All For One"],"picked":"Sweeping Beam+1","floor":24},{"not_picked":["Conserve Battery","Hologram","Barrage"],"picked":"Cold Snap+1","floor":25},{"not_picked":["Steam+1","Tempest","Compile Driver","Leap"],"picked":"SKIP","floor":31}],"player_experience":328369,"relics_obtained":[{"floor":6,"key":"Vajra"},{"floor":8,"key":"Akabeko"},{"floor":9,"key":"Blue Candle"},{"floor":19,"key":"Question Card"},{"floor":24,"key":"MealTicket"},{"floor":26,"key":"Toy Ornithopter"}],"event_choices":[{"damage_healed":0,"gold_gain":75,"player_choice":"Gather Gold","damage_taken":11,"max_hp_gain":0,"max_hp_loss":0,"event_name":"World of Goop","floor":2,"gold_loss":0},{"damage_healed":0,"gold_gain":175,"player_choice":"AGREE","damage_taken":0,"max_hp_gain":0,"max_hp_loss":0,"event_name":"Liars Game","floor":3,"gold_loss":0,"cards_obtained":["Doubt"]},{"damage_healed":18,"gold_gain":0,"player_choice":"Healed and dodged fight","damage_taken":0,"max_hp_gain":0,"max_hp_loss":0,"event_name":"Mushrooms","floor":10,"gold_loss":0,"cards_obtained":["Parasite"]},{"damage_healed":0,"gold_gain":0,"player_choice":"Bought 0 Potions","damage_taken":0,"max_hp_gain":0,"max_hp_loss":0,"event_name":"The Woman in Blue","floor":13,"gold_loss":0},{"damage_healed":0,"gold_gain":100,"player_choice":"Pray","damage_taken":0,"max_hp_gain":0,"max_hp_loss":0,"event_name":"Golden Shrine","floor":20,"gold_loss":0},{"damage_healed":0,"gold_gain":0,"player_choice":"Simplicity","damage_taken":0,"max_hp_gain":0,"max_hp_loss":0,"event_name":"Back to Basics","floor":22,"gold_loss":0,"cards_upgraded":["Strike_B","Strike_B","Strike_B","Strike_B","Defend_B","Defend_B","Defend_B","Defend_B"]},{"damage_healed":0,"gold_gain":0,"player_choice":"Ignored","damage_taken":0,"max_hp_gain":0,"max_hp_loss":0,"event_name":"Ghosts","floor":27,"gold_loss":0},{"damage_healed":25,"gold_gain":0,"player_choice":"Heal","damage_taken":0,"max_hp_gain":0,"max_hp_loss":0,"event_name":"The Library","floor":28,"gold_loss":0},{"damage_healed":0,"gold_gain":0,"player_choice":"Paid Gold","damage_taken":0,"relics_obtained":["Mummified Hand"],"max_hp_gain":0,"max_hp_loss":0,"event_name":"WeMeetAgain","floor":30,"gold_loss":54}],"is_beta":false,"boss_relics":[{"not_picked":["Philosopher\u0027s Stone","Runic Dome"],"picked":"Sozu"}],"items_purged_floors":[4],"is_endless":false,"potions_floor_spawned":[11,12,16,18,31],"killed_by":"Champ","ascension_level":6}}