{"host":"88hg6ocvqrqxrx5h","time":1612841676,"event":{"mods":["2.2 Compatiblity","BaseMod","Bestiary","Block Reminder","Colored Map","DeckTracker","Highlight Path","Minty Spire (QoL Compilation)","Relic Stats","Unceasing Turn Reminder","slay the spire mod where everything is the same but ironclad has a cowboy hat"],"gold_per_floor":[109,119,79,93,93,93,107,142,190,190,209,209,209],"floor_reached":12,"language":"ENG","playtime":502,"items_purged":[],"score":112,"play_id":"9856841b-7a7e-4bae-b1ed-0cc0bf7af390","local_time":"20210208193436","is_ascension_mode":true,"campfire_choices":[{"floor":6,"key":"REST"},{"data":"Entrench","floor":10,"key":"SMITH"}],"circlet_count":0,"master_deck":["Strike_R","Strike_R","Strike_R","Defend_R","Defend_R","Defend_R","Defend_R","Bash","Entrench+1","Whirlwind","Metallicize","True Grit+1","Rampage","Second Wind","Spot Weakness","Metallicize"],"relics":["Burning Blood","Ornamental Fan","Oddly Smooth Stone"],"acts_visited":["Exordium"],"potions_floor_usage":[8,12,12],"damage_taken":[{"damage":18,"enemies":"Jaw Worm","floor":1,"turns":6},{"damage":7,"enemies":"Cultist","floor":2,"turns":4},{"damage":0,"enemies":"2 Louse","floor":4,"turns":4},{"damage":10,"enemies":"Blue Slaver","floor":7,"turns":5},{"damage":19,"enemies":"Lagavulin","floor":8,"turns":8},{"damage":12,"enemies":"Large Slime","floor":11,"turns":8},{"damage":52,"enemies":"Gremlin Nob","floor":12,"turns":5}],"seed_played":"-8226965471434989228","potions_obtained":[{"floor":1,"key":"LiquidMemories"},{"floor":2,"key":"ColorlessPotion"},{"floor":3,"key":"Ancient Potion"},{"floor":3,"key":"SkillPotion"},{"floor":8,"key":"Fruit Juice"}],"is_trial":false,"path_per_floor":["M","M","?","M","?","R","M","E","T","R","M","E"],"character_chosen":"IRONCLAD","items_purchased":[],"campfire_rested":1,"item_purchase_floors":[],"current_hp_per_floor":[39,38,38,44,44,68,64,51,51,51,45,0,0],"gold":209,"neow_bonus":"TRANSFORM_TWO_CARDS","is_daily":false,"chose_seed":false,"campfire_upgraded":1,"win_rate":0.0,"timestamp":1612841676,"path_taken":["M","M","?","?","?","R","M","E","T","R","M","E"],"items_purchased_type":[],"build_version":"2020-12-22","purchased_purges":0,"victory":false,"max_hp_per_floor":[80,80,80,80,80,80,80,80,80,80,80,85,85],"relic_stats":{"counters":[7,40],"Ornamental Fan":[4],"obtain_stats":[{"Ornamental Fan":8,"Oddly Smooth Stone":9,"Burning Blood":0},{"Ornamental Fan":5,"Oddly Smooth Stone":5,"Burning Blood":0},{"Ornamental Fan":27,"Oddly Smooth Stone":27,"Burning Blood":0}],"Burning Blood":36},"card_choices":[{"not_picked":["Body Slam","Fire Breathing"],"picked":"Metallicize","floor":1},{"not_picked":["Clash","Wild Strike"],"picked":"True Grit","floor":2},{"not_picked":["Entrench","True Grit"],"picked":"Rampage","floor":4},{"not_picked":["Perfected Strike","True Grit"],"picked":"Second Wind","floor":7},{"not_picked":["Body Slam","Wild Strike"],"picked":"Spot Weakness","floor":8},{"not_picked":["Havoc","Cleave"],"picked":"Metallicize","floor":11}],"player_experience":167913,"relics_obtained":[{"floor":8,"key":"Ornamental Fan"},{"floor":9,"key":"Oddly Smooth Stone"}],"event_choices":[{"damage_healed":0,"gold_gain":0,"player_choice":"Bought 3 Potions","damage_taken":0,"max_hp_gain":0,"max_hp_loss":0,"event_name":"The Woman in Blue","floor":3,"gold_loss":0},{"damage_healed":0,"gold_gain":0,"player_choice":"Grow","damage_taken":0,"max_hp_gain":0,"max_hp_loss":0,"event_name":"Living Wall","floor":5,"gold_loss":0,"cards_upgraded":["True Grit"]}],"is_beta":false,"boss_relics":[],"items_purged_floors":[],"is_endless":false,"potions_floor_spawned":[1,2,8],"killed_by":"Gremlin Nob","ascension_level":8}}