{"host":"3j24k6gtmfx6ynrk","time":1612831150,"event":{"mods":["AchievementEnabler","BaseMod","Colored Powertips","Hermit","Highlight Path","Minty Spire (QoL Compilation)","StSLib","The Cursed","The Servant 0.9.4"],"gold_per_floor":[116,66,66,85,104,104,29,29,29,41,53,79,91,126,138,270,282,317,91,106,131,151,151,151],"floor_reached":23,"language":"DEU","playtime":2371,"items_purged":["Defend_P","Strike_P"],"score":183,"play_id":"73e5dbc5-e5c0-441b-9b02-2b4124beefaf","local_time":"20210209013910","is_ascension_mode":false,"campfire_choices":[{"data":"PathToVictory","floor":6,"key":"SMITH"},{"data":"Prostrate","floor":11,"key":"SMITH"},{"data":"PathToVictory","floor":13,"key":"SMITH"},{"floor":15,"key":"REST"}],"circlet_count":0,"master_deck":["Strike_P","Strike_P+1","Defend_P","Defend_P","Defend_P","Eruption","Vigilance","Establishment","Prostrate+1","PathToVictory+1","Injury","PathToVictory+1","LessonLearned","LikeWater","Blind","Prostrate","Evaluate+1","ThirdEye","Protect"],"relics":["HolyWater","Ancient Tea Set","Golden Idol","MawBank"],"acts_visited":["Exordium","TheCity"],"potions_floor_usage":[20,21],"damage_taken":[{"damage":0,"enemies":"Jaw Worm","floor":1,"turns":3},{"damage":0,"enemies":"2 Louse","floor":4,"turns":1},{"damage":0,"enemies":"Cultist","floor":5,"turns":3},{"damage":9,"enemies":"Exordium Thugs","floor":12,"turns":5},{"damage":8,"enemies":"Large Slime","floor":14,"turns":6},{"damage":46,"enemies":"Hexaghost","floor":16,"turns":8},{"damage":38,"enemies":"Shell Parasite","floor":18,"turns":7},{"damage":9,"enemies":"Spheric Guardian","floor":20,"turns":5},{"damage":6,"enemies":"Centurion and Healer","floor":21,"turns":6},{"damage":10,"enemies":"Snake Plant","floor":22,"turns":4},{"damage":28,"enemies":"Book of Stabbing","floor":23,"turns":7}],"seed_played":"-2824263553322345089","potions_obtained":[{"floor":12,"key":"FearPotion"},{"floor":14,"key":"CultistPotion"},{"floor":16,"key":"Regen Potion"},{"floor":20,"key":"Swift Potion"},{"floor":22,"key":"DuplicationPotion"}],"is_trial":false,"path_per_floor":["M","?","?","M","M","R","$","?","T","$","R","M","R","M","R","B",null,"M","$","M","M","M","E"],"character_chosen":"WATCHER","items_purchased":["Blind","Prostrate"],"campfire_rested":1,"item_purchase_floors":[19,19],"current_hp_per_floor":[72,72,69,69,69,69,69,69,69,69,69,60,60,52,72,26,72,34,34,39,33,23,0,0],"gold":151,"neow_bonus":"ONE_RANDOM_RARE_CARD","is_daily":false,"chose_seed":false,"campfire_upgraded":3,"win_rate":0.0,"timestamp":1612831150,"path_taken":["M","?","?","M","M","R","$","?","T","$","R","M","R","M","R","BOSS","M","$","M","M","M","E"],"items_purchased_type":["Card","Card"],"build_version":"2020-12-22","purchased_purges":2,"victory":false,"max_hp_per_floor":[72,72,72,72,72,72,72,72,72,72,72,72,72,72,72,72,72,72,72,72,72,72,72,72],"card_choices":[{"not_picked":["Crescendo","BattleHymn"],"picked":"Prostrate","floor":1},{"not_picked":["CrushJoints","Crescendo","Study"],"picked":"SKIP","floor":4},{"not_picked":["FollowUp","ReachHeaven"],"picked":"PathToVictory","floor":5},{"not_picked":["Consecrate","FlyingSleeves"],"picked":"PathToVictory","floor":12},{"not_picked":["CrushJoints","FlurryOfBlows","EmptyBody"],"picked":"SKIP","floor":14},{"not_picked":["Ragnarok","Vault"],"picked":"LessonLearned","floor":16},{"not_picked":["EmptyBody+1","CutThroughFate"],"picked":"LikeWater","floor":18},{"not_picked":["Study","Consecrate"],"picked":"Evaluate","floor":20},{"not_picked":["ReachHeaven","Indignation+1"],"picked":"ThirdEye","floor":21},{"not_picked":["Pray","Meditate+1"],"picked":"Protect","floor":22}],"player_experience":37179,"relics_obtained":[{"floor":9,"key":"MawBank"}],"event_choices":[{"cards_removed":["Strike_P"],"damage_healed":0,"gold_gain":0,"player_choice":"Card Removal","damage_taken":0,"max_hp_gain":0,"max_hp_loss":0,"event_name":"The Cleric","floor":2,"gold_loss":50},{"damage_healed":0,"gold_gain":0,"player_choice":"Success","damage_taken":3,"relics_obtained":["Ancient Tea Set"],"max_hp_gain":0,"max_hp_loss":0,"event_name":"Scrap Ooze","floor":3,"gold_loss":0},{"damage_healed":0,"gold_gain":0,"player_choice":"Take Wound","damage_taken":0,"relics_obtained":["Golden Idol"],"max_hp_gain":0,"max_hp_loss":0,"event_name":"Golden Idol","floor":8,"gold_loss":0,"cards_obtained":["Injury"]}],"is_beta":false,"boss_relics":[{"not_picked":["Philosopher\u0027s Stone","Runic Dome"],"picked":"HolyWater"}],"items_purged_floors":[7,19],"is_endless":false,"potions_floor_spawned":[12,14,16,20,22],"killed_by":"Book of Stabbing","ascension_level":0}}