{"host":"xo0glkmxta74xh34","time":1612906870,"event":{"mods":["BaseMod","Downfall","Minty Spire (QoL Compilation)","Replay The Spire","StSLib"],"gold_per_floor":[99,111,212,226,226,226,226,261,261,274,306,43,70,170,189,288,288,288,301,321,84,84,44,44,44,72,72,90,90,90,109,127,228,228,1227,1243,1343,1357,1501,1553,1579,1597,1041,1055,759,541,208,208,227,227],"floor_reached":51,"language":"ENG","playtime":4115,"items_purged":["Normality","Spreading Infection","Normality","bronze:OilSpill"],"score":893,"play_id":"8ad9b715-5a45-454d-8b0d-3d8cc94f4e27","local_time":"20210209154110","is_ascension_mode":true,"campfire_choices":[{"floor":1,"key":"DIG"},{"data":"bronze:Library","floor":18,"key":"SMITH"},{"data":"bronze:InfiniteLoop","floor":27,"key":"SMITH"},{"data":"bronze:BronzeArmor","floor":29,"key":"SMITH"}],"circlet_count":0,"master_deck":["bronze:Replicate","bronze:CloningBeam","bronze:FineTuning","bronze:Repair+1","bronze:BronzeArmor+1","bronze:ChosenStrike","bronze:Overload","bronze:ChosenStrike","bronze:InfiniteLoop+1","bronze:Library+1","bronze:Repair","bronze:ThunderWave","bronze:HyperBeam","bronze:ForLoop","bronze:WhirlingStrike","bronze:DigitalCarnage","bronze:RecursiveStrike+1","expansioncontent:QuickStudy","bronze:Repulsor","bronze:CleanCode","Apotheosis+1"],"relics":["bronze:PlatinumCore","Turnip","ReplayTheSpireMod:Shallot","Durian","Iron Hammer","FossilizedHelix","bronze:BottledCode","bronze:SilverBullet","Gremlin Horn","Lantern","Membership Card","Juzu Bracelet","Question Card","Torii","Ring of Fury","Ring of Searing","Pandora\u0027s Box","Toy Ornithopter","MealTicket","Dead Branch","Art of War","HandDrill","Replay:Bottled Flurry","Unceasing Top","Lee\u0027s Waffle","Omamori","Ginger"],"acts_visited":["Exordium","TheCity","TheBeyond"],"potions_floor_usage":[13,14,23,26,32,33,33,42,43,50,50,50],"damage_taken":[{"damage":0,"enemies":"Jaw Worm","floor":2,"turns":3},{"damage":0,"enemies":"Small Slimes","floor":4,"turns":6},{"damage":6,"enemies":"Gremlin Nob","floor":8,"turns":5},{"damage":0,"enemies":"2 Louse","floor":10,"turns":3},{"damage":5,"enemies":"Lagavulin","floor":11,"turns":5},{"damage":0,"enemies":"downfall:FleeingMerchant","floor":12,"turns":4},{"damage":1,"enemies":"3 Sentries","floor":13,"turns":5},{"damage":13,"enemies":"downfall:Heads","floor":14,"turns":4},{"damage":0,"enemies":"Blue Slaver","floor":15,"turns":1},{"damage":0,"enemies":"WA_ARCHETYPE_RETAIN","floor":16,"turns":5},{"damage":0,"enemies":"3 Byrds","floor":19,"turns":4},{"damage":14,"enemies":"Snecko","floor":20,"turns":4},{"damage":0,"enemies":"downfall:FleeingMerchant","floor":21,"turns":4},{"damage":0,"enemies":"downfall:FleeingMerchant","floor":23,"turns":4},{"damage":0,"enemies":"Book of Stabbing","floor":26,"turns":5},{"damage":7,"enemies":"Snake Plant","floor":28,"turns":3},{"damage":0,"enemies":"Cultist and Chosen","floor":31,"turns":2},{"damage":6,"enemies":"Snecko","floor":32,"turns":3},{"damage":29,"enemies":"SI_MIRROR_ARCHETYPE","floor":33,"turns":5},{"damage":0,"enemies":"Orb Walker","floor":36,"turns":1},{"damage":26,"enemies":"downfall:LadyInBlue","floor":37,"turns":6},{"damage":5,"enemies":"3 Darklings","floor":38,"turns":3},{"damage":0,"enemies":"downfall:FleeingMerchant","floor":39,"turns":1},{"damage":16,"enemies":"2 Orb Walkers","floor":40,"turns":3},{"damage":10,"enemies":"Maw","floor":42,"turns":4},{"damage":0,"enemies":"Jaw Worm Horde","floor":44,"turns":2},{"damage":5,"enemies":"Spire Growth","floor":49,"turns":3},{"damage":41,"enemies":"DF_ARCHETYPE_ORBS","floor":50,"turns":5}],"seed_played":"-150381624089788516","potions_obtained":[{"floor":2,"key":"Swift Potion"},{"floor":11,"key":"Strength Potion"},{"floor":13,"key":"bronze:BuildAFunctionPotion"},{"floor":15,"key":"Strength Potion"},{"floor":16,"key":"bronze:CleanCodePotion"},{"floor":26,"key":"SpeedPotion"},{"floor":37,"key":"LiquidBronze"},{"floor":37,"key":"BlessingOfTheForge"},{"floor":37,"key":"Swift Potion"},{"floor":44,"key":"Fire Potion"},{"floor":49,"key":"Slimebound:ThreeZeroPotion"}],"is_trial":false,"path_per_floor":["R","M","?","M","?","T","T","E","?","M","E","$","E","?","M","B",null,"R","M","M","$","?","$","T","?","E","R","M","R","?","M","M","B",null,"R","M","?","M","$","?","T","M","$","M","$","$","?","?","M","B",null],"character_chosen":"THE_AUTOMATON","items_purchased":["Gremlin Horn","Membership Card","Juzu Bracelet","PowerPotion","expansioncontent:QuickStudy","MealTicket","Fruit Juice","Regen Potion","HandDrill","Replay:Bottled Flurry","Unceasing Top","bronze:CleanCode","Lee\u0027s Waffle","Omamori","Apotheosis","Ginger"],"campfire_rested":0,"item_purchase_floors":[12,21,21,23,39,39,43,43,43,43,43,43,45,45,45,46],"current_hp_per_floor":[49,49,21,35,35,40,40,56,56,64,60,65,64,52,62,65,65,65,65,51,61,61,65,65,65,65,65,58,58,58,65,59,43,65,65,65,47,59,65,49,49,63,70,70,77,77,87,87,82,56],"gold":227,"neow_bonus":"ONE_RARE_RELIC","is_daily":false,"chose_seed":false,"campfire_upgraded":3,"win_rate":0.0,"timestamp":1612906870,"path_taken":["R","M","?","M","?","?","T","E","?","?","E","$","E","?","M","BOSS","R","M","M","$","?","$","T","?","E","R","M","R","?","M","M","BOSS","R","M","?","M","?","?","T","M","$","M","?","$","?","?","M","BOSS"],"items_purchased_type":["Relic","Relic","Relic","Potion","Card","Relic","Potion","Potion","Relic","Relic","Relic","Card","Relic","Relic","Card","Relic"],"build_version":"2020-12-22","purchased_purges":4,"victory":true,"max_hp_per_floor":[70,70,70,70,70,75,75,75,65,65,65,65,65,65,65,65,65,65,65,65,65,65,65,65,65,65,65,65,65,65,65,65,65,65,65,65,65,65,65,65,65,65,70,70,77,77,87,87,87,87],"card_choices":[{"not_picked":["bronze:DelayedGuard","bronze:Separator"],"picked":"bronze:CloningBeam","floor":2},{"not_picked":["bronze:Iterate","bronze:BitShift"],"picked":"bronze:FineTuning","floor":3},{"not_picked":["bronze:ChildClass","bronze:DelayedGuard"],"picked":"bronze:Repair","floor":3},{"not_picked":["bronze:Iterate","bronze:Invalidate"],"picked":"bronze:BronzeArmor","floor":3},{"not_picked":["bronze:DigitalCarnage","bronze:InfiniteBeams","bronze:DelayedGuard"],"picked":"SKIP","floor":4},{"not_picked":["bronze:Constructor","bronze:ForceShield","bronze:Iterate"],"picked":"SKIP","floor":8},{"not_picked":["bronze:Iterate","bronze:Repulsor"],"picked":"bronze:ChosenStrike","floor":10},{"not_picked":["bronze:Refactor","bronze:MaxOutput"],"picked":"bronze:Overload","floor":11},{"not_picked":["bronze:DarkDash","bronze:Fortify","bronze:FineTuning"],"picked":"SKIP","floor":12},{"not_picked":["bronze:CutThrough","bronze:MaxOutput","bronze:DigitalCarnage"],"picked":"SKIP","floor":13},{"not_picked":["bronze:BugBarrage","bronze:ForceShield"],"picked":"bronze:InfiniteLoop","floor":15},{"not_picked":["bronze:Format","bronze:CleanCode"],"picked":"bronze:Library","floor":16},{"not_picked":["bronze:WildBeam","bronze:BuggyMess","bronze:ChildClass+1"],"picked":"SKIP","floor":19},{"not_picked":["bronze:BugBarrage+1","bronze:CutThrough","bronze:BronzeArmor"],"picked":"SKIP","floor":20},{"not_picked":["bronze:BugBarrage","bronze:DigitalCarnage","bronze:CutThrough"],"picked":"SKIP","floor":21},{"not_picked":["bronze:Frontload+1","bronze:ChildClass","bronze:Deprecate"],"picked":"SKIP","floor":23},{"not_picked":["bronze:Overheat","bronze:DigitalCarnage","bronze:DelayedSlice","bronze:Boost"],"picked":"SKIP","floor":26},{"not_picked":["bronze:Overheat","bronze:DigitalCarnage","bronze:DelayedSlice","bronze:Boost"],"picked":"SKIP","floor":26},{"not_picked":["bronze:ChosenStrike+1","bronze:Iterate","bronze:Deprecate","bronze:Terminator"],"picked":"SKIP","floor":28},{"not_picked":["bronze:Shield","bronze:BitShift","bronze:Turbo+1","bronze:Branch"],"picked":"SKIP","floor":31},{"not_picked":["bronze:Frontload+1","bronze:Optimize","bronze:BugBarrage"],"picked":"bronze:Repair","floor":32},{"not_picked":["bronze:Break","bronze:Assembly","bronze:Format"],"picked":"bronze:ThunderWave","floor":33},{"not_picked":["bronze:Deprecate","bronze:WhirlingStrike+1","bronze:Shell+1","bronze:Boost+1"],"picked":"SKIP","floor":36},{"not_picked":["bronze:Constructor+1","bronze:Separator","bronze:ClassDefault","bronze:Optimize+1"],"picked":"SKIP","floor":38},{"not_picked":["bronze:Deprecate+1","bronze:Turbo+1","bronze:OilSpill+1","bronze:Terminator+1"],"picked":"SKIP","floor":39},{"not_picked":["bronze:Iterate+1","bronze:Shield+1","bronze:OilSpill+1"],"picked":"bronze:Repulsor","floor":42},{"not_picked":["bronze:BronzeOrb","bronze:ClassDefault+1","bronze:Allocate","bronze:ThunderWave"],"picked":"SKIP","floor":44},{"not_picked":["bronze:OilSpill+1","bronze:BuggyMess+1","bronze:Shield","bronze:WildBeam+1"],"picked":"SKIP","floor":49}],"player_experience":448291,"relics_obtained":[{"floor":1,"key":"ReplayTheSpireMod:Shallot"},{"floor":6,"key":"Durian"},{"floor":7,"key":"Iron Hammer"},{"floor":8,"key":"FossilizedHelix"},{"floor":11,"key":"bronze:SilverBullet"},{"floor":13,"key":"Lantern"},{"floor":24,"key":"Question Card"},{"floor":26,"key":"Torii"},{"floor":30,"key":"Ring of Fury"},{"floor":30,"key":"Ring of Searing"},{"floor":37,"key":"Toy Ornithopter"},{"floor":40,"key":"Dead Branch"},{"floor":41,"key":"Art of War"}],"event_choices":[{"cards_removed":["bronze:Goto"],"damage_healed":0,"gold_gain":0,"player_choice":"Card Removal","damage_taken":0,"max_hp_gain":0,"max_hp_loss":0,"event_name":"The Cleric","floor":5,"gold_loss":0},{"damage_healed":0,"gold_gain":0,"player_choice":"Ignored","damage_taken":0,"max_hp_gain":0,"max_hp_loss":0,"event_name":"Vampires","floor":22,"gold_loss":0},{"damage_healed":0,"gold_gain":0,"player_choice":"Fight","damage_taken":0,"max_hp_gain":0,"max_hp_loss":0,"event_name":"Mysterious Sphere","floor":40,"gold_loss":0}],"is_beta":false,"boss_relics":[{"not_picked":["Black Star","SacredBark"],"picked":"bronze:PlatinumCore"},{"not_picked":["Replay:Wanted Poster","Coffee Dripper"],"picked":"Pandora\u0027s Box"}],"items_purged_floors":[39,43,45,46],"is_endless":false,"potions_floor_spawned":[2,11,13,15,16,26,31,38,44,49],"ascension_level":1}}