{"host":"i9h64q9gphvrup4n","time":1612906469,"event":{"mods":["2.2 Compatiblity","AchievementEnabler","Aspiration","Astrologer","Bard","BaseMod","Beaked The Cultist","BetterRewards","Colored Powertips","Conspire","Downfall","Gremlin Mod","Hermit","Hubris","Infinite Spire","Jorbs\u0027s Wanderer Trilogy","Minty Spire (QoL Compilation)","Replay The Spire","Shop Mod","StSLib","SuperFastMode","The Blackbeard","The Bladedancer","The Bug Knight","The Construct","The Cursed","The Disciple","The Hierophant","The Jungle","The Necromancer","The Runesmith","The Wild Card","slay the spire mod where everything is the same but ironclad has a cowboy hat"],"gold_per_floor":[116,116,133,152,152,184,184,197,197,223,223,253,265,19,19,91,91,104,122,122,79,89,89,89,89],"floor_reached":24,"language":"ENG","playtime":1147,"items_purged":["theWildCard:BasicStrike"],"score":410,"play_id":"1147f598-cede-446e-bf0a-f4d6294482e1","local_time":"20210209153429","is_ascension_mode":true,"campfire_choices":[{"floor":7,"key":"RECALL"},{"floor":11,"key":"REST"},{"floor":15,"key":"REST"},{"floor":23,"key":"REST"}],"circlet_count":0,"master_deck":["AscendersBane","Strike_W","Strike_W","Strike_W","Strike_W","Defend_W","Defend_W","Defend_W","Defend_W","Negative_Energy_Arrows","Bone_Wall","Survivor","Summon_Death_Knight+1","Finger_Of_Death","Summon_Undead_Army","Necrotic_Claws","theWildCard:Metatron","Bone_Bullets","Summon_Lich","Bone_Bullets","Bones_to_Steel","Siphon_Strength","Summon_Lich","Skeleton_Dragon","Negative_Energy_Javelin","Necrotic_Claws","Summon_Undead_Army","Life_Drain"],"relics":["Vampire_Amulet","conspire:DeflatedDodgeball","infinitespire:PuzzleCube","Darkstone Periapt","Membership Card","hubris:Backtick","TungstenRod"],"acts_visited":["Exordium","TheCity"],"potions_floor_usage":[8,10,19,24],"damage_taken":[{"damage":8,"enemies":"2 Louse","floor":1,"turns":4},{"damage":6,"enemies":"Cultist","floor":3,"turns":4},{"damage":2,"enemies":"Jaw Worm","floor":4,"turns":4},{"damage":16,"enemies":"Replay:BlueRogue","floor":6,"turns":8},{"damage":19,"enemies":"Exordium Thugs","floor":8,"turns":6},{"damage":12,"enemies":"Lagavulin","floor":10,"turns":6},{"damage":13,"enemies":"Replay:BlueRogue","floor":12,"turns":7},{"damage":5,"enemies":"3 Louse","floor":13,"turns":4},{"damage":28,"enemies":"Slime Boss","floor":16,"turns":6},{"damage":0,"enemies":"3 Byrds","floor":18,"turns":3},{"damage":33,"enemies":"conspire:FuzzyDice","floor":19,"turns":6},{"damage":23,"enemies":"Snecko","floor":22,"turns":6},{"damage":48,"enemies":"Gremlin Leader","floor":24,"turns":3}],"seed_played":"-8262927614117741607","potions_obtained":[{"floor":1,"key":"Fruit Juice"},{"floor":6,"key":"PowerPotion"},{"floor":12,"key":"Languid Potion"},{"floor":13,"key":"Strength Potion"},{"floor":19,"key":"SpeedPotion"}],"is_trial":false,"path_per_floor":["M","?","M","M","?","E","R","M","T","E","R","E","M","$","R","B",null,"M","M","?","$","M","R","E"],"character_chosen":"NECROMANCER","items_purchased":["Membership Card","Summon_Lich","Summon_Undead_Army"],"campfire_rested":3,"item_purchase_floors":[14,14,21],"current_hp_per_floor":[60,60,56,56,56,42,42,32,32,22,44,33,34,34,56,32,65,71,42,42,42,21,43,0,0],"gold":89,"neow_bonus":"THREE_RARE_CARDS","is_daily":false,"chose_seed":false,"campfire_upgraded":0,"win_rate":0.0,"timestamp":1612906469,"path_taken":["M","?","?","M","?","E","R","M","T","E","R","E","M","$","R","BOSS","M","M","?","$","M","R","E"],"items_purchased_type":["Relic","Card","Card"],"build_version":"2020-12-22","purchased_purges":1,"victory":false,"max_hp_per_floor":[71,71,71,71,71,71,71,76,76,76,76,76,76,76,76,76,76,76,76,76,76,76,76,76,76],"card_choices":[{"not_picked":["Summon_Vampire_Lady","Cloudkill"],"picked":"Summon_Death_Knight","floor":0},{"not_picked":["Consume_Illness","Toxic_Smoke_Screen"],"picked":"Finger_Of_Death","floor":1},{"not_picked":["Negative_Energy_Shield","Negative_Energy_Mist"],"picked":"Summon_Undead_Army","floor":3},{"not_picked":["Life_Tap","Vampiric_Strike"],"picked":"Necrotic_Claws","floor":4},{"not_picked":["Negative_Energy_Bomb","Exploit"],"picked":"Bone_Bullets","floor":6},{"not_picked":["Chill_Blood","Death_Coil"],"picked":"Summon_Lich","floor":8},{"not_picked":["Blood_Shield","Blood_Whip"],"picked":"Bone_Bullets","floor":10},{"not_picked":["Spectral_Armor","Negative_Energy_Mist"],"picked":"Bones_to_Steel","floor":12},{"not_picked":["Blood_Whip","Deaths_Shadow"],"picked":"Siphon_Strength","floor":13},{"not_picked":["Detonate_Bones","Blood_Wake"],"picked":"Skeleton_Dragon","floor":16},{"not_picked":["Shackles_Of_Pain+1","Consume_Illness"],"picked":"Negative_Energy_Javelin","floor":18},{"not_picked":["Scare","Vampiric_Strike"],"picked":"Necrotic_Claws","floor":19},{"not_picked":["Bone_Armor","Epidemic"],"picked":"Life_Drain","floor":22}],"player_experience":744005,"relics_obtained":[{"floor":6,"key":"conspire:DeflatedDodgeball"},{"floor":10,"key":"infinitespire:PuzzleCube"},{"floor":12,"key":"Darkstone Periapt"}],"event_choices":[{"damage_healed":0,"gold_gain":0,"player_choice":"Upgraded","damage_taken":0,"max_hp_gain":0,"max_hp_loss":0,"event_name":"Upgrade Shrine","floor":2,"gold_loss":0,"cards_upgraded":["Summon_Death_Knight"]}],"is_beta":false,"boss_relics":[{"not_picked":["Replay:Fungal Core","aspiration:PoetsPen_weak"],"picked":"hubris:Backtick"}],"items_purged_floors":[14],"is_endless":false,"potions_floor_spawned":[1,6,12,13,16,18,19],"killed_by":"Gremlin Leader","ascension_level":18}}