{"host":"Supernova","time":1612892859,"event":{"mods":["AchievementEnabler","BaseMod","Bestiary","Colored Map","Highlight Path","Minty Spire (QoL Compilation)","Permanent Neow","Relic Sorter","Relic Stats","StSLib"],"gold_per_floor":[119,131,145,165,165,165,183,183,206,206,206,206,225,255,267,382,394,420,432,456,468,497,539,563,140,140,140,71,87,107,121,121,220,220,240,251,251,0,0,34,45,45,93,121,139,50,50,50,50,50,50],"floor_reached":50,"language":"ENG","playtime":3583,"items_purged":["Strike_R"],"score":549,"play_id":"8db49a65-7ed2-40c6-895d-3c72644331dd","local_time":"20210209124739","is_ascension_mode":false,"campfire_choices":[{"data":"Flame Barrier","floor":6,"key":"SMITH"},{"data":"Metallicize","floor":8,"key":"SMITH"},{"data":"Bash","floor":10,"key":"SMITH"},{"data":"Rage","floor":15,"key":"SMITH"},{"floor":27,"key":"REST"},{"floor":32,"key":"REST"},{"floor":47,"key":"REST"},{"data":"Seeing Red","floor":49,"key":"SMITH"}],"circlet_count":0,"master_deck":["Strike_R","Strike_R+1","Defend_R","Defend_R+1","Defend_R+1","Bash+1","Flame Barrier+1","Pummel","Twin Strike","Combust","Inflame+1","Metallicize+1","Rage+1","Rage+1","Demon Form","CurseOfTheBell","Anger","Entrench+1","Cleave","Metallicize+1","Seeing Red+1","Offering","Flex","Body Slam+1","Dropkick+1","Parasite","Evolve+1","Rampage","Wild Strike"],"relics":["Burning Blood","Art of War","MawBank","Calling Bell","Potion Belt","Pear","Pocketwatch","War Paint","Frozen Egg 2","Mercury Hourglass","Busted Crown","Red Mask","Happy Flower","Lantern","Strawberry"],"acts_visited":["Exordium","TheCity","TheBeyond"],"potions_floor_usage":[16,16,16,20,23,29,30,30,31,33,33,44,44,45,50,50],"damage_taken":[{"damage":0,"enemies":"Cultist","floor":1,"turns":5},{"damage":9,"enemies":"Jaw Worm","floor":2,"turns":5},{"damage":0,"enemies":"Small Slimes","floor":3,"turns":3},{"damage":5,"enemies":"Red Slaver","floor":4,"turns":4},{"damage":1,"enemies":"Lots of Slimes","floor":7,"turns":3},{"damage":10,"enemies":"Looter","floor":13,"turns":3},{"damage":22,"enemies":"3 Sentries","floor":14,"turns":6},{"damage":22,"enemies":"Hexaghost","floor":16,"turns":8},{"damage":1,"enemies":"3 Byrds","floor":18,"turns":2},{"damage":1,"enemies":"Spheric Guardian","floor":20,"turns":3},{"damage":33,"enemies":"Shelled Parasite and Fungi","floor":22,"turns":6},{"damage":52,"enemies":"Slavers","floor":23,"turns":5},{"damage":16,"enemies":"Cultist and Chosen","floor":24,"turns":6},{"damage":4,"enemies":"Centurion and Healer","floor":29,"turns":6},{"damage":8,"enemies":"Snecko","floor":30,"turns":5},{"damage":3,"enemies":"Snake Plant","floor":31,"turns":3},{"damage":28,"enemies":"Automaton","floor":33,"turns":8},{"damage":28,"enemies":"Orb Walker","floor":35,"turns":3},{"damage":23,"enemies":"3 Darklings","floor":36,"turns":4},{"damage":16,"enemies":"Nemesis","floor":40,"turns":5},{"damage":6,"enemies":"Sphere and 2 Shapes","floor":41,"turns":5},{"damage":40,"enemies":"Reptomancer","floor":44,"turns":6},{"damage":17,"enemies":"Writhing Mass","floor":45,"turns":6},{"damage":53,"enemies":"Time Eater","floor":50,"turns":5}],"seed_played":"7329405066304823073","potions_obtained":[{"floor":3,"key":"Strength Potion"},{"floor":4,"key":"SteroidPotion"},{"floor":12,"key":"SkillPotion"},{"floor":12,"key":"BlessingOfTheForge"},{"floor":14,"key":"LiquidBronze"},{"floor":16,"key":"Energy Potion"},{"floor":20,"key":"Explosive Potion"},{"floor":29,"key":"BlessingOfTheForge"},{"floor":30,"key":"Block Potion"},{"floor":31,"key":"AttackPotion"},{"floor":36,"key":"Ancient Potion"},{"floor":41,"key":"LiquidMemories"},{"floor":44,"key":"FearPotion"}],"is_trial":false,"path_per_floor":["M","M","M","M","?","R","M","R","T","R","?","?","M","E","R","B",null,"M","?","M","$","M","E","M","$","T","R","$","M","M","M","R","B",null,"M","M","?","?","?","E","M","?","T","E","M","$","R","$","R","B"],"character_chosen":"IRONCLAD","items_purchased":["Frozen Egg 2","EntropicBrew","Metallicize+1","Rampage","Wild Strike"],"campfire_rested":3,"item_purchase_floors":[25,25,28,46,46],"current_hp_per_floor":[80,77,80,80,64,64,69,69,69,69,69,69,65,49,49,33,90,90,90,90,90,63,17,7,7,7,34,34,36,34,37,64,42,90,68,51,51,51,51,41,41,41,41,32,21,21,50,50,50,0,0],"gold":50,"neow_bonus":"TRANSFORM_CARD","is_daily":false,"chose_seed":false,"campfire_upgraded":5,"win_rate":0.0,"timestamp":1612892859,"path_taken":["M","?","M","M","?","R","M","R","T","R","?","?","M","E","R","BOSS","M","?","?","$","M","E","M","?","T","R","$","?","M","M","R","BOSS","M","M","?","?","?","E","?","?","T","E","M","$","R","?","R","BOSS"],"items_purchased_type":["Relic","Potion","Card","Card","Card"],"build_version":"2020-12-18","purchased_purges":1,"victory":false,"max_hp_per_floor":[80,80,80,80,80,80,80,80,80,80,80,80,80,80,80,80,90,90,90,90,90,90,90,90,90,90,90,90,90,90,90,90,90,90,90,90,90,90,90,90,90,90,90,97,97,97,97,97,97,97,97],"relic_stats":{"Busted Crown":12,"Happy Flower":[7],"counters":[24,115],"Art of War":[12],"War Paint":["Defend_R","Rage"],"MawBank":132,"obtain_stats":[{"Potion Belt":17,"Lantern":43,"Pear":17,"Happy Flower":40,"War Paint":23,"Frozen Egg 2":25,"MawBank":14,"Burning Blood":0,"Mercury Hourglass":26,"Calling Bell":17,"Busted Crown":34,"Strawberry":44,"Art of War":9,"Red Mask":38,"Pocketwatch":17},{"Potion Belt":8,"Lantern":21,"Pear":8,"Happy Flower":20,"War Paint":12,"Frozen Egg 2":13,"MawBank":7,"Burning Blood":0,"Mercury Hourglass":13,"Calling Bell":8,"Busted Crown":17,"Strawberry":22,"Art of War":5,"Red Mask":19,"Pocketwatch":8},{"Potion Belt":37,"Lantern":98,"Pear":37,"Happy Flower":93,"War Paint":53,"Frozen Egg 2":59,"MawBank":29,"Burning Blood":0,"Mercury Hourglass":59,"Calling Bell":37,"Busted Crown":81,"Strawberry":104,"Art of War":20,"Red Mask":88,"Pocketwatch":37}],"Burning Blood":118,"Pocketwatch":[84],"Mercury Hourglass":[200]},"card_choices":[{"not_picked":["Perfected Strike","Evolve"],"picked":"Pummel","floor":1},{"not_picked":["Wild Strike","Heavy Blade"],"picked":"Twin Strike","floor":2},{"not_picked":["Body Slam","Infernal Blade"],"picked":"Combust","floor":3},{"not_picked":["Dark Embrace","Dropkick"],"picked":"Inflame","floor":4},{"not_picked":["Shrug It Off","Sword Boomerang"],"picked":"Metallicize","floor":7},{"not_picked":["Clothesline","Anger"],"picked":"Rage","floor":13},{"not_picked":["Sever Soul","Inflame"],"picked":"Rage","floor":14},{"not_picked":["Exhume","Corruption"],"picked":"Demon Form","floor":16},{"not_picked":["Body Slam","Armaments"],"picked":"Anger","floor":18},{"not_picked":["Flame Barrier","Warcry"],"picked":"Entrench+1","floor":20},{"not_picked":["Inflame","Headbutt"],"picked":"Cleave","floor":22},{"not_picked":["Iron Wave","Pummel+1","Bludgeon"],"picked":"SKIP","floor":23},{"not_picked":["Headbutt+1","Cleave","Entrench"],"picked":"SKIP","floor":24},{"not_picked":["Clash","Twin Strike","Wild Strike"],"picked":"SKIP","floor":29},{"not_picked":["Shockwave","Twin Strike","Perfected Strike+1"],"picked":"SKIP","floor":30},{"not_picked":["Pommel Strike","Uppercut+1"],"picked":"Seeing Red","floor":31},{"not_picked":["Impervious","Fiend Fire"],"picked":"Offering","floor":33},{"not_picked":["Armaments"],"picked":"SKIP","floor":35},{"not_picked":[],"picked":"Flex","floor":36},{"not_picked":[],"picked":"Body Slam+1","floor":40},{"not_picked":["Reckless Charge"],"picked":"SKIP","floor":41},{"not_picked":[],"picked":"Dropkick+1","floor":44},{"not_picked":[],"picked":"Evolve+1","floor":45}],"player_experience":395891,"relics_obtained":[{"floor":9,"key":"Art of War"},{"floor":14,"key":"MawBank"},{"floor":17,"key":"Potion Belt"},{"floor":17,"key":"Pear"},{"floor":17,"key":"Pocketwatch"},{"floor":23,"key":"War Paint"},{"floor":26,"key":"Mercury Hourglass"},{"floor":40,"key":"Happy Flower"},{"floor":43,"key":"Lantern"},{"floor":44,"key":"Strawberry"}],"event_choices":[{"damage_healed":0,"gold_gain":0,"player_choice":"Entered Light","damage_taken":16,"max_hp_gain":0,"max_hp_loss":0,"event_name":"Shining Light","floor":5,"gold_loss":0,"cards_upgraded":["Strike_R","Defend_R"]},{"damage_healed":0,"gold_gain":0,"player_choice":"Grow","damage_taken":0,"max_hp_gain":0,"max_hp_loss":0,"event_name":"Living Wall","floor":11,"gold_loss":0,"cards_upgraded":["Inflame"]},{"damage_healed":0,"gold_gain":0,"player_choice":"Got Potions","damage_taken":0,"max_hp_gain":0,"max_hp_loss":0,"event_name":"Lab","floor":12,"gold_loss":0},{"cards_removed":["Defend_R"],"damage_healed":0,"gold_gain":0,"player_choice":"Card Removal","damage_taken":0,"max_hp_gain":0,"max_hp_loss":0,"event_name":"Wheel of Change","floor":19,"gold_loss":0},{"cards_removed":["Strike_R"],"damage_healed":0,"gold_gain":0,"player_choice":"Removed Attack","damage_taken":0,"max_hp_gain":0,"max_hp_loss":0,"event_name":"Falling","floor":37,"gold_loss":0},{"damage_healed":0,"gold_gain":0,"player_choice":"Paid","damage_taken":0,"relics_obtained":["Red Mask"],"max_hp_gain":0,"max_hp_loss":0,"event_name":"Tomb of Lord Red Mask","floor":38,"gold_loss":251},{"damage_healed":0,"gold_gain":0,"player_choice":"Ignored","damage_taken":0,"max_hp_gain":0,"max_hp_loss":0,"event_name":"NoteForYourself","floor":39,"gold_loss":0},{"damage_healed":0,"gold_gain":0,"player_choice":"Ignored","damage_taken":0,"max_hp_gain":0,"max_hp_loss":0,"event_name":"The Moai Head","floor":42,"gold_loss":0}],"is_beta":true,"boss_relics":[{"not_picked":["Runic Cube","Sozu"],"picked":"Calling Bell"},{"not_picked":["Cursed Key","Tiny House"],"picked":"Busted Crown"}],"items_purged_floors":[25],"is_endless":false,"potions_floor_spawned":[3,4,14,16,20,29,30,31,36,41,44],"killed_by":"Time Eater","ascension_level":0}}