{"host":"vyiqbz5w606ur92t","time":1612869541,"event":{"mods":["BaseMod","Downfall","Minty Spire (QoL Compilation)","StSLib"],"gold_per_floor":[99,115,131,131,42,70,96,96,128,228,228,128,128,156,170,265,265,265,280,297,310,310,410,410,210,237,237,237,248,295,329,339,441,441,441,460,514,514,281,281,281,281,301,324,352,352,582,608,625,625,625,658,53,53,53,53],"floor_reached":57,"language":"ENG","playtime":5342,"items_purged":["hexamod:FourthSeal","hexamod:Defend","hexamod:Defend"],"score":1734,"play_id":"dc1219b2-472a-4a25-96dc-3095a1b2276d","local_time":"20210209111901","is_ascension_mode":true,"campfire_choices":[{"data":"hexamod:Float","floor":1,"key":"SMITH"},{"data":"hexamod:TimeWarp","floor":8,"key":"SMITH"},{"floor":12,"key":"REST"},{"floor":18,"key":"RECALL"},{"floor":25,"key":"REST"},{"data":"hexamod:HeatCrush","floor":27,"key":"SMITH"},{"data":"hexamod:TimeWarp","floor":35,"key":"SMITH"},{"data":"hexamod:GhostOfSpirePast","floor":40,"key":"SMITH"},{"data":"hexamod:EmpoweredFlame","floor":46,"key":"SMITH"},{"data":"hexamod:FastForward","floor":54,"key":"SMITH"}],"circlet_count":0,"master_deck":["hexamod:Strike+1","hexamod:Sear","hexamod:Float+1","hexamod:SpectersWail+1","hexamod:BurningTouch+1","hexamod:Hexaguard","hexamod:TimeWarp+1","hexamod:BacktrackSmack","hexamod:EmpoweredFlame+1","hexamod:Hexaguard","hexamod:FirstSeal","hexamod:HauntingEcho","hexamod:HeatCrush+1","hexamod:TimeOfNeed","hexamod:EtherealExpedition+1","hexamod:AdvancingGuard+1","J.A.X.","hexamod:FirstSeal","hexamod:FlamesFromBeyond","hexamod:TurnItUp","hexamod:TimeWarp+1","hexamod:FastForward+1","expansioncontent:YouAreMine","expansioncontent:LastStand","hexamod:GhostOfSpirePast+1","hexamod:StepThrough+1","hexamod:Again+1","hexamod:FastForward+1","hexamod:Incineration"],"relics":["hexamod:SpiritBrand","Mercury Hourglass","Tiny Chest","Shuriken","downfall:HeartBlessingGreen","Pen Nib","SlaversCollar","MutagenicStrength","champ:DuelingGlove","downfall:HeartBlessingRed","downfall:HeartBlessingBlue","Eternal Feather","Whetstone","Juzu Bracelet","Sozu","CaptainsWheel","OrangePellets","HornCleat","Blood Vial","Bottled Flame","Incense Burner","Mummified Hand","Toolbox","bronze:DecasWashers"],"acts_visited":["Exordium","TheCity","TheBeyond","TheEnding"],"potions_floor_usage":[9,21,21,33,56,56],"damage_taken":[{"damage":0,"enemies":"Small Slimes","floor":2,"turns":3},{"damage":2,"enemies":"Jaw Worm","floor":3,"turns":3},{"damage":0,"enemies":"downfall:FleeingMerchant","floor":5,"turns":4},{"damage":26,"enemies":"Lagavulin","floor":6,"turns":6},{"damage":0,"enemies":"Gremlin Nob","floor":9,"turns":2},{"damage":19,"enemies":"downfall:Heads","floor":10,"turns":5},{"damage":1,"enemies":"Lagavulin","floor":14,"turns":4},{"damage":0,"enemies":"2 Louse","floor":15,"turns":2},{"damage":13,"enemies":"IC_STATUS_ARCHETYPE","floor":16,"turns":6},{"damage":13,"enemies":"Spheric Guardian","floor":19,"turns":4},{"damage":2,"enemies":"Shell Parasite","floor":20,"turns":3},{"damage":13,"enemies":"Snake Plant","floor":21,"turns":3},{"damage":38,"enemies":"downfall:Augmenter","floor":23,"turns":6},{"damage":4,"enemies":"Slavers","floor":26,"turns":3},{"damage":7,"enemies":"Cultist and Chosen","floor":29,"turns":4},{"damage":3,"enemies":"Book of Stabbing","floor":31,"turns":2},{"damage":26,"enemies":"Chosen and Byrds","floor":32,"turns":5},{"damage":9,"enemies":"SI_MIRROR_ARCHETYPE","floor":33,"turns":6},{"damage":14,"enemies":"Orb Walker","floor":36,"turns":3},{"damage":26,"enemies":"2 Orb Walkers","floor":37,"turns":4},{"damage":0,"enemies":"downfall:FleeingMerchant","floor":39,"turns":4},{"damage":8,"enemies":"3 Shapes","floor":43,"turns":4},{"damage":8,"enemies":"Giant Head","floor":45,"turns":4},{"damage":0,"enemies":"downfall:FleeingMerchant","floor":47,"turns":1},{"damage":3,"enemies":"Reptomancer","floor":48,"turns":2},{"damage":3,"enemies":"Writhing Mass","floor":49,"turns":3},{"damage":35,"enemies":"DF_ARCHETYPE_ORBS","floor":50,"turns":4},{"damage":24,"enemies":"downfall:CharBossMerchant","floor":52,"turns":6},{"damage":10,"enemies":"downfall:NeowBoss","floor":55,"turns":8},{"damage":3,"enemies":"downfall:NeowBossFinal","floor":56,"turns":5}],"seed_played":"1114477209952431058","potions_obtained":[{"floor":6,"key":"AttackPotion"},{"floor":10,"key":"LiquidBronze"},{"floor":14,"key":"Guardian:BlockOnCardUsePotion"},{"floor":16,"key":"BlessingOfTheForge"},{"floor":26,"key":"Energy Potion"},{"floor":29,"key":"bronze:BurnAndBuffPotion"},{"floor":31,"key":"BlessingOfTheForge"},{"floor":32,"key":"Block Potion"},{"floor":32,"key":"Regen Potion"},{"floor":33,"key":"hexamod:SoulburnPotion"}],"is_trial":false,"path_per_floor":["R","M","M","?","$","E","T","R","E","?","?","R","?","E","M","B",null,"R","M","M","M","T","?","T","R","E","R","?","M","T","E","M","B",null,"R","M","?","?","$","R","T","?","M","T","E","R","$","E","M","B",null,"E","$","R","B","B",null],"character_chosen":"THE_SPIRIT","items_purchased":["hexamod:TimeWarp","OrangePellets","Toolbox","bronze:DecasWashers","hexamod:FastForward","hexamod:Incineration"],"campfire_rested":2,"item_purchase_floors":[5,39,53,53,53,53],"current_hp_per_floor":[70,70,68,68,68,42,42,42,42,23,16,39,39,45,52,39,68,68,62,67,61,61,23,23,59,62,74,74,81,81,78,66,71,83,87,87,68,63,77,87,87,87,87,87,87,87,87,87,87,66,82,67,67,82,87,87],"gold":53,"neow_bonus":"TEN_PERCENT_HP_BONUS","is_daily":false,"chose_seed":false,"campfire_upgraded":7,"win_rate":0.0,"timestamp":1612869541,"path_taken":["R","M","M","?","$","E","T","R","E","?","?","R","?","E","M","BOSS","R","M","M","M","?","?","T","R","E","R","?","?","?","E","M","BOSS","R","M","?","?","$","R","T","?","M","?","E","R","$","E","M","BOSS","E","$","R","BOSS","BOSS"],"items_purchased_type":["Card","Relic","Relic","Relic","Card","Card"],"build_version":"2020-12-22","purchased_purges":3,"victory":true,"max_hp_per_floor":[77,77,77,77,77,77,77,77,77,77,77,77,77,77,77,77,77,77,77,77,77,77,77,77,87,87,87,87,87,87,87,87,87,87,87,87,87,87,87,87,87,87,87,87,87,87,87,87,87,87,87,87,87,87,87,87],"card_choices":[{"not_picked":["hexamod:GhostShield","hexamod:FourthSeal"],"picked":"hexamod:SpectersWail","floor":2},{"not_picked":["hexamod:GhostShield","hexamod:InspiringFlames"],"picked":"hexamod:BurningTouch","floor":3},{"not_picked":["hexamod:HeatShield","hexamod:ThermalTransfer"],"picked":"hexamod:Hexaguard","floor":5},{"not_picked":["hexamod:Incineration","hexamod:InspiringFlames"],"picked":"hexamod:BacktrackSmack","floor":6},{"not_picked":["hexamod:SuperheatedStrike","hexamod:GhostOfSpirePresent","hexamod:BurningTouch"],"picked":"SKIP","floor":9},{"not_picked":["hexamod:ShieldOfDarkness","hexamod:InspiringFlames"],"picked":"hexamod:Hexaguard","floor":10},{"not_picked":["hexamod:ChargedBarrage","hexamod:ThermalTransfer"],"picked":"hexamod:HauntingEcho","floor":14},{"not_picked":["hexamod:HeatMetal","hexamod:HauntingEcho"],"picked":"hexamod:HeatCrush","floor":15},{"not_picked":["hexamod:GiftsFromTheDead","hexamod:UnlimitedPower"],"picked":"hexamod:TimeOfNeed","floor":16},{"not_picked":["hexamod:ThermalTransfer","hexamod:FlamesFromBeyond","hexamod:NightmareStrike+1"],"picked":"SKIP","floor":19},{"not_picked":["hexamod:NightmareGuise","hexamod:SpectersWail"],"picked":"hexamod:EtherealExpedition+1","floor":20},{"not_picked":["hexamod:Firestarter","hexamod:SpectersWail"],"picked":"hexamod:AdvancingGuard+1","floor":21},{"not_picked":[],"picked":"J.A.X.","floor":23},{"not_picked":["hexamod:RainOfEmbers","hexamod:InspiringFlames"],"picked":"hexamod:FirstSeal","floor":23},{"not_picked":["hexamod:SecondSeal","hexamod:Hexaguard"],"picked":"hexamod:TurnItUp","floor":26},{"not_picked":["hexamod:GhostOfSpireFuture","hexamod:FlamesFromBeyond","hexamod:FirstSeal"],"picked":"SKIP","floor":29},{"not_picked":["hexamod:FirstSeal","hexamod:ThirdSeal","hexamod:ExtraCrispy"],"picked":"SKIP","floor":31},{"not_picked":["hexamod:ShieldOfDarkness","hexamod:RadiantFlame","hexamod:Again"],"picked":"SKIP","floor":32},{"not_picked":["hexamod:FlameSwitch","hexamod:FifthSeal"],"picked":"hexamod:TimeWarp","floor":33},{"not_picked":["hexamod:GhostShield","hexamod:Hexaguard+1","hexamod:Again"],"picked":"SKIP","floor":36},{"not_picked":["hexamod:NightmareStrike","hexamod:BacktrackSmack+1"],"picked":"hexamod:FastForward+1","floor":37},{"not_picked":["expansioncontent:AwakenDeath","expansioncontent:InvincibleStrength"],"picked":"expansioncontent:YouAreMine","floor":38},{"not_picked":["expansioncontent:AwakenDeath","expansioncontent:PolyBeam"],"picked":"expansioncontent:LastStand","floor":38},{"not_picked":["hexamod:DynamicBlow+1","hexamod:PhantomFireball"],"picked":"hexamod:GhostOfSpirePast","floor":39},{"not_picked":["hexamod:NightmareGuise","hexamod:GhostShield","hexamod:ThermalTransfer"],"picked":"SKIP","floor":43},{"not_picked":["hexamod:UnlimitedPower","hexamod:SpectralSpark","hexamod:NightmareGuise"],"picked":"SKIP","floor":45},{"not_picked":["hexamod:NightmareGuise","hexamod:SpectersWail+1","hexamod:ThirdSeal"],"picked":"SKIP","floor":47},{"not_picked":["hexamod:CatchUp+1","hexamod:HeatMetal+1"],"picked":"hexamod:StepThrough+1","floor":48},{"not_picked":["hexamod:ThermalTransfer","hexamod:SecondSeal","hexamod:FlamesFromBeyond"],"picked":"SKIP","floor":49},{"not_picked":["hexamod:FourthSeal","hexamod:SwordOfDarkness"],"picked":"hexamod:Again+1","floor":52}],"player_experience":1674377,"relics_obtained":[{"floor":6,"key":"Mercury Hourglass"},{"floor":7,"key":"Tiny Chest"},{"floor":9,"key":"Shuriken"},{"floor":14,"key":"Pen Nib"},{"floor":23,"key":"MutagenicStrength"},{"floor":24,"key":"champ:DuelingGlove"},{"floor":26,"key":"Eternal Feather"},{"floor":30,"key":"Whetstone"},{"floor":31,"key":"Juzu Bracelet"},{"floor":37,"key":"CaptainsWheel"},{"floor":41,"key":"HornCleat"},{"floor":44,"key":"Blood Vial"},{"floor":45,"key":"Bottled Flame"},{"floor":48,"key":"Incense Burner"},{"floor":52,"key":"Mummified Hand"}],"event_choices":[{"damage_healed":0,"gold_gain":0,"player_choice":"Fight","damage_taken":0,"max_hp_gain":0,"max_hp_loss":0,"event_name":"Mysterious Sphere","floor":37,"gold_loss":0},{"damage_healed":0,"gold_gain":0,"player_choice":"Got Potions","damage_taken":0,"max_hp_gain":0,"max_hp_loss":0,"event_name":"Lab","floor":42,"gold_loss":0}],"is_beta":false,"boss_relics":[{"not_picked":["sneckomod:SneckoTalon","Runic Dome"],"picked":"SlaversCollar"},{"not_picked":["Snecko Eye","Cursed Key"],"picked":"Sozu"}],"items_purged_floors":[39,47,53],"is_endless":false,"potions_floor_spawned":[6,10,14,16,31,32,33,36,48,49],"ascension_level":7}}