{"host":"3498uni0c31c9bdm","time":1612860441,"event":{"mods":["BaseMod","Better Match","Better Note","Better Sensory Stone","Better Skull","Better Third Choice","Colored Map","Minty Spire (QoL Compilation)","Quick Restart","RNG Fix","Random Character Button","Replay The Spire","Shop Mod","Smile Girya","StSLib","Unceasing Turn Reminder"],"gold_per_floor":[113,113,129,48,61,93,93,126,150,161,222,65,65,82,82,153,153,165,165,176,207,258,258,289,289,589,606,606,623,623,623],"floor_reached":30,"language":"ENG","playtime":2932,"items_purged":[],"score":426,"play_id":"012e468b-5437-4221-9d21-15353548be27","local_time":"20210209194721","is_ascension_mode":true,"campfire_choices":[{"floor":7,"key":"REST"},{"floor":13,"key":"REST"},{"floor":15,"key":"REST"},{"floor":23,"key":"REST"},{"floor":25,"key":"RECALL"},{"floor":28,"key":"REST"}],"circlet_count":0,"master_deck":["AscendersBane","Strike_B","Strike_B","Strike_B","Strike_B","Defend_B","Defend_B","Defend_B","Defend_B","Zap","Dualcast","Gash","Self Repair","Panacea","Go for the Eyes","Multi-Cast","ReplayRNGCard","FIFO Queue","Streamline","Ball Lightning","Electrodynamics","FTL","J.A.X.","Melter","Steam","ReplayTheSpireMod:Splinters","Panic Button+1","Conserve Battery+1","Gash","Seek+1","ReplayTheSpireMod:System Scan+1"],"relics":["Cracked Core","NeowsBlessing","Potion Belt","Regal Pillow","Bottled Lightning","Lantern","StrikeDummy","Runic Capacitor","Black Star","Red Mask","Toxic Egg 2","CaptainsWheel","Du-Vu Doll","Old Coin"],"acts_visited":["Exordium","TheCity"],"potions_floor_usage":[6,8,11,16,21,21,21],"damage_taken":[{"damage":0,"enemies":"2 Louse","floor":1,"turns":1},{"damage":0,"enemies":"Jaw Worm","floor":3,"turns":1},{"damage":0,"enemies":"Cultist","floor":5,"turns":1},{"damage":20,"enemies":"Lagavulin","floor":6,"turns":8},{"damage":38,"enemies":"Gremlin Nob","floor":8,"turns":5},{"damage":8,"enemies":"2 Fungi Beasts","floor":10,"turns":4},{"damage":30,"enemies":"Gremlin Nob","floor":11,"turns":5},{"damage":12,"enemies":"Red Slaver","floor":14,"turns":3},{"damage":30,"enemies":"Fading Forest","floor":16,"turns":11},{"damage":4,"enemies":"Chosen","floor":18,"turns":4},{"damage":30,"enemies":"Shell Parasite","floor":20,"turns":5},{"damage":24,"enemies":"Masked Bandits","floor":21,"turns":4},{"damage":22,"enemies":"Replay:Snechameleon","floor":24,"turns":6},{"damage":17,"enemies":"Shelled Parasite and Fungi","floor":27,"turns":4},{"damage":7,"enemies":"Chosen and Byrds","floor":29,"turns":5},{"damage":69,"enemies":"Gremlin Leader","floor":30,"turns":6}],"seed_played":"-5304116140576678580","potions_obtained":[{"floor":1,"key":"AttackPotion"},{"floor":3,"key":"FocusPotion"},{"floor":10,"key":"EssenceOfSteel"},{"floor":11,"key":"AttackPotion"},{"floor":14,"key":"LifebloodPotion"},{"floor":18,"key":"Toxic Potion"},{"floor":20,"key":"Explosive Potion"},{"floor":27,"key":"Ancient Potion"}],"is_trial":false,"path_per_floor":["M","?","M","$","M","E","R","E","T","M","?","$","R","M","R","B",null,"M","?","M","?","?","R","E","R","T","M","R","M","E"],"character_chosen":"DEFECT","items_purchased":["Panacea","Runic Capacitor"],"campfire_rested":5,"item_purchase_floors":[4,12],"current_hp_per_floor":[68,43,43,43,43,30,67,36,36,35,12,12,49,44,75,52,69,65,65,42,25,25,62,47,47,47,30,67,60,0,0],"gold":623,"neow_bonus":"THREE_ENEMY_KILL","is_daily":false,"chose_seed":false,"campfire_upgraded":0,"win_rate":0.0,"timestamp":1612860441,"path_taken":["M","?","M","?","M","E","R","E","T","M","?","$","R","M","R","BOSS","M","?","M","?","?","R","E","R","T","M","R","M","E"],"items_purchased_type":["Card","Relic"],"build_version":"2020-12-22","purchased_purges":0,"victory":false,"max_hp_per_floor":[75,75,75,75,75,75,75,75,75,75,75,75,75,75,75,75,75,75,75,75,75,75,75,75,75,75,75,75,75,75,75],"card_choices":[{"not_picked":["ReplayTheSpireMod:Reroute Power","Panic Button"],"picked":"Gash","floor":1},{"not_picked":["Go for the Eyes","Glacier"],"picked":"Self Repair","floor":3},{"not_picked":["Rebound","Storm"],"picked":"Go for the Eyes","floor":5},{"not_picked":["Beam Cell","BootSequence"],"picked":"Multi-Cast","floor":6},{"not_picked":["Turbo","Chaos"],"picked":"ReplayRNGCard","floor":8},{"not_picked":["Cold Snap","Rip and Tear"],"picked":"FIFO Queue","floor":10},{"not_picked":["Genetic Algorithm","Panic Button"],"picked":"Streamline","floor":11},{"not_picked":["Reinforced Body","Steam"],"picked":"Ball Lightning","floor":14},{"not_picked":["Core Surge","Buffer"],"picked":"Electrodynamics","floor":16},{"not_picked":["Hologram","Streamline"],"picked":"FTL","floor":18},{"not_picked":["ReplaySort","Fusion"],"picked":"Melter","floor":20},{"not_picked":["Beam Cell","ReplayTheSpireMod:Repulse"],"picked":"Steam","floor":21},{"not_picked":["Doom and Gloom","Ball Lightning"],"picked":"Panic Button+1","floor":22},{"not_picked":["Rebound","Doom and Gloom"],"picked":"Conserve Battery+1","floor":22},{"not_picked":["Chaos+1","Coolheaded+1"],"picked":"Gash","floor":24},{"not_picked":["Redo+1","Streamline+1"],"picked":"Seek+1","floor":27},{"not_picked":["Beam Cell+1","Steam+1"],"picked":"ReplayTheSpireMod:System Scan+1","floor":29}],"player_experience":858851,"relics_obtained":[{"floor":6,"key":"Regal Pillow"},{"floor":8,"key":"Bottled Lightning"},{"floor":9,"key":"Lantern"},{"floor":11,"key":"StrikeDummy"},{"floor":21,"key":"Red Mask"},{"floor":22,"key":"Toxic Egg 2"},{"floor":24,"key":"CaptainsWheel"},{"floor":24,"key":"Du-Vu Doll"},{"floor":26,"key":"Old Coin"}],"event_choices":[{"damage_healed":0,"gold_gain":0,"player_choice":"Relic ","damage_taken":25,"max_hp_gain":0,"max_hp_loss":0,"event_name":"betterThird:BetterScrap","floor":2,"gold_loss":0,"cards_obtained":["BattleHymn"]},{"damage_healed":0,"gold_gain":0,"player_choice":"Searched \u00271\u0027 times","damage_taken":0,"max_hp_gain":0,"max_hp_loss":0,"event_name":"Dead Adventurer","floor":11,"gold_loss":0},{"damage_healed":0,"gold_gain":0,"player_choice":"Obtain J.A.X.","damage_taken":0,"max_hp_gain":0,"max_hp_loss":0,"event_name":"Drug Dealer","floor":19,"gold_loss":0,"cards_obtained":["J.A.X."]},{"damage_healed":0,"gold_gain":0,"player_choice":"Fought Bandits","damage_taken":0,"max_hp_gain":0,"max_hp_loss":0,"event_name":"Masked Bandits","floor":21,"gold_loss":0}],"is_beta":false,"boss_relics":[{"not_picked":["Snecko Eye","Inserter"],"picked":"Black Star"}],"items_purged_floors":[],"is_endless":false,"potions_floor_spawned":[1,3,10,11,14,18,20,27],"killed_by":"Gremlin Leader","ascension_level":13}}