{"host":"630px4nyj50z5id8","time":1612880680,"event":{"mods":["BaseMod","Better Note","Colored Powertips","Good Game Mod","Minty Spire (QoL Compilation)","Quick Restart","Rare Cards Sparkle","Relic Filter Mod","Replay The Spire","StSLib","Waifu the Spire"],"gold_per_floor":[119,139,150,69,84,114,132,161,233,233,308,5,5,5],"floor_reached":13,"language":"ZHS","playtime":439,"items_purged":["Strike_B"],"score":114,"play_id":"6c373305-f390-4cdb-a1d3-d203e92810b6","local_time":"20210209222440","is_ascension_mode":true,"campfire_choices":[{"floor":10.0,"key":"REST"}],"circlet_count":0,"master_deck":["Strike_B","Strike_B","Strike_B","Defend_B","Defend_B","Defend_B","Defend_B","Zap","Dualcast","Limit Break","Reprogram","Undo","Rebound","Sunder","Beam Cell","Conserve Battery","ReplayTheSpireMod:GoodbyeWorld","Hyperbeam","Leap+1","Streamline"],"relics":["Cracked Core","REME:ComplimentaryCards","NeowsBlessing","Kunai","Blue Candle","Quantum Egg","Blue Doll"],"acts_visited":["Exordium"],"potions_floor_usage":[],"damage_taken":[{"damage":0.0,"enemies":"Cultist","floor":1.0,"turns":1.0},{"damage":0.0,"enemies":"Small Slimes","floor":2.0,"turns":1.0},{"damage":0.0,"enemies":"2 Louse","floor":3.0,"turns":1.0},{"damage":12.0,"enemies":"Looter","floor":5.0,"turns":4.0},{"damage":39.0,"enemies":"3 Sentries","floor":6.0,"turns":7.0},{"damage":2.0,"enemies":"3 Louse","floor":7.0,"turns":3.0},{"damage":14.0,"enemies":"Lagavulin","floor":8.0,"turns":6.0},{"damage":22,"enemies":"Gremlin Nob","floor":13,"turns":4}],"seed_played":"8410798628942397253","potions_obtained":[{"floor":3.0,"key":"SpeedPotion"},{"floor":6.0,"key":"Venom Potion"},{"floor":7.0,"key":"SpeedPotion"}],"is_trial":false,"path_per_floor":["M","M","M","$","M","E","M","E","T","R","?","$","E"],"character_chosen":"DEFECT","items_purchased":["Sunder","Blue Doll","Leap+1","Streamline"],"campfire_rested":1,"item_purchase_floors":[4,12,12,12],"current_hp_per_floor":[75,75,75,75,63,24,22,8,8,30,19,19,0,0],"gold":5,"neow_bonus":"THREE_ENEMY_KILL","is_daily":false,"chose_seed":false,"campfire_upgraded":0,"win_rate":0.0,"timestamp":1612880680,"path_taken":["M","M","M","$","M","E","?","E","T","R","?","$","E"],"items_purchased_type":["Card","Relic","Card","Card"],"build_version":"2020-12-22","purchased_purges":1,"victory":false,"max_hp_per_floor":[75,75,75,75,75,75,75,75,75,75,75,75,75,75],"card_choices":[{"not_picked":["Streamline","Fusion"],"picked":"Reprogram","floor":1.0},{"not_picked":["Hologram","Redo"],"picked":"Undo","floor":2.0},{"not_picked":["Doom and Gloom","Leap"],"picked":"Rebound","floor":3.0},{"not_picked":["Leap","Stack"],"picked":"Beam Cell","floor":5.0},{"not_picked":["Aggregate","Chill"],"picked":"Conserve Battery","floor":6.0},{"not_picked":["Ball Lightning","Fusion"],"picked":"ReplayTheSpireMod:GoodbyeWorld","floor":7.0},{"not_picked":["Barrage","BasicCrystalCard"],"picked":"Hyperbeam","floor":8.0}],"player_experience":446041,"relics_obtained":[{"floor":6.0,"key":"Kunai"},{"floor":8.0,"key":"Blue Candle"},{"floor":9.0,"key":"Quantum Egg"}],"event_choices":[{"damage_healed":0.0,"max_hp_gain":0.0,"max_hp_loss":0.0,"gold_gain":75.0,"event_name":"World of Goop","player_choice":"Gather Gold","floor":11.0,"gold_loss":0.0,"damage_taken":11.0}],"is_beta":false,"boss_relics":[],"items_purged_floors":[12],"is_endless":false,"potions_floor_spawned":[3,6,7],"killed_by":"Gremlin Nob","ascension_level":4}}