{"host":"ad59wuc8ynh8u2z6","time":1612906990,"event":{"mods":["AchievementEnabler","BaseMod","Colored Powertips","DeckTracker","Highlight Path","Minty Spire (QoL Compilation)","Permanent Neow"],"gold_per_floor":[14,29,29,46,59,59,10,10,10,10,37,37,53,87,87,184,184,204,204,221,71,84,112,112,137,137,167,24,24,24,35,35,137,137,148,0,50,65,83,83,112,22,22,54,70,96,111,131,131,131],"floor_reached":51,"language":"ENG","playtime":2263,"items_purged":["Writhe"],"score":1046,"play_id":"2edb67c5-745e-4790-9385-7030af50d8e8","local_time":"20210209224310","is_ascension_mode":true,"campfire_choices":[{"data":"TalkToTheHand","floor":6.0,"key":"SMITH"},{"data":"CutThroughFate","floor":8.0,"key":"SMITH"},{"data":"FearNoEvil","floor":12.0,"key":"SMITH"},{"data":"Brilliance","floor":15.0,"key":"SMITH"},{"data":"Wallop","floor":24.0,"key":"SMITH"},{"data":"DeusExMachina","floor":29.0,"key":"SMITH"},{"data":"Strike_P","floor":32.0,"key":"SMITH"},{"data":"Ragnarok","floor":40.0,"key":"SMITH"},{"data":"Omniscience","floor":49.0,"key":"SMITH"}],"circlet_count":0,"master_deck":["Strike_P","Strike_P","Strike_P+1","Strike_P+1","Defend_P","Defend_P+1","Defend_P","Eruption+1","Vigilance+1","FearNoEvil+1","TalkToTheHand+1","CutThroughFate+1","Brilliance+1","DeusExMachina+1","Wallop+1","Ragnarok+1","Devotion","CutThroughFate+1","Omniscience+1"],"relics":["PureWater","Torii","Sundial","Letter Opener","Lantern","Coffee Dripper","Centennial Puzzle","Dream Catcher","Toy Ornithopter","Pantograph","Strawberry","Lee\u0027s Waffle","White Beast Statue","Sozu","Red Mask","Du-Vu Doll","Potion Belt","Darkstone Periapt","Eternal Feather","Vajra"],"acts_visited":["Exordium","TheCity","TheBeyond"],"potions_floor_usage":[50,50],"damage_taken":[{"damage":2.0,"enemies":"Jaw Worm","floor":1.0,"turns":4.0},{"damage":0.0,"enemies":"Small Slimes","floor":2.0,"turns":2.0},{"damage":0.0,"enemies":"2 Louse","floor":4.0,"turns":1.0},{"damage":0.0,"enemies":"Exordium Thugs","floor":5.0,"turns":4.0},{"damage":12.0,"enemies":"Lagavulin","floor":11.0,"turns":9.0},{"damage":0.0,"enemies":"2 Fungi Beasts","floor":13.0,"turns":2.0},{"damage":0.0,"enemies":"Gremlin Nob","floor":14.0,"turns":3.0},{"damage":0.0,"enemies":"Slime Boss","floor":16.0,"turns":6.0},{"damage":1.0,"enemies":"Shell Parasite","floor":18.0,"turns":4.0},{"damage":4.0,"enemies":"3 Byrds","floor":20.0,"turns":3.0},{"damage":6.0,"enemies":"Snake Plant","floor":22.0,"turns":2.0},{"damage":9.0,"enemies":"Gremlin Leader","floor":23.0,"turns":4.0},{"damage":1.0,"enemies":"Slavers","floor":25.0,"turns":4.0},{"damage":11.0,"enemies":"Book of Stabbing","floor":27.0,"turns":4.0},{"damage":0.0,"enemies":"Snecko","floor":31.0,"turns":4.0},{"damage":15.0,"enemies":"Collector","floor":33.0,"turns":7.0},{"damage":0.0,"enemies":"3 Shapes","floor":35.0,"turns":4.0},{"damage":1.0,"enemies":"Mind Bloom Boss Battle","floor":37.0,"turns":4.0},{"damage":11.0,"enemies":"3 Darklings","floor":38.0,"turns":4.0},{"damage":0.0,"enemies":"Jaw Worm Horde","floor":39.0,"turns":3.0},{"damage":37.0,"enemies":"Giant Head","floor":41.0,"turns":7.0},{"damage":1.0,"enemies":"Nemesis","floor":44.0,"turns":3.0},{"damage":0.0,"enemies":"Sphere and 2 Shapes","floor":45.0,"turns":2.0},{"damage":2.0,"enemies":"Giant Head","floor":46.0,"turns":6.0},{"damage":0.0,"enemies":"Spire Growth","floor":47.0,"turns":3.0},{"damage":1.0,"enemies":"Transient","floor":48.0,"turns":5.0},{"damage":59,"enemies":"Time Eater","floor":50,"turns":8}],"seed_played":"-4679936656880061908","potions_obtained":[{"floor":11.0,"key":"SkillPotion"},{"floor":13.0,"key":"AttackPotion"},{"floor":18.0,"key":"AttackPotion"},{"floor":27.0,"key":"BlessingOfTheForge"},{"floor":33.0,"key":"PowerPotion"}],"is_trial":false,"path_per_floor":["M","M","?","M","M","R","$","R","T","?","E","R","M","E","R","B",null,"M","?","M","$","M","E","R","E","T","E","$","R","T","M","R","B",null,"M","?","?","M","M","R","E","?","T","E","M","E","M","M","R","B",null],"character_chosen":"WATCHER","items_purchased":["Block Potion","Wallop","Lee\u0027s Waffle"],"campfire_rested":0,"item_purchase_floors":[7,21,28],"current_hp_per_floor":[70,70,70,70,70,70,70,70,70,56,44,44,44,44,44,44,72,71,71,67,67,61,52,52,51,51,47,86,86,86,86,86,71,86,86,86,85,75,75,75,38,38,38,37,37,35,35,34,43,19],"gold":131,"neow_bonus":"ONE_RARE_RELIC","is_daily":false,"chose_seed":false,"campfire_upgraded":9,"win_rate":0.0,"timestamp":1612906990,"path_taken":["M","M","?","M","M","R","$","R","T","?","E","R","M","E","R","BOSS","M","?","M","$","M","E","R","E","T","E","$","R","?","M","R","BOSS","M","?","?","M","M","R","E","?","T","E","M","E","M","?","R","BOSS"],"items_purchased_type":["Potion","Card","Relic"],"build_version":"2020-12-22","purchased_purges":1,"victory":true,"max_hp_per_floor":[72,72,72,72,72,72,72,72,72,72,72,72,72,72,72,72,72,72,72,72,72,72,72,72,72,72,79,86,86,86,86,86,86,86,86,86,86,86,86,86,86,86,86,86,86,86,86,86,86,86],"card_choices":[{"not_picked":["Halt","Protect","JustLucky"],"picked":"SKIP","floor":1.0},{"not_picked":["InnerPeace","Swivel"],"picked":"FearNoEvil","floor":2.0},{"not_picked":["ThirdEye","BowlingBash"],"picked":"TalkToTheHand","floor":4.0},{"not_picked":["Halt","Crescendo"],"picked":"CutThroughFate","floor":5.0},{"not_picked":["Indignation","ClearTheMind","Alpha"],"picked":"SKIP","floor":11.0},{"not_picked":["FlyingSleeves","FearNoEvil","EmptyFist"],"picked":"SKIP","floor":13.0},{"not_picked":["CutThroughFate","Protect"],"picked":"Brilliance","floor":14.0},{"not_picked":["Omniscience","Alpha"],"picked":"DeusExMachina","floor":16.0},{"not_picked":["FollowUp","BowlingBash","SashWhip"],"picked":"SKIP","floor":18.0},{"not_picked":["Evaluate","Weave+1","Meditate"],"picked":"SKIP","floor":20.0},{"not_picked":["Pray","Nirvana+1","PathToVictory"],"picked":"SKIP","floor":22.0},{"not_picked":["EmptyBody+1","DevaForm","CutThroughFate"],"picked":"SKIP","floor":23.0},{"not_picked":["Crescendo","CrushJoints","Prostrate"],"picked":"SKIP","floor":25.0},{"not_picked":["Wireheading","PathToVictory","BowlingBash+1"],"picked":"SKIP","floor":27.0},{"not_picked":["FlyingSleeves","Adaptation","FlurryOfBlows"],"picked":"SKIP","floor":31.0},{"not_picked":["Blasphemy","MasterReality"],"picked":"Ragnarok","floor":33.0},{"not_picked":["FlyingSleeves","SashWhip","BowlingBash"],"picked":"SKIP","floor":35.0},{"not_picked":["MentalFortress","WreathOfFlame"],"picked":"Devotion","floor":38.0},{"not_picked":["LikeWater","WaveOfTheHand+1","BowlingBash"],"picked":"SKIP","floor":39.0},{"not_picked":["ReachHeaven","FlyingSleeves+1"],"picked":"CutThroughFate+1","floor":41.0},{"not_picked":["SashWhip+1","FearNoEvil","CrushJoints"],"picked":"SKIP","floor":44.0},{"not_picked":["PathToVictory","ClearTheMind","ForeignInfluence"],"picked":"SKIP","floor":45.0},{"not_picked":["FollowUp","Nirvana+1"],"picked":"Omniscience","floor":46.0},{"not_picked":["BowlingBash+1","CarveReality","PathToVictory+1"],"picked":"SKIP","floor":47.0},{"not_picked":["FollowUp","Adaptation","FlurryOfBlows"],"picked":"SKIP","floor":48.0}],"player_experience":83152,"relics_obtained":[{"floor":9.0,"key":"Sundial"},{"floor":11.0,"key":"Letter Opener"},{"floor":14.0,"key":"Lantern"},{"floor":23.0,"key":"Dream Catcher"},{"floor":25.0,"key":"Toy Ornithopter"},{"floor":26.0,"key":"Pantograph"},{"floor":27.0,"key":"Strawberry"},{"floor":30.0,"key":"White Beast Statue"},{"floor":37.0,"key":"Du-Vu Doll"},{"floor":41.0,"key":"Potion Belt"},{"floor":43.0,"key":"Darkstone Periapt"},{"floor":44.0,"key":"Eternal Feather"},{"floor":46.0,"key":"Vajra"}],"event_choices":[{"damage_healed":0.0,"max_hp_gain":0.0,"max_hp_loss":0.0,"gold_gain":0.0,"event_name":"Living Wall","player_choice":"Grow","floor":3.0,"gold_loss":0.0,"damage_taken":0.0,"cards_upgraded":["Eruption"]},{"damage_healed":0.0,"max_hp_gain":0.0,"max_hp_loss":0.0,"gold_gain":0.0,"event_name":"Shining Light","player_choice":"Entered Light","floor":10.0,"gold_loss":0.0,"damage_taken":14.0,"cards_upgraded":["Vigilance","Defend_P"]},{"damage_healed":0.0,"max_hp_gain":0.0,"max_hp_loss":0.0,"gold_gain":0.0,"event_name":"The Mausoleum","player_choice":"Opened","floor":19.0,"gold_loss":0.0,"damage_taken":0.0,"relics_obtained":["Centennial Puzzle"],"cards_obtained":["Writhe"]},{"damage_healed":0.0,"max_hp_gain":0.0,"max_hp_loss":0.0,"gold_gain":0.0,"event_name":"Tomb of Lord Red Mask","player_choice":"Paid","floor":36.0,"gold_loss":148.0,"damage_taken":0.0,"relics_obtained":["Red Mask"]},{"damage_healed":0.0,"max_hp_gain":0.0,"max_hp_loss":0.0,"gold_gain":0.0,"event_name":"MindBloom","player_choice":"Fight","floor":37.0,"gold_loss":0.0,"damage_taken":0.0},{"cards_removed":["Defend_P"],"damage_healed":0.0,"max_hp_gain":0.0,"max_hp_loss":0.0,"gold_gain":0.0,"event_name":"Designer","player_choice":"Upgrade and Remove","floor":42.0,"gold_loss":90.0,"damage_taken":0.0,"cards_upgraded":["Strike_P"]}],"is_beta":false,"boss_relics":[{"not_picked":["Busted Crown","Runic Dome"],"picked":"Coffee Dripper"},{"not_picked":["Fusion Hammer","Runic Pyramid"],"picked":"Sozu"}],"items_purged_floors":[21],"is_endless":false,"potions_floor_spawned":[11,13,18,27,31,33,35,37,38,39,41,44,45,46,47,48],"ascension_level":4}}