{"host":"9asuq90e7lestxj3","time":1612879244,"event":{"mods":["AchievementEnabler","Aspiration","BaseMod","Better Vampires","BetterRewards","Colored Map","Conspire","Energized Spire","Googly Eyes","Halation","Hubris","Infinite Spire","Jorbs\u0027s Wanderer Trilogy","Marisa????????","Minty Spire (QoL Compilation)","Permanent Neow","Quick Restart","Replay The Spire","Shop Mod","StSLib","SuperFastMode"],"gold_per_floor":[113,113,133,143,43,43,73,84,84,84,99,132,148,162,162,262,262,275,190,208,108,108,120,153,172,172,189,222,248,264,299,299,405,355,373,390,406,406,255,255,205,271,271,332,419,419,105,105,105,142],"floor_reached":51,"language":"ENG","playtime":10946,"items_purged":["Defend_P","Strike_P+1"],"score":1211,"play_id":"01eabda1-e948-4067-b090-aef02eed7f57","local_time":"20210209150044","is_ascension_mode":true,"campfire_choices":[{"floor":6,"key":"REST"},{"floor":10,"key":"REST"},{"floor":15,"key":"REST"},{"floor":32,"key":"REST"},{"floor":40,"key":"REST"},{"floor":46,"key":"REST"},{"floor":49,"key":"REST"}],"circlet_count":0,"master_deck":["AscendersBane","Strike_P+1","Defend_P+1","Eruption+1","Vigilance+1","Replay:LoomingThreat+1","Crescendo+1","EmptyFist","ThirdEye","Replay:BluntJabs+1","LessonLearned+1","ClearTheMind","Replay:BluntJabs+1","Fasting2+1","SandsOfTime","EmptyBody+1","Draining Mist+1","Blur+1","Masterful Stab","MentalFortress","EmptyBody+1","Replay:ManipulateFuture+1","BowlingBash+1","Adaptation","Replay:DivineShield+1","Strike_P","Replay:Hum+1","Replay:AtTheReady","SandsOfTime+1","hubris:Fate","conspire:SpireCoStock","Devotion","Replay:AllIn","FlurryOfBlows+1"],"relics":["PureWater","Onion Ring","Guide Book","conspire:GiftBox","infinitespire:Satchel","War Paint","hubris:PeanutButter","ReplayTheSpireMod:DimensionalGlitch","infinitespire:Midas Blood","infinitespire:CursedDice","Pear","PreservedInsect","Sundial","energizedSpire:HugeHouse","aspiration:RitualDagger","Nunchaku","Anchor","hubris:MobiusCoin","Replay:WaspNest","Orichalcum","Ancient Tea Set","halation:PrussianBluePaint"],"acts_visited":["Exordium","TheCity","TheBeyond"],"potions_floor_usage":[24,25,33,33,50],"damage_taken":[{"damage":4,"enemies":"2 Louse","floor":1,"turns":2},{"damage":0,"enemies":"Cultist","floor":3,"turns":2},{"damage":0,"enemies":"Jaw Worm","floor":4,"turns":3},{"damage":27,"enemies":"Lagavulin","floor":7,"turns":4},{"damage":0,"enemies":"Large Slime","floor":8,"turns":3},{"damage":4,"enemies":"Exordium Wildlife","floor":11,"turns":2},{"damage":5,"enemies":"3 Sentries","floor":12,"turns":6},{"damage":0,"enemies":"Exordium Thugs","floor":13,"turns":3},{"damage":0,"enemies":"Red Slaver","floor":14,"turns":3},{"damage":9,"enemies":"The Guardian","floor":16,"turns":8},{"damage":0,"enemies":"Shell Parasite","floor":18,"turns":4},{"damage":0,"enemies":"Chosen","floor":20,"turns":4},{"damage":8,"enemies":"Centurion and Healer","floor":23,"turns":4},{"damage":3,"enemies":"Gremlin Leader","floor":24,"turns":5},{"damage":1,"enemies":"Chosen and Byrds","floor":25,"turns":7},{"damage":0,"enemies":"Snecko","floor":27,"turns":4},{"damage":10,"enemies":"Replay:Snechameleon","floor":28,"turns":6},{"damage":19,"enemies":"Snake Plant","floor":29,"turns":7},{"damage":0,"enemies":"3 Cultists","floor":30,"turns":3},{"damage":2,"enemies":"Slavers","floor":31,"turns":3},{"damage":28,"enemies":"hubris:MusketHawk","floor":33,"turns":9},{"damage":5,"enemies":"3 Darklings","floor":35,"turns":3},{"damage":0,"enemies":"Orb Walker","floor":36,"turns":2},{"damage":11,"enemies":"Transient","floor":37,"turns":5},{"damage":45,"enemies":"R_Hoarder","floor":42,"turns":5},{"damage":95,"enemies":"Reptomancer","floor":44,"turns":6},{"damage":47,"enemies":"Writhing Mass","floor":45,"turns":6},{"damage":88,"enemies":"Awakened One","floor":50,"turns":9}],"seed_played":"6320107873094085629","potions_obtained":[{"floor":1,"key":"Flashbang"},{"floor":4,"key":"LifebloodPotion"},{"floor":24,"key":"EssenceOfSteel"},{"floor":27,"key":"Dexterity Potion"},{"floor":33,"key":"Venom Potion"},{"floor":36,"key":"CultistPotion"}],"is_trial":false,"path_per_floor":["M","?","M","M","$","R","E","M","T","R","M","E","M","M","R","B",null,"M","?","M","$","?","M","E","M","T","M","E","M","M","E","R","B",null,"M","M","M","AVR","$","R","?","E","T","E","M","R","$","?","R","B",null],"character_chosen":"WATCHER","items_purchased":["Onion Ring","Guide Book","conspire:GiftBox","Replay:BluntJabs","Anchor","Ancient Tea Set","halation:PrussianBluePaint"],"campfire_rested":7,"item_purchase_floors":[0,0,0,5,39,47,47],"current_hp_per_floor":[29,29,29,29,29,50,23,23,23,44,40,35,35,35,56,47,66,66,66,66,66,66,58,55,54,64,64,54,35,35,33,57,29,65,60,60,49,49,49,72,72,27,27,39,28,51,51,54,78,37],"gold":142,"neow_bonus":"","is_daily":false,"chose_seed":false,"campfire_upgraded":0,"win_rate":0.0,"timestamp":1612879244,"path_taken":["M","?","M","M","$","R","E","M","T","R","M","E","M","M","R","BOSS","M","?","M","$","?","M","E","M","T","M","E","M","M","E","R","BOSS","M","M","M","AVR","?","R","?","E","T","E","M","R","$","?","R","BOSS"],"items_purchased_type":["Relic","Relic","Relic","Card","Relic","Relic","Relic"],"build_version":"2020-12-22","purchased_purges":2,"victory":true,"max_hp_per_floor":[72,72,72,72,72,72,72,72,72,72,72,72,72,72,72,72,72,72,72,72,72,72,72,72,72,82,82,82,82,82,82,82,82,77,77,77,77,77,77,77,77,77,77,77,77,77,77,80,80,80],"card_choices":[{"not_picked":["Scrawl","Vault"],"picked":"Replay:LoomingThreat","floor":0},{"not_picked":["CrushJoints","DeceiveReality"],"picked":"Crescendo","floor":1},{"not_picked":["CutThroughFate","FlyingSleeves"],"picked":"EmptyFist","floor":3},{"not_picked":["Replay:BluntJabs","Replay:ManipulateFuture"],"picked":"ThirdEye","floor":4},{"not_picked":["CutThroughFate","CarveReality"],"picked":"LessonLearned","floor":7},{"not_picked":["ThirdEye","BowlingBash"],"picked":"ClearTheMind","floor":8},{"not_picked":["Pray","WindmillStrike","Wallop"],"picked":"SKIP","floor":11},{"not_picked":["ReachHeaven","Evaluate","WreathOfFlame"],"picked":"SKIP","floor":12},{"not_picked":["ReachHeaven","Evaluate","WreathOfFlame"],"picked":"SKIP","floor":12},{"not_picked":["BowlingBash","Wallop"],"picked":"Replay:BluntJabs","floor":13},{"not_picked":["Replay:ManipulateFuture","Study"],"picked":"Fasting2","floor":14},{"not_picked":["Collect","SignatureMove+1"],"picked":"SandsOfTime","floor":18},{"not_picked":["Wallop","CrushJoints"],"picked":"EmptyBody+1","floor":20},{"not_picked":["Replay:ManipulateFuture+1","Fasting2"],"picked":"MentalFortress","floor":23},{"not_picked":["Replay:Vibes","Worship"],"picked":"EmptyBody+1","floor":24},{"not_picked":["ReachHeaven","Replay:BluntJabs"],"picked":"Replay:ManipulateFuture","floor":25},{"not_picked":["Consecrate","PathToVictory","SpiritShield"],"picked":"SKIP","floor":27},{"not_picked":["JustLucky","Wireheading"],"picked":"BowlingBash+1","floor":28},{"not_picked":["Consecrate","Replay:Cycle+1"],"picked":"Adaptation","floor":29},{"not_picked":["BowlingBash","Evaluate","FlyingSleeves+1"],"picked":"SKIP","floor":30},{"not_picked":["LikeWater","BowlingBash"],"picked":"Replay:DivineShield","floor":31},{"not_picked":["Brilliance","Blasphemy"],"picked":"Establishment","floor":33},{"not_picked":["Nirvana+1","EmptyFist"],"picked":"Replay:AtTheReady","floor":35},{"not_picked":["EmptyFist+1","Replay:AtTheReady"],"picked":"SandsOfTime+1","floor":36},{"not_picked":["WindmillStrike","Replay:DivineShield","Evaluate+1"],"picked":"SKIP","floor":37},{"not_picked":["WreathOfFlame+1","CutThroughFate+1"],"picked":"Devotion","floor":42},{"not_picked":["Evaluate","Adaptation+1"],"picked":"Replay:AllIn","floor":44},{"not_picked":["Replay:BluntJabs+1","BowlingBash+1"],"picked":"FlurryOfBlows+1","floor":45}],"player_experience":945747,"relics_obtained":[{"floor":7,"key":"infinitespire:Satchel"},{"floor":9,"key":"War Paint"},{"floor":12,"key":"hubris:PeanutButter"},{"floor":24,"key":"infinitespire:CursedDice"},{"floor":26,"key":"Pear"},{"floor":28,"key":"PreservedInsect"},{"floor":31,"key":"Sundial"},{"floor":42,"key":"hubris:MobiusCoin"},{"floor":43,"key":"Replay:WaspNest"},{"floor":44,"key":"Orichalcum"}],"event_choices":[{"cards_removed":["Strike_P"],"damage_healed":0,"gold_gain":0,"player_choice":"Purged","damage_taken":0,"max_hp_gain":0,"max_hp_loss":0,"event_name":"Purifier","floor":2,"gold_loss":0},{"damage_healed":0,"gold_gain":0,"player_choice":"Obtained Relic","damage_taken":0,"relics_obtained":["infinitespire:Midas Blood"],"max_hp_gain":0,"max_hp_loss":0,"event_name":"Addict","floor":19,"gold_loss":85},{"damage_healed":0,"gold_gain":0,"player_choice":"Invest 1","damage_taken":0,"max_hp_gain":0,"max_hp_loss":0,"event_name":"conspire:Investor","floor":41,"gold_loss":0}],"is_beta":false,"boss_relics":[{"not_picked":["halation:Yufonium","hubris:VirtuousBlindfold"],"picked":"ReplayTheSpireMod:DimensionalGlitch"},{"not_picked":["halation:PlatinumPhoenix","Pandora\u0027s Box"],"picked":"energizedSpire:HugeHouse"}],"items_purged_floors":[5,21],"is_endless":false,"potions_floor_spawned":[1,4,7,11,14,16,18,24,27,30,31,33,36],"ascension_level":11}}