{"host":"6q94iy5iz6612v89","time":1612845469,"event":{"mods":["2.2 Compatiblity","AchievementEnabler","BaseMod","Colored Map","DeckTracker","Keyboard Shortcuts","Minty Spire (QoL Compilation)","Permanent Neow","StSLib","SuperFastMode"],"gold_per_floor":[118,136,146,156,166,166,198,198,198,198,209,234,10,31,31,31,31],"floor_reached":16,"language":"KOR","playtime":310,"items_purged":["Strike_B"],"score":224,"play_id":"cacdf995-108f-4120-8a5d-47f99d4fcad3","local_time":"20210209133749","is_ascension_mode":true,"campfire_choices":[{"floor":6,"key":"REST"},{"data":"Reinforced Body","floor":8,"key":"SMITH"},{"data":"Redo","floor":15,"key":"SMITH"}],"circlet_count":0,"master_deck":["AscendersBane","Strike_B","Strike_B","Strike_B","Defend_B","Defend_B+1","Defend_B","Defend_B","Zap","Dualcast+1","Barrage","Doom and Gloom","Reinforced Body+1","Electrodynamics","Loop","Echo Form","Redo+1"],"relics":["Cracked Core","Potion Belt","War Paint","Orichalcum","Odd Mushroom"],"acts_visited":["Exordium"],"potions_floor_usage":[4,7,12,16],"damage_taken":[{"damage":1,"enemies":"Cultist","floor":1,"turns":3},{"damage":9,"enemies":"Jaw Worm","floor":2,"turns":4},{"damage":14,"enemies":"Small Slimes","floor":3,"turns":3},{"damage":23,"enemies":"Gremlin Gang","floor":4,"turns":4},{"damage":20,"enemies":"Large Slime","floor":5,"turns":5},{"damage":15,"enemies":"Lagavulin","floor":7,"turns":7},{"damage":2,"enemies":"Looter","floor":11,"turns":3},{"damage":15,"enemies":"3 Sentries","floor":12,"turns":4},{"damage":19,"enemies":"The Mushroom Lair","floor":14,"turns":4},{"damage":23,"enemies":"The Guardian","floor":16,"turns":2}],"seed_played":"8407067751833980734","potions_obtained":[{"floor":3,"key":"Regen Potion"},{"floor":5,"key":"Strength Potion"},{"floor":11,"key":"Fire Potion"},{"floor":14,"key":"PowerPotion"}],"is_trial":false,"path_per_floor":["M","M","M","M","M","R","E","R","T","?","M","E","$","?","R","B"],"character_chosen":"DEFECT","items_purchased":["Echo Form"],"campfire_rested":1,"item_purchase_floors":[13],"current_hp_per_floor":[70,61,47,36,16,39,24,24,24,50,48,33,33,14,14,0,0],"gold":31,"neow_bonus":"TEN_PERCENT_HP_BONUS","is_daily":false,"chose_seed":false,"campfire_upgraded":2,"win_rate":0.0,"timestamp":1612845469,"path_taken":["M","M","M","?","M","R","E","R","T","?","M","E","$","?","R","BOSS"],"items_purchased_type":["Card"],"build_version":"2020-12-22","purchased_purges":1,"victory":false,"max_hp_per_floor":[78,78,78,78,78,78,78,78,78,78,78,78,78,78,78,78,78],"card_choices":[{"not_picked":["Coolheaded","Redo"],"picked":"Barrage","floor":1},{"not_picked":["Hologram","Tempest"],"picked":"Doom and Gloom","floor":2},{"not_picked":["Stack","Static Discharge"],"picked":"Reinforced Body","floor":3},{"not_picked":["Beam Cell","Steam"],"picked":"Electrodynamics","floor":4},{"not_picked":["Turbo","Hologram"],"picked":"Loop","floor":5},{"not_picked":["Loop","Sweeping Beam","White Noise"],"picked":"SKIP","floor":7},{"not_picked":["Beam Cell","Aggregate","Reprogram"],"picked":"SKIP","floor":11},{"not_picked":["Skim","Steam","Streamline"],"picked":"SKIP","floor":12},{"not_picked":["Tempest","Consume"],"picked":"Redo","floor":14}],"player_experience":1479950,"relics_obtained":[{"floor":7,"key":"Potion Belt"},{"floor":9,"key":"War Paint"},{"floor":12,"key":"Orichalcum"},{"floor":14,"key":"Odd Mushroom"}],"event_choices":[{"damage_healed":26,"gold_gain":0,"player_choice":"Banana","damage_taken":0,"max_hp_gain":0,"max_hp_loss":0,"event_name":"Big Fish","floor":10,"gold_loss":0},{"damage_healed":0,"gold_gain":0,"player_choice":"Fought Mushrooms","damage_taken":0,"max_hp_gain":0,"max_hp_loss":0,"event_name":"Mushrooms","floor":14,"gold_loss":0}],"is_beta":false,"boss_relics":[],"items_purged_floors":[13],"is_endless":false,"potions_floor_spawned":[3,5,11,14],"killed_by":"The Guardian","ascension_level":20}}