{"host":"c6u7e77myxvw4d0m","time":1612869376,"event":{"mods":["AchievementEnabler","BaseMod","Bestiary","Colored Map","Colored Powertips","Minty Spire (QoL Compilation)","Rare Cards Sparkle","Relic Stats","everything is the same but u backflip on backflip"],"gold_per_floor":[113,133,32,52,52,78,78,93,119,153,175,184,205,226,235,315,405,433,226,252,48,48,48],"floor_reached":22,"language":"ENG","playtime":1065,"items_purged":[],"score":396,"play_id":"6bad1432-cafe-410c-b42e-497866676ad3","local_time":"20210209131616","is_ascension_mode":true,"campfire_choices":[{"floor":7.0,"key":"REST"},{"floor":12.0,"key":"REST"},{"floor":15.0,"key":"REST"}],"circlet_count":0,"master_deck":["AscendersBane","Survivor","Neutralize+1","Finisher","Poisoned Stab","Quick Slash","Backstab","Dagger Spray","Terror","Slice","Bane","Crippling Poison","Corpse Explosion","Quick Slash","PiercingWail","PiercingWail","Phantasmal Killer","Adrenaline","Doppelganger","After Image","Blade Dance","Eviscerate","Noxious Fumes","Cloak And Dagger","Setup","Terror","Storm of Steel","Accuracy","Apotheosis","Cloak And Dagger","Well Laid Plans"],"relics":["Sozu","Oddly Smooth Stone","Dream Catcher","CeramicFish","Pandora\u0027s Box","Bag of Preparation"],"acts_visited":["Exordium","TheCity"],"potions_floor_usage":[],"damage_taken":[{"damage":1.0,"enemies":"Cultist","floor":1.0,"turns":5.0},{"damage":1.0,"enemies":"Small Slimes","floor":2.0,"turns":3.0},{"damage":7.0,"enemies":"Jaw Worm","floor":4.0,"turns":3.0},{"damage":26.0,"enemies":"Gremlin Nob","floor":6.0,"turns":4.0},{"damage":7.0,"enemies":"3 Louse","floor":8.0,"turns":2.0},{"damage":13.0,"enemies":"Lagavulin","floor":10.0,"turns":6.0},{"damage":13.0,"enemies":"Blue Slaver","floor":11.0,"turns":3.0},{"damage":0.0,"enemies":"Looter","floor":13.0,"turns":2.0},{"damage":0.0,"enemies":"3 Louse","floor":14.0,"turns":2.0},{"damage":35,"enemies":"Slime Boss","floor":16,"turns":8},{"damage":12,"enemies":"3 Byrds","floor":18,"turns":4},{"damage":15,"enemies":"2 Thieves","floor":20,"turns":4},{"damage":31,"enemies":"Chosen and Byrds","floor":22,"turns":5}],"seed_played":"6094422500003891656","potions_obtained":[],"is_trial":false,"path_per_floor":["M","M","$","M","?","E","R","M","T","E","M","R","M","M","R","B",null,"M","$","M","$","M"],"character_chosen":"THE_SILENT","items_purchased":["Quick Slash","Backstab","Apotheosis","Bag of Preparation","Well Laid Plans"],"campfire_rested":3,"item_purchase_floors":[3,3,19,21,21],"current_hp_per_floor":[58,57,57,50,50,24,43,36,36,23,10,29,29,29,48,13,53,41,41,26,26,0,0],"gold":48,"neow_bonus":"BOSS_RELIC","is_daily":false,"chose_seed":false,"campfire_upgraded":0,"win_rate":0.0,"timestamp":1612869376,"path_taken":["M","M","$","M","?","E","R","M","T","E","M","R","M","M","R","BOSS","M","?","M","$","M"],"items_purchased_type":["Card","Card","Card","Relic","Card"],"build_version":"2020-12-22","purchased_purges":0,"victory":false,"max_hp_per_floor":[66,66,66,66,66,66,66,66,66,66,66,66,66,66,66,66,66,66,66,66,66,66,66],"relic_stats":{"Sozu":5,"Dream Catcher":2,"counters":[13,51],"CeramicFish":189,"Pandora\u0027s Box":["Adrenaline","Doppelganger","After Image","Blade Dance","Eviscerate","Noxious Fumes","Cloak And Dagger","Setup","Terror","Storm of Steel"],"Bag of Preparation":[2],"obtain_stats":[{"Sozu":0,"Dream Catcher":9,"CeramicFish":10,"Oddly Smooth Stone":6,"Pandora\u0027s Box":17,"Bag of Preparation":21,"Ring of the Snake":0},{"Sozu":0,"Dream Catcher":5,"CeramicFish":6,"Oddly Smooth Stone":4,"Pandora\u0027s Box":10,"Bag of Preparation":12,"Ring of the Snake":0},{"Sozu":0,"Dream Catcher":17,"CeramicFish":23,"Oddly Smooth Stone":15,"Pandora\u0027s Box":38,"Bag of Preparation":46,"Ring of the Snake":0}]},"card_choices":[{"not_picked":["Slice","Leg Sweep"],"picked":"Finisher","floor":1.0},{"not_picked":["All Out Attack","Underhanded Strike"],"picked":"Poisoned Stab","floor":2.0},{"not_picked":["Sucker Punch","Bane"],"picked":"Dagger Spray","floor":4.0},{"not_picked":["Caltrops","Bouncing Flask"],"picked":"Terror","floor":6.0},{"not_picked":["Deadly Poison","Quick Slash"],"picked":"Slice","floor":8.0},{"not_picked":["Dodge and Roll","Poisoned Stab"],"picked":"Bane","floor":10.0},{"not_picked":["Finisher","Bane"],"picked":"Crippling Poison","floor":11.0},{"not_picked":["Setup","Expertise"],"picked":"Corpse Explosion","floor":12.0},{"not_picked":["Reflex","Accuracy"],"picked":"Quick Slash","floor":13.0},{"not_picked":["Choke","Outmaneuver"],"picked":"PiercingWail","floor":14.0},{"not_picked":["Crippling Poison","Expertise"],"picked":"PiercingWail","floor":15.0},{"not_picked":["Glass Knife","Doppelganger"],"picked":"Phantasmal Killer","floor":16},{"not_picked":["Deflect","Escape Plan"],"picked":"Accuracy","floor":18},{"not_picked":["Choke","Slice"],"picked":"Cloak And Dagger","floor":20}],"player_experience":746201,"relics_obtained":[{"floor":6.0,"key":"Oddly Smooth Stone"},{"floor":9.0,"key":"Dream Catcher"},{"floor":10.0,"key":"CeramicFish"}],"event_choices":[{"damage_healed":0.0,"max_hp_gain":0.0,"max_hp_loss":0.0,"gold_gain":0.0,"event_name":"Accursed Blacksmith","player_choice":"Forge","floor":5.0,"gold_loss":0.0,"damage_taken":0.0,"cards_upgraded":["Neutralize"]}],"is_beta":false,"boss_relics":[{"not_picked":["Snecko Eye","SacredBark"],"picked":"Pandora\u0027s Box"}],"items_purged_floors":[],"is_endless":false,"potions_floor_spawned":[4,6,8,14,16],"killed_by":"Chosen and Byrds","ascension_level":20}}