{"host":"0xlcnu2w4h2ggn6b","time":1612840512,"event":{"mods":["BaseMod","Colored Map","Custom Start","Minty Spire (QoL Compilation)","StSLib"],"gold_per_floor":[111,111,34,53,53,53,53,53,53,68,68,98,98,98,98,202,202,217,243,243,243,253,253,279,279,279,245,245,274,274,274,274,372,372,384,77,0,15,96,96,96,96,167,95,110,143,166,66,66,66],"floor_reached":51,"language":"ENG","playtime":1462,"items_purged":["Thunder Strike+1","Blizzard+1"],"score":781,"play_id":"678f2e4b-e33c-4421-b226-7816f38ba6ef","local_time":"20210208221512","daily_mods":["Flight","DeadlyEvents","Binary"],"is_ascension_mode":false,"campfire_choices":[{"data":"Chaos","floor":6,"key":"SMITH"},{"data":"Chaos","floor":7,"key":"SMITH"},{"data":"Chaos","floor":8,"key":"SMITH"},{"data":"Chaos","floor":11,"key":"SMITH"},{"data":"Defragment","floor":13,"key":"SMITH"},{"data":"Consume","floor":15,"key":"SMITH"},{"data":"Echo Form","floor":23,"key":"SMITH"},{"data":"Loop","floor":25,"key":"SMITH"},{"data":"Loop","floor":28,"key":"SMITH"},{"data":"Self Repair","floor":30,"key":"SMITH"},{"data":"Blizzard","floor":32,"key":"SMITH"},{"data":"Capacitor","floor":40,"key":"SMITH"},{"data":"Capacitor","floor":41,"key":"SMITH"},{"data":"Electrodynamics","floor":42,"key":"SMITH"},{"data":"Defragment","floor":49,"key":"SMITH"}],"circlet_count":0,"master_deck":["Master of Strategy+1","Chaos+1","Chaos+1","Chaos+1","Chaos+1","Loop+1","Defragment+1","Capacitor+1","Echo Form+1","Electrodynamics+1","Consume+1","Capacitor+1","Self Repair+1","Loop+1","Capacitor+1","Defragment+1"],"relics":["Cracked Core","Inserter","Unceasing Top","Orichalcum","Tiny Chest","Bronze Scales","Mummified Hand","Busted Crown","Akabeko","Nilry\u0027s Codex","Bag of Marbles","StrikeDummy","Singing Bowl","Sozu","Runic Capacitor","Red Mask","InkBottle","Molten Egg 2","Blue Candle","Anchor"],"acts_visited":["Exordium","TheCity","TheBeyond"],"potions_floor_usage":[12,45,50],"damage_taken":[{"damage":7,"enemies":"2 Louse","floor":1,"turns":2},{"damage":0,"enemies":"Cultist","floor":4,"turns":4},{"damage":0,"enemies":"Small Slimes","floor":10,"turns":3},{"damage":15,"enemies":"3 Sentries","floor":12,"turns":3},{"damage":10,"enemies":"Hexaghost","floor":16,"turns":4},{"damage":4,"enemies":"Chosen","floor":18,"turns":2},{"damage":0,"enemies":"Spheric Guardian","floor":22,"turns":3},{"damage":27,"enemies":"Slavers","floor":29,"turns":3},{"damage":0,"enemies":"Collector","floor":33,"turns":3},{"damage":0,"enemies":"3 Shapes","floor":35,"turns":2},{"damage":1,"enemies":"Orb Walker","floor":38,"turns":3},{"damage":2,"enemies":"Sphere and 2 Shapes","floor":45,"turns":2},{"damage":37,"enemies":"Nemesis","floor":46,"turns":5},{"damage":14,"enemies":"Time Eater","floor":50,"turns":4}],"seed_played":"-2994433444047031174","potions_obtained":[{"floor":1,"key":"Regen Potion"},{"floor":12,"key":"Block Potion"},{"floor":33,"key":"Fire Potion"}],"is_trial":true,"path_per_floor":["M","?","$","M","?","R","R","R","T","M","R","E","R","T","R","B",null,"M","T","?","?","M","R","T","R","T","$","R","E","R","?","R","B",null,"M","$","?","M","T","R","R","R","T","$","M","E","T","$","R","B",null],"character_chosen":"DEFECT","items_purchased":["Capacitor","Loop","Runic Capacitor","Capacitor","Defragment"],"campfire_rested":0,"item_purchase_floors":[3,27,36,36,44],"current_hp_per_floor":[68,68,68,68,53,53,53,53,53,60,60,54,54,54,54,51,75,75,75,75,59,66,66,66,66,66,66,66,46,46,46,46,56,75,75,75,75,75,75,75,75,75,75,75,75,48,48,48,48,44],"gold":66,"neow_bonus":"","is_daily":false,"chose_seed":false,"campfire_upgraded":15,"win_rate":0.0,"timestamp":1612840512,"path_taken":["M","?","$","?","?","R","R","R","T","?","R","?","R","?","R","BOSS","M","?","?","?","?","R","?","R","T","$","R","?","R","?","R","BOSS","M","$","?","M","?","R","R","R","T","?","?","?","?","$","R","BOSS"],"items_purchased_type":["Card","Card","Relic","Card","Card"],"build_version":"2020-12-22","purchased_purges":2,"victory":true,"max_hp_per_floor":[75,75,75,75,75,75,75,75,75,75,75,75,75,75,75,75,75,75,75,75,75,75,75,75,75,75,75,75,75,75,75,75,75,75,75,75,75,75,75,75,75,75,75,75,75,75,75,75,75,75],"card_choices":[{"not_picked":["White Noise","Double Energy"],"picked":"SKIP","floor":1},{"not_picked":["Turbo"],"picked":"Self Repair","floor":4},{"not_picked":["Redo","Steam"],"picked":"SKIP","floor":10},{"not_picked":["Tempest","Streamline"],"picked":"SKIP","floor":12}],"player_experience":544720,"relics_obtained":[{"floor":9,"key":"Tiny Chest"},{"floor":12,"key":"Bronze Scales"},{"floor":14,"key":"Mummified Hand"},{"floor":19,"key":"Akabeko"},{"floor":21,"key":"Nilry\u0027s Codex"},{"floor":24,"key":"Bag of Marbles"},{"floor":26,"key":"StrikeDummy"},{"floor":29,"key":"Singing Bowl"},{"floor":39,"key":"InkBottle"},{"floor":43,"key":"Molten Egg 2"},{"floor":46,"key":"Blue Candle"},{"floor":47,"key":"Anchor"}],"event_choices":[{"damage_healed":0,"gold_gain":0,"player_choice":"Ignored","damage_taken":0,"max_hp_gain":0,"max_hp_loss":0,"event_name":"Purifier","floor":2,"gold_loss":0},{"damage_healed":0,"gold_gain":0,"player_choice":"Entered Light","damage_taken":15,"max_hp_gain":0,"max_hp_loss":0,"event_name":"Shining Light","floor":5,"gold_loss":0,"cards_upgraded":["Thunder Strike","Capacitor"]},{"damage_healed":0,"gold_gain":0,"player_choice":"Ignored","damage_taken":0,"max_hp_gain":0,"max_hp_loss":0,"event_name":"Vampires","floor":20,"gold_loss":0},{"damage_healed":0,"gold_gain":0,"player_choice":"Obtained Book","damage_taken":16,"max_hp_gain":0,"max_hp_loss":0,"event_name":"Cursed Tome","floor":21,"gold_loss":0},{"damage_healed":0,"gold_gain":0,"player_choice":"Ignored","damage_taken":0,"max_hp_gain":0,"max_hp_loss":0,"event_name":"Beggar","floor":31,"gold_loss":0},{"damage_healed":0,"gold_gain":0,"player_choice":"Paid","damage_taken":0,"relics_obtained":["Red Mask"],"max_hp_gain":0,"max_hp_loss":0,"event_name":"Tomb of Lord Red Mask","floor":37,"gold_loss":77}],"is_beta":false,"boss_relics":[{"not_picked":["Coffee Dripper","Snecko Eye"],"picked":"Busted Crown"},{"not_picked":["Velvet Choker","SlaversCollar"],"picked":"Sozu"}],"items_purged_floors":[36,48],"is_endless":false,"potions_floor_spawned":[1,12,33,38,45,46],"ascension_level":0}}