{"host":"d52brwsy6af8zvaq","time":1612843128,"event":{"mods":["AchievementEnabler","BaseMod","Bestiary","Highlight Path","Minty Spire (QoL Compilation)","Quick Restart","Relic Stats","ojb\u0027s Better Paths Mod"],"gold_per_floor":[113,113,132,132,132,132,164,182,182,213,47,47,66,96,96,172,172,190,205,205,224,242,242,275,275,275],"floor_reached":25,"language":"ENG","playtime":1229,"items_purged":["Strike_B"],"score":582,"play_id":"81f5c4bc-7f3b-49b7-a195-ede0f0bb952c","local_time":"20210208205848","is_ascension_mode":true,"campfire_choices":[{"floor":6.0,"key":"REST"},{"data":"Creative AI","floor":15.0,"key":"SMITH"},{"floor":23.0,"key":"REST"}],"circlet_count":0,"master_deck":["AscendersBane","Strike_B","Strike_B","Strike_B","Defend_B","Defend_B+1","Defend_B+1","Defend_B","Zap+1","Dualcast","Sweeping Beam","Compile Driver","BootSequence","Cold Snap","Streamline","Trip","Conserve Battery","Creative AI+1","Electrodynamics","Turbo","Skim+1","BootSequence"],"relics":["Cracked Core","Happy Flower","HornCleat","Letter Opener","Bag of Preparation","Inserter","Frozen Egg 2"],"acts_visited":["TheCity"],"potions_floor_usage":[24,24],"damage_taken":[{"damage":2.0,"enemies":"Jaw Worm","floor":1.0,"turns":5.0},{"damage":2.0,"enemies":"2 Louse","floor":3.0,"turns":3.0},{"damage":38.0,"enemies":"Lagavulin","floor":7.0,"turns":8.0},{"damage":0.0,"enemies":"Small Slimes","floor":8.0,"turns":2.0},{"damage":0.0,"enemies":"3 Sentries","floor":10.0,"turns":6.0},{"damage":0.0,"enemies":"Exordium Thugs","floor":13.0,"turns":3.0},{"damage":0.0,"enemies":"Lagavulin","floor":14.0,"turns":7.0},{"damage":26.0,"enemies":"Slime Boss","floor":16.0,"turns":10.0},{"damage":4.0,"enemies":"2 Thieves","floor":18.0,"turns":3.0},{"damage":17.0,"enemies":"Spheric Guardian","floor":19.0,"turns":5.0},{"damage":5.0,"enemies":"Centurion and Healer","floor":21.0,"turns":5.0},{"damage":8.0,"enemies":"Snake Plant","floor":22.0,"turns":4.0},{"damage":49,"enemies":"Book of Stabbing","floor":24,"turns":5},{"damage":15,"enemies":"Shelled Parasite and Fungi","floor":25,"turns":3}],"seed_played":"-7366919141600214353","potions_obtained":[{"floor":1.0,"key":"BlessingOfTheForge"},{"floor":8.0,"key":"Regen Potion"},{"floor":13.0,"key":"SneckoOil"},{"floor":18.0,"key":"DuplicationPotion"},{"floor":19.0,"key":"ColorlessPotion"}],"is_trial":false,"path_per_floor":["M","?","M","?","?","R","E","M","T","E","$","?","M","E","R","B",null,"M","M","?","M","M","R","E","M"],"character_chosen":"DEFECT","items_purchased":["Trip"],"campfire_rested":2,"item_purchase_floors":[11],"current_hp_per_floor":[69,69,67,44,44,67,29,29,29,44,44,44,44,44,44,18,63,59,42,42,37,29,52,3,0,0],"gold":275,"neow_bonus":"TEN_PERCENT_HP_BONUS","is_daily":false,"chose_seed":false,"campfire_upgraded":1,"win_rate":0.0,"timestamp":1612843128,"path_taken":["M","?","M","?","?","R","E","M","T","E","$","?","M","E","R","BOSS","M","M","?","?","M","R","E","M"],"items_purchased_type":["Card"],"build_version":"2020-12-22","purchased_purges":1,"victory":false,"max_hp_per_floor":[78,78,78,78,78,78,78,78,78,78,78,78,78,78,78,78,78,78,78,78,78,78,78,78,78,78],"relic_stats":{"Inserter":[12],"Happy Flower":[17],"counters":[14,69],"Bag of Preparation":[14],"Letter Opener":[105],"obtain_stats":[{"HornCleat":9,"Inserter":17,"Happy Flower":7,"Bag of Preparation":14,"Letter Opener":10,"Frozen Egg 2":24,"Cracked Core":0},{"HornCleat":4,"Inserter":8,"Happy Flower":3,"Bag of Preparation":7,"Letter Opener":5,"Frozen Egg 2":13,"Cracked Core":0},{"HornCleat":18,"Inserter":44,"Happy Flower":16,"Bag of Preparation":34,"Letter Opener":24,"Frozen Egg 2":66,"Cracked Core":0}]},"card_choices":[{"not_picked":["Hello World","Rebound"],"picked":"Sweeping Beam","floor":1.0},{"not_picked":["Gash","Conserve Battery"],"picked":"Compile Driver","floor":3.0},{"not_picked":["Hologram","Stack"],"picked":"BootSequence","floor":7.0},{"not_picked":["All For One","Scrape"],"picked":"Cold Snap","floor":8.0},{"not_picked":["Ball Lightning","Turbo"],"picked":"Streamline","floor":10.0},{"not_picked":["Melter","Steam Power","Aggregate"],"picked":"SKIP","floor":13.0},{"not_picked":["Hologram","White Noise"],"picked":"Electrodynamics","floor":14.0},{"not_picked":["Steam","Streamline"],"picked":"Turbo","floor":18.0},{"not_picked":["Rebound","Ball Lightning+1"],"picked":"Skim+1","floor":19.0},{"not_picked":["Gash","Streamline","Capacitor"],"picked":"SKIP","floor":21.0},{"not_picked":["Redo","Creative AI","Ball Lightning"],"picked":"SKIP","floor":22.0},{"not_picked":["Gash","Go for the Eyes","Streamline"],"picked":"SKIP","floor":24}],"player_experience":2194691,"relics_obtained":[{"floor":7.0,"key":"Happy Flower"},{"floor":9.0,"key":"HornCleat"},{"floor":10.0,"key":"Letter Opener"},{"floor":14.0,"key":"Bag of Preparation"},{"floor":24,"key":"Frozen Egg 2"}],"event_choices":[{"damage_healed":0.0,"max_hp_gain":0.0,"max_hp_loss":0.0,"gold_gain":0.0,"event_name":"Golden Wing","player_choice":"Ignored","floor":2.0,"gold_loss":0.0,"damage_taken":0.0},{"damage_healed":0.0,"max_hp_gain":0.0,"max_hp_loss":0.0,"gold_gain":0.0,"event_name":"Shining Light","player_choice":"Entered Light","floor":4.0,"gold_loss":0.0,"damage_taken":23.0,"cards_upgraded":["Defend_B","Defend_B"]},{"damage_healed":0.0,"max_hp_gain":0.0,"max_hp_loss":0.0,"gold_gain":0.0,"event_name":"Living Wall","player_choice":"Grow","floor":5.0,"gold_loss":0.0,"damage_taken":0.0,"cards_upgraded":["Zap"]},{"damage_healed":0.0,"max_hp_gain":0.0,"max_hp_loss":0.0,"gold_gain":0.0,"event_name":"Match and Keep!","player_choice":"2 cards matched","floor":12.0,"gold_loss":0.0,"damage_taken":0.0,"cards_obtained":["Conserve Battery","Creative AI"]},{"damage_healed":0.0,"max_hp_gain":0.0,"max_hp_loss":0.0,"gold_gain":0.0,"event_name":"Duplicator","player_choice":"Copied","floor":20.0,"gold_loss":0.0,"damage_taken":0.0,"cards_obtained":["BootSequence"]}],"is_beta":false,"boss_relics":[{"not_picked":["Tiny House","FrozenCore"],"picked":"Inserter"}],"items_purged_floors":[11],"is_endless":false,"potions_floor_spawned":[1,8,13,18,19,22],"killed_by":"Shelled Parasite and Fungi","ascension_level":20}}