{"host":"p6x4b30m1ltzgl6z","time":1612909961,"event":{"mods":["2.2 Compatiblity","Act Like it!","BaseMod","Colored Powertips","Curses Come First","Defective Defect","Gensokyo","GifTheSpireLib","Halation","Hallownest","Infinite Spire","Marisa????????","Minty Spire (QoL Compilation)","Quick Restart","Rare Cards Sparkle","Reimu??????","Replay The Spire","StSLib","Stuff the Spire","The Bug Knight","The Servant 0.9.4","everything is the same but u backflip on backflip","slay the spire mod where everything is the same but ironclad has a cowboy hat"],"gold_per_floor":[119,119,176,196,196,196,196,196,196,196,53,84,84,102,102,218,218,253,280,280,530,530,530,565,144,190,200,200,228,228,448,448,748,748],"floor_reached":33,"language":"ENG","playtime":7849,"items_purged":[],"score":343,"play_id":"c58bef7a-a1c9-4e77-8c7b-3098a34062b1","local_time":"20210209163241","is_ascension_mode":false,"campfire_choices":[{"floor":6,"key":"REST"},{"data":"Defend_MRS","floor":8,"key":"SMITH"},{"data":"MysteriousBeam","floor":10,"key":"SMITH"},{"data":"MasterSpark","floor":13,"key":"SMITH"},{"data":"MilkyWay","floor":15,"key":"SMITH"},{"floor":23,"key":"REST"},{"floor":28,"key":"REST"},{"floor":32,"key":"REST"}],"circlet_count":0,"master_deck":["Strike_MRS","Strike_MRS","Strike_MRS","Strike_MRS","Defend_MRS+1","Defend_MRS+1","Defend_MRS","Defend_MRS","MasterSpark+1","UpSweep+1","MysteriousBeam+1","MilkyWay+1","BlazeAway","MilkyWay","WitchOfGreed","TreasureHunter","MilkyWay+1","Singularity","StuffTheSpire:BrainWave","MilkyWay","Gensokyo:MedicineKit","Gensokyo:LockedMedkit","SporeBomb","EarthLightRay+1","Reinforced Body","CasketOfStar"],"relics":["MiniHakkero","NeowsBlessing","Thread and Needle","Divine Protection","StuffTheSpire:EmeraldSignet","Gensokyo:ConquerorOfFear","halation:Sosunser","Replay:Wax Seal","Replay:Baseball","Iron Hammer"],"acts_visited":["Exordium","Gensokyo:Gensokyoer"],"potions_floor_usage":[16,18,24,24,29,31,33,33,33],"damage_taken":[{"damage":0,"enemies":"Small Slimes","floor":1,"turns":1},{"damage":0,"enemies":"Jaw Worm","floor":4,"turns":1},{"damage":0,"enemies":"Gremlin Nob","floor":12,"turns":1},{"damage":0,"enemies":"Cultist","floor":14,"turns":3},{"damage":50,"enemies":"Fading Forest","floor":16,"turns":11},{"damage":6,"enemies":"Gensokyo:3_Dogs","floor":18,"turns":5},{"damage":19,"enemies":"Gensokyo:2_Gloops","floor":19,"turns":7},{"damage":14,"enemies":"Gensokyo:Swordslinger","floor":24,"turns":4},{"damage":14,"enemies":"Gensokyo:Monolith_and_Dog","floor":27,"turns":7},{"damage":25,"enemies":"Gensokyo:Slime_Group","floor":29,"turns":6},{"damage":0,"enemies":"Gensokyo:Wraith","floor":31,"turns":3},{"damage":98,"enemies":"Gensokyo:Eternal_Rivals","floor":33,"turns":12}],"seed_played":"1083532386499084051","potions_obtained":[{"floor":3,"key":"Cursed Concoction"},{"floor":3,"key":"infinitespire:BlackPotion"},{"floor":12,"key":"FearPotion"},{"floor":16,"key":"AttackPotion"},{"floor":18,"key":"PowerPotion"},{"floor":18,"key":"Strength Potion"},{"floor":19,"key":"Regen Potion"},{"floor":24,"key":"Toxic Potion"},{"floor":24,"key":"Swift Potion"},{"floor":27,"key":"SteroidPotion"},{"floor":29,"key":"EssenceOfSteel"},{"floor":31,"key":"Energy Potion"}],"is_trial":false,"path_per_floor":["M","?","?","M","?","R","$","R","T","R","$","E","R","M","R","B",null,"M","M","?","?","?","R","M","COS","T","M","R","M","?","M","R","B"],"character_chosen":"MARISA","items_purchased":["Nunchaku"],"campfire_rested":4,"item_purchase_floors":[11],"current_hp_per_floor":[75,60,60,60,60,75,75,75,75,75,75,75,75,75,75,35,75,69,52,52,52,52,74,68,68,68,56,75,50,50,50,72,0,0],"gold":748,"neow_bonus":"THREE_ENEMY_KILL","is_daily":false,"chose_seed":false,"campfire_upgraded":4,"win_rate":0.0,"timestamp":1612909961,"path_taken":["M","?","?","M","?","R","$","R","T","R","$","E","R","?","R","BOSS","M","M","?","?","?","R","?","COS","T","M","R","?","?","M","R","BOSS"],"items_purchased_type":["Relic"],"build_version":"2020-12-22","purchased_purges":0,"victory":false,"max_hp_per_floor":[75,75,75,75,75,75,75,75,75,75,75,75,75,75,75,75,75,75,75,75,75,75,75,75,75,75,75,75,75,75,75,75,75,75],"card_choices":[{"not_picked":["Singularity","OneTimeOff"],"picked":"MysteriousBeam","floor":1},{"not_picked":["DC","Acceleration"],"picked":"MilkyWay","floor":3},{"not_picked":["WitchLeyline","BinaryStars"],"picked":"BlazeAway","floor":4},{"not_picked":["SuperPerseids","UnstableBomb"],"picked":"MilkyWay","floor":12},{"not_picked":["IllusionStar","StarBarrage"],"picked":"WitchOfGreed","floor":14},{"not_picked":["MaximisePower","JA"],"picked":"TreasureHunter","floor":16},{"not_picked":["DC+1","ChargeUpSpray"],"picked":"MilkyWay+1","floor":18},{"not_picked":["LuminesStrike","IllusionStar"],"picked":"Singularity","floor":19},{"not_picked":["StuffTheSpire:Vigor","StuffTheSpire:Perfection"],"picked":"StuffTheSpire:BrainWave","floor":22},{"not_picked":["UnstableBomb","MysteriousBeam+1"],"picked":"MilkyWay","floor":24},{"not_picked":["Orbital","Acceleration"],"picked":"SporeBomb","floor":27},{"not_picked":["PropBag+1","EventHorizon"],"picked":"EarthLightRay+1","floor":29},{"not_picked":["IllusionStar","UnstableBomb"],"picked":"CasketOfStar","floor":31}],"player_experience":150057,"relics_obtained":[{"floor":3,"key":"infinitespire:PuzzleCube"},{"floor":5,"key":"Thread and Needle"},{"floor":9,"key":"Divine Protection"},{"floor":12,"key":"StuffTheSpire:EmeraldSignet"},{"floor":24,"key":"Gensokyo:ConquerorOfFear"},{"floor":26,"key":"Replay:Wax Seal"}],"event_choices":[{"damage_healed":0,"gold_gain":0,"player_choice":"Entered Light","damage_taken":15,"max_hp_gain":0,"max_hp_loss":0,"event_name":"Shining Light","floor":2,"gold_loss":0,"cards_upgraded":["Defend_MRS","UpSweep"]}],"is_beta":false,"boss_relics":[{"not_picked":["Honey Jar","Replay:Ancient Bell","Replay:Drink Me"]}],"items_purged_floors":[],"is_endless":false,"potions_floor_spawned":[12,18,24,27,31],"killed_by":"Gensokyo:Eternal_Rivals","ascension_level":0}}