{"host":"a1eatafr7pisesky","time":1612881601,"event":{"mods":["AchievementEnabler","BaseMod","Colored Map","Keyboard Shortcuts","Minty Spire (QoL Compilation)","Say the Spire","StSLib","SuperFastMode","everything is the same but u backflip on backflip"],"gold_per_floor":[119,135,135,154,79,79,132,170,170,170,205,229,245,259,259,259,259],"floor_reached":16,"language":"KOR","playtime":297,"items_purged":["Strike_G"],"score":202,"play_id":"ed28764d-ec13-4fd5-980a-d9be96b0672c","local_time":"20210209234001","is_ascension_mode":true,"campfire_choices":[{"floor":6.0,"key":"REST"},{"data":"Calculated Gamble","floor":10.0,"key":"SMITH"},{"floor":15.0,"key":"REST"}],"circlet_count":0,"master_deck":["AscendersBane","Strike_G","Strike_G","Strike_G","Strike_G","Defend_G","Defend_G","Defend_G","Defend_G","Defend_G","Survivor","Neutralize","Calculated Gamble+1","Backstab","Poisoned Stab","Corpse Explosion","Acrobatics","Poisoned Stab","Tactician"],"relics":["Ring of the Snake","Ginger","Golden Idol","Happy Flower","Tough Bandages","MealTicket","Ornamental Fan"],"acts_visited":["Exordium"],"potions_floor_usage":[16],"damage_taken":[{"damage":0.0,"enemies":"Jaw Worm","floor":1.0,"turns":5.0},{"damage":5.0,"enemies":"Cultist","floor":2.0,"turns":6.0},{"damage":0.0,"enemies":"Small Slimes","floor":4.0,"turns":3.0},{"damage":24.0,"enemies":"Lagavulin","floor":8.0,"turns":7.0},{"damage":24.0,"enemies":"Gremlin Nob","floor":11.0,"turns":5.0},{"damage":0.0,"enemies":"3 Louse","floor":12.0,"turns":2.0},{"damage":1.0,"enemies":"Looter","floor":13.0,"turns":4.0},{"damage":5.0,"enemies":"Exordium Wildlife","floor":14.0,"turns":2.0},{"damage":0,"enemies":"Slime Boss","floor":16,"turns":4}],"seed_played":"-8850154244445439794","potions_obtained":[{"floor":1.0,"key":"Energy Potion"},{"floor":4.0,"key":"CultistPotion"},{"floor":14.0,"key":"SkillPotion"}],"is_trial":false,"path_per_floor":["M","M","?","M","$","R","T","E","T","R","E","M","M","M","R","B"],"character_chosen":"THE_SILENT","items_purchased":[],"campfire_rested":2,"item_purchase_floors":[],"current_hp_per_floor":[44,39,39,39,39,57,57,33,33,33,9,9,8,3,21,21,21],"gold":259,"neow_bonus":"ONE_RARE_RELIC","is_daily":false,"chose_seed":false,"campfire_upgraded":1,"win_rate":0.0,"timestamp":1612881601,"path_taken":["M","M","?","M","$","R","?","E","T","R","E","M","?","M","R","BOSS"],"items_purchased_type":[],"build_version":"2020-12-22","purchased_purges":1,"victory":false,"max_hp_per_floor":[66,66,60,60,60,60,60,60,60,60,60,60,60,60,60,60,60],"card_choices":[{"not_picked":["Heel Hook","Tactician"],"picked":"Calculated Gamble","floor":1.0},{"not_picked":["Blade Dance","Quick Slash"],"picked":"Backstab","floor":2.0},{"not_picked":["Bane","Escape Plan"],"picked":"Poisoned Stab","floor":4.0},{"not_picked":["Underhanded Strike","Quick Slash","Slice"],"picked":"SKIP","floor":8.0},{"not_picked":["Bane","Slice"],"picked":"Corpse Explosion","floor":11.0},{"not_picked":["Bane","Riddle With Holes"],"picked":"Acrobatics","floor":12.0},{"not_picked":["Underhanded Strike","Slice"],"picked":"Poisoned Stab","floor":13.0},{"not_picked":["Deflect","Acrobatics"],"picked":"Tactician","floor":14.0}],"player_experience":436776,"relics_obtained":[{"floor":7.0,"key":"Happy Flower"},{"floor":8.0,"key":"Tough Bandages"},{"floor":9.0,"key":"MealTicket"},{"floor":11.0,"key":"Ornamental Fan"}],"event_choices":[{"damage_healed":0.0,"max_hp_gain":0.0,"max_hp_loss":6.0,"gold_gain":0.0,"event_name":"Golden Idol","player_choice":"Lose Max HP","floor":3.0,"gold_loss":0.0,"damage_taken":0.0,"relics_obtained":["Golden Idol"]}],"is_beta":false,"boss_relics":[],"items_purged_floors":[5],"is_endless":false,"potions_floor_spawned":[1,4,14],"killed_by":"Slime Boss","ascension_level":16}}d Boomerang+1"],"picked":"Clash","floor":20},{"not_picked":["Clothesline","Immolate"],"picked":"Anger+1","floor":27}],"player_experience":239714,"relics_obtained":[{"floor":9,"key":"reliquary:Boomerang"},{"floor":17,"key":"Tiny Chest"},{"floor":17,"key":"Shuriken"},{"floor":17,"key":"WordoMod:GasMask"},{"floor":26,"key":"reliquary:QuartzCube"}],"event_choices":[{"damage_healed":0,"gold_gain":52,"player_choice":"Gained Gold","damage_taken":0,"max_hp_gain":0,"max_hp_loss":0,"event_name":"Golden Wing","floor":4,"gold_loss":0},{"damage_healed":0,"gold_gain":0,"player_choice":"Relic ","damage_taken":3,"max_hp_gain":0,"max_hp_loss":0,"event_name":"betterThird:BetterScrap","floor":10,"gold_loss":0,"cards_obtained":["Footwork"]},{"damage_healed":0,"gold_gain":0,"player_choice":"Ignored","damage_taken":0,"max_hp_gain":0,"max_hp_loss":0,"event_name":"Cursed Tome","floor":22,"gold_loss":0},{"damage_healed":0,"gold_gain":0,"player_choice":"Obtained Relic","damage_taken":0,"relics_obtained":["Girya"],"max_hp_gain":0,"max_hp_loss":0,"event_name":"Addict","floor":24,"gold_loss":85}],"is_beta":false,"boss_relics":[{"not_picked":["reliquary:Ember","reliquary:WritOfMandamus"],"picked":"Calling Bell"}],"items_purged_floors":[],"is_endless":false,"potions_floor_spawned":[1,14,16,18,27],"killed_by":"Cultist and Chosen","ascension_level":0}}