{"host":"3498uni0c31c9bdm","time":1612862494,"event":{"mods":["BaseMod","Better Match","Better Note","Better Sensory Stone","Better Skull","Better Third Choice","Colored Map","Minty Spire (QoL Compilation)","Quick Restart","RNG Fix","Random Character Button","Replay The Spire","Shop Mod","Smile Girya","StSLib","Unceasing Turn Reminder"],"gold_per_floor":[110,122,122,135,135,135,169,182,231,231,75,92,92,367,367,441,441,456,456,71,71,94,94,94],"floor_reached":23,"language":"ENG","playtime":811,"items_purged":[],"score":309,"play_id":"8cf1a8ba-e3b6-44ba-93af-459cd4facc85","local_time":"20210209202134","is_ascension_mode":true,"campfire_choices":[{"data":"Zap","floor":6,"key":"SMITH"},{"floor":15,"key":"RECALL"}],"circlet_count":0,"master_deck":["AscendersBane","Strike_B","Strike_B","Defend_B","Defend_B","Zap+1","Dualcast","ReplayTheSpireMod:Calculation Training+1","ReplayGash","Go for the Eyes","ReplayRNGCard","Heatsinks","Darkness","Regret","Machine Learning","Writhe","Voices","Defragment","Hello World"],"relics":["Cracked Core","NeowsBlessing","Onion Ring","ReplayTheSpireMod:Shallot","Pet Ghost","Lee\u0027s Waffle","Ornamental Fan","Kintsugi","Gremlin Food","CeramicFish","Geode"],"acts_visited":["Exordium","TheCity"],"potions_floor_usage":[7,23,23],"damage_taken":[{"damage":0,"enemies":"2 Louse","floor":1,"turns":1},{"damage":0,"enemies":"Small Slimes","floor":2,"turns":1},{"damage":0,"enemies":"Jaw Worm","floor":4,"turns":1},{"damage":46,"enemies":"Lagavulin","floor":7,"turns":8},{"damage":11,"enemies":"Gremlin Gang","floor":8,"turns":5},{"damage":0,"enemies":"Looter","floor":12,"turns":3},{"damage":48,"enemies":"Hexaghost","floor":16,"turns":10},{"damage":24,"enemies":"3 Byrds","floor":18,"turns":5},{"damage":68,"enemies":"Gremlin Leader","floor":23,"turns":6}],"seed_played":"-2930644534065711117","potions_obtained":[{"floor":2,"key":"Adrenaline Potion"},{"floor":7,"key":"Energy Potion"},{"floor":21,"key":"Regen Potion"}],"is_trial":false,"path_per_floor":["M","M","?","M","T","R","E","M","T","?","$","M","T","?","R","B",null,"M","?","$","?","T","E"],"character_chosen":"DEFECT","items_purchased":["Lee\u0027s Waffle","Gremlin Food","Hello World","CeramicFish"],"campfire_rested":0,"item_purchase_floors":[11,20,20,20],"current_hp_per_floor":[68,68,68,68,68,68,22,11,11,36,82,82,82,82,82,34,70,46,46,46,46,46,0,0],"gold":94,"neow_bonus":"THREE_ENEMY_KILL","is_daily":false,"chose_seed":false,"campfire_upgraded":1,"win_rate":0.0,"timestamp":1612862494,"path_taken":["M","M","?","M","?","R","E","?","T","?","?","M","?","?","R","BOSS","M","?","$","?","?","E"],"items_purchased_type":["Relic","Relic","Card","Relic"],"build_version":"2020-12-22","purchased_purges":0,"victory":false,"max_hp_per_floor":[75,75,75,75,75,75,75,75,75,75,82,82,82,82,82,82,82,82,82,82,82,82,82,82],"card_choices":[{"not_picked":["Barrage","ReplayTheSpireMod:GoodbyeWorld"],"picked":"ReplayTheSpireMod:Calculation Training","floor":1},{"not_picked":["FTL","Ball Lightning"],"picked":"ReplayGash","floor":2},{"not_picked":["Stack","ReplayTheSpireMod:System Scan"],"picked":"Go for the Eyes","floor":4},{"not_picked":["Skim","Redo"],"picked":"ReplayRNGCard","floor":7},{"not_picked":["Cold Snap","Sweeping Beam"],"picked":"Heatsinks","floor":8},{"not_picked":["Hologram","Rebound"],"picked":"Darkness","floor":12},{"not_picked":["Amplify","ReplayRNGCard"],"picked":"Machine Learning","floor":16},{"not_picked":["Coolheaded+1","Go for the Eyes"],"picked":"Defragment","floor":18}],"player_experience":858851,"relics_obtained":[{"floor":5,"key":"Onion Ring"},{"floor":7,"key":"ReplayTheSpireMod:Shallot"},{"floor":9,"key":"Pet Ghost"},{"floor":13,"key":"Ornamental Fan"},{"floor":22,"key":"Geode"}],"event_choices":[{"damage_healed":0,"gold_gain":0,"player_choice":"Grow","damage_taken":0,"max_hp_gain":0,"max_hp_loss":0,"event_name":"Living Wall","floor":3,"gold_loss":0,"cards_upgraded":["ReplayTheSpireMod:Calculation Training"]},{"damage_healed":25,"gold_gain":0,"player_choice":"Banana","damage_taken":0,"max_hp_gain":0,"max_hp_loss":0,"event_name":"Big Fish","floor":10,"gold_loss":0},{"damage_healed":0,"gold_gain":275,"player_choice":"Desecrate","damage_taken":0,"max_hp_gain":0,"max_hp_loss":0,"event_name":"Golden Shrine","floor":14,"gold_loss":0,"cards_obtained":["Regret"]},{"damage_healed":0,"gold_gain":0,"player_choice":"Bought 0 Potions","damage_taken":0,"max_hp_gain":0,"max_hp_loss":0,"event_name":"The Woman in Blue","floor":19,"gold_loss":0},{"damage_healed":0,"gold_gain":0,"player_choice":"Got Potions","damage_taken":0,"max_hp_gain":0,"max_hp_loss":0,"event_name":"Lab","floor":21,"gold_loss":0}],"is_beta":false,"boss_relics":[{"not_picked":["ReplayTheSpireMod:DimensionalGlitch","Coffee Dripper"],"picked":"Kintsugi"}],"items_purged_floors":[],"is_endless":false,"potions_floor_spawned":[2,7],"killed_by":"Gremlin Leader","ascension_level":13}}