{"host":"gl5rgsfncjl28cj1","time":1612832486,"event":{"mods":["BaseMod","Colored Map","Highlight Path","Lobotomy","LobotomyExtend","Minty Spire (QoL Compilation)","Permanent Neow","StSLib"],"gold_per_floor":[117,117,128,144,164,164,164,164,164,191,191,191,208,228,228,326,326,337,337,355,375,195,195,229,229,229,229,149,149,149,169,169,273,273,287,287,287],"floor_reached":36,"language":"KOR","playtime":1542,"items_purged":["Strike_G","Strike_G"],"score":407,"play_id":"75ed854d-71f8-4e81-8c72-3e9c6bb00a80","local_time":"20210209100126","is_ascension_mode":false,"campfire_choices":[{"data":"Blade Dance","floor":6,"key":"SMITH"},{"data":"Cloak And Dagger","floor":8,"key":"SMITH"},{"data":"Corpse Explosion","floor":12,"key":"SMITH"},{"data":"Accuracy","floor":15,"key":"SMITH"},{"data":"Footwork","floor":23,"key":"SMITH"},{"floor":25,"key":"REST"},{"data":"Tactician","floor":27,"key":"SMITH"},{"data":"Noxious Fumes","floor":29,"key":"SMITH"},{"data":"Crippling Poison","floor":32,"key":"SMITH"}],"circlet_count":0,"master_deck":["Strike_G","Strike_G","Defend_G","Defend_G","Defend_G","Defend_G","Survivor","Neutralize","Backstab","MHz","Blade Dance+1","Cloak And Dagger+1","Corpse Explosion+1","Die Die Die","Backflip","QueenOfHatred","Accuracy+1","Night Terror","Backstab+1","PunishingBird","PiercingWail","Tactician+1","Noxious Fumes+1","Footwork+1","GreedKing","Blade Dance+1","Crippling Poison+1"],"relics":["Ring of the Snake","CogitoBucket","RabbitCall","LetterFromLob","Toy Ornithopter","The Courier","AspirationHeart","Philosopher\u0027s Stone","AdjustmentMirror","Turnip","Eternal Feather","Cursed Key"],"acts_visited":["Exordium","TheCity","TheBeyond"],"potions_floor_usage":[10,10,10,13,31,36,36],"damage_taken":[{"damage":2,"enemies":"Small Slimes","floor":1,"turns":4},{"damage":1,"enemies":"Cultist","floor":3,"turns":4},{"damage":0,"enemies":"Jaw Worm","floor":4,"turns":2},{"damage":4,"enemies":"Large Slime","floor":5,"turns":4},{"damage":6,"enemies":"Lagavulin","floor":10,"turns":6},{"damage":39,"enemies":"Looter","floor":13,"turns":8},{"damage":0,"enemies":"Lots of Slimes","floor":14,"turns":2},{"damage":39,"enemies":"The Guardian","floor":16,"turns":12},{"damage":11,"enemies":"2 Thieves","floor":18,"turns":2},{"damage":3,"enemies":"Spheric Guardian","floor":20,"turns":3},{"damage":35,"enemies":"3 Cultists","floor":21,"turns":3},{"damage":19,"enemies":"Slavers","floor":24,"turns":4},{"damage":14,"enemies":"Snake Plant","floor":31,"turns":2},{"damage":25,"enemies":"Champ","floor":33,"turns":7},{"damage":0,"enemies":"3 Shapes","floor":35,"turns":2},{"damage":89,"enemies":"3 Darklings","floor":36,"turns":3}],"seed_played":"-9064102707041507286","potions_obtained":[{"floor":1,"key":"Dexterity Potion"},{"floor":5,"key":"EntropicBrew"},{"floor":21,"key":"Ancient Potion"},{"floor":31,"key":"SpeedPotion"},{"floor":33,"key":"LiquidBronze"},{"floor":35,"key":"FearPotion"}],"is_trial":false,"path_per_floor":["M","?","M","M","M","R","?","R","T","E","?","R","M","M","R","B",null,"M","?","M","M","$","R","E","R","T","R","$","R","?","M","R","B",null,"M","M"],"character_chosen":"THE_SILENT","items_purchased":["Noxious Fumes","Footwork"],"campfire_rested":1,"item_purchase_floors":[22,22],"current_hp_per_floor":[68,68,67,67,63,63,63,63,63,70,70,70,41,41,41,23,80,69,69,72,37,37,37,26,50,50,65,65,80,80,77,80,69,80,80,0,0],"gold":287,"neow_bonus":"","is_daily":false,"chose_seed":false,"campfire_upgraded":8,"win_rate":0.0,"timestamp":1612832486,"path_taken":["M","?","M","?","M","R","?","R","T","E","?","R","M","M","R","BOSS","M","?","?","M","$","R","E","R","T","R","$","R","?","M","R","BOSS","M","M"],"items_purchased_type":["Card","Card"],"build_version":"2020-12-22","purchased_purges":2,"victory":false,"max_hp_per_floor":[70,70,70,70,70,70,70,70,70,70,70,70,80,80,80,80,80,80,80,80,80,80,80,80,80,80,80,80,80,80,80,80,80,80,80,80,80],"card_choices":[{"not_picked":["Bane","Quick Slash"],"picked":"Backstab","floor":1},{"not_picked":["Scorched","OldLady","OSAHOGD"],"picked":"Singing Bowl","floor":1},{"not_picked":["MHz","LittleHelper","Murderer"],"picked":"Singing Bowl","floor":3},{"not_picked":["PunishingBird","Wellcheers"],"picked":"MHz","floor":3},{"not_picked":["Acrobatics","Flechettes"],"picked":"Blade Dance","floor":3},{"not_picked":["FairyFestival","Freischutz","MeatLantern"],"picked":"Singing Bowl","floor":4},{"not_picked":["Unload","Endless Agony"],"picked":"Cloak And Dagger","floor":4},{"not_picked":["BeautyBeast","SpiderBud","SnowQueen"],"picked":"Singing Bowl","floor":5},{"not_picked":["Deadly Poison","Blur"],"picked":"Corpse Explosion","floor":5},{"not_picked":["OSAHOGD","ShyLook","Scorched"],"picked":"Singing Bowl","floor":10},{"not_picked":["Backstab","PiercingWail"],"picked":"Die Die Die","floor":10},{"not_picked":["Murderer","Bloodbath","UniverseFragment"],"picked":"Singing Bowl","floor":13},{"not_picked":["Riddle With Holes","Dodge and Roll"],"picked":"Backflip","floor":13},{"not_picked":["Scarecrow","DespairKnight"],"picked":"QueenOfHatred","floor":14},{"not_picked":["Catalyst","Skewer"],"picked":"Accuracy","floor":14},{"not_picked":["Woodsman","Bloodbath","BeautyBeast"],"picked":"Singing Bowl","floor":16},{"not_picked":["Unload","Doppelganger"],"picked":"Night Terror","floor":16},{"not_picked":["Mercenary","DreamingCurrent","Freischutz"],"picked":"Singing Bowl","floor":18},{"not_picked":["Setup","Outmaneuver"],"picked":"Backstab+1","floor":18},{"not_picked":["Scarecrow","PunishingBird","BlackSwan"],"picked":"Singing Bowl","floor":20},{"not_picked":["WhitesApple","BlackSwan"],"picked":"PunishingBird","floor":20},{"not_picked":["Dagger Spray+1","Slice"],"picked":"PiercingWail","floor":20},{"not_picked":["SilentOrchestra","OSAHOGD","Rudolta"],"picked":"Singing Bowl","floor":21},{"not_picked":["Dagger Spray","Blur"],"picked":"Tactician","floor":21},{"not_picked":["LittlePrince","OSAHOGD","Wellcheers"],"picked":"Singing Bowl","floor":24},{"not_picked":["SnowQueen","VoidDream"],"picked":"GreedKing","floor":24},{"not_picked":["Dagger Spray","Cloak And Dagger"],"picked":"Blade Dance+1","floor":24},{"not_picked":["Wellcheers","Bloodbath","FairyFestival"],"picked":"Singing Bowl","floor":31},{"not_picked":["Finisher","Die Die Die"],"picked":"Crippling Poison","floor":31},{"not_picked":["FieryBird","Variant","Yin"],"picked":"Singing Bowl","floor":33},{"not_picked":["OSAHOGD","CENSORED","LaLuna"],"picked":"Singing Bowl","floor":35},{"not_picked":["Choke+1","Poisoned Stab+1","PiercingWail"],"picked":"SKIP","floor":35}],"player_experience":1070969,"relics_obtained":[{"floor":1,"key":"LetterFromLob"},{"floor":9,"key":"Toy Ornithopter"},{"floor":10,"key":"The Courier"},{"floor":24,"key":"Turnip"},{"floor":26,"key":"Eternal Feather"}],"event_choices":[{"cards_removed":["Strike_G"],"damage_healed":0,"gold_gain":0,"player_choice":"Offered Basic","damage_taken":0,"max_hp_gain":0,"max_hp_loss":0,"event_name":"Bonfire Elementals","floor":2,"gold_loss":0},{"damage_healed":0,"gold_gain":0,"player_choice":"Ignored","damage_taken":0,"max_hp_gain":0,"max_hp_loss":0,"event_name":"Shining Light","floor":7,"gold_loss":0},{"cards_removed":["Defend_G"],"damage_healed":0,"gold_gain":0,"player_choice":"Card Removal","damage_taken":0,"max_hp_gain":0,"max_hp_loss":0,"event_name":"Wheel of Change","floor":19,"gold_loss":0},{"damage_healed":0,"gold_gain":0,"player_choice":"Ignored","damage_taken":0,"max_hp_gain":0,"max_hp_loss":0,"event_name":"Ghosts","floor":30,"gold_loss":0}],"is_beta":false,"boss_relics":[{"not_picked":["Ectoplasm","Runic Dome"],"picked":"Philosopher\u0027s Stone"},{"not_picked":["SacredBark","Busted Crown"],"picked":"Cursed Key"}],"items_purged_floors":[22,28],"is_endless":false,"potions_floor_spawned":[1,5,21,31,33,35],"killed_by":"3 Darklings","ascension_level":0}}