{"host":"qxeepl7ydvsgmfdb","time":1612879304,"event":{"mods":["AchievementEnabler","BaseMod","Colored Powertips","Minty Spire (QoL Compilation)","Quick Restart","slay the spire mod where everything is the same but ironclad has a cowboy hat"],"gold_per_floor":[115,66,66,141,141,167,167,194,263,263,323,333,68,87,87,182,182,198,215,215,225,225,225,225],"floor_reached":23,"language":"ENG","playtime":2155,"items_purged":["Strike_R"],"score":284,"play_id":"6220bec2-90ca-491f-9261-ef2d09cf8611","local_time":"20210209090144","is_ascension_mode":true,"campfire_choices":[{"data":"Iron Wave","floor":7.0,"key":"SMITH"},{"data":"Bash","floor":10.0,"key":"SMITH"},{"data":"Chrysalis","floor":15.0,"key":"SMITH"}],"circlet_count":0,"master_deck":["Strike_R","Strike_R","Strike_R","Strike_R","Defend_R","Defend_R","Defend_R","Defend_R","Bash+1","Thunderclap+1","Iron Wave+1","Cleave","Body Slam","Chrysalis+1","Intimidate","Feed","Wild Strike","Inflame"],"relics":["Burning Blood","NeowsBlessing","Meat on the Bone","Bronze Scales","Smiling Mask","Question Card","Boot"],"acts_visited":["Exordium","TheCity"],"potions_floor_usage":[23],"damage_taken":[{"damage":0.0,"enemies":"Small Slimes","floor":1.0,"turns":1.0},{"damage":0.0,"enemies":"3 Sentries","floor":6.0,"turns":1.0},{"damage":0.0,"enemies":"Gremlin Nob","floor":8.0,"turns":1.0},{"damage":26.0,"enemies":"3 Sentries","floor":11.0,"turns":5.0},{"damage":7.0,"enemies":"Jaw Worm","floor":12.0,"turns":3.0},{"damage":14.0,"enemies":"2 Louse","floor":14.0,"turns":2.0},{"damage":9.0,"enemies":"Hexaghost","floor":16.0,"turns":7.0},{"damage":25.0,"enemies":"Chosen","floor":18.0,"turns":6.0},{"damage":29.0,"enemies":"Spheric Guardian","floor":19.0,"turns":5.0},{"damage":46.0,"enemies":"Cultist and Chosen","floor":21.0,"turns":6.0},{"damage":34,"enemies":"Shelled Parasite and Fungi","floor":23,"turns":3}],"seed_played":"-7810652925727845934","potions_obtained":[{"floor":1.0,"key":"SkillPotion"},{"floor":11.0,"key":"Fruit Juice"},{"floor":16.0,"key":"Strength Potion"},{"floor":19.0,"key":"Strength Potion"}],"is_trial":false,"path_per_floor":["M","$","?","?","?","E","R","E","T","R","?","M","$","M","R","B",null,"M","M","?","M","?","M"],"character_chosen":"IRONCLAD","items_purchased":["Thunderclap","Strength Potion","Chrysalis"],"campfire_rested":0,"item_purchase_floors":[2,13,13],"current_hp_per_floor":[80,80,55,44,44,50,50,56,56,56,53,52,52,56,56,53,85,66,55,55,27,27,0,0],"gold":225,"neow_bonus":"THREE_ENEMY_KILL","is_daily":false,"chose_seed":false,"campfire_upgraded":3,"win_rate":0.0,"timestamp":1612879304,"path_taken":["M","$","?","?","?","E","R","E","T","R","?","M","$","M","R","BOSS","M","M","?","?","?","M"],"items_purchased_type":["Card","Potion","Card"],"build_version":"2020-12-22","purchased_purges":1,"victory":false,"max_hp_per_floor":[80,80,80,80,80,80,80,80,80,80,85,85,85,85,85,85,85,85,85,85,85,85,85,85],"card_choices":[{"not_picked":["Burning Pact","Clothesline","Hemokinesis"],"picked":"SKIP","floor":1.0},{"not_picked":["True Grit","Warcry"],"picked":"Iron Wave","floor":6.0},{"not_picked":["Carnage","Pommel Strike","Body Slam"],"picked":"SKIP","floor":8.0},{"not_picked":["Iron Wave","Searing Blow","Offering"],"picked":"Cleave","floor":11.0},{"not_picked":["Burning Pact","Warcry","Sword Boomerang"],"picked":"Body Slam","floor":12.0},{"not_picked":["Iron Wave","Combust","Perfected Strike"],"picked":"Intimidate","floor":14.0},{"not_picked":["Demon Form","Barricade","Immolate"],"picked":"Feed","floor":16.0},{"not_picked":["Rupture+1","Clothesline+1","Shrug It Off"],"picked":"Wild Strike","floor":18.0},{"not_picked":["Whirlwind","Brutality","Dual Wield"],"picked":"Inflame","floor":19.0},{"not_picked":["Havoc","Spot Weakness","Dark Embrace+1","Dual Wield"],"picked":"SKIP","floor":21.0}],"player_experience":135429,"relics_obtained":[{"floor":6.0,"key":"Bronze Scales"},{"floor":8.0,"key":"Smiling Mask"},{"floor":9.0,"key":"Question Card"}],"event_choices":[{"damage_healed":0.0,"max_hp_gain":0.0,"max_hp_loss":0.0,"gold_gain":0.0,"event_name":"Scrap Ooze","player_choice":"Success","floor":3.0,"gold_loss":0.0,"damage_taken":25.0,"relics_obtained":["Meat on the Bone"]},{"damage_healed":0.0,"max_hp_gain":0.0,"max_hp_loss":0.0,"gold_gain":75.0,"event_name":"World of Goop","player_choice":"Gather Gold","floor":4.0,"gold_loss":0.0,"damage_taken":11.0},{"damage_healed":0.0,"max_hp_gain":0.0,"max_hp_loss":0.0,"gold_gain":0.0,"event_name":"Living Wall","player_choice":"Grow","floor":5.0,"gold_loss":0.0,"damage_taken":0.0,"cards_upgraded":["Thunderclap"]},{"damage_healed":0.0,"max_hp_gain":0.0,"max_hp_loss":0.0,"gold_gain":0.0,"event_name":"Dead Adventurer","player_choice":"Searched \u00273\u0027 times","floor":11.0,"gold_loss":0.0,"damage_taken":0.0,"relics_obtained":["Boot"]},{"damage_healed":0.0,"max_hp_gain":0.0,"max_hp_loss":0.0,"gold_gain":0.0,"event_name":"N\u0027loth","player_choice":"Ignored","floor":20.0,"gold_loss":0.0,"damage_taken":0.0},{"damage_healed":0.0,"max_hp_gain":0.0,"max_hp_loss":0.0,"gold_gain":0.0,"event_name":"Vampires","player_choice":"Ignored","floor":22.0,"gold_loss":0.0,"damage_taken":0.0}],"is_beta":false,"boss_relics":[{"not_picked":["Runic Pyramid","Astrolabe","Fusion Hammer"]}],"items_purged_floors":[13],"is_endless":false,"potions_floor_spawned":[1,11,16,19],"killed_by":"Shelled Parasite and Fungi","ascension_level":3}}