{"host":"vlqej45p0v31lhdi","time":1612839068,"event":{"mods":["AchievementEnabler","BaseMod","Bestiary","Colored Powertips","Minty Spire (QoL Compilation)","Relic Stats"],"gold_per_floor":[114,114,8,20,20,45,55,55,80,80,107,119,149,177,189,297,309,336,447,478,34,45,45,45,45,45,55,55,55,55],"floor_reached":29,"language":"ENG","playtime":1372,"items_purged":["Strike_B"],"score":342,"play_id":"6ee0b3c6-8817-4176-9b93-866772631e6a","local_time":"20210208205108","is_ascension_mode":true,"campfire_choices":[{"floor":8.0,"key":"REST"},{"floor":10.0,"key":"REST"},{"floor":15.0,"key":"REST"},{"floor":23.0,"key":"REST"},{"floor":25.0,"key":"RECALL"}],"circlet_count":0,"master_deck":["Defend_B","Defend_B","Defend_B","Defend_B","Zap","Dualcast","Defragment","Defragment","Sweeping Beam","Hologram","Zap","Conserve Battery","Ball Lightning","Self Repair","Force Field","Meteor Strike","Compile Driver+1","Capacitor+1","Aggregate+1","Cold Snap+1","BootSequence+1","Defragment"],"relics":["Fusion Hammer","Pen Nib","MawBank","Astrolabe","Gambling Chip","Bottled Flame"],"acts_visited":["Exordium","TheCity"],"potions_floor_usage":[28,28],"damage_taken":[{"damage":7.0,"enemies":"2 Louse","floor":1.0,"turns":3.0},{"damage":8.0,"enemies":"Small Slimes","floor":4.0,"turns":3.0},{"damage":34.0,"enemies":"Gremlin Nob","floor":6.0,"turns":4.0},{"damage":0.0,"enemies":"Cultist","floor":7.0,"turns":3.0},{"damage":38.0,"enemies":"3 Sentries","floor":11.0,"turns":7.0},{"damage":3.0,"enemies":"3 Louse","floor":13.0,"turns":4.0},{"damage":5.0,"enemies":"2 Fungi Beasts","floor":14.0,"turns":3.0},{"damage":35.0,"enemies":"Slime Boss","floor":16.0,"turns":8.0},{"damage":24.0,"enemies":"Shell Parasite","floor":18.0,"turns":5.0},{"damage":12.0,"enemies":"2 Thieves","floor":20.0,"turns":4.0},{"damage":16.0,"enemies":"Snake Plant","floor":22.0,"turns":4.0},{"damage":33.0,"enemies":"Chosen and Byrds","floor":27.0,"turns":7.0},{"damage":15,"enemies":"Book of Stabbing","floor":28,"turns":5},{"damage":17,"enemies":"3 Cultists","floor":29,"turns":4}],"seed_played":"-2146043583243589852","potions_obtained":[{"floor":1.0,"key":"FocusPotion"},{"floor":6.0,"key":"Strength Potion"},{"floor":11.0,"key":"Block Potion"},{"floor":16.0,"key":"ColorlessPotion"},{"floor":18.0,"key":"SmokeBomb"},{"floor":27.0,"key":"SpeedPotion"}],"is_trial":false,"path_per_floor":["M","?","$","M","?","E","M","R","T","R","E","$","M","M","R","B",null,"M","?","M","$","M","R","?","R","T","M","E","M"],"character_chosen":"DEFECT","items_purchased":["Defragment","Sweeping Beam","Gambling Chip","Defragment"],"campfire_rested":4,"item_purchase_floors":[3,3,21,21],"current_hp_per_floor":[61,66,66,58,58,24,24,48,48,72,34,34,31,33,57,29,67,50,50,38,38,22,46,46,46,46,20,12,0,0],"gold":55,"neow_bonus":"BOSS_RELIC","is_daily":false,"chose_seed":false,"campfire_upgraded":0,"win_rate":0.0,"timestamp":1612839068,"path_taken":["M","?","$","M","?","E","M","R","T","R","E","$","?","M","R","BOSS","M","?","M","$","M","R","?","R","T","M","E","M"],"items_purchased_type":["Card","Card","Relic","Card"],"build_version":"2020-12-22","purchased_purges":1,"victory":false,"max_hp_per_floor":[75,80,80,80,80,80,80,80,80,80,80,80,80,80,80,80,80,80,80,80,80,80,80,80,80,80,80,80,80,80],"relic_stats":{"counters":[14,64],"Astrolabe":["Compile Driver","Capacitor","Aggregate"],"Gambling Chip":[6],"Pen Nib":[6],"MawBank":120,"obtain_stats":[{"Bottled Flame":26,"Astrolabe":17,"Gambling Chip":21,"Fusion Hammer":0,"Pen Nib":6,"Cracked Core":0,"MawBank":11},{"Bottled Flame":11,"Astrolabe":8,"Gambling Chip":10,"Fusion Hammer":0,"Pen Nib":3,"Cracked Core":0,"MawBank":5},{"Bottled Flame":48,"Astrolabe":35,"Gambling Chip":44,"Fusion Hammer":0,"Pen Nib":10,"Cracked Core":0,"MawBank":20}]},"card_choices":[{"not_picked":["Beam Cell","White Noise"],"picked":"Defragment","floor":1.0},{"not_picked":["Barrage","Gash"],"picked":"Hologram","floor":4.0},{"not_picked":["Go for the Eyes","Hologram"],"picked":"Conserve Battery","floor":6.0},{"not_picked":["Scrape","Hello World","Conserve Battery"],"picked":"SKIP","floor":7.0},{"not_picked":["Thunder Strike","Gash"],"picked":"Ball Lightning","floor":11.0},{"not_picked":["Steam","Rebound"],"picked":"Self Repair","floor":13.0},{"not_picked":["Hologram","Go for the Eyes"],"picked":"Force Field","floor":14.0},{"not_picked":["Fission","Multi-Cast"],"picked":"Meteor Strike","floor":16.0},{"not_picked":["Conserve Battery+1","Barrage"],"picked":"Cold Snap+1","floor":18.0},{"not_picked":["Turbo","Redo"],"picked":"BootSequence+1","floor":20.0},{"not_picked":["Steam","Steam Power","Leap"],"picked":"SKIP","floor":22.0},{"not_picked":["Compile Driver","Stack+1","Gash+1"],"picked":"SKIP","floor":27.0}],"player_experience":2494876,"relics_obtained":[{"floor":6.0,"key":"Pen Nib"},{"floor":11.0,"key":"MawBank"},{"floor":26.0,"key":"Bottled Flame"}],"event_choices":[{"damage_healed":0.0,"max_hp_gain":5.0,"max_hp_loss":0.0,"gold_gain":0.0,"event_name":"Big Fish","player_choice":"Donut","floor":2.0,"gold_loss":0.0,"damage_taken":0.0},{"damage_healed":0.0,"max_hp_gain":0.0,"max_hp_loss":0.0,"gold_gain":0.0,"event_name":"Match and Keep!","player_choice":"1 cards matched","floor":5.0,"gold_loss":0.0,"damage_taken":0.0,"cards_obtained":["Zap"]},{"damage_healed":0.0,"max_hp_gain":0.0,"max_hp_loss":0.0,"gold_gain":99.0,"event_name":"Nest","player_choice":"Stole From Cult","floor":19.0,"gold_loss":0.0,"damage_taken":0.0},{"damage_healed":0.0,"max_hp_gain":0.0,"max_hp_loss":0.0,"gold_gain":0.0,"event_name":"Ghosts","player_choice":"Ignored","floor":24.0,"gold_loss":0.0,"damage_taken":0.0}],"is_beta":false,"boss_relics":[{"not_picked":["Coffee Dripper","Pandora\u0027s Box"],"picked":"Astrolabe"}],"items_purged_floors":[21],"is_endless":false,"potions_floor_spawned":[1,6,11,16,18,27,28],"killed_by":"3 Cultists","ascension_level":7}}