{"host":"y89x8uui45kcjy42","time":1612872017,"event":{"mods":["2.2 Compatiblity","BaseMod","CapriCore","Colored Map","Colored Powertips","Custom Start","Friendly Minions","Keyboard Shortcuts","Minty Spire (QoL Compilation)","Relic Stats","Slay the Relics Exporter","StSLib","SuperFastMode","Uncapped"],"gold_per_floor":[116,116,131,181,191,191,191,191,191],"floor_reached":8,"language":"KOR","playtime":161,"items_purged":[],"score":92,"play_id":"09157cac-0bca-42d5-8145-ef204e3b5133","local_time":"20210209210017","is_ascension_mode":true,"campfire_choices":[{"data":"MentalFortress","floor":6,"key":"SMITH"},{"data":"WaveOfTheHand","floor":7,"key":"SMITH"}],"circlet_count":0,"master_deck":["Strike_P","Strike_P","Strike_P","Defend_P+1","Defend_P","Eruption","Vigilance","After Image+1","After Image+1","Flash of Steel+1","WaveOfTheHand+1","MentalFortress+1"],"relics":["PureWater","WingedGreaves"],"acts_visited":["Exordium"],"potions_floor_usage":[],"damage_taken":[{"damage":15,"enemies":"Small Slimes","floor":1,"turns":3},{"damage":1,"enemies":"Jaw Worm","floor":3,"turns":3},{"damage":8,"enemies":"Cultist","floor":5,"turns":3},{"damage":40,"enemies":"Gremlin Nob","floor":8,"turns":3}],"seed_played":"-5205742341837267726","potions_obtained":[{"floor":3,"key":"StancePotion"}],"is_trial":false,"path_per_floor":["M","?","M","?","M","R","R","E"],"character_chosen":"WATCHER","items_purchased":[],"campfire_rested":0,"item_purchase_floors":[],"current_hp_per_floor":[46,26,25,25,17,17,17,0,0],"gold":191,"neow_bonus":"RANDOM_COLORLESS","is_daily":false,"chose_seed":false,"campfire_upgraded":2,"win_rate":0.0,"timestamp":1612872017,"path_taken":["M","?","M","?","?","R","R","E"],"items_purchased_type":[],"build_version":"2020-12-22","purchased_purges":0,"victory":false,"max_hp_per_floor":[68,68,68,68,68,68,68,68,68],"relic_stats":{"counters":[4,12],"obtain_stats":[{"WingedGreaves":6,"PureWater":0},{"WingedGreaves":3,"PureWater":0},{"WingedGreaves":9,"PureWater":0}]},"card_choices":[{"not_picked":["Finesse","Jack Of All Trades"],"picked":"Flash of Steel","floor":0},{"not_picked":["SashWhip","FollowUp","SandsOfTime"],"picked":"SKIP","floor":1},{"not_picked":["Wireheading","Perseverance"],"picked":"WaveOfTheHand","floor":3},{"not_picked":["Wireheading","Protect"],"picked":"MentalFortress","floor":5}],"player_experience":686718,"relics_obtained":[],"event_choices":[{"damage_healed":0,"gold_gain":0,"player_choice":"Entered Light","damage_taken":20,"max_hp_gain":0,"max_hp_loss":0,"event_name":"Shining Light","floor":2,"gold_loss":0,"cards_upgraded":["Defend_P","Flash of Steel"]},{"damage_healed":0,"gold_gain":50,"player_choice":"Pray","damage_taken":0,"max_hp_gain":0,"max_hp_loss":0,"event_name":"Golden Shrine","floor":4,"gold_loss":0}],"is_beta":false,"boss_relics":[],"items_purged_floors":[],"is_endless":false,"potions_floor_spawned":[3],"killed_by":"Gremlin Nob","ascension_level":20}}