{"host":"6bsan6hkua32tfq7","time":1612852997,"event":{"mods":["BaseMod","Better Third Choice","Colored Map","Highlight Path","Minty Spire (QoL Compilation)","StSLib"],"gold_per_floor":[119,7,24,24,40,40,64,92,144,144,160,185,203,213,213,213,213],"floor_reached":16,"language":"ENG","playtime":297,"items_purged":["Defend_B"],"score":224,"play_id":"4fbeb575-705e-4130-b23b-d57da070ce7f","local_time":"20210209074317","is_ascension_mode":true,"campfire_choices":[{"data":"Sunder","floor":6,"key":"SMITH"},{"floor":10,"key":"REST"},{"data":"Genetic Algorithm","floor":15,"key":"SMITH"}],"circlet_count":0,"master_deck":["AscendersBane","Strike_B","Strike_B","Strike_B","Strike_B","Defend_B","Defend_B","Defend_B","Zap","Dualcast","Doom and Gloom","Sweeping Beam","Sunder+1","Sweeping Beam","Rip and Tear","Conserve Battery","Genetic Algorithm+1","Electrodynamics"],"relics":["Cracked Core","NeowsBlessing","Odd Mushroom","MealTicket","Nunchaku","Potion Belt"],"acts_visited":["Exordium"],"potions_floor_usage":[7,16,16],"damage_taken":[{"damage":0,"enemies":"Cultist","floor":1,"turns":1},{"damage":0,"enemies":"Small Slimes","floor":3,"turns":1},{"damage":0,"enemies":"2 Louse","floor":5,"turns":1},{"damage":8,"enemies":"The Mushroom Lair","floor":7,"turns":2},{"damage":32,"enemies":"Gremlin Nob","floor":8,"turns":4},{"damage":0,"enemies":"Large Slime","floor":11,"turns":4},{"damage":3,"enemies":"3 Sentries","floor":12,"turns":3},{"damage":3,"enemies":"Exordium Wildlife","floor":13,"turns":2},{"damage":0,"enemies":"2 Fungi Beasts","floor":14,"turns":2},{"damage":46,"enemies":"Hexaghost","floor":16,"turns":8}],"seed_played":"8643987295616851167","potions_obtained":[{"floor":1,"key":"CultistPotion"},{"floor":3,"key":"Explosive Potion"},{"floor":12,"key":"Dexterity Potion"},{"floor":13,"key":"PotionOfCapacity"},{"floor":14,"key":"SkillPotion"}],"is_trial":false,"path_per_floor":["M","$","M","$","M","R","?","E","T","R","M","E","M","M","R","B"],"character_chosen":"DEFECT","items_purchased":["Doom and Gloom"],"campfire_rested":1,"item_purchase_floors":[2],"current_hp_per_floor":[64,64,64,64,64,64,56,24,24,45,45,42,39,39,39,0,0],"gold":213,"neow_bonus":"THREE_ENEMY_KILL","is_daily":false,"chose_seed":false,"campfire_upgraded":2,"win_rate":0.0,"timestamp":1612852997,"path_taken":["M","$","?","?","M","R","?","E","T","R","M","E","M","M","R","BOSS"],"items_purchased_type":["Card"],"build_version":"2020-12-22","purchased_purges":1,"victory":false,"max_hp_per_floor":[71,71,71,71,71,71,71,71,71,71,71,71,71,71,71,71,71],"card_choices":[{"not_picked":["Blizzard","Reprogram","Barrage"],"picked":"SKIP","floor":1},{"not_picked":["Coolheaded","Redo"],"picked":"Sweeping Beam","floor":3},{"not_picked":["Loop","Rebound"],"picked":"Sunder","floor":5},{"not_picked":["Double Energy","Barrage"],"picked":"Sweeping Beam","floor":7},{"not_picked":["Steam Power","Hello World"],"picked":"Rip and Tear","floor":8},{"not_picked":["Sweeping Beam","Auto Shields"],"picked":"Conserve Battery","floor":11},{"not_picked":["Blizzard","Gash","Chaos"],"picked":"SKIP","floor":12},{"not_picked":["Gash","Rip and Tear"],"picked":"Genetic Algorithm","floor":13},{"not_picked":["Doom and Gloom","Darkness"],"picked":"Electrodynamics","floor":14}],"player_experience":5423168,"relics_obtained":[{"floor":7,"key":"Odd Mushroom"},{"floor":8,"key":"MealTicket"},{"floor":9,"key":"Nunchaku"},{"floor":12,"key":"Potion Belt"}],"event_choices":[{"damage_healed":0,"gold_gain":0,"player_choice":"Fought Mushrooms","damage_taken":0,"max_hp_gain":0,"max_hp_loss":0,"event_name":"Mushrooms","floor":7,"gold_loss":0}],"is_beta":false,"boss_relics":[],"items_purged_floors":[2],"is_endless":false,"potions_floor_spawned":[1,3,12,13,14],"killed_by":"Hexaghost","ascension_level":20}}