{"host":"p7cjtxxrilhp4dw7","time":1612905263,"event":{"mods":["BaseMod","Block Reminder","Colored Map","Curses Come First","Highlight Path","Minty Spire (QoL Compilation)","Replay The Spire","StSLib"],"gold_per_floor":[117,117,131,96,113,113,140,140,140,173,173,184,197,217,217,291,291,310,310,320,134,134,134,169,169,169,182,214,214,214,548,548,624,624,639,639,650,665,675,710,710,738,817,817,817,829,829,704,704,704],"floor_reached":51,"language":"ENG","playtime":4485,"items_purged":["Electrodynamics"],"score":1383,"play_id":"fa14cc14-1e6b-4d80-bda6-66cd6606c72f","local_time":"20210209141423","is_ascension_mode":true,"campfire_choices":[{"floor":6,"key":"REST"},{"data":"Zap","floor":8,"key":"SMITH"},{"floor":11,"key":"REST"},{"data":"Mirror Shield","floor":15,"key":"SMITH"},{"data":"ReplayTheSpireMod:Calculation Training","floor":23,"key":"SMITH"},{"data":"Redo","floor":25,"key":"SMITH"},{"data":"Thunder Strike","floor":29,"key":"SMITH"},{"data":"Hologram","floor":32,"key":"SMITH"},{"data":"Dualcast","floor":41,"key":"SMITH"},{"floor":45,"key":"REST"},{"data":"Seek","floor":47,"key":"SMITH"},{"floor":49,"key":"REST"}],"circlet_count":0,"master_deck":["AscendersBane","Strike_B","Strike_B","Strike_B","Defend_B","Defend_B","Defend_B","Zap+1","Dualcast+1","Jack Of All Trades","Hologram+1","BootSequence","Genetic Algorithm","BasicCrystalCard","Redo+1","Mirror Shield+1","Conserve Battery","Coolheaded","Go for the Eyes","Thunder Strike+1","Ball Lightning+1","ReplayTheSpireMod:Calculation Training+1","Ball Lightning+1","Core Surge","Conserve Battery","Biased Cognition","Panic Button","Seek+1","Defragment+1"],"relics":["Cracked Core","Mercury Hourglass","Pet Ghost","FossilizedHelix","Nuclear Battery","ClockworkSouvenir","Unceasing Top","Divine Protection","Question Card","Mirror","Old Coin","Busted Crown","Garlic","StoneCalendar","Molten Egg 2"],"acts_visited":["Exordium","TheCity","TheBeyond"],"potions_floor_usage":[16,24,28,33,33,42,50],"damage_taken":[{"damage":2,"enemies":"Jaw Worm","floor":1,"turns":3},{"damage":10,"enemies":"Cultist","floor":3,"turns":5},{"damage":0,"enemies":"2 Louse","floor":5,"turns":2},{"damage":15,"enemies":"3 Sentries","floor":7,"turns":3},{"damage":9,"enemies":"Replay:BlueRogue","floor":10,"turns":5},{"damage":0,"enemies":"Exordium Thugs","floor":12,"turns":3},{"damage":0,"enemies":"2 Fungi Beasts","floor":13,"turns":2},{"damage":0,"enemies":"Exordium Wildlife","floor":14,"turns":2},{"damage":13,"enemies":"Hexaghost","floor":16,"turns":11},{"damage":0,"enemies":"3 Byrds","floor":18,"turns":3},{"damage":0,"enemies":"2 Thieves","floor":20,"turns":2},{"damage":0,"enemies":"Slavers","floor":24,"turns":3},{"damage":0,"enemies":"Sentry and Sphere","floor":27,"turns":3},{"damage":0,"enemies":"Book of Stabbing","floor":28,"turns":4},{"damage":9,"enemies":"Gremlin Leader","floor":31,"turns":6},{"damage":9,"enemies":"Automaton","floor":33,"turns":9},{"damage":0,"enemies":"Orb Walker","floor":35,"turns":3},{"damage":0,"enemies":"3 Shapes","floor":37,"turns":3},{"damage":0,"enemies":"Spire Growth","floor":38,"turns":4},{"damage":0,"enemies":"Jaw Worm Horde","floor":39,"turns":3},{"damage":6,"enemies":"R_Hoarder","floor":40,"turns":8},{"damage":39,"enemies":"Nemesis","floor":42,"turns":9},{"damage":0,"enemies":"Maw","floor":46,"turns":7},{"damage":0,"enemies":"Awakened One","floor":50,"turns":10}],"seed_played":"-296979956230977201","potions_obtained":[{"floor":10,"key":"Ancient Potion"},{"floor":12,"key":"Regen Potion"},{"floor":14,"key":"DuplicationPotion"},{"floor":24,"key":"LiquidMemories"},{"floor":28,"key":"SteroidPotion"},{"floor":31,"key":"EssenceOfSteel"},{"floor":33,"key":"Elixir"},{"floor":35,"key":"LiquidBronze"},{"floor":36,"key":"CultistPotion"},{"floor":36,"key":"Weak Potion"}],"is_trial":false,"path_per_floor":["M","?","M","$","M","R","E","R","T","E","R","M","M","M","R","B",null,"M","?","M","$","T","R","E","R","T","M","E","R","?","E","R","B",null,"M","?","M","M","M","E","R","E","T","?","R","M","R","$","R","B",null],"character_chosen":"DEFECT","items_purchased":["Genetic Algorithm","Ball Lightning+1","ClockworkSouvenir","Weak Potion"],"campfire_rested":4,"item_purchase_floors":[4,21,21,48],"current_hp_per_floor":[66,66,56,56,56,75,60,60,60,51,73,73,73,73,73,60,71,71,71,71,71,71,71,71,71,71,71,71,71,71,62,62,53,70,70,70,70,70,70,64,64,25,25,25,47,47,47,47,69,69],"gold":704,"neow_bonus":"RANDOM_COLORLESS","is_daily":false,"chose_seed":false,"campfire_upgraded":8,"win_rate":0.0,"timestamp":1612905263,"path_taken":["M","?","M","?","M","R","E","R","T","E","R","M","M","M","R","BOSS","M","?","M","$","?","R","E","R","T","M","E","R","?","E","R","BOSS","M","?","M","M","?","E","R","E","T","?","R","M","R","$","R","BOSS"],"items_purchased_type":["Card","Card","Relic","Potion"],"build_version":"2020-12-22","purchased_purges":1,"victory":true,"max_hp_per_floor":[75,75,75,75,75,75,75,75,75,75,75,75,75,75,75,75,75,75,75,75,75,75,75,75,75,75,75,75,75,75,75,75,75,75,75,75,75,75,75,75,75,75,75,75,75,75,75,75,75,75],"card_choices":[{"not_picked":["Impatience","Deep Breath"],"picked":"Jack Of All Trades","floor":0},{"not_picked":["Coolheaded","Turbo"],"picked":"Hologram","floor":1},{"not_picked":["Rebound","Sunder","Go for the Eyes"],"picked":"SKIP","floor":3},{"not_picked":["Barrage","Lockon"],"picked":"BasicCrystalCard","floor":5},{"not_picked":["Go for the Eyes","ReplayTheSpireMod:GoodbyeWorld"],"picked":"Redo","floor":7},{"not_picked":["Hologram","Genetic Algorithm"],"picked":"Mirror Shield","floor":10},{"not_picked":["Ball Lightning","BasicCrystalCard"],"picked":"Conserve Battery","floor":12},{"not_picked":["Sweeping Beam","Compile Driver"],"picked":"Coolheaded","floor":13},{"not_picked":["Static Discharge","Barrage"],"picked":"Go for the Eyes","floor":14},{"not_picked":["Multi-Cast","Creative AI"],"picked":"Thunder Strike","floor":16},{"not_picked":["Compile Driver","ReplayGash"],"picked":"Ball Lightning+1","floor":18},{"not_picked":["Rip and Tear","Turbo"],"picked":"ReplayTheSpireMod:Calculation Training","floor":20},{"not_picked":["Go for the Eyes","Doom and Gloom","Capacitor"],"picked":"SKIP","floor":24},{"not_picked":["Coolheaded","Recycle","Beam Cell","BasicCrystalCard"],"picked":"SKIP","floor":27},{"not_picked":["Turbo","BasicCrystalCard+1","Gash"],"picked":"Core Surge","floor":28},{"not_picked":["FIFO Queue","Redo","Stack","Barrage"],"picked":"SKIP","floor":31},{"not_picked":["Seek","Echo Form","Multi-Cast"],"picked":"Biased Cognition","floor":33},{"not_picked":["Rebound","BasicCrystalCard"],"picked":"SKIP","floor":35},{"not_picked":["Redo","Conserve Battery+1"],"picked":"SKIP","floor":37},{"not_picked":["Redo","Conserve Battery+1"],"picked":"SKIP","floor":37},{"not_picked":["ReplayTheSpireMod:Repulse+1"],"picked":"Panic Button","floor":38},{"not_picked":["Reprogram","Leap+1"],"picked":"SKIP","floor":39},{"not_picked":["Reprogram","Recycle"],"picked":"SKIP","floor":40},{"not_picked":["Coolheaded"],"picked":"Seek","floor":42},{"not_picked":["Hologram+1"],"picked":"Defragment+1","floor":46}],"player_experience":595939,"relics_obtained":[{"floor":7,"key":"Mercury Hourglass"},{"floor":9,"key":"Pet Ghost"},{"floor":10,"key":"FossilizedHelix"},{"floor":22,"key":"Unceasing Top"},{"floor":24,"key":"Divine Protection"},{"floor":26,"key":"Question Card"},{"floor":28,"key":"Mirror"},{"floor":31,"key":"Old Coin"},{"floor":40,"key":"Garlic"},{"floor":42,"key":"StoneCalendar"},{"floor":43,"key":"Molten Egg 2"}],"event_choices":[{"damage_healed":0,"gold_gain":0,"player_choice":"2 cards matched","damage_taken":0,"max_hp_gain":0,"max_hp_loss":0,"event_name":"Match and Keep!","floor":2,"gold_loss":0,"cards_obtained":["Electrodynamics","BootSequence"]},{"cards_removed":["Strike_B"],"damage_healed":0,"gold_gain":0,"player_choice":"Offered Basic","damage_taken":0,"max_hp_gain":0,"max_hp_loss":0,"event_name":"Bonfire Elementals","floor":19,"gold_loss":0},{"damage_healed":0,"gold_gain":0,"player_choice":"Read","damage_taken":0,"max_hp_gain":0,"max_hp_loss":0,"event_name":"The Library","floor":30,"gold_loss":0,"cards_obtained":["Conserve Battery"]},{"damage_healed":0,"gold_gain":0,"player_choice":"Got Potions","damage_taken":0,"max_hp_gain":0,"max_hp_loss":0,"event_name":"Lab","floor":36,"gold_loss":0},{"cards_removed":["Defend_B"],"damage_healed":0,"gold_gain":0,"player_choice":"Purged","damage_taken":0,"max_hp_gain":0,"max_hp_loss":0,"event_name":"Purifier","floor":44,"gold_loss":0}],"is_beta":false,"boss_relics":[{"not_picked":["Replay:Ancient Bell","ReplayTheSpireMod:DimensionalGlitch"],"picked":"Nuclear Battery"},{"not_picked":["Inserter","Pandora\u0027s Box"],"picked":"Busted Crown"}],"items_purged_floors":[48],"is_endless":false,"potions_floor_spawned":[10,12,13,14,24,28,31,33,35,37],"ascension_level":13}}