{"host":"o3b7ow6d1xe49css","time":1612853471,"event":{"mods":["Act Like it!","Aspiration","BaseMod","Bestiary","Better Altar","Better Match","Better Note","Better Sensory Stone","Better Skull","Better Third Choice","Colored Powertips","Conspire","Energized Spire","Force Act Four","GifTheSpireLib","Halation","Hermit","Hubris","Infinite Spire","Lobotomy","Minty Spire (QoL Compilation)","Quick Restart","Rare Cards Sparkle","Relic Filter Mod","Reliquary","Replay The Spire","Spicy Shops","Spikes Relics","Spire Arcade","StSLib","Stuff the Spire","The Blue Laboratory","Wandering Minibosses"],"gold_per_floor":[110,110,121,136,152,152,184,218,218,218,218,253,253,26,26,126,126,146,146,0,19,19,19,48,75,100,100,100,128,458,458,458,554,554,568,618,71,96,96,96,96,96,150,183,183,183,217,252,252,382,382,382,6,6,131],"floor_reached":56,"language":"ENG","playtime":3093,"items_purged":["Strike_B","ReplayTheSpireMod:Reroute Power+1","Normality","Pride","Defend_B","Voices"],"score":1876,"play_id":"3b9805e2-cb02-4fd5-a164-3b1d2ae541c3","local_time":"20210208215111","daily_mods":["Heirloom","Flight"],"is_ascension_mode":true,"campfire_choices":[{"data":"Zap","floor":6,"key":"SMITH"},{"data":"ReplayTheSpireMod:Reroute Power","floor":10,"key":"SMITH"},{"data":"Leap","floor":11,"key":"SMITH"},{"data":"Double Energy","floor":13,"key":"SMITH"},{"data":"StuffTheSpire:ForEach","floor":15,"key":"SMITH"},{"data":"Reboot","floor":23,"key":"SMITH"},{"data":"Leap","floor":28,"key":"SMITH"},{"data":"Hologram","floor":32,"key":"SMITH"},{"floor":40,"key":"RECALL"},{"data":"Reboot","floor":41,"key":"SMITH"},{"data":"hubris:DoWhile","floor":42,"key":"SMITH"},{"data":"Dualcast","floor":46,"key":"SMITH"},{"floor":49,"key":"REST"},{"data":"Core Surge","floor":52,"key":"SMITH"},{"data":"Auto Shields","floor":54,"key":"SMITH"}],"circlet_count":0,"master_deck":["Zap+1","Dualcast+1","UniverseFragment","Leap+1","Core Surge+1","Hologram+1","Double Energy+1","StuffTheSpire:ForEach+1","Reboot+1","Static Discharge+1","hubris:PowerSurge+1","Leap+1","infinitespire:NeuralNetwork+1","Biased Cognition+1","Auto Shields+1","Reboot+1","Double Energy+1","hubris:DoWhile+1","Tempest+1","Capacitor+1"],"relics":["Cracked Core","Ring of Chaos","Replay:PocketPolymizer","CogitoBucket","Pen Nib","infinitespire:CursedDice","Vajra","Frozen Egg 2","Ice Cream","SnailShell","hubris:Stopwatch","ReplayFunnel","reliquary:TridentHead","StuffTheSpire:Mouthbags","aspiration:ChemicalBlood","halation:BlackBeret","Geode","Old Coin","CosmicIsotope","AspirationHeart","Ring of Greed","Blue Doll","Golden Idol","ReplayTheSpireMod:Ring of Collecting","conspire:BottledYoYo","Bronze Scales","wanderingMiniBosses:CarrionFlame","aspiration:AnachronicSnailShell","Ring of Peace","halation:LettersToHer","Replay:Accelerometer","infinitespire:Satchel","Ring of Chaos","halation:Komachan"],"acts_visited":["Exordium","TheCity","TheBeyond","Exordium","TheEnding"],"potions_floor_usage":[4,7,12,24,24,29,33,55,55,55,55,55],"damage_taken":[{"damage":5,"enemies":"Small Slimes","floor":1,"turns":4},{"damage":1,"enemies":"2 Louse","floor":3,"turns":2},{"damage":0,"enemies":"Jaw Worm","floor":4,"turns":4},{"damage":5,"enemies":"Exordium Wildlife","floor":5,"turns":7},{"damage":5,"enemies":"Gremlin Nob","floor":7,"turns":4},{"damage":5,"enemies":"Lagavulin","floor":8,"turns":9},{"damage":24,"enemies":"3 Sentries","floor":12,"turns":8},{"damage":24,"enemies":"Hexaghost","floor":16,"turns":13},{"damage":0,"enemies":"2 Thieves","floor":18,"turns":7},{"damage":6,"enemies":"Spheric Guardian","floor":21,"turns":5},{"damage":0,"enemies":"Nightmare","floor":24,"turns":6},{"damage":7,"enemies":"Book of Stabbing","floor":25,"turns":4},{"damage":0,"enemies":"Slavers","floor":29,"turns":4},{"damage":9,"enemies":"conspire:Head Lice","floor":30,"turns":4},{"damage":26,"enemies":"hubris:MusketHawk","floor":33,"turns":10},{"damage":0,"enemies":"3 Darklings","floor":35,"turns":2},{"damage":0,"enemies":"Orb Walker","floor":38,"turns":4},{"damage":4,"enemies":"Nightmare","floor":44,"turns":5},{"damage":0,"enemies":"R_Hoarder","floor":47,"turns":4},{"damage":0,"enemies":"Nemesis","floor":48,"turns":2},{"damage":0,"enemies":"Time Eater","floor":50,"turns":3},{"damage":104,"enemies":"The Heart","floor":55,"turns":6}],"seed_played":"5681933275717872602","potions_obtained":[{"floor":3,"key":"Fruit Juice"},{"floor":4,"key":"blueLaboratory:ExaltedPotion"},{"floor":8,"key":"ColorlessPotion"},{"floor":16,"key":"blueLaboratory:FrostheartPotion"},{"floor":21,"key":"AttackPotion"},{"floor":25,"key":"blueLaboratory:NullPotion"},{"floor":29,"key":"FearPotion"},{"floor":44,"key":"DuplicationPotion"},{"floor":55,"key":"Energy Potion"}],"is_trial":true,"path_per_floor":["M","?","M","M","M","R","E","E","T","R","R","E","R","$","R","B",null,"M","?","$","M","?","R","NM","E","T","AVR","R","E","E","?","R","B",null,"M","?","$","M","AVR","R","R","R","T","NM","?","R","E","E","R","B",null,"R","$","R","B",null],"character_chosen":"DEFECT","items_purchased":["SnailShell","ReplayFunnel","conspire:BottledYoYo","Bronze Scales","halation:Komachan","Capacitor+1"],"campfire_rested":1,"item_purchase_floors":[14,20,37,37,53,53],"current_hp_per_floor":[70,67,66,71,66,66,61,56,56,56,56,32,32,32,32,8,62,62,62,62,56,56,56,56,49,49,49,49,49,40,48,48,22,66,76,76,76,76,76,76,76,76,76,72,72,72,72,72,90,90,90,90,90,90,64],"gold":131,"neow_bonus":"","is_daily":false,"chose_seed":false,"campfire_upgraded":13,"win_rate":0.0,"timestamp":1612853471,"path_taken":["M","?","M","M","M","R","E","E","T","R","R","E","R","$","R","BOSS","M","?","$","M","?","R","NM","E","T","AVR","R","E","E","?","R","BOSS","M","?","$","M","AVR","R","R","R","T","NM","?","R","E","E","R","BOSS","R","$","R","BOSS"],"items_purchased_type":["Relic","Relic","Relic","Relic","Relic","Card"],"build_version":"2020-12-22","purchased_purges":6,"victory":true,"max_hp_per_floor":[75,75,75,80,80,80,80,80,80,80,80,80,80,80,80,80,80,80,80,80,80,80,80,80,80,80,80,80,80,80,80,80,80,80,90,90,90,90,90,90,90,90,90,90,90,90,90,90,90,90,90,90,90,90,80],"card_choices":[{"not_picked":["aspiration:Polymerization","Reinforced Body"],"picked":"ReplayTheSpireMod:Reroute Power","floor":1},{"not_picked":["MeatLantern","WallGazer","Porccubus"],"picked":"Singing Bowl","floor":1},{"not_picked":["Beam Cell","Redo"],"picked":"Leap","floor":3},{"not_picked":["Bloodbath","LittleHelper"],"picked":"UniverseFragment","floor":3},{"not_picked":["Streamline","StuffTheSpire:ShieldGenerator"],"picked":"Leap","floor":4},{"not_picked":["PunishingBird","HeroicMonk","SpiderBud"],"picked":"Singing Bowl","floor":4},{"not_picked":["MeatLantern","HappyTeddy","Laetitia"],"picked":"Singing Bowl","floor":5},{"not_picked":["Auto Shields","ReplayTheSpireMod:System Scan"],"picked":"Core Surge","floor":5},{"not_picked":["Porccubus","LaLuna","Scorched"],"picked":"Singing Bowl","floor":7},{"not_picked":["Go for the Eyes","ReplayTheSpireMod:Reroute Power","Barrage"],"picked":"SKIP","floor":7},{"not_picked":["Consume","Streamline","Compile Driver"],"picked":"SKIP","floor":8},{"not_picked":["Sweeping Beam","Recycle"],"picked":"Double Energy","floor":12},{"not_picked":["Core Surge","Multi-Cast"],"picked":"Reboot","floor":16},{"not_picked":["Turbo","Conserve Battery","StuffTheSpire:ShieldGenerator"],"picked":"SKIP","floor":18},{"not_picked":["FieryBird","CrumblingArmor","FairyFestival"],"picked":"Singing Bowl","floor":21},{"not_picked":["ReplayGash","Turbo+1","Steam"],"picked":"SKIP","floor":21},{"not_picked":["Gash+1","Go for the Eyes+1","Hello World+1"],"picked":"SKIP","floor":24},{"not_picked":["DreamingCurrent","SnowQueen","Scarecrow"],"picked":"Singing Bowl","floor":25},{"not_picked":["Static Discharge+1","Core Surge","Turbo"],"picked":"SKIP","floor":25},{"not_picked":["Sweeping Beam+1","Rebound","Go for the Eyes"],"picked":"SKIP","floor":29},{"not_picked":["Go for the Eyes+1","Steam+1"],"picked":"Biased Cognition+1","floor":30},{"not_picked":["StuffTheSpire:LaunchingStrike","hubris:SpecializedCircuitry+1"],"picked":"Reboot","floor":33},{"not_picked":["conspire:SharedLibrary+1","Blizzard"],"picked":"Double Energy+1","floor":35},{"not_picked":["MHz","CherryBlossoms","Variant"],"picked":"Singing Bowl","floor":35},{"not_picked":["LittleHelper","CherryBlossoms","Scorched"],"picked":"Singing Bowl","floor":38},{"not_picked":["Heatsinks+1","Undo+1","Conserve Battery"],"picked":"SKIP","floor":38},{"not_picked":["StuffTheSpire:NuclearReactor","StuffTheSpire:LoadUp"],"picked":"Tempest+1","floor":44},{"not_picked":["Stack+1","BasicCrystalCard","StuffTheSpire:ForEach"],"picked":"SKIP","floor":47},{"not_picked":["Hello World+1","Turbo","Biased Cognition+1"],"picked":"SKIP","floor":48}],"player_experience":1336325,"relics_obtained":[{"floor":7,"key":"infinitespire:CursedDice"},{"floor":8,"key":"Vajra"},{"floor":9,"key":"Frozen Egg 2"},{"floor":12,"key":"Ice Cream"},{"floor":24,"key":"reliquary:TridentHead"},{"floor":25,"key":"StuffTheSpire:Mouthbags"},{"floor":26,"key":"aspiration:ChemicalBlood"},{"floor":29,"key":"Geode"},{"floor":30,"key":"Old Coin"},{"floor":36,"key":"Ring of Greed"},{"floor":36,"key":"Blue Doll"},{"floor":36,"key":"Golden Idol"},{"floor":36,"key":"ReplayTheSpireMod:Ring of Collecting"},{"floor":38,"key":"wanderingMiniBosses:CarrionFlame"},{"floor":43,"key":"Ring of Peace"},{"floor":44,"key":"halation:LettersToHer"},{"floor":47,"key":"Replay:Accelerometer"},{"floor":48,"key":"infinitespire:Satchel"}],"event_choices":[{"damage_healed":0,"gold_gain":0,"player_choice":"Relic ","damage_taken":3,"max_hp_gain":0,"max_hp_loss":0,"event_name":"betterThird:BetterScrap","floor":2,"gold_loss":0,"cards_obtained":["Scrawl"]},{"damage_healed":0,"gold_gain":0,"player_choice":"Ignored","damage_taken":0,"max_hp_gain":0,"max_hp_loss":0,"event_name":"betterNote:BetterNote","floor":19,"gold_loss":0,"cards_obtained":["Strike_R"]},{"damage_healed":0,"gold_gain":0,"player_choice":"Read","damage_taken":0,"max_hp_gain":0,"max_hp_loss":0,"event_name":"The Library","floor":22,"gold_loss":0,"cards_obtained":["Static Discharge"]},{"cards_removed":["Decay"],"damage_healed":0,"gold_gain":0,"player_choice":"Removed Curses","damage_taken":0,"max_hp_gain":0,"max_hp_loss":0,"event_name":"Fountain of Cleansing","floor":45,"gold_loss":0}],"is_beta":false,"boss_relics":[{"not_picked":["halation:SmartPhone","Busted Crown"],"picked":"hubris:Stopwatch"},{"not_picked":["conspire:RunicOctahedron","infinitespire:Cupcake"],"picked":"CosmicIsotope"},{"not_picked":["halation:HeavySnake","Replay:Grab Bag","hubris:ScarierMask"]}],"items_purged_floors":[14,27,37,37,39,53],"is_endless":true,"potions_floor_spawned":[3,4,8,16,21,25,29,44,47,50,55],"ascension_level":5}}