{"host":"n4fty02wqqi95laq","time":1612859093,"event":{"mods":["BaseMod","Highlight Path","Minty Spire (QoL Compilation)","Quick Restart","Rare Cards Sparkle","StSLib"],"gold_per_floor":[111,111,129,140,190,225,225,113,140,175,175,209,209,240,240,319,319,333,345,345,395,407,407,357,16,16,49,6,32,32,66,66,142,192,210,223,98,112,123,148,148,180,180,180,214,214,239,256,256,256,256,256,256,106,140,140],"floor_reached":57,"language":"ZHS","playtime":5871,"items_purged":["Strike_G","Strike_G+1","Strike_G+1","Defend_G"],"score":3044,"play_id":"a4bdd4ab-1472-45c2-b051-afdba1c95d88","local_time":"20210209162453","is_ascension_mode":true,"campfire_choices":[{"data":"Deadly Poison","floor":7.0,"key":"SMITH"},{"data":"Neutralize","floor":11.0,"key":"SMITH"},{"data":"Noxious Fumes","floor":13.0,"key":"SMITH"},{"data":"Calculated Gamble","floor":15.0,"key":"SMITH"},{"data":"Blade Dance","floor":23.0,"key":"SMITH"},{"data":"Accuracy","floor":30.0,"key":"SMITH"},{"data":"Acrobatics","floor":32.0,"key":"SMITH"},{"data":"Concentrate","floor":41.0,"key":"SMITH"},{"floor":49.0,"key":"RECALL"},{"data":"Expertise","floor":53.0,"key":"SMITH"}],"circlet_count":0,"master_deck":["AscendersBane","Defend_G+1","Defend_G","Defend_G","Defend_G","Survivor","Neutralize+1","Calculated Gamble+1","Noxious Fumes+1","Acrobatics+1","Escape Plan","Adrenaline+1","Phantasmal Killer+1","Reflex+1","Footwork+1","Prepared+1","Blade Dance+1","Accuracy+1","Concentrate+1","Terror+1","Madness","Madness","Expertise+1"],"relics":["Ring of the Snake","Whetstone","Singing Bowl","Pen Nib","Art of War","Astrolabe","PreservedInsect","Tingsha","Juzu Bracelet","Centennial Puzzle","Orichalcum","Tiny House","Gremlin Horn","Prayer Wheel","Paper Crane","Shuriken","Turnip","Lantern"],"acts_visited":["TheCity","TheBeyond","TheEnding"],"potions_floor_usage":[56,56],"damage_taken":[{"damage":1.0,"enemies":"Jaw Worm","floor":1.0,"turns":3.0},{"damage":0.0,"enemies":"Cultist","floor":3.0,"turns":2.0},{"damage":3.0,"enemies":"Small Slimes","floor":4.0,"turns":2.0},{"damage":26.0,"enemies":"Lagavulin","floor":6.0,"turns":7.0},{"damage":2.0,"enemies":"3 Sentries","floor":10.0,"turns":2.0},{"damage":5.0,"enemies":"Lagavulin","floor":12.0,"turns":6.0},{"damage":8.0,"enemies":"Gremlin Nob","floor":14.0,"turns":4.0},{"damage":9.0,"enemies":"The Guardian","floor":16.0,"turns":8.0},{"damage":7.0,"enemies":"Shell Parasite","floor":18.0,"turns":3.0},{"damage":10.0,"enemies":"3 Byrds","floor":19.0,"turns":4.0},{"damage":6.0,"enemies":"Shelled Parasite and Fungi","floor":22.0,"turns":2.0},{"damage":2.0,"enemies":"Slavers","floor":27.0,"turns":3.0},{"damage":3.0,"enemies":"Book of Stabbing","floor":29.0,"turns":3.0},{"damage":0.0,"enemies":"Gremlin Leader","floor":31.0,"turns":1.0},{"damage":2.0,"enemies":"Automaton","floor":33.0,"turns":5.0},{"damage":3.0,"enemies":"3 Darklings","floor":35.0,"turns":2.0},{"damage":1.0,"enemies":"3 Shapes","floor":36.0,"turns":4.0},{"damage":0.0,"enemies":"Sphere and 2 Shapes","floor":38.0,"turns":2.0},{"damage":0.0,"enemies":"Writhing Mass","floor":39.0,"turns":3.0},{"damage":4.0,"enemies":"Reptomancer","floor":40.0,"turns":2.0},{"damage":0.0,"enemies":"Giant Head","floor":42.0,"turns":2.0},{"damage":0.0,"enemies":"Nemesis","floor":45.0,"turns":1.0},{"damage":0.0,"enemies":"Mind Bloom Boss Battle","floor":47.0,"turns":2.0},{"damage":6.0,"enemies":"3 Darklings","floor":48.0,"turns":5.0},{"damage":5.0,"enemies":"Donu and Deca","floor":50.0,"turns":3.0},{"damage":18.0,"enemies":"Time Eater","floor":51.0,"turns":5.0},{"damage":1,"enemies":"Shield and Spear","floor":55,"turns":4},{"damage":82,"enemies":"The Heart","floor":56,"turns":7}],"seed_played":"-1367565070632125316","potions_obtained":[{"floor":4.0,"key":"Energy Potion"},{"floor":6.0,"key":"Dexterity Potion"},{"floor":10.0,"key":"Ancient Potion"},{"floor":12.0,"key":"Block Potion"},{"floor":16.0,"key":"Strength Potion"},{"floor":29.0,"key":"PowerPotion"},{"floor":31.0,"key":"Fruit Juice"},{"floor":34.0,"key":"SpeedPotion"},{"floor":38.0,"key":"SkillPotion"},{"floor":39.0,"key":"FearPotion"},{"floor":47.0,"key":"Ancient Potion"}],"is_trial":false,"path_per_floor":["M","?","M","M","?","E","R","$","T","E","R","E","R","E","R","B",null,"M","M","?","?","M","R","?","$","T","E","$","E","R","E","R","B",null,"M","M","$","M","M","E","R","E","T","?","E","?","?","M","R","B","B",null,"R","$","E","B",null],"character_chosen":"THE_SILENT","items_purchased":["Noxious Fumes","Accuracy","PreservedInsect","Concentrate"],"campfire_rested":0,"item_purchase_floors":[8,25,25,28],"current_hp_per_floor":[58,58,58,55,49,23,23,23,23,21,21,18,18,10,10,1,47,42,32,32,32,28,28,28,28,28,28,28,25,25,27,27,27,73,72,73,73,75,77,75,75,77,77,60,62,62,64,60,60,55,37,86,86,86,87,5],"gold":140,"neow_bonus":"TRANSFORM_TWO_CARDS","is_daily":false,"chose_seed":false,"campfire_upgraded":9,"win_rate":0.0,"timestamp":1612859093,"path_taken":["M","?","?","M","?","E","R","?","T","E","R","E","R","E","R","BOSS","M","?","?","?","?","R","?","$","T","E","?","E","R","E","R","BOSS","M","M","$","M","M","E","R","E","T","?","E","?","?","M","R","BOSS","BOSS","R","$","E","BOSS"],"items_purchased_type":["Card","Card","Relic","Card"],"build_version":"2020-12-22","purchased_purges":4,"victory":true,"max_hp_per_floor":[60,60,60,60,60,60,60,60,60,60,60,62,62,62,62,62,62,64,64,64,64,66,66,66,66,66,68,68,68,68,70,70,72,84,86,88,88,90,92,94,94,96,96,96,98,98,100,102,102,102,102,102,102,102,104,104],"card_choices":[{"not_picked":["Quick Slash","Predator","Deflect"],"picked":"SKIP","floor":1.0},{"not_picked":["Poisoned Stab","Sucker Punch"],"picked":"Deadly Poison","floor":3.0},{"not_picked":["Slice","Footwork"],"picked":"Calculated Gamble","floor":4.0},{"not_picked":["All Out Attack","Bane"],"picked":"Corpse Explosion","floor":6.0},{"not_picked":["Prepared","Deflect"],"picked":"Acrobatics","floor":10.0},{"not_picked":["Acrobatics","Dagger Throw","Setup"],"picked":"Singing Bowl","floor":12.0},{"not_picked":["Doppelganger","Distraction"],"picked":"Escape Plan","floor":14.0},{"not_picked":["A Thousand Cuts","Envenom"],"picked":"Adrenaline","floor":16.0},{"not_picked":["Outmaneuver","Deadly Poison","Underhanded Strike"],"picked":"Singing Bowl","floor":18.0},{"not_picked":["Backstab","Underhanded Strike"],"picked":"Prepared+1","floor":19.0},{"not_picked":["Dagger Throw","Poisoned Stab","Choke"],"picked":"Singing Bowl","floor":22.0},{"not_picked":["Noxious Fumes","Dodge and Roll","Doppelganger"],"picked":"Singing Bowl","floor":27.0},{"not_picked":["Footwork","Dash"],"picked":"Terror","floor":29.0},{"not_picked":["Blur","Poisoned Stab","Finisher"],"picked":"Singing Bowl","floor":31.0},{"not_picked":["Doppelganger","Burst","Bullet Time"],"picked":"Singing Bowl","floor":33.0},{"not_picked":["Quick Slash","Dagger Throw","Flechettes"],"picked":"Singing Bowl","floor":34.0},{"not_picked":["Escape Plan","Dagger Throw+1","Heel Hook"],"picked":"Singing Bowl","floor":35.0},{"not_picked":["Dodge and Roll","Catalyst","Endless Agony+1"],"picked":"Singing Bowl","floor":36.0},{"not_picked":["Dodge and Roll+1","Predator+1","Doppelganger"],"picked":"Singing Bowl","floor":38.0},{"not_picked":["Bouncing Flask","Quick Slash+1","Deadly Poison"],"picked":"Singing Bowl","floor":39.0},{"not_picked":["Blade Dance+1","Bane","Bullet Time"],"picked":"Singing Bowl","floor":40.0},{"not_picked":["PiercingWail+1","A Thousand Cuts","Calculated Gamble"],"picked":"Singing Bowl","floor":42.0},{"not_picked":["Eviscerate+1","Deflect+1","Deadly Poison"],"picked":"Singing Bowl","floor":45.0},{"not_picked":["Deflect","Eviscerate","Quick Slash+1"],"picked":"Singing Bowl","floor":47.0},{"not_picked":["Leg Sweep","Underhanded Strike"],"picked":"Expertise","floor":48.0},{"not_picked":["Eviscerate","Underhanded Strike","Dagger Throw"],"picked":"Singing Bowl","floor":48.0},{"not_picked":["Sucker Punch","Dagger Spray","Backstab+1"],"picked":"Singing Bowl","floor":55}],"player_experience":709559,"relics_obtained":[{"floor":6.0,"key":"Whetstone"},{"floor":10.0,"key":"Singing Bowl"},{"floor":12.0,"key":"Pen Nib"},{"floor":14.0,"key":"Art of War"},{"floor":26.0,"key":"Tingsha"},{"floor":27.0,"key":"Juzu Bracelet"},{"floor":29.0,"key":"Centennial Puzzle"},{"floor":31.0,"key":"Orichalcum"},{"floor":40.0,"key":"Gremlin Horn"},{"floor":42.0,"key":"Prayer Wheel"},{"floor":43.0,"key":"Paper Crane"},{"floor":45.0,"key":"Shuriken"},{"floor":47.0,"key":"Turnip"},{"floor":55,"key":"Lantern"}],"event_choices":[{"damage_healed":0.0,"max_hp_gain":0.0,"max_hp_loss":0.0,"gold_gain":0.0,"event_name":"Upgrade Shrine","player_choice":"Upgraded","floor":2.0,"gold_loss":0.0,"damage_taken":0.0,"cards_upgraded":["Glass Knife"]},{"damage_healed":0.0,"max_hp_gain":0.0,"max_hp_loss":0.0,"gold_gain":50.0,"event_name":"FaceTrader","player_choice":"Touch","floor":5.0,"gold_loss":0.0,"damage_taken":6.0},{"damage_healed":0.0,"max_hp_gain":0.0,"max_hp_loss":0.0,"gold_gain":0.0,"event_name":"The Library","player_choice":"Read","floor":20.0,"gold_loss":0.0,"damage_taken":0.0,"cards_obtained":["Blade Dance"]},{"damage_healed":0.0,"max_hp_gain":0.0,"max_hp_loss":0.0,"gold_gain":50.0,"event_name":"Golden Shrine","player_choice":"Pray","floor":21.0,"gold_loss":0.0,"damage_taken":0.0},{"damage_healed":0.0,"max_hp_gain":0.0,"max_hp_loss":0.0,"gold_gain":0.0,"event_name":"Designer","player_choice":"Upgraded Two","floor":24.0,"gold_loss":50.0,"damage_taken":0.0,"cards_upgraded":["Defend_G","Adrenaline"]},{"damage_healed":0.0,"max_hp_gain":0.0,"max_hp_loss":0.0,"gold_gain":0.0,"event_name":"Winding Halls","player_choice":"Embrace Madness","floor":44.0,"gold_loss":0.0,"damage_taken":17.0,"cards_obtained":["Madness","Madness"]},{"cards_removed":["Glass Knife"],"damage_healed":0.0,"max_hp_gain":0.0,"max_hp_loss":0.0,"gold_gain":0.0,"event_name":"Falling","player_choice":"Removed Attack","floor":46.0,"gold_loss":0.0,"damage_taken":0.0},{"damage_healed":0.0,"max_hp_gain":0.0,"max_hp_loss":0.0,"gold_gain":0.0,"event_name":"MindBloom","player_choice":"Fight","floor":47.0,"gold_loss":0.0,"damage_taken":0.0}],"is_beta":false,"boss_relics":[{"not_picked":["Velvet Choker","Black Star"],"picked":"Astrolabe"},{"not_picked":["Pandora\u0027s Box","Snecko Eye"],"picked":"Tiny House"}],"items_purged_floors":[8,25,37,54],"is_endless":false,"potions_floor_spawned":[4,6,10,12,16,29,31,35,38,39,47,48],"ascension_level":20}}