{"host":"9rehsd5oi9uaydbk","time":1612908959,"event":{"mods":["BaseMod","Curses Come First","Downfall","Hermit","Hubris","Minty Spire (QoL Compilation)","Reliquary","StSLib","The Disciple","The Jungle","The Necromancer","The Runesmith"],"gold_per_floor":[99,32,49,61,61,73,73,73,89,89,108,125,125,125,144,246,246,246,259,1,1,331,331,358,158,183,195,215,215,115,134,146,146,146],"floor_reached":33,"language":"ENG","playtime":2041,"items_purged":[],"score":309,"play_id":"3d27defb-b38c-4e6a-9b12-a261920962c1","local_time":"20210209171559","is_ascension_mode":false,"campfire_choices":[{"data":"Bone_Wall","floor":1,"key":"SMITH"},{"data":"Vampiric_Strike","floor":10,"key":"SMITH"},{"data":"Bone_Prison","floor":13,"key":"SMITH"},{"floor":18,"key":"RECALL"},{"floor":25,"key":"REST"},{"floor":30,"key":"REST"}],"circlet_count":0,"master_deck":["Strike_W","Strike_W","Strike_W","Strike_W","Defend_W","Defend_W","Defend_W","Defend_W","Negative_Energy_Arrows","Bone_Wall+1","Uncharnel","Vampiric_Strike+1","Bone_Spikes","Death_March_Dance","Requiem","Chill_Blood","Bone_Shift","Grasp_Heart","Bone_Prison+1","Thousand_Bone_Knives","Vampiric_Strike","Bone_Shift","RitualDagger+1","Blood_Curse+1","Blood_Curse+1","Summon_Death_Knight"],"relics":["Vampire_Amulet","Juzu Bracelet","Philosopher\u0027s Stone","Molten Egg 2","downfall:HeartBlessingRed","downfall:HeartBlessingBlue","hubris:GlazedTorus","downfall:HeartBlessingGreen"],"acts_visited":["Exordium","TheCity"],"potions_floor_usage":[11,16,16,16,20,26,28,31],"damage_taken":[{"damage":0,"enemies":"downfall:FleeingMerchant","floor":2,"turns":4},{"damage":0,"enemies":"Cultist","floor":3,"turns":4},{"damage":0,"enemies":"Small Slimes","floor":4,"turns":3},{"damage":0,"enemies":"2 Louse","floor":6,"turns":2},{"damage":4,"enemies":"Red Slaver","floor":9,"turns":3},{"damage":10,"enemies":"Exordium Wildlife","floor":11,"turns":4},{"damage":9,"enemies":"Blue Slaver","floor":12,"turns":4},{"damage":2,"enemies":"Red Slaver","floor":15,"turns":2},{"damage":15,"enemies":"SI_SHIV_ARCHETYPE","floor":16,"turns":5},{"damage":0,"enemies":"3 Byrds","floor":19,"turns":5},{"damage":17,"enemies":"downfall:FleeingMerchant","floor":20,"turns":5},{"damage":20,"enemies":"downfall:FleeingMerchant","floor":22,"turns":4},{"damage":84,"enemies":"Gremlin Leader","floor":26,"turns":8},{"damage":13,"enemies":"Spheric Guardian","floor":27,"turns":4},{"damage":7,"enemies":"Snecko","floor":28,"turns":3},{"damage":0,"enemies":"Snake Plant","floor":31,"turns":3},{"damage":29,"enemies":"Sentry and Sphere","floor":32,"turns":5},{"damage":37,"enemies":"IC_MUSHROOM_ARCHETYPE","floor":33,"turns":5}],"seed_played":"-4395883144258424510","potions_obtained":[{"floor":6,"key":"DistilledChaos"},{"floor":9,"key":"sneckomod:MuddlingPotion"},{"floor":11,"key":"AttackPotion"},{"floor":14,"key":"SkillPotion"},{"floor":19,"key":"Slimebound:ThreeZeroPotion"},{"floor":23,"key":"CultistPotion"},{"floor":27,"key":"EssenceOfSteel"},{"floor":28,"key":"PowerPotion"}],"is_trial":false,"path_per_floor":["R","$","M","M","?","M","T","?","M","R","M","M","R","?","M","B",null,"R","M","$","?","$","?","T","R","E","M","M","?","R","M","M","B"],"character_chosen":"NECROMANCER","items_purchased":["Vampiric_Strike","Molten Egg 2"],"campfire_rested":2,"item_purchase_floors":[2,20],"current_hp_per_floor":[82,82,82,82,82,82,82,82,80,80,75,70,70,70,70,58,82,82,82,70,70,52,52,52,89,26,17,14,14,41,47,27,0,0],"gold":146,"neow_bonus":"TEN_PERCENT_HP_BONUS","is_daily":false,"chose_seed":false,"campfire_upgraded":3,"win_rate":0.0,"timestamp":1612908959,"path_taken":["R","$","?","M","?","M","T","?","M","R","M","M","R","?","M","BOSS","R","M","?","?","$","?","T","R","E","M","M","?","R","M","M","BOSS"],"items_purchased_type":["Card","Relic"],"build_version":"2020-12-22","purchased_purges":0,"victory":false,"max_hp_per_floor":[82,82,82,82,82,82,82,82,82,82,82,82,82,82,82,82,82,82,82,82,82,82,82,82,92,92,92,92,92,92,92,92,92,92],"card_choices":[{"not_picked":["Violent_Necrosis","Pandemic"],"picked":"Uncharnel","floor":2},{"not_picked":["Corrupt","Pandemic"],"picked":"Bone_Spikes","floor":3},{"not_picked":["Negative_Energy_Mist","Pandemic"],"picked":"Death_March_Dance","floor":4},{"not_picked":["Bone_Spikes","Shade_Step"],"picked":"Chill_Blood","floor":6},{"not_picked":["Blood_Curse","Negative_Energy_Javelin"],"picked":"Bone_Shift","floor":9},{"not_picked":["Blood_Whip","Blood_Is_Power"],"picked":"Grasp_Heart","floor":11},{"not_picked":["Blood_for_Blood","Exploit"],"picked":"Bone_Prison","floor":12},{"not_picked":["Finger_Of_Death","Negative_Energy_Shield"],"picked":"Thousand_Bone_Knives","floor":15},{"not_picked":["Blood_Wake","Cloudkill"],"picked":"Grasp_Heart","floor":16},{"not_picked":["Chill_Blood","Necrotic_Claws"],"picked":"Vampiric_Strike","floor":19},{"not_picked":["Chill_Blood","Negative_Energy_Shield","Necrotic_Claws"],"picked":"SKIP","floor":20},{"not_picked":["Flesh_Made_Foul+1","Negative_Energy_Sphere+1"],"picked":"Bone_Shift","floor":22},{"not_picked":["Flesh_Made_Foul+1","Bones_to_Steel+1","Life_Tap"],"picked":"SKIP","floor":26},{"not_picked":["Deaths_Shadow+1","Blood_Whip+1","Death_Coil+1"],"picked":"SKIP","floor":27},{"not_picked":["Corrupt","Blood_Whip+1"],"picked":"Blood_Curse+1","floor":28},{"not_picked":["Thousand_Bone_Knives+1","Slay_Living+1"],"picked":"Blood_Curse+1","floor":31},{"not_picked":["Negative_Energy_Javelin+1","Toxic_Smoke_Screen+1"],"picked":"Summon_Death_Knight","floor":32}],"player_experience":192201,"relics_obtained":[{"floor":7,"key":"Juzu Bracelet"},{"floor":26,"key":"hubris:GlazedTorus"}],"event_choices":[{"damage_healed":0,"gold_gain":0,"player_choice":"Got Potions","damage_taken":0,"max_hp_gain":0,"max_hp_loss":0,"event_name":"Lab","floor":14,"gold_loss":0}],"is_beta":false,"boss_relics":[{"not_picked":["Runic Dome","Astrolabe"],"picked":"Philosopher\u0027s Stone"}],"items_purged_floors":[],"is_endless":false,"potions_floor_spawned":[6,9,11,15,19,27,28],"killed_by":"IC_MUSHROOM_ARCHETYPE","ascension_level":0}}