{"host":"fff5e1uasnm04x18","time":1612909182,"event":{"mods":["BaseMod","Highlight Path","Minty Spire (QoL Compilation)","StSLib"],"gold_per_floor":[109,184,459,469,469,469,483,483,506,506,144,144,167,208,208,327,327,351,366,366,291,291,324,324,367,367,367,367],"floor_reached":27,"language":"ENG","playtime":1096,"items_purged":["Regret"],"score":272,"play_id":"08c28a78-7268-4c57-a17f-c93b15f610a4","local_time":"20210209171942","is_ascension_mode":true,"campfire_choices":[{"floor":8,"key":"REST"},{"floor":10,"key":"REST"},{"data":"Infinite Blades","floor":12,"key":"SMITH"},{"data":"Deadly Poison","floor":15,"key":"SMITH"},{"floor":24,"key":"REST"}],"circlet_count":0,"master_deck":["Strike_G","Strike_G","Strike_G","Strike_G","Defend_G","Defend_G","Defend_G","Defend_G","Defend_G","Survivor","Neutralize","Deadly Poison+1","Infinite Blades+1","A Thousand Cuts+1","CurseOfTheBell","Bouncing Flask","Cloak And Dagger+1"],"relics":["Ring of the Snake","Golden Idol","Oddly Smooth Stone","Smiling Mask","TwistedFunnel","Juzu Bracelet","The Courier","Calling Bell","Blood Vial","Pantograph","Tough Bandages","Boot","Omamori","Toy Ornithopter","Singing Bowl"],"acts_visited":["Exordium","TheCity"],"potions_floor_usage":[16,23,23,25,25,25,27],"damage_taken":[{"damage":0,"enemies":"Jaw Worm","floor":1,"turns":3},{"damage":13,"enemies":"2 Louse","floor":4,"turns":3},{"damage":3,"enemies":"Cultist","floor":7,"turns":3},{"damage":3,"enemies":"3 Louse","floor":13,"turns":3},{"damage":17,"enemies":"Lagavulin","floor":14,"turns":6},{"damage":16,"enemies":"Hexaghost","floor":16,"turns":10},{"damage":10,"enemies":"3 Byrds","floor":18,"turns":4},{"damage":18,"enemies":"Chosen","floor":19,"turns":6},{"damage":35,"enemies":"Gremlin Leader","floor":23,"turns":6},{"damage":9,"enemies":"Book of Stabbing","floor":25,"turns":5},{"damage":41,"enemies":"Slavers","floor":27,"turns":3}],"seed_played":"4102161083287295348","potions_obtained":[{"floor":4,"key":"Regen Potion"},{"floor":7,"key":"Weak Potion"},{"floor":16,"key":"Weak Potion"},{"floor":19,"key":"EntropicBrew"},{"floor":25,"key":"Weak Potion"}],"is_trial":false,"path_per_floor":["M","?","?","M","?","?","M","R","T","R","$","R","M","E","R","B",null,"M","M","T","?","?","E","R","E","T","E"],"character_chosen":"THE_SILENT","items_purchased":["TwistedFunnel","Juzu Bracelet"],"campfire_rested":3,"item_purchase_floors":[11,11],"current_hp_per_floor":[77,66,66,53,34,34,31,54,54,77,77,77,74,57,57,41,77,67,51,51,51,51,18,41,34,34,0,0],"gold":367,"neow_bonus":"TEN_PERCENT_HP_BONUS","is_daily":false,"chose_seed":false,"campfire_upgraded":2,"win_rate":0.0,"timestamp":1612909182,"path_taken":["M","?","?","?","?","?","M","R","T","R","$","R","M","E","R","BOSS","M","M","?","?","?","E","R","E","T","E"],"items_purchased_type":["Relic","Relic"],"build_version":"2020-12-22","purchased_purges":1,"victory":false,"max_hp_per_floor":[77,77,77,77,77,77,77,77,77,77,77,77,77,77,77,77,77,77,77,77,77,77,77,77,77,77,77,77],"card_choices":[{"not_picked":["Prepared","PiercingWail"],"picked":"Deadly Poison","floor":1},{"not_picked":["Prepared","Backflip"],"picked":"Infinite Blades","floor":4},{"not_picked":["Prepared","Bane","Eviscerate"],"picked":"SKIP","floor":7},{"not_picked":["Quick Slash","Flying Knee","Dodge and Roll"],"picked":"SKIP","floor":13},{"not_picked":["Doppelganger","Flechettes","Prepared"],"picked":"SKIP","floor":14},{"not_picked":["Glass Knife","Adrenaline"],"picked":"A Thousand Cuts","floor":16},{"not_picked":["Caltrops","Terror"],"picked":"Bouncing Flask","floor":18},{"not_picked":["Bane","Underhanded Strike+1"],"picked":"Cloak And Dagger+1","floor":19},{"not_picked":["Underhanded Strike+1","Deflect+1","Heel Hook+1"],"picked":"SKIP","floor":23},{"not_picked":["Quick Slash","Blade Dance","Masterful Stab"],"picked":"SKIP","floor":25}],"player_experience":545452,"relics_obtained":[{"floor":9,"key":"Smiling Mask"},{"floor":14,"key":"The Courier"},{"floor":17,"key":"Blood Vial"},{"floor":17,"key":"Pantograph"},{"floor":17,"key":"Tough Bandages"},{"floor":20,"key":"Boot"},{"floor":23,"key":"Omamori"},{"floor":25,"key":"Toy Ornithopter"},{"floor":26,"key":"Singing Bowl"}],"event_choices":[{"damage_healed":0,"gold_gain":75,"player_choice":"Gather Gold","damage_taken":11,"max_hp_gain":0,"max_hp_loss":0,"event_name":"World of Goop","floor":2,"gold_loss":0},{"damage_healed":0,"gold_gain":275,"player_choice":"Desecrate","damage_taken":0,"max_hp_gain":0,"max_hp_loss":0,"event_name":"Golden Shrine","floor":3,"gold_loss":0,"cards_obtained":["Regret"]},{"damage_healed":0,"gold_gain":0,"player_choice":"Take Damage","damage_taken":19,"relics_obtained":["Golden Idol"],"max_hp_gain":0,"max_hp_loss":0,"event_name":"Golden Idol","floor":5,"gold_loss":0},{"damage_healed":0,"gold_gain":0,"player_choice":"Gave Potion","damage_taken":0,"relics_obtained":["Oddly Smooth Stone"],"max_hp_gain":0,"max_hp_loss":0,"event_name":"WeMeetAgain","floor":6,"gold_loss":0},{"cards_removed":["Strike_G"],"damage_healed":0,"gold_gain":0,"player_choice":"Gave Gold","damage_taken":0,"max_hp_gain":0,"max_hp_loss":0,"event_name":"Beggar","floor":21,"gold_loss":75},{"damage_healed":0,"gold_gain":0,"player_choice":"Upgraded","damage_taken":0,"max_hp_gain":0,"max_hp_loss":0,"event_name":"Upgrade Shrine","floor":22,"gold_loss":0,"cards_upgraded":["A Thousand Cuts"]}],"is_beta":false,"boss_relics":[{"not_picked":["Cursed Key","Ectoplasm"],"picked":"Calling Bell"}],"items_purged_floors":[11],"is_endless":false,"potions_floor_spawned":[4,7,16,19,25],"killed_by":"Slavers","ascension_level":2}}