{"host":"06gxn1c1bsk424jw","time":1612887219,"event":{"mods":["BaseMod","DeckTracker","Minty Spire (QoL Compilation)","SuperFastMode"],"gold_per_floor":[113,113,138,138,63,98,98,134,159,194,194,208,36,51,51,51,51],"floor_reached":16,"language":"KOR","playtime":789,"items_purged":[],"score":286,"play_id":"6087bea1-95dd-4fdb-8890-a08c2b3efc4b","local_time":"20210210011339","is_ascension_mode":true,"campfire_choices":[{"data":"Bash","floor":7,"key":"SMITH"},{"floor":15,"key":"REST"}],"circlet_count":0,"master_deck":["AscendersBane","Strike_R","Strike_R","Strike_R+1","Strike_R","Strike_R","Defend_R","Defend_R","Defend_R","Defend_R","Bash+1","Flame Barrier","Shrug It Off","Bloodletting","Wild Strike+1","Warcry","Feel No Pain","Immolate"],"relics":["Burning Blood","NeowsBlessing","Golden Idol","Anchor","Matryoshka","Toy Ornithopter","Orichalcum","Whetstone"],"acts_visited":["Exordium"],"potions_floor_usage":[8,10,16],"damage_taken":[{"damage":0,"enemies":"2 Louse","floor":1,"turns":1},{"damage":0,"enemies":"Jaw Worm","floor":3,"turns":1},{"damage":0,"enemies":"Lagavulin","floor":6,"turns":1},{"damage":31,"enemies":"Gremlin Nob","floor":8,"turns":4},{"damage":36,"enemies":"Lagavulin","floor":10,"turns":6},{"damage":7,"enemies":"Small Slimes","floor":12,"turns":3},{"damage":3,"enemies":"Looter","floor":14,"turns":3},{"damage":56,"enemies":"The Guardian","floor":16,"turns":14}],"seed_played":"8354945085638169227","potions_obtained":[{"floor":3,"key":"ColorlessPotion"},{"floor":6,"key":"AttackPotion"},{"floor":8,"key":"BlessingOfTheForge"}],"is_trial":false,"path_per_floor":["M","?","M","$","?","E","R","E","T","E","?","M","$","M","R","B"],"character_chosen":"IRONCLAD","items_purchased":["Immolate"],"campfire_rested":1,"item_purchase_floors":[13],"current_hp_per_floor":[74,74,75,75,75,75,75,50,50,25,25,24,24,27,49,0,0],"gold":51,"neow_bonus":"THREE_ENEMY_KILL","is_daily":false,"chose_seed":false,"campfire_upgraded":1,"win_rate":0.0,"timestamp":1612887219,"path_taken":["M","?","M","$","?","E","R","E","T","E","?","?","$","M","R","BOSS"],"items_purchased_type":["Card"],"build_version":"2020-12-22","purchased_purges":0,"victory":false,"max_hp_per_floor":[75,75,75,75,75,75,75,75,75,75,75,75,75,75,75,75,75],"card_choices":[{"not_picked":["Thunderclap","Burning Pact"],"picked":"Flame Barrier","floor":1},{"not_picked":["Headbutt","Dropkick"],"picked":"Shrug It Off","floor":3},{"not_picked":["Shrug It Off","Clash"],"picked":"Bloodletting","floor":6},{"not_picked":["Anger","Heavy Blade","Wild Strike"],"picked":"SKIP","floor":8},{"not_picked":["Anger","Heavy Blade"],"picked":"Wild Strike","floor":8},{"not_picked":["Juggernaut","Iron Wave"],"picked":"Warcry","floor":10},{"not_picked":["Body Slam","Sever Soul"],"picked":"Feel No Pain","floor":12},{"not_picked":["Flex","Wild Strike","Iron Wave"],"picked":"SKIP","floor":14}],"player_experience":825666,"relics_obtained":[{"floor":6,"key":"Anchor"},{"floor":8,"key":"Matryoshka"},{"floor":9,"key":"Toy Ornithopter"},{"floor":9,"key":"Orichalcum"},{"floor":10,"key":"Whetstone"}],"event_choices":[{"damage_healed":0,"gold_gain":0,"player_choice":"Take Wound","damage_taken":0,"relics_obtained":["Golden Idol"],"max_hp_gain":0,"max_hp_loss":0,"event_name":"Golden Idol","floor":2,"gold_loss":0,"cards_obtained":["Injury"]},{"cards_removed":["Injury"],"damage_healed":0,"gold_gain":0,"player_choice":"Card Removal","damage_taken":0,"max_hp_gain":0,"max_hp_loss":0,"event_name":"The Cleric","floor":5,"gold_loss":75},{"damage_healed":0,"gold_gain":0,"player_choice":"Ignored","damage_taken":0,"max_hp_gain":0,"max_hp_loss":0,"event_name":"Shining Light","floor":11,"gold_loss":0}],"is_beta":false,"boss_relics":[],"items_purged_floors":[],"is_endless":false,"potions_floor_spawned":[3,6,8],"killed_by":"The Guardian","ascension_level":20}}