{"host":"fzjk61lpi4bwj033","time":1612841811,"event":{"mods":["BaseMod","Downfall","Hermit","Jorbs\u0027s Wanderer Trilogy","Minty Spire (QoL Compilation)","Rare Cards Sparkle","Relic Stats","StSLib"],"gold_per_floor":[217,292,292,79,98,126,126,145,219,219,232,232,232],"floor_reached":12,"language":"ENG","playtime":479,"items_purged":[],"score":156,"play_id":"f560c55f-b1c0-49e6-9fa6-983415064949","local_time":"20210208213651","is_ascension_mode":true,"campfire_choices":[{"floor":7,"key":"REST"},{"data":"hermit:Determination","floor":10,"key":"SMITH"}],"circlet_count":0,"master_deck":["AscendersBane","hermit:Strike_Hermit","hermit:Strike_Hermit","hermit:Strike_Hermit","hermit:Defend_Hermit","hermit:Defend_Hermit","hermit:Defend_Hermit","hermit:Defend_Hermit","hermit:Snapshot","hermit:Covet","hermit:Determination+1","hermit:Quickdraw","Dramatic Entrance","hermit:Dive","hermit:Feint","hermit:Snipe","hermit:Manifest"],"relics":["hermit:Momento","Nunchaku","hermit:Horseshoe"],"acts_visited":["Exordium"],"potions_floor_usage":[6,11,12],"damage_taken":[{"damage":4,"enemies":"Jaw Worm","floor":1,"turns":4},{"damage":0,"enemies":"Small Slimes","floor":5,"turns":2},{"damage":39,"enemies":"3 Sentries","floor":6,"turns":16},{"damage":2,"enemies":"Cultist","floor":8,"turns":5},{"damage":37,"enemies":"Large Slime","floor":11,"turns":10},{"damage":16,"enemies":"Lagavulin","floor":12,"turns":7}],"seed_played":"5390776680785743443","potions_obtained":[{"floor":1,"key":"Fruit Juice"},{"floor":6,"key":"SteroidPotion"},{"floor":11,"key":"hermit:Tonic"}],"is_trial":false,"path_per_floor":["M","?","?","$","M","E","R","M","T","R","M","E"],"character_chosen":"HERMIT","items_purchased":["hermit:Quickdraw","Dramatic Entrance","hermit:Dive"],"campfire_rested":1,"item_purchase_floors":[4,4,4],"current_hp_per_floor":[60,60,60,60,60,26,48,46,46,46,9,0,0],"gold":232,"neow_bonus":"HUNDRED_GOLD","is_daily":false,"chose_seed":false,"campfire_upgraded":1,"win_rate":0.0,"timestamp":1612841811,"path_taken":["M","?","?","$","M","E","R","M","T","R","M","E"],"items_purchased_type":["Card","Card","Card"],"build_version":"2020-12-22","purchased_purges":0,"victory":false,"max_hp_per_floor":[71,71,71,71,71,76,76,76,76,76,76,76,76],"relic_stats":{"Nunchaku":[2],"counters":[6,44],"obtain_stats":[{"Nunchaku":6,"hermit:Horseshoe":9,"hermit:Momento":0},{"Nunchaku":3,"hermit:Horseshoe":4,"hermit:Momento":0},{"Nunchaku":22,"hermit:Horseshoe":27,"hermit:Momento":0}]},"card_choices":[{"not_picked":["hermit:Quickdraw","hermit:CalledShot"],"picked":"hermit:Determination","floor":1},{"not_picked":["hermit:TakeCover","hermit:BodyArmor"],"picked":"hermit:Feint","floor":5},{"not_picked":["hermit:LoneWolf","hermit:Determination","hermit:ItchyTrigger"],"picked":"SKIP","floor":6},{"not_picked":["hermit:Spite","hermit:Virtue"],"picked":"hermit:Snipe","floor":8},{"not_picked":["hermit:Horror","hermit:WideOpen"],"picked":"hermit:Manifest","floor":11}],"player_experience":845857,"relics_obtained":[{"floor":6,"key":"Nunchaku"},{"floor":9,"key":"hermit:Horseshoe"}],"event_choices":[{"damage_healed":0,"gold_gain":75,"player_choice":"Gained Gold","damage_taken":0,"max_hp_gain":0,"max_hp_loss":0,"event_name":"Golden Wing","floor":2,"gold_loss":0},{"cards_removed":["hermit:Strike_Hermit"],"damage_healed":0,"gold_gain":0,"player_choice":"Offered Basic","damage_taken":0,"max_hp_gain":0,"max_hp_loss":0,"event_name":"Bonfire Elementals","floor":3,"gold_loss":0}],"is_beta":false,"boss_relics":[],"items_purged_floors":[],"is_endless":false,"potions_floor_spawned":[1,6,11],"killed_by":"Lagavulin","ascension_level":20}}