{"host":"uv5ws9rdk87e8i5k","time":1612844895,"event":{"mods":["AchievementEnabler","BaseMod","Colored Map","Minty Spire (QoL Compilation)","Permanent Neow","Quick Restart","StSLib","SuperFastMode","The Necromancer"],"gold_per_floor":[110,90,105,124,140,172,188,220,220,247,8,35,35,45,45,150,150,164,189,189,206,219,318,318,346,358,395,407,419,448,491,503,515,515],"floor_reached":33,"language":"ENG","playtime":713,"items_purged":["Clumsy"],"score":520,"play_id":"a3d313e7-aca9-41cc-b5d8-d8de2544c425","local_time":"20210208222815","is_ascension_mode":true,"campfire_choices":[{"data":"Searing Blow+1","floor":13.0,"key":"SMITH"},{"data":"Searing Blow+2","floor":15.0,"key":"SMITH"},{"data":"Searing Blow+4","floor":24.0,"key":"SMITH"},{"data":"Searing Blow+5","floor":29,"key":"SMITH"},{"data":"Searing Blow+6","floor":32,"key":"SMITH"}],"circlet_count":0,"master_deck":["Strike_R","Strike_R","Defend_R","Defend_R","Defend_R","Defend_R","Bash","Shrug It Off","Heavy Blade","Pommel Strike","Cleave","Searing Blow+7","Anger+1","Shrug It Off","Sever Soul+1","True Grit","Infernal Blade","Offering","Flame Barrier"],"relics":["Burning Blood","FossilizedHelix","Molten Egg 2","Darkstone Periapt","Gremlin Horn","Bottled Flame","Bottled Lightning","Empty Cage","Red Mask","MawBank","Art of War","White Beast Statue","Centennial Puzzle"],"acts_visited":["Exordium","TheCity"],"potions_floor_usage":[25,31,33],"damage_taken":[{"damage":0.0,"enemies":"Small Slimes","floor":1.0,"turns":3.0},{"damage":0.0,"enemies":"Cultist","floor":3.0,"turns":4.0},{"damage":2.0,"enemies":"Jaw Worm","floor":4.0,"turns":4.0},{"damage":0.0,"enemies":"Red Slaver","floor":5.0,"turns":2.0},{"damage":14.0,"enemies":"Gremlin Nob","floor":6.0,"turns":5.0},{"damage":0.0,"enemies":"Looter","floor":7.0,"turns":2.0},{"damage":7.0,"enemies":"3 Sentries","floor":8.0,"turns":5.0},{"damage":8.0,"enemies":"Gremlin Nob","floor":10.0,"turns":4.0},{"damage":0.0,"enemies":"3 Sentries","floor":12.0,"turns":3.0},{"damage":0.0,"enemies":"3 Louse","floor":14.0,"turns":2.0},{"damage":36.0,"enemies":"Hexaghost","floor":16.0,"turns":7.0},{"damage":0.0,"enemies":"Chosen","floor":18.0,"turns":3.0},{"damage":24.0,"enemies":"Masked Bandits","floor":19.0,"turns":3.0},{"damage":0.0,"enemies":"Spheric Guardian","floor":21.0,"turns":3.0},{"damage":2.0,"enemies":"Centurion and Healer","floor":22.0,"turns":4.0},{"damage":0,"enemies":"Gremlin Leader","floor":25,"turns":2},{"damage":18,"enemies":"Slavers","floor":27,"turns":6},{"damage":0,"enemies":"Snake Plant","floor":30,"turns":1},{"damage":19,"enemies":"Gremlin Leader","floor":31,"turns":4},{"damage":73,"enemies":"Champ","floor":33,"turns":6}],"seed_played":"-8533252702906262800","potions_obtained":[{"floor":2.0,"key":"SteroidPotion"},{"floor":3.0,"key":"EssenceOfSteel"},{"floor":5.0,"key":"LiquidBronze"},{"floor":10.0,"key":"ColorlessPotion"},{"floor":12.0,"key":"SkillPotion"},{"floor":14.0,"key":"DuplicationPotion"},{"floor":18.0,"key":"Fire Potion"},{"floor":19.0,"key":"LiquidMemories"},{"floor":25,"key":"Dexterity Potion"},{"floor":30,"key":"ColorlessPotion"},{"floor":31,"key":"Regen Potion"}],"is_trial":false,"path_per_floor":["M","?","M","M","M","E","M","E","T","E","$","E","R","M","R","B",null,"M","?","?","M","M","?","R","E","T","E","?","R","M","E","R","B"],"character_chosen":"IRONCLAD","items_purchased":["DistilledChaos","Sever Soul+1","True Grit"],"campfire_rested":0,"item_purchase_floors":[11,11,11],"current_hp_per_floor":[78,78,80,80,80,72,78,77,77,75,75,80,80,80,80,50,73,79,61,61,67,71,71,71,77,77,65,65,65,71,58,58,0,0],"gold":515,"neow_bonus":"ONE_RARE_RELIC","is_daily":false,"chose_seed":false,"campfire_upgraded":5,"win_rate":0.0,"timestamp":1612844895,"path_taken":["M","?","M","M","M","E","M","E","T","E","$","E","R","M","R","BOSS","M","?","?","M","?","?","R","E","T","E","?","R","M","E","R","BOSS"],"items_purchased_type":["Potion","Card","Card"],"build_version":"2020-12-22","purchased_purges":1,"victory":false,"max_hp_per_floor":[80,80,80,80,80,80,80,80,80,80,80,80,80,80,80,80,80,80,80,80,80,80,80,80,80,80,80,80,80,80,80,80,80,80],"card_choices":[{"not_picked":["Armaments","Havoc"],"picked":"Shrug It Off","floor":1.0},{"not_picked":["Body Slam","True Grit"],"picked":"Heavy Blade","floor":3.0},{"not_picked":["Wild Strike","Clash"],"picked":"Pommel Strike","floor":4.0},{"not_picked":["Rupture","Body Slam"],"picked":"Cleave","floor":5.0},{"not_picked":["Clothesline+1","Brutality"],"picked":"Searing Blow+1","floor":6.0},{"not_picked":["Armaments","Feel No Pain"],"picked":"Anger+1","floor":7.0},{"not_picked":["Wild Strike+1","Feel No Pain"],"picked":"Shrug It Off","floor":8.0},{"not_picked":["Anger+1","Bloodletting","Limit Break"],"picked":"SKIP","floor":10.0},{"not_picked":["Heavy Blade+1","Iron Wave+1","Entrench"],"picked":"SKIP","floor":12.0},{"not_picked":["Headbutt+1","Cleave+1"],"picked":"Infernal Blade","floor":14.0},{"not_picked":["Berserk","Brutality"],"picked":"Offering","floor":16.0},{"not_picked":["Ghostly Armor","Sword Boomerang+1","Flex"],"picked":"SKIP","floor":18.0},{"not_picked":["Iron Wave+1","Twin Strike+1"],"picked":"Flame Barrier","floor":19.0},{"not_picked":["Rupture","Clothesline+1","Disarm"],"picked":"SKIP","floor":21.0},{"not_picked":["Carnage+1","Feel No Pain","Rampage+1"],"picked":"SKIP","floor":22.0},{"not_picked":["Warcry","Fire Breathing","Thunderclap+1"],"picked":"SKIP","floor":25},{"not_picked":["Warcry","True Grit","Rage"],"picked":"SKIP","floor":27},{"not_picked":["Anger+1","Thunderclap+1","Clash+1"],"picked":"SKIP","floor":30},{"not_picked":["Bludgeon+1","Disarm","Dark Embrace"],"picked":"SKIP","floor":31}],"player_experience":276158,"relics_obtained":[{"floor":6.0,"key":"Molten Egg 2"},{"floor":8.0,"key":"Darkstone Periapt"},{"floor":9.0,"key":"Gremlin Horn"},{"floor":10.0,"key":"Bottled Flame"},{"floor":12.0,"key":"Bottled Lightning"},{"floor":19.0,"key":"Red Mask"},{"floor":25,"key":"MawBank"},{"floor":26,"key":"Art of War"},{"floor":27,"key":"White Beast Statue"},{"floor":31,"key":"Centennial Puzzle"}],"event_choices":[{"damage_healed":0.0,"max_hp_gain":0.0,"max_hp_loss":0.0,"gold_gain":0.0,"event_name":"The Woman in Blue","player_choice":"Bought 1 Potion","floor":2.0,"gold_loss":0.0,"damage_taken":0.0},{"damage_healed":0.0,"max_hp_gain":0.0,"max_hp_loss":0.0,"gold_gain":0.0,"event_name":"Masked Bandits","player_choice":"Fought Bandits","floor":19.0,"gold_loss":0.0,"damage_taken":0.0},{"damage_healed":0.0,"max_hp_gain":0.0,"max_hp_loss":0.0,"gold_gain":0.0,"event_name":"Upgrade Shrine","player_choice":"Upgraded","floor":20.0,"gold_loss":0.0,"damage_taken":0.0,"cards_upgraded":["Searing Blow"]},{"damage_healed":0.0,"max_hp_gain":0.0,"max_hp_loss":0.0,"gold_gain":99.0,"event_name":"Nest","player_choice":"Stole From Cult","floor":23.0,"gold_loss":0.0,"damage_taken":0.0},{"cards_removed":["Strike_R"],"damage_healed":0,"gold_gain":0,"player_choice":"Elegance","damage_taken":0,"max_hp_gain":0,"max_hp_loss":0,"event_name":"Back to Basics","floor":28,"gold_loss":0}],"is_beta":false,"boss_relics":[{"not_picked":["SlaversCollar","Runic Cube"],"picked":"Empty Cage"}],"items_purged_floors":[11],"is_endless":false,"potions_floor_spawned":[3,5,10,12,14,18,19,25,30,31],"killed_by":"Champ","ascension_level":7}}