{"host":"dvz52zoduqbx9zr0","time":1612876735,"event":{"mods":["AchievementEnabler","Always Whale","Aspiration","BaseMod","BetterRewards","Colored Map","Conspire","Custom Start","Downfall","Halation","Hubris","Jedi Mod","Minty Spire (QoL Compilation)","Relic Sorter","Replay The Spire","Shop Mod","StSLib","SuperFastMode"],"gold_per_floor":[134,144,157,177,71,71,124,124,124,135,135,135,151,181,198,198,198,198],"floor_reached":16,"language":"ENG","playtime":873,"items_purged":["hexamod:Strike"],"score":102,"play_id":"5e0fbe22-ebf2-46e1-bcba-2dee71be17ed","local_time":"20210209231855","is_ascension_mode":false,"campfire_choices":[{"data":"hexamod:Sear","floor":9,"key":"SMITH"},{"data":"hexamod:ThermalTransfer","floor":11,"key":"SMITH"}],"circlet_count":0,"master_deck":["hexamod:Strike","hexamod:Strike","hexamod:Strike","hexamod:Defend","hexamod:Defend","hexamod:Defend","hexamod:Defend","hexamod:Sear+1","hexamod:Float","hexamod:BurningTouch","hexamod:ThermalTransfer+1","hexamod:HeatMetal","hexamod:DynamicBlow","hexamod:Incineration","hexamod:Firestarter","hexamod:AdvancingGuard","hexamod:ThermalTransfer+1","hexamod:ThermalTransfer","hexamod:PhantomFireball"],"relics":["hexamod:SpiritBrand","Blue Doll","halation:StarCompass","conspire:TopHat","jedi:arcanewood"],"acts_visited":["Exordium"],"potions_floor_usage":[16],"damage_taken":[{"damage":9,"enemies":"conspire:MimicChest","floor":1,"turns":4},{"damage":2,"enemies":"conspire:RoseBush","floor":2,"turns":3},{"damage":9,"enemies":"Small Slimes","floor":3,"turns":4},{"damage":0,"enemies":"Cultist","floor":4,"turns":3},{"damage":10,"enemies":"downfall:FleeingMerchant","floor":5,"turns":4},{"damage":0,"enemies":"Blue Slaver","floor":10,"turns":3},{"damage":0,"enemies":"Large Slime","floor":13,"turns":3},{"damage":4,"enemies":"Replay:BlueRogue","floor":14,"turns":4},{"damage":3,"enemies":"Red Slaver","floor":15,"turns":4},{"damage":50,"enemies":"DF_ARCHETYPE_STREAMLINE","floor":16,"turns":6}],"seed_played":"1630153931423524207","potions_obtained":[{"floor":4,"key":"champ:CounterPotion"},{"floor":13,"key":"hexamod:SoulburnPotion"},{"floor":14,"key":"jedi:holywater"}],"is_trial":false,"path_per_floor":["R_BF","M","M","M","$","?","T","?","R","M","R","?","M","E","M","B"],"character_chosen":"THE_SPIRIT","items_purchased":["hexamod:Firestarter"],"campfire_rested":0,"item_purchase_floors":[5],"current_hp_per_floor":[61,59,50,50,40,40,40,40,40,40,40,40,40,36,33,0,0,0],"gold":198,"neow_bonus":"THREE_CARDS","is_daily":false,"chose_seed":false,"campfire_upgraded":2,"win_rate":0.0,"timestamp":1612876735,"path_taken":["R_BF","M","M","M","$","?","T","?","R","M","R","?","?","E","M","BOSS"],"items_purchased_type":["Card"],"build_version":"2020-12-22","purchased_purges":1,"victory":false,"max_hp_per_floor":[70,70,70,70,70,70,70,70,70,70,70,70,70,70,70,70,70,70],"card_choices":[{"not_picked":["hexamod:BacktrackSmack","hexamod:EtherealExpedition"],"picked":"hexamod:BurningTouch","floor":0},{"not_picked":["hexamod:BurningTouch","hexamod:RetreatToShadows"],"picked":"hexamod:ThermalTransfer","floor":1},{"not_picked":["hexamod:HauntingEcho","hexamod:Hexaguard"],"picked":"hexamod:HeatMetal","floor":2},{"not_picked":["hexamod:FastForward","hexamod:ShieldOfDarkness"],"picked":"hexamod:DynamicBlow","floor":3},{"not_picked":["hexamod:BurningTouch","hexamod:Firestarter"],"picked":"hexamod:Incineration","floor":4},{"not_picked":["hexamod:EtherealExpedition","hexamod:FirstSeal","hexamod:SpectersWail"],"picked":"SKIP","floor":5},{"not_picked":["hexamod:GhostOfSpirePast","hexamod:GhostflameBarrier"],"picked":"hexamod:AdvancingGuard","floor":10},{"not_picked":["hexamod:EtherealExpedition","hexamod:NightmareStrike","hexamod:SpectersWail"],"picked":"SKIP","floor":13},{"not_picked":["hexamod:InspiringFlames","hexamod:Hexaguard"],"picked":"hexamod:ThermalTransfer","floor":14},{"not_picked":["hexamod:TimeWarp","hexamod:NightmareGuise"],"picked":"hexamod:PhantomFireball","floor":15}],"player_experience":213841,"relics_obtained":[{"floor":1,"key":"Blue Doll"},{"floor":7,"key":"conspire:TopHat"},{"floor":14,"key":"jedi:arcanewood"}],"event_choices":[],"is_beta":false,"boss_relics":[],"items_purged_floors":[5],"is_endless":false,"potions_floor_spawned":[4,13,14],"killed_by":"DF_ARCHETYPE_STREAMLINE","ascension_level":0}}