{"host":"it04jaz8eul1eh3d","time":1612872291,"event":{"mods":["AchievementEnabler","BaseMod","Colored Map","DeckTracker","Keyboard Shortcuts","Minty Spire (QoL Compilation)","SuperFastMode"],"gold_per_floor":[114,131,149,149,149,149,166,48,73,85,136,167,179,204,216,359,371,407,297,313,313,338,379,294,314,339,339,339,355,368,191,191,310,310,323,323,386,449,463,496,516,516,539,539,555,208,208,224,224,224,224],"floor_reached":50,"language":"KOR","playtime":2078,"items_purged":["Injury","Perfected Strike","Writhe"],"score":619,"play_id":"f326ac2a-e44f-41d6-a4c8-38ea968e4498","local_time":"20210209210451","is_ascension_mode":false,"campfire_choices":[{"floor":13,"key":"REST"},{"data":"Uppercut","floor":15,"key":"SMITH"},{"floor":28,"key":"REST"},{"data":"Spot Weakness","floor":32,"key":"SMITH"},{"floor":42,"key":"REST"},{"data":"Heavy Blade","floor":44,"key":"SMITH"},{"data":"Heavy Blade","floor":47,"key":"SMITH"},{"data":"Heavy Blade","floor":49,"key":"SMITH"}],"circlet_count":0,"master_deck":["Strike_R+1","Strike_R","Strike_R","Strike_R+1","Strike_R","Defend_R","Defend_R","Defend_R","Defend_R","Bash","Heavy Blade+1","Shrug It Off","Shrug It Off","Uppercut+1","Discovery","Heavy Blade+1","Flex","Perfected Strike","Impervious","Carnage+1","Flex","Shrug It Off+1","Perfected Strike+1","Heavy Blade+1","Inflame","Spot Weakness+1","Heavy Blade+1","Metallicize","Impervious","Metallicize+1","Body Slam+1","Inflame+1","Limit Break","Body Slam","Bloodletting+1"],"relics":["Burning Blood","NeowsBlessing","PreservedInsect","MawBank","Golden Idol","Art of War","Sozu","Bottled Lightning","Bag of Marbles","Regal Pillow","Smiling Mask","Runic Pyramid","Gambling Chip","Mango","FossilizedHelix","Boot","Kunai"],"acts_visited":["Exordium","TheCity","TheBeyond"],"potions_floor_usage":[11,16,22,33],"damage_taken":[{"damage":0,"enemies":"2 Louse","floor":1,"turns":1},{"damage":0,"enemies":"Jaw Worm","floor":2,"turns":1},{"damage":0,"enemies":"Small Slimes","floor":3,"turns":2},{"damage":12,"enemies":"Blue Slaver","floor":7,"turns":3},{"damage":27,"enemies":"3 Sentries","floor":11,"turns":6},{"damage":16,"enemies":"Gremlin Gang","floor":12,"turns":5},{"damage":3,"enemies":"3 Louse","floor":14,"turns":4},{"damage":53,"enemies":"The Guardian","floor":16,"turns":12},{"damage":58,"enemies":"3 Byrds","floor":18,"turns":7},{"damage":14,"enemies":"Shell Parasite","floor":20,"turns":5},{"damage":16,"enemies":"Snecko","floor":22,"turns":4},{"damage":0,"enemies":"Gremlin Leader","floor":23,"turns":4},{"damage":5,"enemies":"Chosen and Byrds","floor":25,"turns":6},{"damage":6,"enemies":"Centurion and Healer","floor":29,"turns":4},{"damage":19,"enemies":"3 Cultists","floor":30,"turns":5},{"damage":9,"enemies":"Champ","floor":33,"turns":8},{"damage":29,"enemies":"3 Darklings","floor":35,"turns":8},{"damage":34,"enemies":"2 Orb Walkers","floor":37,"turns":6},{"damage":0,"enemies":"Mind Bloom Boss Battle","floor":38,"turns":7},{"damage":0,"enemies":"Orb Walker","floor":39,"turns":3},{"damage":40,"enemies":"Nemesis","floor":40,"turns":7},{"damage":0,"enemies":"Spire Growth","floor":41,"turns":4},{"damage":16,"enemies":"3 Darklings","floor":45,"turns":6},{"damage":8,"enemies":"Transient","floor":48,"turns":5},{"damage":61,"enemies":"Time Eater","floor":50,"turns":6}],"seed_played":"-9091587124950640674","potions_obtained":[{"floor":3,"key":"DistilledChaos"},{"floor":7,"key":"Ancient Potion"},{"floor":12,"key":"BloodPotion"},{"floor":16,"key":"Dexterity Potion"}],"is_trial":false,"path_per_floor":["M","M","M","?","?","?","M","$","T","?","E","M","R","M","R","B",null,"M","$","M","?","M","E","?","M","T","?","R","M","M","$","R","B",null,"M","?","?","?","M","E","M","R","T","R","M","$","R","M","R","B"],"character_chosen":"IRONCLAD","items_purchased":["Uppercut","Discovery","Flex","Heavy Blade","Metallicize","Body Slam","Kunai"],"campfire_rested":3,"item_purchase_floors":[8,8,19,31,31,46,46],"current_hp_per_floor":[80,80,80,80,64,57,51,51,51,51,30,20,44,47,47,16,80,28,28,20,20,10,16,16,17,17,17,56,56,43,43,43,40,80,57,57,29,49,55,21,27,70,70,70,60,60,60,58,58,0,0],"gold":224,"neow_bonus":"THREE_ENEMY_KILL","is_daily":false,"chose_seed":false,"campfire_upgraded":5,"win_rate":0.0,"timestamp":1612872291,"path_taken":["M","M","M","?","?","?","M","$","T","?","E","?","R","?","R","BOSS","M","$","M","?","M","E","?","M","T","?","R","?","?","$","R","BOSS","M","?","?","?","M","E","M","R","T","R","?","$","R","M","R","BOSS"],"items_purchased_type":["Card","Card","Card","Card","Card","Card","Relic"],"build_version":"2020-12-22","purchased_purges":3,"victory":false,"max_hp_per_floor":[80,80,80,80,80,80,80,80,80,80,80,80,80,80,80,80,80,80,80,80,80,80,80,80,80,80,80,80,80,80,80,80,80,80,80,80,80,94,94,94,94,94,94,94,94,94,94,94,94,94,94],"card_choices":[{"not_picked":["Headbutt","Rage"],"picked":"Perfected Strike","floor":1},{"not_picked":["Reckless Charge","Wild Strike"],"picked":"Heavy Blade","floor":2},{"not_picked":["True Grit","Fire Breathing"],"picked":"Shrug It Off","floor":3},{"not_picked":["Twin Strike","Havoc"],"picked":"Shrug It Off","floor":7},{"not_picked":["Fire Breathing","Sword Boomerang"],"picked":"Heavy Blade","floor":11},{"not_picked":["Cleave","Armaments"],"picked":"Flex","floor":12},{"not_picked":["Rupture","Flex"],"picked":"Perfected Strike","floor":14},{"not_picked":["Exhume","Brutality"],"picked":"Impervious","floor":16},{"not_picked":["Rupture","Shrug It Off"],"picked":"Carnage+1","floor":18},{"not_picked":["Thunderclap+1","Wild Strike"],"picked":"Shrug It Off+1","floor":20},{"not_picked":["Battle Trance","Warcry+1"],"picked":"Perfected Strike+1","floor":22},{"not_picked":["Infernal Blade","Rupture"],"picked":"Heavy Blade+1","floor":23},{"not_picked":["Intimidate","Body Slam"],"picked":"Inflame","floor":25},{"not_picked":["Rage","Rampage"],"picked":"Spot Weakness","floor":29},{"not_picked":["Anger","Entrench+1","Dropkick"],"picked":"SKIP","floor":30},{"not_picked":["Corruption","Berserk"],"picked":"Impervious","floor":33},{"not_picked":["Iron Wave","Shockwave","Sword Boomerang"],"picked":"SKIP","floor":35},{"not_picked":["Flame Barrier","Shrug It Off"],"picked":"Metallicize+1","floor":37},{"not_picked":["Hemokinesis+1","Wild Strike+1"],"picked":"Body Slam+1","floor":38},{"not_picked":["Thunderclap+1","Iron Wave+1","Perfected Strike"],"picked":"SKIP","floor":39},{"not_picked":["Anger","Sentinel","True Grit"],"picked":"SKIP","floor":40},{"not_picked":["Infernal Blade","Blood for Blood"],"picked":"Inflame+1","floor":41},{"not_picked":["Cleave+1","Dark Embrace"],"picked":"Limit Break","floor":45},{"not_picked":["Anger+1","Sentinel+1"],"picked":"Bloodletting+1","floor":48}],"player_experience":142515,"relics_obtained":[{"floor":9,"key":"MawBank"},{"floor":11,"key":"Art of War"},{"floor":23,"key":"Bottled Lightning"},{"floor":26,"key":"Regal Pillow"},{"floor":37,"key":"Gambling Chip"},{"floor":38,"key":"Mango"},{"floor":40,"key":"FossilizedHelix"},{"floor":43,"key":"Boot"}],"event_choices":[{"damage_healed":0,"gold_gain":0,"player_choice":"Box","damage_taken":0,"relics_obtained":["PreservedInsect"],"max_hp_gain":0,"max_hp_loss":0,"event_name":"Big Fish","floor":4,"gold_loss":0,"cards_obtained":["Regret"]},{"damage_healed":0,"gold_gain":0,"player_choice":"Entered Light","damage_taken":16,"max_hp_gain":0,"max_hp_loss":0,"event_name":"Shining Light","floor":5,"gold_loss":0,"cards_upgraded":["Strike_R","Strike_R"]},{"cards_removed":["Regret"],"damage_healed":0,"gold_gain":0,"player_choice":"Card Removal","damage_taken":7,"max_hp_gain":0,"max_hp_loss":0,"event_name":"Golden Wing","floor":6,"gold_loss":0},{"damage_healed":0,"gold_gain":0,"player_choice":"Take Wound","damage_taken":0,"relics_obtained":["Golden Idol"],"max_hp_gain":0,"max_hp_loss":0,"event_name":"Golden Idol","floor":10,"gold_loss":0,"cards_obtained":["Injury"]},{"damage_healed":0,"gold_gain":0,"player_choice":"Ignored","damage_taken":0,"max_hp_gain":0,"max_hp_loss":0,"event_name":"Ghosts","floor":21,"gold_loss":0},{"damage_healed":0,"gold_gain":0,"player_choice":"Obtained Relic","damage_taken":0,"relics_obtained":["Bag of Marbles"],"max_hp_gain":0,"max_hp_loss":0,"event_name":"Addict","floor":24,"gold_loss":85},{"damage_healed":0,"gold_gain":0,"player_choice":"Opened","damage_taken":0,"relics_obtained":["Smiling Mask"],"max_hp_gain":0,"max_hp_loss":0,"event_name":"The Mausoleum","floor":27,"gold_loss":0,"cards_obtained":["Writhe"]},{"damage_healed":0,"gold_gain":0,"player_choice":"Ignored","damage_taken":0,"max_hp_gain":0,"max_hp_loss":0,"event_name":"Tomb of Lord Red Mask","floor":36,"gold_loss":0},{"damage_healed":0,"gold_gain":0,"player_choice":"Fight","damage_taken":0,"max_hp_gain":0,"max_hp_loss":0,"event_name":"Mysterious Sphere","floor":37,"gold_loss":0},{"damage_healed":0,"gold_gain":0,"player_choice":"Fight","damage_taken":0,"max_hp_gain":0,"max_hp_loss":0,"event_name":"MindBloom","floor":38,"gold_loss":0}],"is_beta":false,"boss_relics":[{"not_picked":["Pandora\u0027s Box","Runic Dome"],"picked":"Sozu"},{"not_picked":["Cursed Key","Busted Crown"],"picked":"Runic Pyramid"}],"items_purged_floors":[19,31,46],"is_endless":false,"potions_floor_spawned":[3,7,12,16,20,23,30,33,38,39,40,48],"killed_by":"Time Eater","ascension_level":0}}