{"host":"heot42mtselsoupx","time":1612873928,"event":{"mods":["BaseMod","Minty Spire (QoL Compilation)","Quick Restart","StSLib","¡¾ÒÅÎï¿¨ÅÆ¡¿REMEMod"],"gold_per_floor":[367,442,454,474,56,56,67,82,108,40,63,63,63,80,80,80,80],"floor_reached":16,"language":"ZHS","playtime":699,"items_purged":["Pain"],"score":92,"play_id":"e144c0a7-9598-4ede-9a8a-441a6069d15b","local_time":"20210209203208","is_ascension_mode":false,"campfire_choices":[{"data":"REME_BattleFury","floor":6,"key":"SMITH"},{"data":"REME_SelfUpgrade","floor":13,"key":"SMITH"},{"floor":15,"key":"REST"}],"circlet_count":0,"master_deck":["Strike_B","Strike_B","Strike_B","Strike_B","Defend_B","Defend_B","Defend_B","Defend_B","Zap","Dualcast","REME_BattleFury+1","Skim","Genetic Algorithm","Defragment","Defragment","REME_SelfUpgrade+1","Scrape"],"relics":["Cracked Core","REME_ComplimentaryCards","REME_IWantAll","Bronze Scales"],"acts_visited":["Exordium"],"potions_floor_usage":[7,16,16],"damage_taken":[{"damage":16.0,"enemies":"Jaw Worm","floor":1.0,"turns":4.0},{"damage":8,"enemies":"Cultist","floor":3,"turns":3},{"damage":0,"enemies":"2 Louse","floor":4,"turns":2},{"damage":15,"enemies":"Lots of Slimes","floor":7,"turns":3},{"damage":7,"enemies":"Looter","floor":8,"turns":3},{"damage":11,"enemies":"3 Louse","floor":14,"turns":3},{"damage":33,"enemies":"Slime Boss","floor":16,"turns":7}],"seed_played":"-2950165289656528899","potions_obtained":[{"floor":4,"key":"DistilledChaos"},{"floor":7,"key":"Strength Potion"},{"floor":14,"key":"GamblersBrew"}],"is_trial":false,"path_per_floor":["M","?","M","M","$","R","M","M","T","$","T","$","R","M","R","B"],"character_chosen":"DEFECT","items_purchased":["REME_IWantAll","Defragment","REME_SelfUpgrade"],"campfire_rested":1,"item_purchase_floors":[5,5,10],"current_hp_per_floor":[59,52,44,44,44,44,29,22,22,22,22,22,22,11,33,0,0],"gold":80,"neow_bonus":"TWO_FIFTY_GOLD","is_daily":false,"chose_seed":false,"campfire_upgraded":2,"win_rate":0.0,"timestamp":1612873928,"path_taken":["M","?","?","M","$","R","?","M","T","$","?","?","R","M","R","BOSS"],"items_purchased_type":["Relic","Card","Card"],"build_version":"2020-12-22","purchased_purges":1,"victory":false,"max_hp_per_floor":[75,75,75,75,75,75,75,75,75,75,75,75,75,75,75,75,75],"card_choices":[{"not_picked":["Compile Driver","FTL"],"picked":"Skim","floor":1.0},{"not_picked":["Hologram","Lockon","Redo"],"picked":"SKIP","floor":3},{"not_picked":["Cold Snap","Steam"],"picked":"Genetic Algorithm","floor":4},{"not_picked":["Redo","FTL"],"picked":"Defragment","floor":7},{"not_picked":["Lockon","Redo","Barrage"],"picked":"SKIP","floor":8},{"not_picked":["Heatsinks","Streamline","Turbo","Hologram"],"picked":"Scrape","floor":14}],"player_experience":225832,"relics_obtained":[{"floor":11,"key":"Bronze Scales"}],"event_choices":[{"damage_healed":0,"gold_gain":75,"player_choice":"Touch","damage_taken":7,"max_hp_gain":0,"max_hp_loss":0,"event_name":"FaceTrader","floor":2,"gold_loss":0}],"is_beta":false,"boss_relics":[],"items_purged_floors":[5],"is_endless":false,"potions_floor_spawned":[4,7,14],"killed_by":"Slime Boss","ascension_level":0}}