{"host":"dscols65uipasqd2","time":1612847123,"event":{"mods":["2.2 Compatiblity","AchievementEnabler","Aspiration","BaseMod","Colored Powertips","Downfall","Energized Spire","GifTheSpireLib","Hermit","Hubris","Infinite Spire","JesterMod","Jorbs\u0027s Wanderer Trilogy","Marisa????????","Minty Spire (QoL Compilation)","Rare Cards Sparkle","Replay The Spire","StSLib","Stuff the Spire","The Cursed","The Disciple","The Hierophant","The Judge","The Jungle","The Runesmith","TheFirefly"],"gold_per_floor":[99,116,116,126,137,37,88,103,7,0,10,29,29,49,64,169,169,169,185,93,113,113,130,130,130,130,144,44,62,62,82,93,194,194,194,213,213,232,232,248,248,297,297,332,89,89,118,130,142,142],"floor_reached":51,"language":"ENG","playtime":3781,"items_purged":[],"score":851,"play_id":"c3f4d8bb-e8d5-43dd-9037-c7dda24cda8f","local_time":"20210209000523","is_ascension_mode":true,"campfire_choices":[{"floor":1,"key":"RECALL"},{"data":"Slimebound:Split","floor":6,"key":"SMITH"},{"floor":13,"key":"REST"},{"data":"Replay:Sssssssssshield","floor":18,"key":"SMITH"},{"data":"Slimebound:SelfFormingGoo","floor":28,"key":"SMITH"},{"floor":30,"key":"REST"},{"data":"Slimebound:Darklings","floor":35,"key":"SMITH"},{"floor":43,"key":"REST"},{"data":"hubris:Fate","floor":46,"key":"SMITH"}],"circlet_count":0,"master_deck":["Slimebound:Strike_Slimebound","Slimebound:Strike_Slimebound","Slimebound:Strike_Slimebound","Slimebound:Tackle","Slimebound:Defend_Slimebound","Slimebound:Defend_Slimebound","Slimebound:Defend_Slimebound+1","Slimebound:Defend_Slimebound","Slimebound:Split+1","Slimebound:CorrosiveSpit","Replay:Sssssssssshield+1","Slimebound:LivingWall+1","Slimebound:SplitBruiser","Slimebound:MegaLick","Slimebound:Nibble+1","Slimebound:DouseInSlime","Slimebound:SelfFormingGoo+1","Slimebound:SplitLeeching","Slimebound:Chomp","Slimebound:SplitLeeching","Slimebound:Equalize","Slimebound:HauntingLick","Slimebound:Darklings+1","Slimebound:GoopSpray+1","StuffTheSpire:Perfection","Slimebound:RejuvenatingLick","Slimebound:SplitAcid","hubris:Fate+1","Slimebound:RainOfGoop","Slimebound:SplitBruiser+1","Slimebound:SlimeSlap","Slimebound:SlimeSpikes+1","Slimebound:FirmFortitude","Slimebound:SamplingLick+1","expansioncontent:YouAreMine","Replay:SS_hec_1","expansioncontent:LastStand","Slimebound:ComboTackle","Slimebound:SlimeBrawl","Slimebound:LivingWall","Slimebound:Schlurp+1","Slimebound:LevelUp+1","Slimebound:Prepare","Slimebound:DisruptingSlam+1","Slimebound:LivingWall+1"],"relics":["StuffTheSpire:OccultApparatus","downfall:HeartBlessingRed","expansioncontent:StudyCardRelic","downfall:RedIOU","Bottled Lightning","downfall:HeartBlessingBlue","hubris:ScarierMask","hubris:Towel","Eternal Feather","Dead Branch","Strawberry","Incense Burner","Bag of Preparation","Art of War"],"acts_visited":["Exordium","TheCity","TheBeyond"],"potions_floor_usage":[8,12,15,16,16,33,33,40,40,49,49,50],"damage_taken":[{"damage":0,"enemies":"Small Slimes","floor":2,"turns":3},{"damage":5,"enemies":"Jaw Worm","floor":4,"turns":4},{"damage":0,"enemies":"Cultist","floor":5,"turns":3},{"damage":9,"enemies":"Gremlin Gang","floor":8,"turns":5},{"damage":3,"enemies":"downfall:FleeingMerchant","floor":9,"turns":4},{"damage":8,"enemies":"downfall:FleeingMerchant","floor":10,"turns":4},{"damage":15,"enemies":"3 Louse","floor":11,"turns":3},{"damage":6,"enemies":"Large Slime","floor":12,"turns":4},{"damage":10,"enemies":"Exordium Wildlife","floor":14,"turns":5},{"damage":0,"enemies":"3 Louse","floor":15,"turns":2},{"damage":2,"enemies":"SI_SHIV_ARCHETYPE","floor":16,"turns":5},{"damage":0,"enemies":"Chosen","floor":19,"turns":3},{"damage":1,"enemies":"Spheric Guardian","floor":21,"turns":4},{"damage":20,"enemies":"3 Cultists","floor":23,"turns":5},{"damage":0,"enemies":"Snecko","floor":27,"turns":2},{"damage":8,"enemies":"Cultist and Chosen","floor":29,"turns":5},{"damage":0,"enemies":"Centurion and Healer","floor":31,"turns":4},{"damage":0,"enemies":"Chosen and Byrds","floor":32,"turns":6},{"damage":0,"enemies":"WA_ARCHETYPE_CALM","floor":33,"turns":8},{"damage":10,"enemies":"Orb Walker","floor":36,"turns":3},{"damage":0,"enemies":"3 Shapes","floor":38,"turns":3},{"damage":10,"enemies":"Writhing Mass","floor":40,"turns":4},{"damage":24,"enemies":"2 Orb Walkers","floor":42,"turns":5},{"damage":8,"enemies":"Reptomancer","floor":44,"turns":6},{"damage":0,"enemies":"downfall:FleeingMerchant","floor":45,"turns":3},{"damage":7,"enemies":"Giant Head","floor":47,"turns":7},{"damage":0,"enemies":"3 Darklings","floor":48,"turns":2},{"damage":0,"enemies":"Transient","floor":49,"turns":5},{"damage":12,"enemies":"IC_BLOCK_ARCHETYPE","floor":50,"turns":8}],"seed_played":"-9043585550305694084","potions_obtained":[{"floor":4,"key":"ColorlessPotion"},{"floor":5,"key":"Block Potion"},{"floor":11,"key":"LiquidBronze"},{"floor":14,"key":"Explosive Potion"},{"floor":15,"key":"SteroidPotion"},{"floor":23,"key":"Slimebound:SlimyTonguePotion"},{"floor":29,"key":"Venom Potion"},{"floor":33,"key":"sneckomod:MuddlingPotion"},{"floor":36,"key":"LifebloodPotion"},{"floor":42,"key":"Slimebound:SlimedPotion"}],"is_trial":false,"path_per_floor":["R","M","?","M","M","R","T","M","$","$","M","M","R","M","M","B",null,"R","M","?","M","?","M","T","?","AVR","M","R","M","R","M","M","B",null,"R","M","?","M","?","M","T","?","R","E","$","R","E","M","M","B",null],"character_chosen":"SLIMEBOUND","items_purchased":["Slimebound:SelfFormingGoo","Incense Burner","SkillPotion","PowerPotion","Bag of Preparation"],"campfire_rested":3,"item_purchase_floors":[9,45,45,45,45],"current_hp_per_floor":[65,65,65,60,60,60,60,51,48,40,25,19,38,28,28,34,65,65,65,65,64,64,51,51,51,51,51,61,61,75,75,75,75,75,75,65,55,55,55,45,45,21,67,66,81,82,75,75,75,63],"gold":142,"neow_bonus":"RANDOM_COLORLESS","is_daily":false,"chose_seed":false,"campfire_upgraded":5,"win_rate":0.0,"timestamp":1612847123,"path_taken":["R","M","?","M","M","R","T","M","?","$","M","?","R","?","M","BOSS","R","M","?","M","?","M","T","?","AVR","M","R","M","R","M","M","BOSS","R","M","?","M","?","M","T","?","R","E","$","R","E","M","M","BOSS"],"items_purchased_type":["Card","Relic","Potion","Potion","Relic"],"build_version":"2020-12-22","purchased_purges":0,"victory":true,"max_hp_per_floor":[65,65,65,65,65,65,65,65,65,65,65,65,65,65,65,65,65,65,65,65,65,65,65,65,65,65,65,75,75,75,75,75,75,75,75,75,75,75,75,75,75,75,75,82,82,82,82,82,82,82],"card_choices":[{"not_picked":["Impatience","hubris:Insight"],"picked":"Replay:Sssssssssshield","floor":0},{"not_picked":["Slimebound:SplitLeeching","Slimebound:GoopSpray"],"picked":"Slimebound:LivingWall","floor":2},{"not_picked":["Slimebound:FlameTackle","Slimebound:ItLooksTasty"],"picked":"Slimebound:SplitBruiser","floor":4},{"not_picked":["Slimebound:ProtectTheBoss","Slimebound:Schlurp"],"picked":"Slimebound:MegaLick","floor":5},{"not_picked":["Slimebound:SplitLeeching","Slimebound:LeechingTouch"],"picked":"Slimebound:Nibble","floor":8},{"not_picked":["Slimebound:LeadByExample","Slimebound:GoopTackle"],"picked":"Slimebound:DouseInSlime","floor":9},{"not_picked":["Slimebound:LivingWall","Slimebound:ServeAndProtect"],"picked":"Slimebound:SplitLeeching","floor":10},{"not_picked":["Slimebound:Schlurp","Slimebound:SlimeTap"],"picked":"Slimebound:Chomp","floor":11},{"not_picked":["Slimebound:SlimeSpikes","Slimebound:AcidTongue"],"picked":"Slimebound:SplitLeeching","floor":12},{"not_picked":["Slimebound:RollThrough","Slimebound:ItLooksTasty"],"picked":"Slimebound:Equalize","floor":14},{"not_picked":["Slimebound:SlimeBarrage","Slimebound:LeechEnergy"],"picked":"Slimebound:HauntingLick","floor":15},{"not_picked":["Slimebound:Teamwork","Slimebound:MinionMaster"],"picked":"Slimebound:Darklings","floor":16},{"not_picked":["Slimebound:LeechingTouch","Slimebound:RollThrough"],"picked":"Slimebound:GoopSpray+1","floor":19},{"not_picked":["Slimebound:SlimeSpikes","Slimebound:ComboTackle"],"picked":"Slimebound:RejuvenatingLick","floor":21},{"not_picked":["Slimebound:GoopTackle","Slimebound:ComboTackle"],"picked":"Slimebound:SplitAcid","floor":23},{"not_picked":["Slimebound:HungryTackle","Slimebound:WasteNot"],"picked":"Slimebound:RainOfGoop","floor":27},{"not_picked":["Slimebound:LeechEnergy","Slimebound:GoopTackle"],"picked":"Slimebound:SplitBruiser+1","floor":29},{"not_picked":["Slimebound:HauntingLick","Slimebound:SplitMire"],"picked":"Slimebound:SlimeSlap","floor":31},{"not_picked":["Slimebound:SplitBruiser","Slimebound:Schlurp"],"picked":"Slimebound:SlimeSpikes+1","floor":32},{"not_picked":["Slimebound:WasteNot","Slimebound:MinionMaster"],"picked":"Slimebound:FirmFortitude","floor":33},{"not_picked":["Slimebound:RejuvenatingLick+1","Slimebound:LeechEnergy+1"],"picked":"Slimebound:SamplingLick+1","floor":36},{"not_picked":["expansioncontent:GuardianWhirl","Replay:SS_fish_1"],"picked":"expansioncontent:YouAreMine","floor":37},{"not_picked":["expansioncontent:PolyBeam","expansioncontent:Hexaburn"],"picked":"Replay:SS_hec_1","floor":37},{"not_picked":["expansioncontent:YouAreMine","expansioncontent:Hexaburn"],"picked":"expansioncontent:LastStand","floor":37},{"not_picked":["Slimebound:SplitAcid","Slimebound:PressTheAttack"],"picked":"Slimebound:ComboTackle","floor":38},{"not_picked":["Slimebound:SlimeSpikes","Slimebound:SamplingLick"],"picked":"Slimebound:SlimeBrawl","floor":40},{"not_picked":["Slimebound:Dissolve","Slimebound:Repurpose"],"picked":"Slimebound:LivingWall","floor":42},{"not_picked":["Slimebound:GoopTackle","Slimebound:LeechingTouch+1"],"picked":"Slimebound:Schlurp+1","floor":44},{"not_picked":["Slimebound:Nibble","Slimebound:AcidTongue"],"picked":"Slimebound:LevelUp+1","floor":45},{"not_picked":["Slimebound:MassRepurpose","Slimebound:SlimeSpikes+1"],"picked":"Slimebound:Prepare","floor":47},{"not_picked":["Slimebound:PressTheAttack+1","Slimebound:FlameTackle+1"],"picked":"Slimebound:DisruptingSlam+1","floor":48},{"not_picked":["Slimebound:Chomp+1","Slimebound:LeechingTouch+1"],"picked":"Slimebound:LivingWall+1","floor":49}],"player_experience":610378,"relics_obtained":[{"floor":7,"key":"Bag of Marbles"},{"floor":41,"key":"Eternal Feather"},{"floor":42,"key":"Dead Branch"},{"floor":44,"key":"Strawberry"},{"floor":47,"key":"Art of War"}],"event_choices":[{"damage_healed":0,"gold_gain":0,"player_choice":"Fight","damage_taken":0,"max_hp_gain":0,"max_hp_loss":0,"event_name":"Mysterious Sphere","floor":42,"gold_loss":0}],"is_beta":false,"boss_relics":[{"not_picked":["Philosopher\u0027s Stone","energizedSpire:RedRose"],"picked":"expansioncontent:StudyCardRelic"},{"not_picked":["Kintsugi","StuffTheSpire:RunicHypercube"],"picked":"hubris:ScarierMask"}],"items_purged_floors":[],"is_endless":false,"potions_floor_spawned":[4,5,11,14,15,23,29,33,36,42,48],"ascension_level":2}}