{"host":"72j3if4hls1tefkc","time":1612835248,"event":{"mods":["AchievementEnabler","Always Whale","Aspiration","BaseMod","Beaked The Cultist","Colored Map","Conspire","FetchMod","Halation","Hermit","Hubris","Infinite Spire","Minty Spire (QoL Compilation)","Reliquary","Replay The Spire","Shop Mod","StSLib","The Construct","The Cursed","The Jungle","The Marked","The Necromancer","The Poker Player"],"gold_per_floor":[111,127,127,144,144,144,69,69,143,143,158,158,197,237,237,358,358,392,392,246,227,73,124,124,162,216,216,216,216,254,297,297,426,426,462,542,442,484,521,521,573,573,573,608,608,608,608,663,663,663],"floor_reached":51,"language":"ENG","playtime":3164,"items_purged":["TheCursedMod:CursedMace","TheCursedMod:DemonSword","TheCursedMod:BlessingInDisguise+1"],"score":1048,"play_id":"f357b2fd-4bab-4b22-902f-64d93e71c032","local_time":"20210208184728","is_ascension_mode":false,"campfire_choices":[{"data":"TheCursedMod:CircleOfAmplification","floor":6,"key":"SMITH"},{"data":"TheCursedMod:HellfireBreathing","floor":8,"key":"SMITH"},{"data":"TheCursedMod:CursedSpellbook","floor":12,"key":"SMITH"},{"data":"hubris:DuctTapeCard","floor":15,"key":"SMITH"},{"data":"TheCursedMod:LuckyCharm","floor":24,"key":"SMITH"},{"data":"TheCursedMod:ParallelWorld","floor":28,"key":"SMITH"},{"data":"infinitespire:NeuralNetwork","floor":32,"key":"SMITH"},{"data":"TheCursedMod:SpitefulPlan","floor":40,"key":"SMITH"},{"data":"TheCursedMod:WearCloak","floor":42,"key":"SMITH"},{"data":"TheCursedMod:CleanUpWorkshop","floor":47,"key":"SMITH"},{"data":"TheCursedMod:WearCloak","floor":49,"key":"SMITH"}],"circlet_count":0,"master_deck":["TheCursedMod:CleanUpWorkshop+1","TheCursedMod:CursedAmulet","TheCursedMod:HellfireBreathing+1","TheCursedMod:SpitefulPlan+1","TheCursedMod:LuckyCharm+1","TheCursedMod:CursedSpellbook+1","TheCursedMod:NeowsMight","TheCursedMod:ParallelWorld+1","TheCursedMod:CircleOfAmplification+1","Regret","hubris:Greed","hubris:Greed","hubris:DuctTapeCard+2","hubris:Greed","hubris:Greed","TheCursedMod:AshesToAshes","TheCursedMod:WearCloak+1","hubris:DuctTapeCard+2","TheCursedMod:Evocation+1","TheCursedMod:TroublousMinions+1","TheCursedMod:Obscuration","infinitespire:NeuralNetwork+1","hubris:Greed","TheCursedMod:DemonicPact+1","TheCursedMod:WearCloak+1","TheCursedMod:CollectTribute+1","Parasite","TheCursedMod:HellsGateOpen+1","hubris:Greed"],"relics":["TheCursedMod:BlackMagicAdvanced","NeowsBlessing","Centennial Puzzle","Pantograph","hubris:DuctTape","construct:WeddingRing","hubris:Icosahedron","DollysMirror","Orrery","Replay:Baseball","Golden Egg","reliquary:RedPaperclip","Pocketwatch","reliquary:Boomerang","Replay:Bottled Flurry","halation:PinkSoulGem","reliquary:Stiletto"],"acts_visited":["Exordium","theJungle:Jungle","TheBeyond"],"potions_floor_usage":[21,48,50,50],"damage_taken":[{"damage":0,"enemies":"Cultist","floor":1,"turns":1},{"damage":0,"enemies":"2 Louse","floor":2,"turns":1},{"damage":0,"enemies":"Jaw Worm","floor":4,"turns":1},{"damage":0,"enemies":"3 Louse","floor":11,"turns":1},{"damage":0,"enemies":"3 Sentries","floor":13,"turns":1},{"damage":0,"enemies":"Blue Slaver","floor":14,"turns":1},{"damage":26,"enemies":"Hexaghost","floor":16,"turns":3},{"damage":0,"enemies":"theJungle:GiantWrat","floor":18,"turns":1},{"damage":0,"enemies":"Shell Parasite","floor":21,"turns":1},{"damage":0,"enemies":"theJungle:Cassacara","floor":23,"turns":3},{"damage":0,"enemies":"theJungle:2_Snecko_Cultists","floor":25,"turns":2},{"damage":0,"enemies":"theJungle:SlimyTreeVines","floor":30,"turns":2},{"damage":0,"enemies":"Snake Plant","floor":31,"turns":2},{"damage":0,"enemies":"theJungle:QueenSpyder","floor":33,"turns":4},{"damage":0,"enemies":"3 Shapes","floor":35,"turns":3},{"damage":2,"enemies":"2 Orb Walkers","floor":36,"turns":2},{"damage":0,"enemies":"Orb Walker","floor":38,"turns":1},{"damage":0,"enemies":"3 Darklings","floor":39,"turns":2},{"damage":0,"enemies":"Nightmare","floor":41,"turns":4},{"damage":10,"enemies":"Writhing Mass","floor":44,"turns":3},{"damage":6,"enemies":"Reptomancer","floor":48,"turns":3},{"damage":37,"enemies":"Donu and Deca","floor":50,"turns":4}],"seed_played":"7816985941955576596","potions_obtained":[{"floor":1,"key":"Dexterity Potion"},{"floor":4,"key":"Reflective Coating"},{"floor":13,"key":"FearPotion"},{"floor":14,"key":"Fruit Juice"},{"floor":21,"key":"Ancient Potion"},{"floor":30,"key":"Fire Potion"},{"floor":35,"key":"TheCursedMod:DregsPotion"},{"floor":36,"key":"LifebloodPotion"}],"is_trial":false,"path_per_floor":["M","M","?","M","?","R","$","R","T","T","M","R","E","M","R","B",null,"M","?","$","M","$","E","R","M","T","?","R","AVR","M","M","R","B",null,"M","?","$","M","M","R","NM","R","T","M","?","?","R","E","R","B",null],"character_chosen":"THE_CURSED","items_purchased":["DollysMirror","Orrery"],"campfire_rested":0,"item_purchase_floors":[20,22],"current_hp_per_floor":[75,75,75,75,75,75,75,75,75,75,75,75,75,75,75,49,75,75,75,75,80,80,80,80,80,80,80,80,80,80,80,80,80,80,80,78,78,78,78,78,78,78,78,68,68,68,68,62,62,43],"gold":663,"neow_bonus":"THREE_ENEMY_KILL","is_daily":false,"chose_seed":false,"campfire_upgraded":11,"win_rate":0.0,"timestamp":1612835248,"path_taken":["M","?","?","M","?","R","?","R","T","?","M","R","E","M","R","BOSS","M","?","$","M","$","E","R","M","T","?","R","AVR","M","?","R","BOSS","M","?","$","M","M","R","NM","R","T","M","?","?","R","E","R","BOSS"],"items_purchased_type":["Relic","Relic"],"build_version":"2020-12-22","purchased_purges":3,"victory":true,"max_hp_per_floor":[75,75,75,75,75,75,75,75,75,75,75,75,75,75,75,75,75,75,75,75,80,80,80,80,80,80,80,80,80,80,80,80,80,80,80,80,80,80,80,80,80,80,80,80,80,80,80,80,80,80],"card_choices":[{"not_picked":["TheCursedMod:CursedShiv","TheCursedMod:RavingStaff"],"picked":"TheCursedMod:CursedMace","floor":1},{"not_picked":["TheCursedMod:SmokeScreen","TheCursedMod:Grudge","TheCursedMod:CircleOfWindfury"],"picked":"SKIP","floor":2},{"not_picked":["TheCursedMod:DoubleShield","TheCursedMod:Stretching","TheCursedMod:BlessingInDisguise"],"picked":"SKIP","floor":4},{"not_picked":["TheCursedMod:Mangle","TheCursedMod:Grudge","TheCursedMod:Evocation"],"picked":"SKIP","floor":11},{"not_picked":["TheCursedMod:ForbiddenAlchemy","TheCursedMod:SpreadPlague"],"picked":"TheCursedMod:HellfireBreathing","floor":13},{"not_picked":["TheCursedMod:Hemoplague","TheCursedMod:CursedArmor"],"picked":"TheCursedMod:AshesToAshes","floor":14},{"not_picked":["TheCursedMod:StunningStrike","TheCursedMod:ShockAndAwe"],"picked":"TheCursedMod:DemonSword","floor":16},{"not_picked":["TheCursedMod:CircleOfFlame+1","TheCursedMod:Stigma+1"],"picked":"TheCursedMod:WearCloak","floor":18},{"not_picked":["TheCursedMod:VitalStrike+1","TheCursedMod:CircleOfFocus"],"picked":"TheCursedMod:Evocation+1","floor":21},{"not_picked":["TheCursedMod:SpitefulStrike+1","TheCursedMod:ManaBullet"],"picked":"TheCursedMod:BlessingInDisguise+1","floor":22},{"not_picked":["TheCursedMod:BloodBarrier+1","TheCursedMod:ManaBullet"],"picked":"TheCursedMod:TroublousMinions+1","floor":22},{"not_picked":["TheCursedMod:VitalStrike+1","TheCursedMod:PrepareRite"],"picked":"TheCursedMod:Obscuration","floor":22},{"not_picked":["TheCursedMod:RavingStaff+1","TheCursedMod:DoubleShield","TheCursedMod:Obscuration"],"picked":"SKIP","floor":23},{"not_picked":["TheCursedMod:TacticalStrike+1","TheCursedMod:CursedMace","TheCursedMod:ReleasedKnowledge"],"picked":"SKIP","floor":25},{"not_picked":["TheCursedMod:HellsGateOpen","TheCursedMod:EmpowerCircles","TheCursedMod:AshesToAshes"],"picked":"SKIP","floor":30},{"not_picked":["TheCursedMod:CircleOfFlame","TheCursedMod:ShockAndAwe","TheCursedMod:CursedBlade"],"picked":"SKIP","floor":31},{"not_picked":["TheCursedMod:ManaCirculation","TheCursedMod:VoidForm"],"picked":"TheCursedMod:DemonicPact","floor":33},{"not_picked":["TheCursedMod:CircleOfWindfury+1","TheCursedMod:TroublousMinions"],"picked":"TheCursedMod:WearCloak","floor":35},{"not_picked":["TheCursedMod:VitalStrike+1","TheCursedMod:CircleOfFlame+1","TheCursedMod:FuryStrike"],"picked":"SKIP","floor":38},{"not_picked":["TheCursedMod:FuryStrike+1","TheCursedMod:Obscuration","TheCursedMod:SmokeScreen"],"picked":"SKIP","floor":39},{"not_picked":["TheCursedMod:NeowsMight","TheCursedMod:SurpriseAttack+1"],"picked":"TheCursedMod:CollectTribute","floor":41},{"not_picked":["TheCursedMod:AshesToAshes","TheCursedMod:CursedMace+1","TheCursedMod:SpitefulPlan+1"],"picked":"SKIP","floor":44},{"not_picked":["TheCursedMod:SaltUponWound","TheCursedMod:SmokeScreen"],"picked":"TheCursedMod:HellsGateOpen+1","floor":48}],"player_experience":402700,"relics_obtained":[{"floor":9,"key":"reliquary:PrincelyHelmet"},{"floor":10,"key":"Pantograph"},{"floor":13,"key":"hubris:DuctTape"},{"floor":23,"key":"reliquary:Knoch"},{"floor":26,"key":"Replay:Baseball"},{"floor":36,"key":"Pocketwatch"},{"floor":41,"key":"reliquary:Boomerang"},{"floor":43,"key":"Replay:Bottled Flurry"},{"floor":48,"key":"reliquary:Stiletto"}],"event_choices":[{"damage_healed":0,"gold_gain":0,"player_choice":"Box","damage_taken":0,"relics_obtained":["Centennial Puzzle"],"max_hp_gain":0,"max_hp_loss":0,"event_name":"Big Fish","floor":5,"gold_loss":0,"cards_obtained":["Regret"]},{"damage_healed":0,"gold_gain":0,"player_choice":"Ignored","damage_taken":0,"max_hp_gain":0,"max_hp_loss":0,"event_name":"NoteForYourself","floor":27,"gold_loss":0},{"damage_healed":0,"gold_gain":0,"player_choice":"Fight","damage_taken":0,"max_hp_gain":0,"max_hp_loss":0,"event_name":"Mysterious Sphere","floor":36,"gold_loss":0}],"is_beta":false,"boss_relics":[{"not_picked":["hubris:TerracottaHorce","Kintsugi"],"picked":"construct:WeddingRing"},{"not_picked":["aspiration:DefectSkillbook","beaked:MawFillet"],"picked":"reliquary:RedPaperclip"}],"items_purged_floors":[7,29,37],"is_endless":false,"potions_floor_spawned":[1,4,13,14,21,30,31,33,35,36,39,44],"ascension_level":0}}