{"host":"hfcva6mq15ctj0gu","time":1612901397,"event":{"mods":["Abigail Mod","AchievementEnabler","Act Like it!","Alarm Clock","BaseMod","Better Altar","Better Match","Better Skull","Better Third Choice","BetterRewards","Booster Modes","Bossed Relics","CapriCore","Card Forge","Colored Map","Curses Come First","Disable Question Mark Monsters","Displayed Cursed Tome","Emptier Cage","FoggyMod","Friendly Minions","Gold Saver","Good Game Mod","Grow up Mod","Highlight Path","Kratos Character Expansion","Minty Spire (QoL Compilation)","Permanent Neow","Poem Panic","Remilia??????","Shade Mod","Shop Mod","StSLib","The Immortal","The Servant 0.9.4","The Vixen","Transform Curses","Virulent Crown","????"],"gold_per_floor":[19622,19622,19622,19121,19086,18811,18825,18090,18090,18090,17433,17521,17564,17564,17042,17236,17236,17252,17252,16604,16574,16657,16738,16738,16810,16810,16810,16853,16163,15616,15616,17175,17334,17334,17390,17390,16859,16859,16424,16111,16127,16235,16235,16235,16235,16268,15950,15950,15255,15335,15335,14464,13604,13638,13718],"floor_reached":56,"language":"ENG","playtime":1863,"items_purged":["Juggernaut"],"score":1873,"play_id":"1f69e3ed-c6cc-43c3-a418-713c090b9fdb","local_time":"20210209210957","is_ascension_mode":false,"campfire_choices":[{"floor":44,"key":"RECALL"}],"circlet_count":0,"master_deck":["FavorOfDestiny+1","FitfulNightmare+1","WaveOfTheHand+1","Adrenaline+1","Sadistic Nature+1","CharismaGuard+1","FavorOfDestiny+1","Ultimatum+1","Panache+1","ScarletNetherworld+1","DiffusionOfMisfortune+1","FavorOfDestiny+1","VampireFantasy+1","MiserableFate+1","ScarletImprint+1","KillingBlow+1","ChaoticDestiny+1","BloodRain+1","ScarletImprint+1","FavorOfDestiny+1","ReincarnationDial+1","ReincarnationDial+1","Adrenaline+1","FavorOfDestiny+1","ScarletImprint+1","ScarletMeister+1","Secret Weapon+1","BatForm+1","FavorOfDestiny+1","BombardNight+1","ScarletCoffin+1","Adrenaline+1","FavorOfDestiny+1","Dark Shackles+1","KillingBlow+1","Dark Shackles+1"],"relics":["ScarletHat","Hammer of Thor","Seething Fire","Anvil of the Gods","REME:ComplimentaryCards","Bag of Preparation","Toolbox","MerchantsRug","Unceasing Top","Sundial","Matryoshka","Gungnir","Golden Idol","Blood Vial","Girya","Bronze Scales","Omamori","Nunchaku","Thread and Needle","Orrery","Boot","CeramicFish","Lantern","TheAbacus","Incense Burner","Anchor","KratosMod:chalice","APieceOfRedMist","Vajra","Bag of Marbles","Philosopher\u0027s Stone","Akabeko","Strange Spoon","Centennial Puzzle","Prayer Wheel","Turnip","Necronomicon","Dream Catcher","PreservedInsect","RedBat","Lizard Tail","Pen Nib","Medical Kit","Potion Belt","Shuriken","Chemical X","Du-Vu Doll","Orichalcum","ClockworkSouvenir","ScarletEmblem","HandDrill","Art of War","Bottled Tornado","Ancient Tea Set","DollysMirror","Sling","Oddly Smooth Stone","Peace Pipe","Regal Pillow","Happy Flower","Darkstone Periapt","FossilizedHelix","Blue Candle","Cauldron","HornCleat","StoneCalendar","Gambling Chip","Gremlin Horn","Pear","War Paint","StrikeDummy","Bottled Lightning"],"acts_visited":["Exordium","TheCity","TheBeyond","TheEnding"],"potions_floor_usage":[12,22,22,23,25,28,50,50,50],"damage_taken":[{"damage":0,"enemies":"Small Slimes","floor":1,"turns":3},{"damage":3,"enemies":"Jaw Worm","floor":7,"turns":2},{"damage":14,"enemies":"Gremlin Nob","floor":12,"turns":4},{"damage":0,"enemies":"2 Louse","floor":13,"turns":1},{"damage":8,"enemies":"The Guardian","floor":16,"turns":4},{"damage":13,"enemies":"Chosen","floor":18,"turns":1},{"damage":2,"enemies":"2 Thieves","floor":22,"turns":2},{"damage":2,"enemies":"Slavers","floor":23,"turns":2},{"damage":1,"enemies":"Book of Stabbing","floor":25,"turns":1},{"damage":2,"enemies":"Shelled Parasite and Fungi","floor":28,"turns":2},{"damage":2,"enemies":"Collector","floor":33,"turns":1},{"damage":17,"enemies":"Orb Walker","floor":35,"turns":1},{"damage":1,"enemies":"3 Darklings","floor":41,"turns":1},{"damage":17,"enemies":"Mind Bloom Boss Battle","floor":42,"turns":1},{"damage":23,"enemies":"Maw","floor":46,"turns":1},{"damage":4,"enemies":"Donu and Deca","floor":50,"turns":3},{"damage":0,"enemies":"Shield and Spear","floor":54,"turns":1},{"damage":60,"enemies":"The Heart","floor":55,"turns":3}],"seed_played":"127557588141617085","potions_obtained":[{"floor":7,"key":"PowerPotion"},{"floor":21,"key":"GamblersBrew"},{"floor":21,"key":"DestinyDice"},{"floor":23,"key":"Regen Potion"},{"floor":31,"key":"LazyBrew"},{"floor":31,"key":"LazyBrew"},{"floor":31,"key":"LazyBrew"},{"floor":41,"key":"Weak Potion"},{"floor":49,"key":"LazyBrew"},{"floor":49,"key":"FairyPotion"},{"floor":49,"key":"Weak Potion"}],"is_trial":false,"path_per_floor":["M","?","?","$","?","R","M","R","T","?","$","E","M","?","R","B",null,"M","?","$","?","M","E","?","E","T","?","M","R","$","?","R","B",null,"M","?","$","?","$","R","M","?","T","R","?","M","$","T","R","B",null,"R","$","E","B",null],"character_chosen":"REMILIA","items_purchased":["Bag of Preparation","Toolbox","FavorOfDestiny","FitfulNightmare","MerchantsRug","Sundial","Matryoshka","Sadistic Nature","CharismaGuard","Bronze Scales","Omamori","Nunchaku","FavorOfDestiny","Ultimatum","Panache","LeisurelyOfLord","Thread and Needle","Orrery","Lantern","TheAbacus","MiserableFate","Incense Burner","Vajra","Bag of Marbles","KillingBlow","ChaoticDestiny","Strange Spoon","Centennial Puzzle","Prayer Wheel","ScarletImprint","FavorOfDestiny","ScarletMeister","Lizard Tail","Pen Nib","Medical Kit","Potion Belt","Shuriken","Chemical X","Du-Vu Doll","Orichalcum","ClockworkSouvenir","Secret Weapon","HandDrill","Art of War","Bottled Tornado","Ancient Tea Set","ScarletCoffin","DollysMirror","Sling","Oddly Smooth Stone","FavorOfDestiny","Regal Pillow","Happy Flower","Dark Shackles","FossilizedHelix","Blue Candle","Cauldron","HornCleat","StoneCalendar","Gambling Chip","Gremlin Horn","Pear","War Paint","KillingBlow","Dark Shackles"],"campfire_rested":0,"item_purchase_floors":[0,0,0,0,0,0,0,4,4,4,4,6,6,6,8,8,8,8,11,11,11,11,15,15,15,15,20,20,20,20,20,29,29,29,29,30,30,30,32,32,32,32,37,37,37,39,39,39,40,40,40,47,47,47,49,49,49,52,52,52,53,53,53,53,53],"current_hp_per_floor":[95,82,65,75,116,126,136,146,156,166,176,174,186,196,206,215,255,252,262,272,282,293,303,297,308,318,355,365,375,385,395,405,413,425,427,437,447,454,464,474,495,491,501,511,521,517,527,537,547,585,595,605,625,635,646],"gold":13718,"neow_bonus":"","is_daily":false,"chose_seed":false,"campfire_upgraded":0,"win_rate":0.0,"timestamp":1612901397,"path_taken":["M","?","?","$","?","R","?","R","T","?","?","E","?","?","R","BOSS","M","?","$","?","?","E","?","E","T","?","?","R","$","?","R","BOSS","M","?","$","?","$","R","?","?","T","R","?","?","$","?","R","BOSS","R","$","E","BOSS"],"items_purchased_type":["Relic","Relic","Card","Card","Relic","Relic","Relic","Card","Card","Relic","Relic","Relic","Card","Card","Card","Card","Relic","Relic","Relic","Relic","Card","Relic","Relic","Relic","Card","Card","Relic","Relic","Relic","Card","Card","Card","Relic","Relic","Relic","Relic","Relic","Relic","Relic","Relic","Relic","Card","Relic","Relic","Relic","Relic","Card","Relic","Relic","Relic","Card","Relic","Relic","Card","Relic","Relic","Relic","Relic","Relic","Relic","Relic","Relic","Relic","Card","Card"],"build_version":"2020-12-22","purchased_purges":1,"victory":true,"max_hp_per_floor":[95,105,115,125,135,145,155,165,175,185,195,205,215,225,235,245,255,265,275,285,295,305,315,325,335,345,355,365,375,385,395,405,415,425,435,445,455,465,475,485,495,505,515,525,535,545,555,565,575,585,595,605,625,635,655],"card_choices":[{"not_picked":["UnderTheZenith","RedNightlessCastle","BombardNight"],"picked":"SKIP","floor":1},{"not_picked":["ScarletDevilSign","UnderTheZenith","EndlessAdversity"],"picked":"SKIP","floor":7},{"not_picked":["RedNightlessCastle","MastersStateliness"],"picked":"ScarletNetherworld","floor":8},{"not_picked":["VampirishNight","BombardNight"],"picked":"DiffusionOfMisfortune","floor":8},{"not_picked":["BlasphemousPunishment","SuperhumanBloodyKnife"],"picked":"FavorOfDestiny","floor":8},{"not_picked":["ScarletDevil","VampireKiss"],"picked":"VampireFantasy","floor":8},{"not_picked":["DiffusionOfMisfortune","EternalNight"],"picked":"ScarletImprint","floor":12},{"not_picked":["RedMagic","Stigmanizer","NightDance"],"picked":"SKIP","floor":13},{"not_picked":["ForecastOfChange","BloodyHallows"],"picked":"BloodRain","floor":16},{"not_picked":["BlasphemousPunishment","MastersStateliness","VampireKiss+1"],"picked":"SKIP","floor":18},{"not_picked":["BlasphemousPunishment","ForbiddenFruit"],"picked":"ReincarnationDial","floor":22},{"not_picked":["StarOfDavid","Stigmanizer"],"picked":"ReincarnationDial","floor":22},{"not_picked":["BloodyTrap+1","NightDance","StarOfDavid"],"picked":"SKIP","floor":23},{"not_picked":["Septette","VampireKiss+1"],"picked":"FavorOfDestiny","floor":25},{"not_picked":["Stigmanizer","EmergencyRegeneration"],"picked":"ScarletImprint+1","floor":28},{"not_picked":["BloodyHallows","NightDance+1","CharismaGuard"],"picked":"SKIP","floor":28},{"not_picked":["NightDance","VampireKiss+1","Stigmanizer"],"picked":"SKIP","floor":28},{"not_picked":["CeilingFear","ScarletMeister"],"picked":"BatForm","floor":33},{"not_picked":["UnstableMagic+1","BombardNight+1"],"picked":"FavorOfDestiny","floor":35},{"not_picked":["EternalNight","RedRainbow"],"picked":"BombardNight+1","floor":35},{"not_picked":["RedRainbow","ForecastOfChange","AfternoonTea+1"],"picked":"SKIP","floor":41},{"not_picked":["Septette","GlobalNightmare","VampireKiss+1"],"picked":"SKIP","floor":41},{"not_picked":["MiserableFate+1","VampireFantasy+1","NightLord+1"],"picked":"SKIP","floor":46},{"not_picked":["CharismaGuard+1","VampirishNight+1","ScarletDevil+1"],"picked":"SKIP","floor":46},{"not_picked":["BlasphemousPunishment+1","RedMagic","DiffusionOfMisfortune"],"picked":"SKIP","floor":54}],"player_experience":117900,"relics_obtained":[{"floor":9,"key":"Boot"},{"floor":9,"key":"CeramicFish"},{"floor":12,"key":"Anchor"},{"floor":23,"key":"Turnip"},{"floor":25,"key":"Dream Catcher"},{"floor":26,"key":"PreservedInsect"},{"floor":26,"key":"RedBat"},{"floor":42,"key":"Peace Pipe"},{"floor":48,"key":"Darkstone Periapt"},{"floor":54,"key":"StrikeDummy"},{"floor":54,"key":"Bottled Lightning"}],"event_choices":[{"damage_healed":0,"gold_gain":0,"player_choice":"Take Damage","damage_taken":23,"relics_obtained":["Golden Idol"],"max_hp_gain":0,"max_hp_loss":0,"event_name":"Golden Idol","floor":2,"gold_loss":0},{"damage_healed":31,"gold_gain":0,"player_choice":"Healed","damage_taken":0,"max_hp_gain":0,"max_hp_loss":0,"event_name":"The Cleric","floor":5,"gold_loss":35},{"damage_healed":156,"gold_gain":0,"player_choice":"Leave","damage_taken":0,"max_hp_gain":0,"max_hp_loss":175,"event_name":"betterThird:BetterShining","floor":10,"gold_loss":0},{"damage_healed":0,"gold_gain":0,"player_choice":"Opened","damage_taken":0,"relics_obtained":["Akabeko"],"max_hp_gain":0,"max_hp_loss":0,"event_name":"The Mausoleum","floor":19,"gold_loss":0},{"damage_healed":0,"gold_gain":0,"player_choice":"Bought 2 Potions","damage_taken":0,"max_hp_gain":0,"max_hp_loss":0,"event_name":"The Woman in Blue","floor":21,"gold_loss":0},{"damage_healed":0,"gold_gain":0,"player_choice":"Obtained Book","damage_taken":16,"max_hp_gain":0,"max_hp_loss":0,"event_name":"Cursed Tome","floor":24,"gold_loss":0},{"cards_removed":["LeisurelyOfLord"],"damage_healed":27,"gold_gain":0,"player_choice":"Offered Uncommon","damage_taken":0,"max_hp_gain":0,"max_hp_loss":0,"event_name":"Bonfire Elementals","floor":27,"gold_loss":0},{"damage_healed":0,"gold_gain":0,"player_choice":"Ignored","damage_taken":0,"max_hp_gain":0,"max_hp_loss":0,"event_name":"The Moai Head","floor":36,"gold_loss":0},{"damage_healed":0,"gold_gain":0,"player_choice":"Punched","damage_taken":3,"max_hp_gain":0,"max_hp_loss":0,"event_name":"Designer","floor":38,"gold_loss":0},{"damage_healed":0,"gold_gain":0,"player_choice":"Fight","damage_taken":0,"max_hp_gain":0,"max_hp_loss":0,"event_name":"MindBloom","floor":42,"gold_loss":0},{"damage_healed":0,"gold_gain":0,"player_choice":"Ignored","damage_taken":0,"max_hp_gain":0,"max_hp_loss":0,"event_name":"Tomb of Lord Red Mask","floor":45,"gold_loss":0}],"is_beta":false,"boss_relics":[{"not_picked":["Tiny House","Calling Bell"],"picked":"Philosopher\u0027s Stone"},{"not_picked":["SacredBark","Velvet Choker"],"picked":"ScarletEmblem"}],"items_purged_floors":[0],"is_endless":false,"potions_floor_spawned":[7,13,23,41,42,54],"ascension_level":0}}