{"host":"nn0usk9aafse27ii","time":1612898088,"event":{"mods":["BaseMod","Colored Map","Highlight Path","Minty Spire (QoL Compilation)","Shop Mod","StSLib"],"gold_per_floor":[109,125,85,96,111,111,122,122,174,191,210,243,243,18,18,113,113,132,112,124,137,137,172,172,206,206,206,224,253,33,52,52,150,150,166,186,186,196,196,196,196,208,208,61,61,61,61,81,81,81,81],"floor_reached":50,"language":"ENG","playtime":5431,"items_purged":["Strike_G"],"score":683,"play_id":"6e586095-9155-4829-a97a-ce7afb7eb7ee","local_time":"20210209111448","daily_mods":["Cursed Run","Blue Cards","Binary"],"is_ascension_mode":false,"campfire_choices":[{"data":"Well Laid Plans","floor":6.0,"key":"SMITH"},{"data":"All Out Attack","floor":8.0,"key":"SMITH"},{"floor":13.0,"key":"REST"},{"data":"Doom and Gloom","floor":15.0,"key":"SMITH"},{"floor":24.0,"key":"REST"},{"data":"A Thousand Cuts","floor":27.0,"key":"SMITH"},{"floor":32.0,"key":"REST"},{"data":"Neutralize","floor":40.0,"key":"SMITH"},{"data":"Distraction","floor":45.0,"key":"SMITH"},{"data":"Malaise","floor":47.0,"key":"SMITH"},{"floor":49.0,"key":"REST"}],"circlet_count":0,"master_deck":["Strike_G","Strike_G","Strike_G","Strike_G","Defend_G","Defend_G","Defend_G","Defend_G","Defend_G","Survivor","Neutralize+1","Deflect","Well Laid Plans+1","All Out Attack+1","Clumsy","Beam Cell","Doom and Gloom+1","Beam Cell","Decay","A Thousand Cuts+1","Setup","Hologram","Doom and Gloom+1","Go for the Eyes+1","Decay","Slice","Deflect","Regret","Gash","Poisoned Stab+1","Endless Agony","Endless Agony","Sucker Punch+1","Shame","Malaise+1","Writhe","Shame","Dash","Distraction+1"],"relics":["Cursed Key","Darkstone Periapt","Du-Vu Doll","Tiny Chest","Meat on the Bone","ClockworkSouvenir","WristBlade","Boot","White Beast Statue","Pear","Snake Skull","DollysMirror","Busted Crown","Blue Candle"],"acts_visited":["Exordium","TheCity","TheBeyond"],"potions_floor_usage":[50,50],"damage_taken":[{"damage":2.0,"enemies":"Jaw Worm","floor":1.0,"turns":5.0},{"damage":0.0,"enemies":"Cultist","floor":2.0,"turns":5.0},{"damage":0.0,"enemies":"2 Louse","floor":4.0,"turns":4.0},{"damage":5.0,"enemies":"2 Fungi Beasts","floor":5.0,"turns":5.0},{"damage":3.0,"enemies":"Gremlin Gang","floor":7.0,"turns":9.0},{"damage":11.0,"enemies":"Large Slime","floor":10.0,"turns":6.0},{"damage":19.0,"enemies":"Exordium Wildlife","floor":11.0,"turns":3.0},{"damage":21.0,"enemies":"Lagavulin","floor":12.0,"turns":5.0},{"damage":47.0,"enemies":"The Guardian","floor":16.0,"turns":9.0},{"damage":4.0,"enemies":"Chosen","floor":18.0,"turns":3.0},{"damage":24.0,"enemies":"2 Thieves","floor":19.0,"turns":4.0},{"damage":4.0,"enemies":"Centurion and Healer","floor":20.0,"turns":5.0},{"damage":14.0,"enemies":"Shelled Parasite and Fungi","floor":21.0,"turns":5.0},{"damage":41.0,"enemies":"Gremlin Leader","floor":23.0,"turns":8.0},{"damage":44.0,"enemies":"Slavers","floor":25.0,"turns":3.0},{"damage":8.0,"enemies":"3 Cultists","floor":28.0,"turns":3.0},{"damage":23.0,"enemies":"Book of Stabbing","floor":29.0,"turns":6.0},{"damage":16.0,"enemies":"Snake Plant","floor":31.0,"turns":3.0},{"damage":55.0,"enemies":"Champ","floor":33.0,"turns":9.0},{"damage":7.0,"enemies":"Orb Walker","floor":35.0,"turns":2.0},{"damage":4.0,"enemies":"3 Shapes","floor":36.0,"turns":6.0},{"damage":18.0,"enemies":"Maw","floor":38.0,"turns":6.0},{"damage":0.0,"enemies":"Sphere and 2 Shapes","floor":41.0,"turns":1.0},{"damage":36.0,"enemies":"Writhing Mass","floor":42.0,"turns":5.0},{"damage":11.0,"enemies":"Transient","floor":48.0,"turns":5.0},{"damage":101,"enemies":"Donu and Deca","floor":50,"turns":5}],"seed_played":"-949494334937738167","potions_obtained":[{"floor":3.0,"key":"EssenceOfSteel"},{"floor":3.0,"key":"Energy Potion"},{"floor":3.0,"key":"EssenceOfSteel"},{"floor":5.0,"key":"Regen Potion"},{"floor":7.0,"key":"LiquidBronze"},{"floor":11.0,"key":"Swift Potion"},{"floor":19.0,"key":"SmokeBomb"},{"floor":21.0,"key":"Regen Potion"},{"floor":28.0,"key":"Weak Potion"},{"floor":29.0,"key":"GamblersBrew"},{"floor":31.0,"key":"Strength Potion"},{"floor":33.0,"key":"SkillPotion"},{"floor":35.0,"key":"Energy Potion"},{"floor":36.0,"key":"EssenceOfSteel"},{"floor":38.0,"key":"GhostInAJar"},{"floor":42.0,"key":"CultistPotion"},{"floor":48.0,"key":"Swift Potion"}],"is_trial":true,"path_per_floor":["M","M","?","M","M","R","M","R","T","M","M","E","R","$","R","B",null,"M","M","M","M","?","E","R","E","T","R","M","E","$","M","R","B",null,"M","M","?","M","$","R","M","M","T","$","R","?","R","M","R","B"],"character_chosen":"THE_SILENT","items_purchased":["ClockworkSouvenir","Endless Agony","DollysMirror","Dash","Distraction"],"campfire_rested":4,"item_purchase_floors":[14,30,30,44,44],"current_hp_per_floor":[68,68,68,68,63,63,60,60,66,55,36,15,37,37,37,23,82,78,54,50,48,54,34,60,28,44,44,48,37,37,33,64,27,110,103,99,116,98,98,98,98,62,68,68,68,58,58,59,95,0,0],"gold":81,"neow_bonus":"","is_daily":false,"chose_seed":false,"campfire_upgraded":7,"win_rate":0.0,"timestamp":1612898088,"path_taken":["M","M","?","?","M","R","M","R","T","M","M","E","R","$","R","BOSS","M","M","M","M","?","E","R","E","T","R","M","E","$","M","R","BOSS","M","M","?","M","$","R","M","M","T","$","R","?","R","M","R","BOSS"],"items_purchased_type":["Relic","Card","Relic","Card","Card"],"build_version":"2020-12-22","purchased_purges":1,"victory":false,"max_hp_per_floor":[70,70,70,70,70,70,70,70,76,76,76,76,76,76,76,82,82,82,82,82,82,88,88,88,88,104,104,104,104,104,104,104,110,110,110,110,116,116,116,116,116,116,122,122,122,122,122,122,122,122,122],"card_choices":[{"not_picked":["Dagger Spray"],"picked":"Deflect","floor":1.0},{"not_picked":["Scrape"],"picked":"Well Laid Plans","floor":2.0},{"not_picked":["Compile Driver","Barrage"],"picked":"SKIP","floor":4.0},{"not_picked":["Auto Shields","Underhanded Strike"],"picked":"SKIP","floor":5.0},{"not_picked":["Doom and Gloom"],"picked":"All Out Attack","floor":7.0},{"not_picked":["Cold Snap"],"picked":"Beam Cell","floor":10.0},{"not_picked":["Sucker Punch"],"picked":"Doom and Gloom","floor":11.0},{"not_picked":["Dagger Throw"],"picked":"Beam Cell","floor":12.0},{"not_picked":["Malaise"],"picked":"A Thousand Cuts","floor":16.0},{"not_picked":["Loop+1"],"picked":"Setup","floor":18.0},{"not_picked":["Barrage"],"picked":"Hologram","floor":19.0},{"not_picked":["Catalyst"],"picked":"Doom and Gloom+1","floor":20.0},{"not_picked":["PiercingWail"],"picked":"Go for the Eyes+1","floor":21.0},{"not_picked":["Scrape"],"picked":"Slice","floor":23.0},{"not_picked":["Tools of the Trade"],"picked":"Deflect","floor":25.0},{"not_picked":["Bane+1"],"picked":"Gash","floor":28.0},{"not_picked":["Cold Snap"],"picked":"Poisoned Stab+1","floor":29.0},{"not_picked":["Prepared"],"picked":"Sucker Punch+1","floor":31.0},{"not_picked":["Wraith Form v2"],"picked":"Malaise","floor":33.0}],"player_experience":488855,"relics_obtained":[{"floor":9.0,"key":"Tiny Chest"},{"floor":12.0,"key":"Meat on the Bone"},{"floor":23.0,"key":"Boot"},{"floor":25.0,"key":"White Beast Statue"},{"floor":26.0,"key":"Pear"},{"floor":29.0,"key":"Snake Skull"},{"floor":43.0,"key":"Blue Candle"}],"event_choices":[{"damage_healed":0.0,"max_hp_gain":0.0,"max_hp_loss":0.0,"gold_gain":0.0,"event_name":"The Woman in Blue","player_choice":"Bought 3 Potions","floor":3.0,"gold_loss":0.0,"damage_taken":0.0},{"damage_healed":0.0,"max_hp_gain":0.0,"max_hp_loss":0.0,"gold_gain":0.0,"event_name":"Forgotten Altar","player_choice":"Smashed Altar","floor":22.0,"gold_loss":0.0,"damage_taken":0.0,"cards_obtained":["Decay"]},{"damage_healed":28.0,"max_hp_gain":0.0,"max_hp_loss":0.0,"gold_gain":0.0,"event_name":"Winding Halls","player_choice":"Writhe","floor":37.0,"gold_loss":0.0,"damage_taken":0.0,"cards_obtained":["Writhe"]},{"damage_healed":0.0,"max_hp_gain":0.0,"max_hp_loss":0.0,"gold_gain":0.0,"event_name":"SensoryStone","player_choice":"Memory 3","floor":46.0,"gold_loss":0.0,"damage_taken":10.0}],"is_beta":false,"boss_relics":[{"not_picked":["Runic Pyramid","Snecko Eye"],"picked":"WristBlade"},{"not_picked":["Tiny House","Black Star"],"picked":"Busted Crown"}],"items_purged_floors":[14],"is_endless":false,"potions_floor_spawned":[5,7,10,11,19,21,28,29,31,33,35,36,38,41,42,48],"killed_by":"Donu and Deca","ascension_level":0}}