{"host":"684z1xpuwaoqmmh1","time":1612885678,"event":{"mods":["A Magickal Journey","BaseMod","Downfall","Hermit","Jorbs\u0027s Wanderer Trilogy","Marisa????????","Minty Spire (QoL Compilation)","Robot Space Explorer","Shade Mod","StSLib","The Bug Knight","The Dragon Tamer","The Elementalist","The Hayseed","The Hierophant","The Marked","The Mystic","The Runesmith","The Saiyan","The Senshi","The Spell Scribe","The Vixen","TheBandit","TheFirefly"],"gold_per_floor":[105,105,122,141,150,150,182,182,208,223,223,223,258,303,303,299,299],"floor_reached":16,"language":"ENG","playtime":505,"items_purged":[],"score":187,"play_id":"6d42fe8e-0d03-44a1-a515-9ceb407714d2","local_time":"20210209174758","is_ascension_mode":true,"campfire_choices":[{"data":"hierophant:ChurchCoffers","floor":6,"key":"SMITH"},{"data":"hierophant:Punish","floor":8,"key":"SMITH"},{"floor":12,"key":"REST"},{"data":"hierophant:Repentance","floor":15,"key":"SMITH"}],"circlet_count":0,"master_deck":["AscendersBane","hierophant:Strike_Hierophant","hierophant:Strike_Hierophant","hierophant:Strike_Hierophant","hierophant:Strike_Hierophant","hierophant:Punish+1","hierophant:Defend_Hierophant","hierophant:Defend_Hierophant","hierophant:Defend_Hierophant","hierophant:Defend_Hierophant","hierophant:ChurchCoffers+1","hierophant:Smite","hierophant:RepressedViolence","hierophant:Invocation","hierophant:Zeal","hierophant:Doubloon","hierophant:CursedGold","hierophant:ThreeLashes","hierophant:Doubloon","hierophant:ConvertCurrency","hierophant:Repentance+1"],"relics":["hierophant:PropheticMaskRelic","Bronze Scales","Centennial Puzzle","Blood Vial","Golden Idol","Odd Mushroom","Darkstone Periapt"],"acts_visited":["Exordium"],"potions_floor_usage":[],"damage_taken":[{"damage":2,"enemies":"Jaw Worm","floor":1,"turns":3},{"damage":3,"enemies":"Small Slimes","floor":3,"turns":4},{"damage":0,"enemies":"Cultist","floor":4,"turns":3},{"damage":1,"enemies":"Gremlin Gang","floor":5,"turns":2},{"damage":15,"enemies":"3 Sentries","floor":7,"turns":6},{"damage":8,"enemies":"Blue Slaver","floor":10,"turns":2},{"damage":15,"enemies":"The Mushroom Lair","floor":13,"turns":3},{"damage":16,"enemies":"Gremlin Nob","floor":14,"turns":3},{"damage":31,"enemies":"The Guardian","floor":16,"turns":2}],"seed_played":"-1770539484927168605","potions_obtained":[{"floor":4,"key":"SpeedPotion"},{"floor":5,"key":"SpeedPotion"},{"floor":13,"key":"Explosive Potion"}],"is_trial":false,"path_per_floor":["M","?","M","M","M","R","E","R","T","M","?","R","?","E","R","B"],"character_chosen":"HIEROPHANT","items_purchased":[],"campfire_rested":1,"item_purchase_floors":[],"current_hp_per_floor":[73,55,52,52,51,51,36,36,36,30,30,52,39,25,25,0,0],"gold":299,"neow_bonus":"TEN_PERCENT_HP_BONUS","is_daily":false,"chose_seed":false,"campfire_upgraded":3,"win_rate":0.0,"timestamp":1612885678,"path_taken":["M","?","M","M","M","R","E","R","T","M","?","R","?","E","R","BOSS"],"items_purchased_type":[],"build_version":"2020-12-22","purchased_purges":0,"victory":false,"max_hp_per_floor":[82,82,82,82,82,82,82,82,82,82,76,76,76,76,76,76,76],"card_choices":[{"not_picked":["hierophant:Prophecy","hierophant:HammerAndAnvil"],"picked":"hierophant:Smite","floor":1},{"not_picked":["hierophant:PassingBell","hierophant:Alms"],"picked":"hierophant:RepressedViolence","floor":3},{"not_picked":["hierophant:OrnateBuckler","hierophant:Zeal"],"picked":"hierophant:Invocation","floor":4},{"not_picked":["hierophant:Dazzle","hierophant:Smite"],"picked":"hierophant:Zeal","floor":5},{"not_picked":["hierophant:Purify","hierophant:Community"],"picked":"hierophant:CursedGold","floor":7},{"not_picked":["hierophant:RecallFunds","hierophant:Exaltation"],"picked":"hierophant:ThreeLashes","floor":10},{"not_picked":["hierophant:Dazzle","hierophant:Patience"],"picked":"hierophant:ConvertCurrency","floor":13},{"not_picked":["hierophant:Anathema","hierophant:Sermon"],"picked":"hierophant:Repentance","floor":14}],"player_experience":3228570,"relics_obtained":[{"floor":7,"key":"Centennial Puzzle"},{"floor":9,"key":"Blood Vial"},{"floor":13,"key":"Odd Mushroom"},{"floor":14,"key":"Darkstone Periapt"}],"event_choices":[{"damage_healed":0,"gold_gain":0,"player_choice":"Success","damage_taken":18,"relics_obtained":["Bronze Scales"],"max_hp_gain":0,"max_hp_loss":0,"event_name":"Scrap Ooze","floor":2,"gold_loss":0},{"damage_healed":0,"gold_gain":0,"player_choice":"Lose Max HP","damage_taken":0,"relics_obtained":["Golden Idol"],"max_hp_gain":0,"max_hp_loss":6,"event_name":"Golden Idol","floor":11,"gold_loss":0},{"damage_healed":0,"gold_gain":0,"player_choice":"Fought Mushrooms","damage_taken":0,"max_hp_gain":0,"max_hp_loss":0,"event_name":"Mushrooms","floor":13,"gold_loss":0}],"is_beta":false,"boss_relics":[],"items_purged_floors":[],"is_endless":false,"potions_floor_spawned":[4,5,13],"killed_by":"The Guardian","ascension_level":14}}