{"host":"hkwcbm4a2xrenbef","time":1612853927,"event":{"mods":["2.2 Compatiblity","Act Like it!","Ascension Reborn","BaseMod","Bestiary","BetterRewards","Challenge The Spire","Colored Map","Colored Powertips","Downfall","Evolution","Googly Eyes","Highlight Path","Infinite Spire","Minty Spire (QoL Compilation)","Quick Restart","Relic Stats","Replay The Spire","Spicy Shops","Spire Arcade","StSLib","Synergy Search","Waifu the Spire"],"gold_per_floor":[114,125,68,276,132,132,132],"floor_reached":6,"language":"ENG","playtime":2586,"items_purged":[],"score":34,"play_id":"2ce31cf5-4b72-4ad8-8c19-356ecac5124c","local_time":"20210209015847","is_ascension_mode":true,"campfire_choices":[],"circlet_count":0,"master_deck":["Sucker Punch","Strike_G","Strike_G","Strike_G","Strike_G","Defend_G","Defend_G","Defend_G","Defend_G","Defend_G","Survivor","Neutralize","Dagger Spray","Terror","Accuracy","Deadly Poison"],"relics":["Ring of the Snake","EVO:Axolotl","Pet Ghost"],"acts_visited":["Exordium"],"potions_floor_usage":[],"damage_taken":[{"damage":0,"enemies":"Jaw Worm","floor":1,"turns":4},{"damage":0,"enemies":"2 Louse","floor":2,"turns":2},{"damage":0,"enemies":"Gremlin Nob","floor":6,"turns":2}],"seed_played":"5490339110896363339","potions_obtained":[],"is_trial":false,"path_per_floor":["M","M","$","?","$","E"],"character_chosen":"THE_SILENT","items_purchased":["Accuracy","Pet Ghost"],"campfire_rested":0,"item_purchase_floors":[3,5],"current_hp_per_floor":[77,77,77,77,77,77,77],"gold":132,"neow_bonus":"TEN_PERCENT_HP_BONUS","is_daily":false,"chose_seed":false,"campfire_upgraded":0,"win_rate":0.0,"timestamp":1612853927,"path_taken":["M","M","$","?","?","E"],"items_purchased_type":["Card","Relic"],"build_version":"2020-12-22","purchased_purges":0,"victory":false,"max_hp_per_floor":[77,77,77,77,77,77,77],"relic_stats":{"counters":[9,26],"obtain_stats":[{"Snake Skull":0,"EVO:Axolotl":0,"Pet Ghost":5,"Ring of the Snake":0},{"Snake Skull":0,"EVO:Axolotl":0,"Pet Ghost":8,"Ring of the Snake":0},{"Snake Skull":0,"EVO:Axolotl":0,"Pet Ghost":24,"Ring of the Snake":0}],"Ring of the Snake":[18]},"card_choices":[{"not_picked":["Hidden Blade","Fluid Movement"],"picked":"Dagger Spray","floor":1},{"not_picked":["Escape Plan","Sucker Punch"],"picked":"Terror","floor":2},{"not_picked":["Dodge and Roll","Quick Slash"],"picked":"Deadly Poison","floor":4}],"player_experience":55188,"relics_obtained":[],"event_choices":[],"is_beta":false,"boss_relics":[],"items_purged_floors":[],"is_endless":false,"potions_floor_spawned":[],"killed_by":"Gremlin Nob","ascension_level":0}}