{"host":"a1eatafr7pisesky","time":1612852029,"event":{"mods":["AchievementEnabler","BaseMod","Colored Map","Keyboard Shortcuts","Minty Spire (QoL Compilation)","Say the Spire","StSLib","SuperFastMode","everything is the same but u backflip on backflip"],"gold_per_floor":[114,114,134,134,284,313,328,328,353,397,397,419,51,51,51,132,132,161,51,71,71,71],"floor_reached":21,"language":"KOR","playtime":314,"items_purged":["Doubt"],"score":382,"play_id":"1a36ae2f-56f9-4af5-9f34-cebb0707d4ad","local_time":"20210209152709","is_ascension_mode":true,"campfire_choices":[{"data":"Perfected Strike","floor":8.0,"key":"SMITH"},{"data":"Armaments","floor":11.0,"key":"SMITH"},{"data":"Inflame","floor":15.0,"key":"SMITH"}],"circlet_count":0,"master_deck":["AscendersBane","Strike_R","Strike_R+1","Strike_R","Defend_R","Defend_R+1","Defend_R+1","Bash+1","Perfected Strike+1","Carnage","Fire Breathing+1","Twin Strike","Armaments+1","Impervious","Inflame+1","Demon Form","Flex","Seeing Red"],"relics":["Burning Blood","NeowsBlessing","War Paint","Bag of Preparation","MealTicket","CeramicFish","Membership Card","Mummified Hand","Empty Cage"],"acts_visited":["Exordium","TheCity"],"potions_floor_usage":[],"damage_taken":[{"damage":0.0,"enemies":"2 Louse","floor":1.0,"turns":1.0},{"damage":0.0,"enemies":"Cultist","floor":3.0,"turns":1.0},{"damage":0.0,"enemies":"Lagavulin","floor":6.0,"turns":1.0},{"damage":0.0,"enemies":"Small Slimes","floor":7.0,"turns":3.0},{"damage":8.0,"enemies":"Gremlin Nob","floor":10.0,"turns":3.0},{"damage":0.0,"enemies":"Exordium Wildlife","floor":12.0,"turns":3.0},{"damage":44.0,"enemies":"Hexaghost","floor":16.0,"turns":7.0},{"damage":14,"enemies":"Shell Parasite","floor":18,"turns":2},{"damage":25,"enemies":"Spheric Guardian","floor":20,"turns":4},{"damage":51,"enemies":"Snecko","floor":21,"turns":5}],"seed_played":"1353933909259823004","potions_obtained":[{"floor":7.0,"key":"PowerPotion"},{"floor":10.0,"key":"LiquidBronze"},{"floor":20,"key":"Fire Potion"}],"is_trial":false,"path_per_floor":["M","?","M","?","?","E","M","R","T","E","R","M","$","?","R","B",null,"M","?","M","M"],"character_chosen":"IRONCLAD","items_purchased":["Membership Card","Mummified Hand","Inflame"],"campfire_rested":0,"item_purchase_floors":[13,13,13],"current_hp_per_floor":[74,74,75,52,52,58,64,64,64,62,62,68,75,80,80,42,71,63,63,44,0,0],"gold":71,"neow_bonus":"THREE_ENEMY_KILL","is_daily":false,"chose_seed":false,"campfire_upgraded":3,"win_rate":0.0,"timestamp":1612852029,"path_taken":["M","?","?","?","?","E","M","R","T","E","R","M","?","?","R","BOSS","M","?","M","M"],"items_purchased_type":["Relic","Relic","Card"],"build_version":"2020-12-22","purchased_purges":1,"victory":false,"max_hp_per_floor":[75,75,75,75,75,75,75,75,75,75,75,75,75,80,80,80,80,80,80,80,80,80],"card_choices":[{"not_picked":["Clash","Combust"],"picked":"Perfected Strike","floor":1.0},{"not_picked":["Intimidate","Warcry"],"picked":"Carnage","floor":3.0},{"not_picked":["Cleave","Infernal Blade"],"picked":"Fire Breathing","floor":6.0},{"not_picked":["Clash","Havoc"],"picked":"Twin Strike","floor":7.0},{"not_picked":["Seeing Red","Body Slam"],"picked":"Armaments","floor":10.0},{"not_picked":["Ghostly Armor","Flame Barrier"],"picked":"Impervious","floor":12.0},{"not_picked":["Impervious","Bludgeon"],"picked":"Demon Form","floor":16.0},{"not_picked":["Heavy Blade","Carnage"],"picked":"Flex","floor":18},{"not_picked":["Flame Barrier+1","Infernal Blade+1"],"picked":"Seeing Red","floor":20}],"player_experience":426926,"relics_obtained":[{"floor":2.0,"key":"War Paint"},{"floor":6.0,"key":"Bag of Preparation"},{"floor":9.0,"key":"MealTicket"},{"floor":10.0,"key":"CeramicFish"}],"event_choices":[{"damage_healed":0.0,"max_hp_gain":0.0,"max_hp_loss":0.0,"gold_gain":0.0,"event_name":"Wheel of Change","player_choice":"Relic","floor":2.0,"gold_loss":0.0,"damage_taken":0.0},{"damage_healed":0.0,"max_hp_gain":0.0,"max_hp_loss":0.0,"gold_gain":0.0,"event_name":"Shining Light","player_choice":"Entered Light","floor":4.0,"gold_loss":0.0,"damage_taken":23.0,"cards_upgraded":["Strike_R","Bash"]},{"damage_healed":0.0,"max_hp_gain":0.0,"max_hp_loss":0.0,"gold_gain":150.0,"event_name":"Liars Game","player_choice":"AGREE","floor":5.0,"gold_loss":0.0,"damage_taken":0.0,"cards_obtained":["Doubt"]},{"damage_healed":0.0,"max_hp_gain":5.0,"max_hp_loss":0.0,"gold_gain":0.0,"event_name":"Big Fish","player_choice":"Donut","floor":14.0,"gold_loss":0.0,"damage_taken":0.0},{"cards_removed":["Strike_R"],"damage_healed":0,"gold_gain":0,"player_choice":"Upgrade and Remove","damage_taken":0,"max_hp_gain":0,"max_hp_loss":0,"event_name":"Designer","floor":19,"gold_loss":110,"cards_upgraded":["Fire Breathing"]}],"is_beta":false,"boss_relics":[{"not_picked":["Calling Bell","Mark of Pain"],"picked":"Empty Cage"}],"items_purged_floors":[13],"is_endless":false,"potions_floor_spawned":[7,10,12,20],"killed_by":"Snecko","ascension_level":16}}