{"host":"x7xd4wkamhrqrrvw","time":1612829926,"event":{"mods":["AchievementEnabler","BaseMod","Minty Spire (QoL Compilation)","Relic Stats","StSLib"],"gold_per_floor":[113,38,53,53,70,98,98,133,133,133,143,160,160,175,175,249,249,266,266,283,283,301,301,319,350,350,364,44,69,69,87,87,166,166,182,196,96,109,109,109,140,154,154,154,154,179,207,257,257,257,257,257,32,61,61],"floor_reached":56,"language":"ENG","playtime":4201,"items_purged":["Bash","Strike_R+1","Strike_R+1"],"score":2264,"play_id":"2249f4c1-8bfe-496b-806e-0b45d96896df","local_time":"20210208221846","is_ascension_mode":true,"campfire_choices":[{"data":"Body Slam","floor":7,"key":"SMITH"},{"data":"Juggernaut","floor":10,"key":"SMITH"},{"data":"True Grit","floor":13,"key":"SMITH"},{"data":"Power Through","floor":15,"key":"SMITH"},{"data":"Burning Pact","floor":23,"key":"SMITH"},{"data":"Disarm","floor":30,"key":"SMITH"},{"data":"Battle Trance","floor":32,"key":"SMITH"},{"data":"Disarm","floor":40,"key":"SMITH"},{"floor":45,"key":"RECALL"},{"data":"Juggernaut","floor":49,"key":"SMITH"},{"floor":52,"key":"REST"}],"circlet_count":0,"master_deck":["AscendersBane","Defend_R+1","Defend_R+1","Defend_R+1","Defend_R+1","Body Slam+1","Power Through+1","Juggernaut+1","Feed+1","Burning Pact+1","Battle Trance+1","True Grit+1","Feel No Pain","Offering","Metallicize","Disarm+1","Offering","Disarm+1","Uppercut+1","Seeing Red","Juggernaut+1","Madness","Sentinel"],"relics":["Burning Blood","Strawberry","Kunai","Blood Vial","Runic Dome","Charon\u0027s Ashes","Lizard Tail","Lee\u0027s Waffle","MealTicket","Runic Pyramid","Vajra","TungstenRod","Ancient Tea Set","Torii","Whetstone"],"acts_visited":["Exordium","TheCity","TheBeyond","TheEnding"],"potions_floor_usage":[6,8,14,16,22,25,31,48,55],"damage_taken":[{"damage":6,"enemies":"2 Louse","floor":1,"turns":3},{"damage":2,"enemies":"Jaw Worm","floor":3,"turns":3},{"damage":8,"enemies":"Cultist","floor":5,"turns":5},{"damage":45,"enemies":"Gremlin Nob","floor":6,"turns":6},{"damage":0,"enemies":"Lagavulin","floor":8,"turns":6},{"damage":9,"enemies":"Red Slaver","floor":11,"turns":6},{"damage":0,"enemies":"Blue Slaver","floor":12,"turns":8},{"damage":29,"enemies":"Exordium Thugs","floor":14,"turns":7},{"damage":29,"enemies":"The Guardian","floor":16,"turns":14},{"damage":6,"enemies":"3 Byrds","floor":18,"turns":4},{"damage":6,"enemies":"Chosen","floor":20,"turns":4},{"damage":6,"enemies":"Sentry and Sphere","floor":22,"turns":4},{"damage":15,"enemies":"Snake Plant","floor":24,"turns":4},{"damage":11,"enemies":"Slavers","floor":25,"turns":4},{"damage":6,"enemies":"Chosen and Byrds","floor":27,"turns":4},{"damage":12,"enemies":"Gremlin Leader","floor":29,"turns":3},{"damage":12,"enemies":"Snecko","floor":31,"turns":5},{"damage":23,"enemies":"Automaton","floor":33,"turns":8},{"damage":6,"enemies":"3 Shapes","floor":35,"turns":3},{"damage":14,"enemies":"Orb Walker","floor":36,"turns":3},{"damage":12,"enemies":"3 Darklings","floor":38,"turns":4},{"damage":24,"enemies":"Giant Head","floor":41,"turns":5},{"damage":27,"enemies":"Sphere and 2 Shapes","floor":42,"turns":4},{"damage":6,"enemies":"Mind Bloom Boss Battle","floor":46,"turns":7},{"damage":19,"enemies":"Nemesis","floor":47,"turns":7},{"damage":12,"enemies":"2 Orb Walkers","floor":48,"turns":3},{"damage":32,"enemies":"Time Eater","floor":50,"turns":5},{"damage":72,"enemies":"Shield and Spear","floor":54,"turns":5},{"damage":68,"enemies":"The Heart","floor":55,"turns":9}],"seed_played":"-2887207506515500748","potions_obtained":[{"floor":5,"key":"Weak Potion"},{"floor":6,"key":"DistilledChaos"},{"floor":11,"key":"Block Potion"},{"floor":12,"key":"EssenceOfSteel"},{"floor":14,"key":"Block Potion"},{"floor":20,"key":"SneckoOil"},{"floor":22,"key":"Energy Potion"},{"floor":27,"key":"AttackPotion"},{"floor":35,"key":"Weak Potion"},{"floor":41,"key":"GamblersBrew"},{"floor":48,"key":"SteroidPotion"}],"is_trial":false,"path_per_floor":["M","?","M","?","M","E","R","E","T","R","M","M","R","M","R","B",null,"M","?","M","?","M","R","M","E","T","M","$","E","R","M","R","B",null,"M","M","$","M","$","R","E","M","T","?","R","?","E","?","R","B",null,"R","$","E","B",null],"character_chosen":"IRONCLAD","items_purchased":["Offering","Lee\u0027s Waffle","Madness"],"campfire_rested":1,"item_purchase_floors":[28,28,53],"current_hp_per_floor":[68,68,72,72,70,38,38,47,47,47,49,60,60,42,42,24,79,84,54,56,56,61,61,54,54,54,56,118,115,115,114,114,102,121,126,123,133,130,136,136,121,105,105,105,105,110,102,101,101,80,136,154,154,88,32],"gold":61,"neow_bonus":"THREE_CARDS","is_daily":false,"chose_seed":false,"campfire_upgraded":9,"win_rate":0.0,"timestamp":1612829926,"path_taken":["M","?","M","?","M","E","R","E","T","R","M","M","R","?","R","BOSS","M","?","M","?","M","R","M","E","T","?","$","E","R","M","R","BOSS","M","M","$","M","?","R","E","M","T","?","R","?","E","?","R","BOSS","R","$","E","BOSS"],"items_purchased_type":["Card","Relic","Card"],"build_version":"2020-12-22","purchased_purges":3,"victory":true,"max_hp_per_floor":[75,75,75,75,75,82,82,85,85,85,88,91,91,94,94,97,97,100,105,105,105,108,108,108,111,111,111,118,121,121,124,124,127,127,130,133,133,136,136,136,139,142,142,142,142,145,148,151,151,154,154,154,154,154,158],"relic_stats":{"Blood Vial":40,"Lizard Tail":0,"Lee\u0027s Waffle":62,"Torii":3,"counters":[29,153],"MealTicket":16,"Charon\u0027s Ashes":[628],"Kunai":[2],"Whetstone":["Feed"],"obtain_stats":[{"Lee\u0027s Waffle":28,"Torii":48,"Vajra":41,"Charon\u0027s Ashes":25,"Whetstone":54,"Ancient Tea Set":47,"Burning Blood":0,"Blood Vial":9,"Runic Dome":17,"Lizard Tail":26,"Strawberry":6,"MealTicket":29,"Kunai":8,"TungstenRod":46,"Runic Pyramid":34},{"Lee\u0027s Waffle":15,"Torii":26,"Vajra":22,"Charon\u0027s Ashes":14,"Whetstone":28,"Ancient Tea Set":25,"Burning Blood":0,"Blood Vial":5,"Runic Dome":9,"Lizard Tail":14,"Strawberry":4,"MealTicket":16,"Kunai":5,"TungstenRod":24,"Runic Pyramid":18},{"Lee\u0027s Waffle":82,"Torii":134,"Vajra":113,"Charon\u0027s Ashes":78,"Whetstone":144,"Ancient Tea Set":131,"Burning Blood":0,"Blood Vial":23,"Runic Dome":58,"Lizard Tail":78,"Strawberry":17,"MealTicket":85,"Kunai":23,"TungstenRod":124,"Runic Pyramid":98}],"Burning Blood":174,"TungstenRod":33},"card_choices":[{"not_picked":["Burning Pact","Havoc"],"picked":"Body Slam","floor":0},{"not_picked":["Perfected Strike","Cleave"],"picked":"Power Through","floor":1},{"not_picked":["Body Slam","Perfected Strike"],"picked":"Juggernaut","floor":3},{"not_picked":["Headbutt","Power Through"],"picked":"Burning Pact","floor":5},{"not_picked":["Pommel Strike","Body Slam","Dark Embrace"],"picked":"SKIP","floor":6},{"not_picked":["Iron Wave","Reckless Charge"],"picked":"Battle Trance","floor":8},{"not_picked":["Searing Blow","Twin Strike"],"picked":"True Grit","floor":11},{"not_picked":["Bloodletting","Twin Strike","Burning Pact"],"picked":"SKIP","floor":12},{"not_picked":["Flex","Thunderclap"],"picked":"Feel No Pain","floor":14},{"not_picked":["Fiend Fire","Demon Form"],"picked":"Offering","floor":16},{"not_picked":["Feel No Pain","Body Slam","Wild Strike+1"],"picked":"SKIP","floor":18},{"not_picked":["Rampage","Cleave","Clash"],"picked":"SKIP","floor":20},{"not_picked":["Heavy Blade","Dark Embrace"],"picked":"Metallicize","floor":22},{"not_picked":["Shrug It Off","Headbutt","Iron Wave"],"picked":"SKIP","floor":24},{"not_picked":["Rupture","Anger"],"picked":"Disarm","floor":25},{"not_picked":["Feel No Pain","Cleave+1","Flex+1"],"picked":"SKIP","floor":27},{"not_picked":["Berserk","Anger","Headbutt"],"picked":"SKIP","floor":29},{"not_picked":["Body Slam+1","Pommel Strike","Flex"],"picked":"SKIP","floor":31},{"not_picked":["Whirlwind+1","Pommel Strike"],"picked":"Disarm","floor":35},{"not_picked":["Sword Boomerang","True Grit"],"picked":"Uppercut+1","floor":36},{"not_picked":["Flex","Anger","Limit Break"],"picked":"SKIP","floor":38},{"not_picked":["Perfected Strike","Intimidate","Combust"],"picked":"SKIP","floor":41},{"not_picked":["Rampage+1","Wild Strike","Infernal Blade"],"picked":"SKIP","floor":42},{"not_picked":["Twin Strike","Evolve"],"picked":"Seeing Red","floor":46},{"not_picked":["Perfected Strike+1","Thunderclap","Rupture+1"],"picked":"SKIP","floor":47},{"not_picked":["Armaments","True Grit"],"picked":"Juggernaut","floor":48},{"not_picked":["Rage","Evolve"],"picked":"Sentinel","floor":54}],"player_experience":445734,"relics_obtained":[{"floor":6,"key":"Strawberry"},{"floor":8,"key":"Kunai"},{"floor":9,"key":"Blood Vial"},{"floor":25,"key":"Charon\u0027s Ashes"},{"floor":26,"key":"Lizard Tail"},{"floor":29,"key":"MealTicket"},{"floor":41,"key":"Vajra"},{"floor":46,"key":"TungstenRod"},{"floor":47,"key":"Ancient Tea Set"},{"floor":48,"key":"Torii"},{"floor":54,"key":"Whetstone"}],"event_choices":[{"cards_removed":["Strike_R"],"damage_healed":0,"gold_gain":0,"player_choice":"Card Removal","damage_taken":0,"max_hp_gain":0,"max_hp_loss":0,"event_name":"The Cleric","floor":2,"gold_loss":75},{"damage_healed":0,"gold_gain":0,"cards_transformed":["Strike_R"],"player_choice":"Transformed","damage_taken":0,"max_hp_gain":0,"max_hp_loss":0,"event_name":"Transmorgrifier","floor":4,"gold_loss":0,"cards_obtained":["Feed"]},{"damage_healed":0,"gold_gain":0,"player_choice":"Shed Blood","damage_taken":35,"max_hp_gain":5,"max_hp_loss":0,"event_name":"Forgotten Altar","floor":19,"gold_loss":0},{"damage_healed":0,"gold_gain":0,"player_choice":"Simplicity","damage_taken":0,"max_hp_gain":0,"max_hp_loss":0,"event_name":"Back to Basics","floor":21,"gold_loss":0,"cards_upgraded":["Strike_R","Strike_R","Strike_R","Defend_R","Defend_R","Defend_R","Defend_R"]},{"cards_removed":["Strike_R"],"damage_healed":0,"gold_gain":0,"player_choice":"Removed Attack","damage_taken":0,"max_hp_gain":0,"max_hp_loss":0,"event_name":"Falling","floor":44,"gold_loss":0},{"damage_healed":0,"gold_gain":0,"player_choice":"Fight","damage_taken":0,"max_hp_gain":0,"max_hp_loss":0,"event_name":"MindBloom","floor":46,"gold_loss":0},{"damage_healed":0,"gold_gain":0,"player_choice":"Fight","damage_taken":0,"max_hp_gain":0,"max_hp_loss":0,"event_name":"Mysterious Sphere","floor":48,"gold_loss":0}],"is_beta":false,"boss_relics":[{"not_picked":["Fusion Hammer","Astrolabe"],"picked":"Runic Dome"},{"not_picked":["Pandora\u0027s Box","Velvet Choker"],"picked":"Runic Pyramid"}],"items_purged_floors":[28,37,53],"is_endless":false,"potions_floor_spawned":[5,6,11,12,14,20,22,27,35,41,42,48],"ascension_level":19}}