{"host":"avfk0uqadyfnr875","time":1612839568,"event":{"mods":["2.2 Compatiblity","Act Like it!","BaseMod","Chen","Colored Powertips","Downfall","Gensokyo","Koishi","KomeijiMod","Marisa£®ÏF”Í°°ƒß¿Ì…≥£©","Minty Spire (QoL Compilation)","Pale of the Ancients","Quick Restart","READ ME - Guardian Mod","Reimu£®≤©¿ˆ¡È√Œ£©","Shop Mod","StSLib"],"gold_per_floor":[99,114,125,137,122,136,136,136,163,173,184,197,197,208,223,328,328,228,246,246,263,263,10,10,20,20,57,86,103,113,113,128,227,227,227,227,242,242,142,142,142,156,156,176,187,187,219,62,72,72],"floor_reached":51,"language":"ZHS","playtime":3071,"items_purged":["Writhe","champ:Defend"],"score":780,"play_id":"57e76c4f-c544-463e-9faf-52a7823937d2","local_time":"20210209105928","is_ascension_mode":false,"campfire_choices":[{"data":"champ:Taunt","floor":1.0,"key":"SMITH"},{"data":"champ:UltimateStance","floor":18.0,"key":"SMITH"},{"data":"champ:Improvising","floor":26.0,"key":"SMITH"},{"data":"expansioncontent:StudyTheSpire","floor":35.0,"key":"SMITH"},{"data":"expansioncontent:InvincibleStrength","floor":43.0,"key":"SMITH"}],"circlet_count":0,"master_deck":["champ:Strike","champ:Strike","champ:Strike","champ:Strike","champ:Defend","champ:Defend","champ:Defend","champ:Execute","champ:Taunt+1","champ:PerfectedStrike","champ:StanceDance","champ:Haymaker","champ:RisingSlash","champ:UltimateStance+1","champ:AdrenalArmor","champ:PerfectedStrike","champ:TornadoPunch","champ:ArenaPreparation","champ:TripleStrike","champ:Backstep+1","Necronomicurse","champ:Endure","champ:Improvising+1","champ:DeathBlow+1","champ:PerfectedStrike+1","expansioncontent:StudyTheSpire+1","champ:CalledShot+1","champ:StanceDance+1","champ:MurderStrike+1","expansioncontent:AwakenDeath","expansioncontent:InvincibleStrength+1","expansioncontent:PolyBeam+1","Doubt","champ:StanceDance+1","Wraith","champ:PreemptiveStrike+1","champ:TripleStrike+1"],"relics":["champ:ChampionCrown","Mastiff:ReiMu","Cursed Key","downfall:HeartBlessingGreen","Necronomicon","Molten Egg 2","Happy Flower","Regal Pillow","SlaversCollar","Kunai","Art of War"],"acts_visited":["Exordium","TheCity","TheBeyond"],"potions_floor_usage":[50,50,50],"damage_taken":[{"damage":23.0,"enemies":"Jaw Worm","floor":2.0,"turns":5.0},{"damage":11.0,"enemies":"2 Louse","floor":3.0,"turns":3.0},{"damage":10.0,"enemies":"Cultist","floor":4.0,"turns":4.0},{"damage":30.0,"enemies":"downfall:FleeingMerchant","floor":5.0,"turns":4.0},{"damage":27.0,"enemies":"Exordium Wildlife","floor":6.0,"turns":5.0},{"damage":30.0,"enemies":"Gremlin Nob","floor":9.0,"turns":4.0},{"damage":34.0,"enemies":"Lots of Slimes","floor":10.0,"turns":5.0},{"damage":6.0,"enemies":"2 Fungi Beasts","floor":11.0,"turns":2.0},{"damage":31.0,"enemies":"Exordium Wildlife","floor":12.0,"turns":3.0},{"damage":17.0,"enemies":"3 Louse","floor":14.0,"turns":4.0},{"damage":40.0,"enemies":"Large Slime","floor":15.0,"turns":4.0},{"damage":59.0,"enemies":"IC_STATUS_ARCHETYPE","floor":16.0,"turns":6.0},{"damage":25.0,"enemies":"Chosen","floor":19.0,"turns":3.0},{"damage":20.0,"enemies":"Spheric Guardian","floor":21.0,"turns":2.0},{"damage":30.0,"enemies":"downfall:FleeingMerchant","floor":23.0,"turns":4.0},{"damage":45.0,"enemies":"Snecko","floor":25.0,"turns":2.0},{"damage":73.0,"enemies":"downfall:FleeingMerchant","floor":27.0,"turns":4.0},{"damage":27.0,"enemies":"Book of Stabbing","floor":28.0,"turns":3.0},{"damage":15.0,"enemies":"Sentry and Sphere","floor":29.0,"turns":3.0},{"damage":39.0,"enemies":"Snake Plant","floor":30.0,"turns":3.0},{"damage":10.0,"enemies":"Snecko","floor":32.0,"turns":4.0},{"damage":58.0,"enemies":"WA_ARCHETYPE_CALM","floor":33.0,"turns":5.0},{"damage":26.0,"enemies":"Orb Walker","floor":37.0,"turns":3.0},{"damage":38.0,"enemies":"3 Darklings","floor":42.0,"turns":5.0},{"damage":20.0,"enemies":"Writhing Mass","floor":44.0,"turns":3.0},{"damage":35.0,"enemies":"Transient","floor":45.0,"turns":5.0},{"damage":28.0,"enemies":"Giant Head","floor":47.0,"turns":6.0},{"damage":55.0,"enemies":"3 Darklings","floor":49.0,"turns":4.0},{"damage":61,"enemies":"SI_POISON_ARCHETYPE","floor":50,"turns":5}],"seed_played":"7407351109431839357","potions_obtained":[{"floor":9.0,"key":"Fire Potion"},{"floor":10.0,"key":"SkillPotion"},{"floor":11.0,"key":"Regen Potion"},{"floor":15.0,"key":"BlessingOfTheForge"},{"floor":16.0,"key":"AttackPotion"},{"floor":22.0,"key":"CultistPotion"},{"floor":33.0,"key":"Fire Potion"},{"floor":36.0,"key":"Fire Potion"},{"floor":42.0,"key":"SteroidPotion"},{"floor":45.0,"key":"FearPotion"},{"floor":47.0,"key":"BlessingOfTheForge"}],"is_trial":false,"path_per_floor":["R","M","M","M","$","M","T","?","E","M","M","M","?","M","M","B",null,"R","M","?","M","?","$","T","M","R","$","E","M","M","?","M","B",null,"R","?","M","?","$","?","T","M","R","M","M","?","E","$","M","B",null],"character_chosen":"THE_CHAMP","items_purchased":["Molten Egg 2","champ:PerfectedStrike+1","expansioncontent:StudyTheSpire","champ:TripleStrike+1"],"campfire_rested":0,"item_purchase_floors":[23,27,27,48],"current_hp_per_floor":[99,96,95,95,85,68,68,73,48,39,38,32,47,45,25,8,104,104,104,88,88,88,88,88,88,88,80,53,53,44,44,44,37,104,104,104,88,88,88,78,78,75,75,75,75,75,67,67,67,46],"gold":72,"neow_bonus":"TEN_PERCENT_HP_BONUS","is_daily":false,"chose_seed":false,"campfire_upgraded":5,"win_rate":0.0,"timestamp":1612839568,"path_taken":["R","M","M","M","$","M","T","?","E","M","M","M","?","M","M","BOSS","R","M","?","M","?","$","T","M","R","?","E","?","M","?","M","BOSS","R","?","?","?","$","?","T","M","R","M","M","?","E","?","M","BOSS"],"items_purchased_type":["Relic","Card","Card","Card"],"build_version":"2020-12-22","purchased_purges":2,"victory":true,"max_hp_per_floor":[99,99,99,99,99,99,99,104,104,104,104,104,104,104,104,104,104,104,104,104,104,104,104,104,104,104,104,104,104,104,104,104,104,104,104,104,104,104,104,104,104,104,104,104,104,104,104,104,104,104],"card_choices":[{"not_picked":["champ:TornadoPunch","champ:BringItOn"],"picked":"champ:PerfectedStrike","floor":2.0},{"not_picked":["champ:AdrenalArmor","champ:PreciseThrust"],"picked":"champ:StanceDance","floor":3.0},{"not_picked":["champ:Backstep","champ:FlashCut"],"picked":"champ:Haymaker","floor":4.0},{"not_picked":["champ:Encircle","champ:SkillfulDodge","champ:HeartStrike"],"picked":"SKIP","floor":5.0},{"not_picked":["champ:GutPunch","champ:FlashCut"],"picked":"champ:RisingSlash","floor":6.0},{"not_picked":["champ:CrownThrow","champ:VampiricStrike"],"picked":"champ:UltimateStance","floor":9.0},{"not_picked":["champ:BladeFlurry","champ:TornadoPunch"],"picked":"champ:FanOfKnives","floor":10.0},{"not_picked":["champ:Shatter","champ:DefensiveShout"],"picked":"champ:AdrenalArmor","floor":11.0},{"not_picked":["champ:DeathBlow","champ:BerserkersShout"],"picked":"champ:PerfectedStrike","floor":12.0},{"not_picked":["champ:BringItOn","champ:BerserkersShout"],"picked":"champ:TornadoPunch","floor":14.0},{"not_picked":["champ:FalseCounter","champ:Haymaker"],"picked":"champ:ArenaPreparation","floor":15.0},{"not_picked":["champ:MurderStrike","champ:DancingMaster"],"picked":"champ:TripleStrike","floor":16.0},{"not_picked":["champ:StanceDance","champ:FanOfKnives"],"picked":"champ:Backstep+1","floor":19.0},{"not_picked":["champ:ShieldWall","champ:PreciseThrust"],"picked":"champ:Endure","floor":21.0},{"not_picked":["champ:FocusedBerserking","champ:GladiatorStyle"],"picked":"champ:Improvising","floor":23.0},{"not_picked":["champ:GutPunch+1","champ:Shatter+1"],"picked":"champ:DeathBlow+1","floor":25.0},{"not_picked":["champ:Backstep+1","champ:GutPunch+1","champ:FalseCounter"],"picked":"SKIP","floor":27.0},{"not_picked":["champ:FlashCut+1","champ:HoldFirm"],"picked":"champ:CalledShot+1","floor":28.0},{"not_picked":["champ:Haymaker+1","champ:FocusedBerserking","champ:EnGarde"],"picked":"SKIP","floor":29.0},{"not_picked":["champ:StanceDance+1","champ:FaceSlap+1"],"picked":"champ:FlashCut+1","floor":30.0},{"not_picked":["champ:EnGarde","champ:IronFortress+1"],"picked":"champ:StanceDance+1","floor":32.0},{"not_picked":["champ:TripleStrike+1","champ:SwordThrow+1"],"picked":"champ:MurderStrike+1","floor":33.0},{"not_picked":["champ:EnGarde","champ:DefensiveShout+1","champ:CrownThrow+1"],"picked":"SKIP","floor":37.0},{"not_picked":["expansioncontent:PolyBeam","expansioncontent:HyperBeam"],"picked":"expansioncontent:AwakenDeath","floor":40.0},{"not_picked":["expansioncontent:YouAreMine","expansioncontent:Hexaburn"],"picked":"expansioncontent:InvincibleStrength","floor":40.0},{"not_picked":["expansioncontent:InvincibleStrength","expansioncontent:GuardianWhirl"],"picked":"expansioncontent:PolyBeam","floor":40.0},{"not_picked":["champ:SwordThrow+1","champ:StanceDance","champ:DefensiveShout"],"picked":"SKIP","floor":42.0},{"not_picked":["champ:CrownThrow+1","champ:DefensiveShout","champ:TornadoPunch+1"],"picked":"SKIP","floor":44.0},{"not_picked":["champ:FaceSlap+1","champ:GutPunch+1"],"picked":"champ:StanceDance+1","floor":45.0},{"not_picked":["champ:BladeFlurry+1","champ:HeartStrike+1"],"picked":"champ:PreemptiveStrike+1","floor":47.0},{"not_picked":["champ:TornadoPunch+1","champ:EnragedBash+1","champ:ShieldSlam+1"],"picked":"SKIP","floor":49.0}],"player_experience":339000,"relics_obtained":[{"floor":9.0,"key":"Mastiff:ReiMu"},{"floor":20.0,"key":"Necronomicon"},{"floor":24.0,"key":"Happy Flower"},{"floor":28.0,"key":"Regal Pillow"},{"floor":41.0,"key":"Kunai"},{"floor":47.0,"key":"Art of War"}],"event_choices":[{"damage_healed":0.0,"max_hp_gain":5.0,"max_hp_loss":0.0,"gold_gain":0.0,"event_name":"Big Fish","player_choice":"Donut","floor":8.0,"gold_loss":0.0,"damage_taken":0.0},{"damage_healed":0.0,"max_hp_gain":0.0,"max_hp_loss":0.0,"gold_gain":0.0,"event_name":"Lab","player_choice":"Got Potions","floor":36.0,"gold_loss":0.0,"damage_taken":0.0},{"cards_removed":["champ:FlashCut"],"damage_healed":0.0,"max_hp_gain":0.0,"max_hp_loss":0.0,"gold_gain":0.0,"event_name":"Falling","player_choice":"Removed Attack","floor":38.0,"gold_loss":0.0,"damage_taken":0.0},{"damage_healed":0.0,"max_hp_gain":0.0,"max_hp_loss":0.0,"gold_gain":0.0,"event_name":"OrinTheCat","player_choice":"Ignored","floor":46.0,"gold_loss":0.0,"damage_taken":0.0}],"is_beta":false,"boss_relics":[{"not_picked":["Busted Crown","Fusion Hammer"],"picked":"Cursed Key"},{"not_picked":["Empty Cage","Runic Pyramid"],"picked":"SlaversCollar"}],"items_purged_floors":[27,39],"is_endless":false,"potions_floor_spawned":[9,10,11,12,14,15,16,25,28,29,30,33,42,45,47],"ascension_level":0}}