{"host":"bgyhjzqafgkxdxsh","time":1612857271,"event":{"mods":["BaseMod","Colored Map","Minty Spire (QoL Compilation)","Relic Stats","StSLib","everything is the same but u backflip on backflip"],"gold_per_floor":[118,137,155,105,105,131,131,151,151,151,151],"floor_reached":10,"language":"ENG","playtime":414,"items_purged":[],"score":112,"play_id":"78e08c4f-ddd7-4384-ae95-0163306892e3","local_time":"20210209175431","is_ascension_mode":true,"campfire_choices":[{"data":"Footwork","floor":7,"key":"SMITH"}],"circlet_count":0,"master_deck":["AscendersBane","Strike_G","Strike_G","Strike_G","Strike_G","Defend_G","Defend_G","Defend_G","Defend_G","Survivor","Neutralize","Storm of Steel","Dagger Spray","Dash","Dodge and Roll","Footwork+1","All Out Attack"],"relics":["Ring of the Snake","Strawberry","Bottled Lightning"],"acts_visited":["Exordium"],"potions_floor_usage":[6,10,10],"damage_taken":[{"damage":1,"enemies":"Small Slimes","floor":1,"turns":5},{"damage":1,"enemies":"2 Louse","floor":2,"turns":2},{"damage":2,"enemies":"Jaw Worm","floor":3,"turns":2},{"damage":45,"enemies":"Lagavulin","floor":6,"turns":9},{"damage":3,"enemies":"Blue Slaver","floor":8,"turns":5},{"damage":23,"enemies":"Gremlin Nob","floor":10,"turns":5}],"seed_played":"2598239301845292030","potions_obtained":[{"floor":2,"key":"Block Potion"},{"floor":6,"key":"SneckoOil"},{"floor":8,"key":"ColorlessPotion"}],"is_trial":false,"path_per_floor":["M","M","M","?","?","E","R","M","T","E"],"character_chosen":"THE_SILENT","items_purchased":[],"campfire_rested":0,"item_purchase_floors":[],"current_hp_per_floor":[62,61,59,59,64,26,26,23,23,0,0],"gold":151,"neow_bonus":"TRANSFORM_CARD","is_daily":false,"chose_seed":false,"campfire_upgraded":1,"win_rate":0.0,"timestamp":1612857271,"path_taken":["M","M","M","?","?","E","R","?","T","E"],"items_purchased_type":[],"build_version":"2020-12-22","purchased_purges":0,"victory":false,"max_hp_per_floor":[70,70,70,70,75,82,82,82,82,82,82],"relic_stats":{"counters":[6,28],"obtain_stats":[{"Strawberry":6,"Bottled Lightning":9,"Ring of the Snake":0},{"Strawberry":4,"Bottled Lightning":5,"Ring of the Snake":0},{"Strawberry":18,"Bottled Lightning":23,"Ring of the Snake":0}],"Ring of the Snake":[12]},"card_choices":[{"not_picked":["Flying Knee","Backflip"],"picked":"Dagger Spray","floor":1},{"not_picked":["Bane","Dodge and Roll"],"picked":"Dash","floor":2},{"not_picked":["Acrobatics","Deflect"],"picked":"Dodge and Roll","floor":3},{"not_picked":["Doppelganger","Underhanded Strike"],"picked":"Footwork","floor":6},{"not_picked":["Deadly Poison","Dagger Throw"],"picked":"All Out Attack","floor":8}],"player_experience":487466,"relics_obtained":[{"floor":6,"key":"Strawberry"},{"floor":9,"key":"Bottled Lightning"}],"event_choices":[{"cards_removed":["Strike_G"],"damage_healed":0,"gold_gain":0,"player_choice":"Card Removal","damage_taken":0,"max_hp_gain":0,"max_hp_loss":0,"event_name":"The Cleric","floor":4,"gold_loss":50},{"damage_healed":0,"gold_gain":0,"player_choice":"Donut","damage_taken":0,"max_hp_gain":5,"max_hp_loss":0,"event_name":"Big Fish","floor":5,"gold_loss":0}],"is_beta":false,"boss_relics":[],"items_purged_floors":[],"is_endless":false,"potions_floor_spawned":[2,6,8],"killed_by":"Gremlin Nob","ascension_level":13}}