{"host":"xp27heuvanyklt0b","time":1612853417,"event":{"mods":["100% Spire Juice","BaseMod","CapriCore","Koishi","Lobotomy","Minty Spire (QoL Compilation)","Prisma Mod","StSLib","The Immortal"],"gold_per_floor":[119,138,152,168,168,168,168],"floor_reached":6,"language":"KOR","playtime":202,"items_purged":[],"score":38,"play_id":"60499119-3093-494e-8814-61360f6eb034","local_time":"20210209155017","is_ascension_mode":false,"campfire_choices":[],"circlet_count":0,"master_deck":["Strike_R","Strike_R","Strike_R","Strike_R","Strike_R","Defend_R","Defend_R","Defend_R","Defend_R","Bash","Heavy Blade","Scorched","Heavy Blade","MHz","Anger+1","Wellcheers","Clash","FairyFestival"],"relics":["Burning Blood","CogitoBucket"],"acts_visited":["Exordium"],"potions_floor_usage":[],"damage_taken":[{"damage":3,"enemies":"2 Louse","floor":1,"turns":4},{"damage":0,"enemies":"Small Slimes","floor":2,"turns":2},{"damage":6,"enemies":"Jaw Worm","floor":3,"turns":3},{"damage":8,"enemies":"Red Slaver","floor":4,"turns":3},{"damage":81,"enemies":"Lagavulin","floor":6,"turns":6}],"seed_played":"-2014197987474567997","potions_obtained":[{"floor":1,"key":"EssenceOfSteel"},{"floor":4,"key":"Strength Potion"}],"is_trial":false,"path_per_floor":["M","M","M","M","?","E"],"character_chosen":"IRONCLAD","items_purchased":[],"campfire_rested":0,"item_purchase_floors":[],"current_hp_per_floor":[80,80,80,78,78,0,0],"gold":168,"neow_bonus":"","is_daily":false,"chose_seed":false,"campfire_upgraded":0,"win_rate":0.0,"timestamp":1612853417,"path_taken":["M","M","M","M","?","E"],"items_purchased_type":[],"build_version":"2020-12-22","purchased_purges":0,"victory":false,"max_hp_per_floor":[80,80,80,80,80,80,80],"card_choices":[{"not_picked":["Second Wind","Clothesline"],"picked":"Heavy Blade","floor":1},{"not_picked":["SnowQueen","RedShoes"],"picked":"Scorched","floor":1},{"not_picked":["Clash","Wild Strike"],"picked":"Heavy Blade","floor":2},{"not_picked":["CrumblingArmor","SpiderBud"],"picked":"MHz","floor":2},{"not_picked":["True Grit","Sentinel"],"picked":"Anger","floor":3},{"not_picked":["RedShoes","Murderer"],"picked":"Wellcheers","floor":3},{"not_picked":["Heavy Blade","Sword Boomerang"],"picked":"Clash","floor":4},{"not_picked":["OldLady","VoidDream"],"picked":"FairyFestival","floor":4}],"player_experience":186006,"relics_obtained":[],"event_choices":[{"damage_healed":0,"gold_gain":0,"player_choice":"Grow","damage_taken":0,"max_hp_gain":0,"max_hp_loss":0,"event_name":"Living Wall","floor":5,"gold_loss":0,"cards_upgraded":["Anger"]}],"is_beta":false,"boss_relics":[],"items_purged_floors":[],"is_endless":false,"potions_floor_spawned":[1,4],"killed_by":"Lagavulin","ascension_level":0}}