{"host":"51f0ad793vly1w6u","time":1612868694,"event":{"mods":["BaseMod","Colored Map","DeckTracker","Minty Spire (QoL Compilation)","Replay The Spire","StSLib","SuperFastMode"],"gold_per_floor":[20,39,39,58,71,103,117,117,169,194,194,206,206,56,56,152,152,162,182,182,182,200,234,234,234,288,288,360,275,286,317,317,420,420,432,482,482,496,496,516,516,529,599,599,169,182,202,233,233,233,233,233,34,65,65],"floor_reached":56,"language":"KOR","playtime":959,"items_purged":["Strike_G","ReplayTheSpireMod:The Works","Strike_G+1"],"score":1674,"play_id":"19ccb1cd-a389-4e62-aefe-de8760abb8d3","local_time":"20210209200454","is_ascension_mode":true,"campfire_choices":[{"floor":8.0,"key":"REST"},{"floor":11.0,"key":"REST"},{"data":"Phantasmal Killer","floor":13.0,"key":"SMITH"},{"data":"Accuracy","floor":15.0,"key":"SMITH"},{"data":"Cloak And Dagger","floor":27.0,"key":"SMITH"},{"data":"Accuracy","floor":32.0,"key":"SMITH"},{"data":"Accuracy","floor":49,"key":"SMITH"},{"data":"Burst","floor":52,"key":"SMITH"}],"circlet_count":0,"master_deck":["Strike_G+1","Strike_G+1","Defend_G+1","Defend_G+1","Defend_G+1","Defend_G+1","Defend_G+1","Survivor","Neutralize","Dagger Spray","Quick Slash","PiercingWail","Phantasmal Killer+1","Blade Dance","Terror","Accuracy+1","Burst+1","Blade Dance+1","Cloak And Dagger+1","Accuracy+1","Leg Sweep+1","Dodge and Roll+1","Blade Dance+1","Accuracy+1","Sneak Up+1","Accuracy"],"relics":["Ring of the Snake","Bird Faced Urn","InkBottle","Replay:Mystery Machine","Garlic","Painkiller Herb","Juzu Bracelet","Potion Belt","Pantograph","HornCleat","ReplayTheSpireMod:DimensionalGlitch","Vampiric Spirits","Iron Hammer","Membership Card","Replay:Bottled Flurry","Orichalcum","Anchor","Bag of Preparation","Nunchaku"],"acts_visited":["Exordium","TheCity","TheBeyond","TheEnding"],"potions_floor_usage":[55,55,55,55,55],"damage_taken":[{"damage":0.0,"enemies":"Cultist","floor":1.0,"turns":4.0},{"damage":0.0,"enemies":"2 Louse","floor":2.0,"turns":3.0},{"damage":1.0,"enemies":"Small Slimes","floor":4.0,"turns":3.0},{"damage":0.0,"enemies":"Exordium Wildlife","floor":5.0,"turns":2.0},{"damage":41.0,"enemies":"Lagavulin","floor":6.0,"turns":8.0},{"damage":2.0,"enemies":"2 Fungi Beasts","floor":7.0,"turns":4.0},{"damage":30.0,"enemies":"Gremlin Nob","floor":10.0,"turns":4.0},{"damage":0.0,"enemies":"Large Slime","floor":12.0,"turns":3.0},{"damage":6.0,"enemies":"Hexaghost","floor":16.0,"turns":5.0},{"damage":6.0,"enemies":"Chosen","floor":18.0,"turns":5.0},{"damage":2.0,"enemies":"Spheric Guardian","floor":19.0,"turns":3.0},{"damage":0.0,"enemies":"3 Cultists","floor":22.0,"turns":3.0},{"damage":6.0,"enemies":"Book of Stabbing","floor":23.0,"turns":3.0},{"damage":0.0,"enemies":"Snake Plant","floor":30.0,"turns":3.0},{"damage":0.0,"enemies":"Gremlin Leader","floor":31.0,"turns":2.0},{"damage":0.0,"enemies":"Collector","floor":33.0,"turns":3.0},{"damage":0.0,"enemies":"Orb Walker","floor":35.0,"turns":2.0},{"damage":0.0,"enemies":"Mind Bloom Boss Battle","floor":36.0,"turns":4.0},{"damage":0.0,"enemies":"3 Shapes","floor":37.0,"turns":1.0},{"damage":0.0,"enemies":"Maw","floor":38.0,"turns":6.0},{"damage":6.0,"enemies":"Transient","floor":40.0,"turns":5.0},{"damage":0,"enemies":"Jaw Worm Horde","floor":42,"turns":2},{"damage":0,"enemies":"Spire Growth","floor":46,"turns":3},{"damage":0,"enemies":"Maw","floor":47,"turns":3},{"damage":0,"enemies":"Reptomancer","floor":48,"turns":1},{"damage":0,"enemies":"Awakened One","floor":50,"turns":6},{"damage":0,"enemies":"Shield and Spear","floor":54,"turns":3},{"damage":65,"enemies":"The Heart","floor":55,"turns":6}],"seed_played":"9091685526252205729","potions_obtained":[{"floor":1.0,"key":"LifebloodPotion"},{"floor":6.0,"key":"FearPotion"},{"floor":7.0,"key":"CultistPotion"},{"floor":16.0,"key":"LifebloodPotion"},{"floor":19.0,"key":"FearPotion"},{"floor":23.0,"key":"SmokeBomb"},{"floor":28.0,"key":"Block Potion"},{"floor":28.0,"key":"GamblersBrew"},{"floor":28.0,"key":"SpeedPotion"},{"floor":30.0,"key":"SteroidPotion"},{"floor":36.0,"key":"PowerPotion"},{"floor":40.0,"key":"LifebloodPotion"}],"is_trial":false,"path_per_floor":["M","M","$","M","M","E","M","R","T","E","R","M","R","$","R","B",null,"?","?","?","?","?","E","?","?","T","T","?","?","?","E","T","B",null,"?","?","?","?","?","?","?","?","T","?","T","?","?","E","T","B",null,"T","T","E","B",null],"character_chosen":"THE_SILENT","items_purchased":["Accuracy","Membership Card","Accuracy","Replay:Bottled Flurry","Orichalcum","Bag of Preparation","Accuracy","PowerPotion"],"campfire_rested":2,"item_purchase_floors":[14,45,45,45,45,53,53,53],"current_hp_per_floor":[70,70,70,69,69,28,26,47,47,17,38,38,38,38,38,34,61,57,55,55,55,57,53,53,53,53,53,53,53,57,59,59,70,70,70,70,70,70,70,64,64,70,70,70,70,70,70,70,70,70,70,70,70,70,6],"gold":65,"neow_bonus":"ONE_RARE_RELIC","is_daily":false,"chose_seed":false,"campfire_upgraded":6,"win_rate":0.0,"timestamp":1612868694,"path_taken":["M","M","?","M","M","E","M","R","T","E","R","?","R","?","R","BOSS","?","?","?","?","?","E","?","?","T","T","?","?","?","E","T","BOSS","?","?","?","?","?","?","?","?","T","?","?","?","?","E","T","BOSS","T","T","E","BOSS"],"items_purchased_type":["Card","Relic","Card","Relic","Relic","Relic","Card","Potion"],"build_version":"2020-12-22","purchased_purges":3,"victory":true,"max_hp_per_floor":[70,70,70,70,70,70,70,70,70,70,70,70,70,70,70,70,70,70,70,70,70,70,70,70,70,70,70,70,70,70,70,70,70,70,70,70,70,70,70,70,70,70,70,70,70,70,70,70,70,70,70,70,70,70,70],"card_choices":[{"not_picked":["Toxin Wave","Deadly Poison"],"picked":"Dagger Spray","floor":1.0},{"not_picked":["Leg Sweep","Reflex"],"picked":"Quick Slash","floor":2.0},{"not_picked":["Footwork","Cloak And Dagger"],"picked":"Deadly Poison","floor":4.0},{"not_picked":["Flying Knee","Outmaneuver"],"picked":"PiercingWail","floor":5.0},{"not_picked":["Underhanded Strike","Deflect","Backflip"],"picked":"SKIP","floor":6.0},{"not_picked":["Acrobatics","ReplayTheSpireMod:The Works"],"picked":"Phantasmal Killer","floor":7.0},{"not_picked":["Dodge and Roll","Backflip"],"picked":"Blade Dance","floor":10.0},{"not_picked":["Dagger Spray","Riddle With Holes"],"picked":"Terror","floor":12.0},{"not_picked":["ReplayTheSpireMod:Necrosis","Malaise"],"picked":"Burst","floor":16.0},{"not_picked":["Flying Knee","Outmaneuver+1"],"picked":"Blade Dance+1","floor":18.0},{"not_picked":["Well Laid Plans","Sneak Up","Hidden Blade"],"picked":"SKIP","floor":19.0},{"not_picked":["Dash","Noxious Fumes"],"picked":"Cloak And Dagger","floor":22.0},{"not_picked":["Backflip","Leg Sweep","Bane"],"picked":"SKIP","floor":23.0},{"not_picked":["ReplayTheSpireMod:The Works+1","Caltrops"],"picked":"Accuracy","floor":28.0},{"not_picked":["PiercingWail","Blade Dance","Outmaneuver"],"picked":"SKIP","floor":30.0},{"not_picked":["Backflip","Deadly Poison+1","Flying Knee"],"picked":"SKIP","floor":31.0},{"not_picked":["Crippling Poison+1","Dodge and Roll"],"picked":"Leg Sweep+1","floor":35.0},{"not_picked":["Prepared+1","Escape Plan"],"picked":"Dodge and Roll+1","floor":36.0},{"not_picked":["Sucker Punch","Backflip","Caltrops+1"],"picked":"SKIP","floor":38.0},{"not_picked":["Sneak Up+1","Dodge and Roll"],"picked":"Blade Dance+1","floor":40.0},{"not_picked":["Skewer+1","Quick Slash","Prepared+1"],"picked":"SKIP","floor":42},{"not_picked":["Underhanded Strike+1","Flying Knee+1"],"picked":"Sneak Up+1","floor":46},{"not_picked":["All Out Attack","Concentrate+1","ReplayTheSpireMod:Speed Training"],"picked":"SKIP","floor":47},{"not_picked":["Blade Dance","Slice","Acrobatics"],"picked":"SKIP","floor":48},{"not_picked":["Well Laid Plans","Quick Slash","Tools of the Trade"],"picked":"SKIP","floor":54}],"player_experience":1454506,"relics_obtained":[{"floor":6.0,"key":"InkBottle"},{"floor":9.0,"key":"Replay:Mystery Machine"},{"floor":10.0,"key":"Garlic"},{"floor":23.0,"key":"Juzu Bracelet"},{"floor":26.0,"key":"Potion Belt"},{"floor":31.0,"key":"HornCleat"},{"floor":36.0,"key":"Vampiric Spirits"},{"floor":43,"key":"Iron Hammer"},{"floor":48,"key":"Anchor"},{"floor":54,"key":"Nunchaku"}],"event_choices":[{"damage_healed":0.0,"max_hp_gain":0.0,"max_hp_loss":0.0,"gold_gain":0.0,"event_name":"Ghosts","player_choice":"Ignored","floor":20.0,"gold_loss":0.0,"damage_taken":0.0},{"damage_healed":0.0,"max_hp_gain":0.0,"max_hp_loss":0.0,"gold_gain":0.0,"cards_transformed":["Deadly Poison","Strike_G"],"event_name":"Drug Dealer","player_choice":"Became Test Subject","floor":21.0,"gold_loss":0.0,"damage_taken":0.0,"cards_obtained":["Bane","ReplayTheSpireMod:The Works"]},{"damage_healed":0.0,"max_hp_gain":0.0,"max_hp_loss":0.0,"gold_gain":0.0,"event_name":"Back to Basics","player_choice":"Simplicity","floor":24.0,"gold_loss":0.0,"damage_taken":0.0,"cards_upgraded":["Strike_G","Strike_G","Strike_G","Defend_G","Defend_G","Defend_G","Defend_G","Defend_G"]},{"damage_healed":0.0,"max_hp_gain":0.0,"max_hp_loss":0.0,"gold_gain":0.0,"event_name":"Addict","player_choice":"Obtained Relic","floor":29.0,"gold_loss":85.0,"damage_taken":0.0,"relics_obtained":["Pantograph"]},{"damage_healed":0.0,"max_hp_gain":0.0,"max_hp_loss":0.0,"gold_gain":0.0,"event_name":"MindBloom","player_choice":"Fight","floor":36.0,"gold_loss":0.0,"damage_taken":0.0},{"cards_removed":["Bane"],"damage_healed":0.0,"max_hp_gain":0.0,"max_hp_loss":0.0,"gold_gain":0.0,"event_name":"Falling","player_choice":"Removed Attack","floor":39.0,"gold_loss":0.0,"damage_taken":0.0},{"damage_healed":0,"gold_gain":0,"player_choice":"Memory 1","damage_taken":0,"max_hp_gain":0,"max_hp_loss":0,"event_name":"SensoryStone","floor":41,"gold_loss":0},{"damage_healed":0,"gold_gain":0,"player_choice":"Ignored","damage_taken":0,"max_hp_gain":0,"max_hp_loss":0,"event_name":"Tomb of Lord Red Mask","floor":44,"gold_loss":0}],"is_beta":false,"boss_relics":[{"not_picked":["Busted Crown","Snecko Eye"],"picked":"Painkiller Herb"},{"not_picked":["SlaversCollar","Black Star"],"picked":"ReplayTheSpireMod:DimensionalGlitch"}],"items_purged_floors":[14,45,53],"is_endless":false,"potions_floor_spawned":[1,6,7,16,19,23,30,36,40,48],"ascension_level":5}}