{"host":"vyjryxuuuxkt43k4","time":1612859062,"event":{"mods":["AchievementEnabler","BaseMod","Colored Map","DeckTracker","Keyboard Shortcuts","Minty Spire (QoL Compilation)","Permanent Neow","Quick Restart","StSLib","SuperFastMode","everything is the same but u backflip on backflip"],"gold_per_floor":[99,99,99,99,99,99,99,99,99,99,99,99,99,99,99,99,99,99,39,39,39,0,0,0,0],"floor_reached":24,"language":"KOR","playtime":1202,"items_purged":[],"score":552,"play_id":"18172629-74e0-45bc-bcbf-57ff23ab2ed0","local_time":"20210209172422","is_ascension_mode":true,"campfire_choices":[{"data":"Eruption","floor":6.0,"key":"SMITH"},{"data":"SashWhip","floor":11.0,"key":"SMITH"},{"floor":15.0,"key":"REST"},{"data":"Ghostly","floor":23.0,"key":"SMITH"}],"circlet_count":0,"master_deck":["AscendersBane","Strike_P+1","Strike_P+1","Strike_P","Strike_P","Defend_P","Defend_P","Defend_P","Eruption+1","Vigilance","SashWhip+1","Weave","Swivel","Vengeance","Brilliance","Devotion","Meditate","SpiritShield","ReachHeaven+1","DeceiveReality","Ghostly+1","Ghostly","Ghostly"],"relics":["Ectoplasm","Whetstone","MawBank","Golden Idol","Philosopher\u0027s Stone"],"acts_visited":["Exordium","TheCity"],"potions_floor_usage":[],"damage_taken":[{"damage":1.0,"enemies":"Cultist","floor":1.0,"turns":4.0},{"damage":0.0,"enemies":"Small Slimes","floor":2.0,"turns":2.0},{"damage":1.0,"enemies":"2 Louse","floor":3.0,"turns":3.0},{"damage":9.0,"enemies":"Blue Slaver","floor":4.0,"turns":5.0},{"damage":9.0,"enemies":"Large Slime","floor":7.0,"turns":3.0},{"damage":0.0,"enemies":"Gremlin Nob","floor":8.0,"turns":2.0},{"damage":2.0,"enemies":"Lagavulin","floor":12.0,"turns":3.0},{"damage":5.0,"enemies":"2 Fungi Beasts","floor":13.0,"turns":3.0},{"damage":0.0,"enemies":"Slime Boss","floor":16.0,"turns":5.0},{"damage":15.0,"enemies":"Chosen","floor":18.0,"turns":4.0},{"damage":11.0,"enemies":"2 Thieves","floor":19.0,"turns":4.0},{"damage":1.0,"enemies":"Snecko","floor":21.0,"turns":3.0},{"damage":46,"enemies":"Gremlin Leader","floor":24,"turns":4}],"seed_played":"-4632412636432523133","potions_obtained":[{"floor":4.0,"key":"Swift Potion"},{"floor":7.0,"key":"Swift Potion"},{"floor":8.0,"key":"Regen Potion"},{"floor":13.0,"key":"LiquidBronze"},{"floor":19.0,"key":"FearPotion"}],"is_trial":false,"path_per_floor":["M","M","M","M","?","R","M","E","T","?","R","E","M","?","R","B",null,"M","M","?","M","?","R","E"],"character_chosen":"WATCHER","items_purchased":[],"campfire_rested":1,"item_purchase_floors":[],"current_hp_per_floor":[60,60,59,50,43,43,34,34,34,34,34,41,36,13,33,33,59,44,33,33,32,32,32,0,0],"gold":0,"neow_bonus":"BOSS_RELIC","is_daily":false,"chose_seed":false,"campfire_upgraded":3,"win_rate":0.0,"timestamp":1612859062,"path_taken":["M","M","M","?","?","R","M","E","T","?","R","E","M","?","R","BOSS","M","M","?","M","?","R","E"],"items_purchased_type":[],"build_version":"2020-12-22","purchased_purges":0,"victory":false,"max_hp_per_floor":[68,68,68,68,68,68,68,68,68,68,68,68,68,68,68,68,68,68,68,34,34,34,34,34,34],"card_choices":[{"not_picked":["Evaluate","BowlingBash","BattleHymn"],"picked":"SKIP","floor":1.0},{"not_picked":["ThirdEye","FlyingSleeves"],"picked":"SashWhip","floor":2.0},{"not_picked":["ThirdEye","Halt"],"picked":"Weave","floor":3.0},{"not_picked":["Prostrate","Collect"],"picked":"Swivel","floor":4.0},{"not_picked":["Sanctity","ClearTheMind"],"picked":"Vengeance","floor":7.0},{"not_picked":["JustLucky","FlurryOfBlows"],"picked":"Brilliance","floor":8.0},{"not_picked":["Crescendo","Protect"],"picked":"Devotion","floor":12.0},{"not_picked":["Halt","Consecrate"],"picked":"Meditate","floor":13.0},{"not_picked":["Blasphemy","Omniscience"],"picked":"SpiritShield","floor":16.0},{"not_picked":["PathToVictory+1","ClearTheMind"],"picked":"ReachHeaven+1","floor":18.0},{"not_picked":["Consecrate","EmptyBody"],"picked":"DeceiveReality","floor":19.0},{"not_picked":["Meditate","BowlingBash","Fasting2"],"picked":"SKIP","floor":21.0}],"player_experience":866586,"relics_obtained":[{"floor":8.0,"key":"Whetstone"},{"floor":12.0,"key":"MawBank"}],"event_choices":[{"cards_removed":["Defend_P"],"damage_healed":0.0,"max_hp_gain":0.0,"max_hp_loss":0.0,"gold_gain":0.0,"event_name":"Golden Wing","player_choice":"Card Removal","floor":5.0,"gold_loss":0.0,"damage_taken":7.0},{"damage_healed":0.0,"max_hp_gain":0.0,"max_hp_loss":0.0,"gold_gain":0.0,"event_name":"Liars Game","player_choice":"Ignored","floor":10.0,"gold_loss":0.0,"damage_taken":0.0},{"damage_healed":0.0,"max_hp_gain":0.0,"max_hp_loss":0.0,"gold_gain":0.0,"event_name":"Golden Idol","player_choice":"Take Damage","floor":14.0,"gold_loss":0.0,"damage_taken":23.0,"relics_obtained":["Golden Idol"]},{"damage_healed":0.0,"max_hp_gain":0.0,"max_hp_loss":34.0,"gold_gain":0.0,"event_name":"Ghosts","player_choice":"Became a Ghost","floor":20.0,"gold_loss":0.0,"damage_taken":0.0,"cards_obtained":["Ghostly","Ghostly","Ghostly"]},{"damage_healed":0.0,"max_hp_gain":0.0,"max_hp_loss":0.0,"gold_gain":0.0,"event_name":"Masked Bandits","player_choice":"Paid Fearfully","floor":22.0,"gold_loss":39.0,"damage_taken":0.0}],"is_beta":false,"boss_relics":[{"not_picked":["SlaversCollar","Tiny House"],"picked":"Philosopher\u0027s Stone"}],"items_purged_floors":[],"is_endless":false,"potions_floor_spawned":[4,7,8,13,19],"killed_by":"Gremlin Leader","ascension_level":19}}