{"host":"s41rn2jhghpwfrvz","time":1612896415,"event":{"mods":["BaseMod","Minty Spire (QoL Compilation)","Quick Restart","Relic Stats","SuperFastMode"],"gold_per_floor":[111,111,111,36,50,75,75,102,102,118,146,158,198,220,232,318,330,361,385,397,334,351,384,399,399,399,191,208,188,217,233,233,304,304,319,154,172,186,186,186,215,215,238,263,282,299,325,351,351,351,351,351,351,30,64,64],"floor_reached":57,"language":"ENG","playtime":1743,"items_purged":["Backstab","Ghostly Armor"],"score":3880,"play_id":"d36c75cc-5be6-4fa3-868c-b2d47f095d12","local_time":"20210209204655","daily_mods":["SealedDeck","Diverse","DeadlyEvents"],"is_ascension_mode":true,"campfire_choices":[{"data":"Body Slam","floor":7,"key":"SMITH"},{"data":"Undo","floor":12,"key":"SMITH"},{"data":"Conserve Battery","floor":15,"key":"SMITH"},{"data":"Backflip","floor":25,"key":"SMITH"},{"data":"Impatience","floor":32,"key":"SMITH"},{"floor":40,"key":"RECALL"},{"data":"True Grit","floor":42,"key":"SMITH"},{"data":"Reinforced Body","floor":49,"key":"SMITH"},{"data":"Battle Trance","floor":53,"key":"SMITH"}],"circlet_count":0,"master_deck":["AscendersBane","True Grit+1","Reinforced Body+1","Battle Trance+1","Conserve Battery+1","Body Slam+1","Evolve","Undo+1","Backflip+1","Impatience+1"],"relics":["Burning Blood","TungstenRod","Anchor","Pear","MawBank","Akabeko","SlaversCollar","Whetstone","Lantern","Busted Crown","Oddly Smooth Stone","Prayer Wheel","Nunchaku","Smiling Mask","Mercury Hourglass","Toy Ornithopter","Ginger","Boot"],"acts_visited":["Exordium","TheCity","TheBeyond","TheEnding"],"potions_floor_usage":[8,16,18,56,56,56,56,56,56],"damage_taken":[{"damage":3,"enemies":"Small Slimes","floor":1,"turns":3},{"damage":0,"enemies":"2 Louse","floor":5,"turns":4},{"damage":48,"enemies":"Gremlin Nob","floor":6,"turns":5},{"damage":0,"enemies":"Lagavulin","floor":8,"turns":7},{"damage":0,"enemies":"Cultist","floor":10,"turns":2},{"damage":23,"enemies":"Gremlin Nob","floor":11,"turns":4},{"damage":0,"enemies":"3 Sentries","floor":13,"turns":6},{"damage":0,"enemies":"Blue Slaver","floor":14,"turns":2},{"damage":0,"enemies":"The Guardian","floor":16,"turns":7},{"damage":0,"enemies":"Spheric Guardian","floor":18,"turns":3},{"damage":0,"enemies":"Shell Parasite","floor":19,"turns":4},{"damage":2,"enemies":"Shelled Parasite and Fungi","floor":22,"turns":4},{"damage":0,"enemies":"Book of Stabbing","floor":23,"turns":4},{"damage":5,"enemies":"Snecko","floor":24,"turns":10},{"damage":0,"enemies":"Cultist and Chosen","floor":28,"turns":6},{"damage":0,"enemies":"Slavers","floor":30,"turns":3},{"damage":0,"enemies":"Chosen and Byrds","floor":31,"turns":4},{"damage":0,"enemies":"Automaton","floor":33,"turns":4},{"damage":0,"enemies":"Orb Walker","floor":35,"turns":2},{"damage":0,"enemies":"3 Shapes","floor":37,"turns":2},{"damage":0,"enemies":"Maw","floor":38,"turns":3},{"damage":0,"enemies":"Reptomancer","floor":41,"turns":3},{"damage":0,"enemies":"Giant Head","floor":44,"turns":3},{"damage":0,"enemies":"Spire Growth","floor":45,"turns":2},{"damage":0,"enemies":"3 Darklings","floor":46,"turns":2},{"damage":0,"enemies":"Reptomancer","floor":47,"turns":3},{"damage":0,"enemies":"Giant Head","floor":48,"turns":2},{"damage":0,"enemies":"Donu and Deca","floor":50,"turns":5},{"damage":0,"enemies":"Awakened One","floor":51,"turns":4},{"damage":0,"enemies":"Shield and Spear","floor":55,"turns":3},{"damage":48,"enemies":"The Heart","floor":56,"turns":7}],"seed_played":"-6039086795679827546","potions_obtained":[{"floor":1,"key":"BloodPotion"},{"floor":6,"key":"Fruit Juice"},{"floor":8,"key":"BloodPotion"},{"floor":16,"key":"LiquidMemories"},{"floor":18,"key":"FearPotion"},{"floor":33,"key":"PowerPotion"},{"floor":41,"key":"PowerPotion"},{"floor":45,"key":"EntropicBrew"}],"is_trial":true,"path_per_floor":["M","?","?","?","M","E","R","E","T","M","E","R","E","M","R","B",null,"M","M","?","$","M","E","M","R","T","$","M","?","E","M","R","B",null,"M","$","M","M","?","R","E","R","T","E","M","M","E","E","R","B","B",null,"R","$","E","B",null],"character_chosen":"IRONCLAD","items_purchased":["Impatience","Oddly Smooth Stone","Ginger"],"campfire_rested":0,"item_purchase_floors":[27,36,54],"current_hp_per_floor":[71,64,64,64,70,28,28,49,59,65,48,48,54,60,60,83,85,90,90,90,90,90,90,90,90,90,90,90,90,90,90,90,90,90,90,90,90,90,81,81,87,87,87,90,90,90,90,90,90,90,90,90,90,90,90,48],"gold":64,"neow_bonus":"","is_daily":false,"chose_seed":false,"campfire_upgraded":8,"win_rate":0.0,"timestamp":1612896415,"path_taken":["M","?","?","?","M","E","R","E","T","M","E","R","?","M","R","BOSS","M","M","?","$","M","E","M","R","T","$","M","?","E","M","R","BOSS","M","$","?","M","?","R","E","R","T","E","M","M","?","E","R","BOSS","BOSS","R","$","E","BOSS"],"items_purchased_type":["Card","Relic","Relic"],"build_version":"2020-12-22","purchased_purges":2,"victory":true,"max_hp_per_floor":[75,75,75,75,75,75,75,75,85,85,85,85,85,85,85,85,85,90,90,90,90,90,90,90,90,90,90,90,90,90,90,90,90,90,90,90,90,90,90,90,90,90,90,90,90,90,90,90,90,90,90,90,90,90,90,90],"relic_stats":{"counters":[31,123],"Whetstone":[],"Ginger":[2],"MawBank":120,"Smiling Mask":0,"Boot":[0],"Burning Blood":76,"Mercury Hourglass":[71],"Nunchaku":[9],"Busted Crown":30,"Prayer Wheel":2,"obtain_stats":[{"Lantern":30,"Pear":9,"Oddly Smooth Stone":36,"Whetstone":23,"Ginger":54,"MawBank":11,"Smiling Mask":44,"Boot":55,"Burning Blood":0,"Akabeko":13,"Mercury Hourglass":47,"SlaversCollar":17,"Anchor":8,"Nunchaku":43,"Busted Crown":34,"Prayer Wheel":41,"TungstenRod":6,"Toy Ornithopter":48},{"Lantern":16,"Pear":4,"Oddly Smooth Stone":19,"Whetstone":13,"Ginger":29,"MawBank":6,"Smiling Mask":23,"Boot":30,"Burning Blood":0,"Akabeko":7,"Mercury Hourglass":26,"SlaversCollar":9,"Anchor":4,"Nunchaku":22,"Busted Crown":18,"Prayer Wheel":22,"TungstenRod":3,"Toy Ornithopter":27},{"Lantern":74,"Pear":19,"Oddly Smooth Stone":84,"Whetstone":55,"Ginger":113,"MawBank":25,"Smiling Mask":95,"Boot":116,"Burning Blood":0,"Akabeko":31,"Mercury Hourglass":102,"SlaversCollar":40,"Anchor":19,"Nunchaku":92,"Busted Crown":82,"Prayer Wheel":92,"TungstenRod":12,"Toy Ornithopter":104}],"TungstenRod":15,"Toy Ornithopter":0},"card_choices":[{"not_picked":["Dodge and Roll","Rupture"],"picked":"Undo","floor":1},{"not_picked":["Cold Snap","Recycle","Rage"],"picked":"SKIP","floor":5},{"not_picked":["Electrodynamics","Deadly Poison","Eviscerate"],"picked":"SKIP","floor":6},{"not_picked":["Skewer","Havoc","Hologram"],"picked":"SKIP","floor":8},{"not_picked":["Stack","ClearTheMind","Outmaneuver"],"picked":"SKIP","floor":10},{"not_picked":["Sword Boomerang","Cleave","Cloak And Dagger"],"picked":"SKIP","floor":11},{"not_picked":["Iron Wave","Cold Snap","Indignation"],"picked":"SKIP","floor":13},{"not_picked":["Sweeping Beam","SpiritShield","WindmillStrike"],"picked":"SKIP","floor":14},{"not_picked":["SashWhip","Heel Hook"],"picked":"Backflip","floor":18},{"not_picked":["Sentinel","Scrape","Anger"],"picked":"SKIP","floor":19},{"not_picked":["Carnage","Hologram","Halt"],"picked":"SKIP","floor":22},{"not_picked":["Fire Breathing","Darkness","Distraction+1"],"picked":"SKIP","floor":23},{"not_picked":["Cleave","Steam","ThirdEye"],"picked":"SKIP","floor":24},{"not_picked":["Pommel Strike","Glacier","MasterReality"],"picked":"SKIP","floor":28},{"not_picked":["Brutality","Perfected Strike","Whirlwind"],"picked":"SKIP","floor":30},{"not_picked":["Pray+1","JustLucky","SashWhip"],"picked":"SKIP","floor":31},{"not_picked":["Vengeance"],"picked":"SKIP","floor":35},{"not_picked":["Vengeance+1"],"picked":"SKIP","floor":37},{"not_picked":["WaveOfTheHand"],"picked":"SKIP","floor":38},{"not_picked":["Ball Lightning"],"picked":"SKIP","floor":41},{"not_picked":["Flying Knee"],"picked":"SKIP","floor":44},{"not_picked":["JustLucky"],"picked":"SKIP","floor":45},{"not_picked":["Recycle"],"picked":"SKIP","floor":45},{"not_picked":["Underhanded Strike"],"picked":"SKIP","floor":46},{"not_picked":["Bane"],"picked":"SKIP","floor":46},{"not_picked":["Force Field"],"picked":"SKIP","floor":47},{"not_picked":["Flex"],"picked":"SKIP","floor":48},{"not_picked":["FollowUp+1"],"picked":"SKIP","floor":55}],"player_experience":1907336,"relics_obtained":[{"floor":6,"key":"TungstenRod"},{"floor":8,"key":"Anchor"},{"floor":9,"key":"Pear"},{"floor":11,"key":"MawBank"},{"floor":13,"key":"Akabeko"},{"floor":23,"key":"Whetstone"},{"floor":30,"key":"Lantern"},{"floor":41,"key":"Prayer Wheel"},{"floor":43,"key":"Nunchaku"},{"floor":44,"key":"Smiling Mask"},{"floor":47,"key":"Mercury Hourglass"},{"floor":48,"key":"Toy Ornithopter"},{"floor":55,"key":"Boot"}],"event_choices":[{"cards_removed":["Hologram"],"damage_healed":0,"gold_gain":0,"player_choice":"Card Removal","damage_taken":7,"max_hp_gain":0,"max_hp_loss":0,"event_name":"Golden Wing","floor":2,"gold_loss":0},{"damage_healed":0,"gold_gain":0,"player_choice":"Ignored","damage_taken":0,"max_hp_gain":0,"max_hp_loss":0,"event_name":"Liars Game","floor":3,"gold_loss":0},{"cards_removed":["Cloak And Dagger"],"damage_healed":0,"gold_gain":0,"player_choice":"Card Removal","damage_taken":0,"max_hp_gain":0,"max_hp_loss":0,"event_name":"The Cleric","floor":4,"gold_loss":75},{"damage_healed":0,"gold_gain":0,"player_choice":"Ignored","damage_taken":0,"max_hp_gain":0,"max_hp_loss":0,"event_name":"The Mausoleum","floor":20,"gold_loss":0},{"damage_healed":0,"gold_gain":0,"player_choice":"Bought 1 Potion","damage_taken":0,"max_hp_gain":0,"max_hp_loss":0,"event_name":"The Woman in Blue","floor":29,"gold_loss":0},{"damage_healed":0,"gold_gain":0,"player_choice":"Memory 3","damage_taken":10,"max_hp_gain":0,"max_hp_loss":0,"event_name":"SensoryStone","floor":39,"gold_loss":0}],"is_beta":false,"boss_relics":[{"not_picked":["Runic Cube","Velvet Choker"],"picked":"SlaversCollar"},{"not_picked":["Runic Dome","Cursed Key"],"picked":"Busted Crown"}],"items_purged_floors":[21,27],"is_endless":false,"potions_floor_spawned":[1,6,8,13,16,18,19,23,31,33,41,44,45,48],"ascension_level":20}}