{"host":"m6aaltr68g9tvoay","time":1612852202,"event":{"mods":["AchievementEnabler","BaseMod","Colored Map","Downfall","Minty Spire (QoL Compilation)","Slay the Relics Exporter","StSLib"],"gold_per_floor":[99,115,131,149,164,64,90,90,125,125,25,42,42,27,39,143,143,43,53,53,153,21,21,72,97,109,135,164,10,10,81,95,198,198,198,217,231,231,67,117,169,169,169,169,21,35,35,52,64,64,64,64,64,64],"floor_reached":52,"language":"ENG","playtime":5868,"items_purged":["Slimebound:Strike_Slimebound"],"score":1036,"play_id":"bdc97559-3335-47a7-9906-35e85f558d96","local_time":"20210208223002","is_ascension_mode":true,"campfire_choices":[{"floor":1,"key":"RECALL"},{"data":"Slimebound:Split","floor":6,"key":"SMITH"},{"floor":8,"key":"REST"},{"data":"Slimebound:SplitSpecialist","floor":11,"key":"SMITH"},{"floor":13,"key":"REST"},{"data":"Slimebound:MassFeed","floor":18,"key":"SMITH"},{"data":"Slimebound:SplitMire","floor":23,"key":"SMITH"},{"floor":26,"key":"REST"},{"floor":30,"key":"REST"},{"floor":35,"key":"REST"},{"floor":42,"key":"REST"},{"floor":44,"key":"REST"}],"circlet_count":0,"master_deck":["AscendersBane","Slimebound:Tackle","Slimebound:Defend_Slimebound","Slimebound:Defend_Slimebound","Slimebound:Defend_Slimebound","Slimebound:Defend_Slimebound","Slimebound:Split+1","Slimebound:CorrosiveSpit","Slimebound:DisruptingSlam","Slimebound:LeechEnergy","Slimebound:SplitSpecialist+1","Slimebound:SamplingLick","Slimebound:GoopSpray","Slimebound:Prepare","Slimebound:Repurpose","Slimebound:MassFeed+1","CurseOfTheBell","Slimebound:LivingWall","Slimebound:Equalize","Slimebound:ViciousTackle","J.A.X.","Slimebound:GoopSpray","Slimebound:SplitAcid","Slimebound:SplitMire+1","Slimebound:LeadByExample+1","Slimebound:ForwardTackle","Slimebound:Recollect+1","Slimebound:Equalize+1","Slimebound:OneTwoCombo","Slimebound:RainOfGoop","Slimebound:Darklings","Slimebound:Recollect","Slimebound:SplitSpecialist","Slimebound:SpikyOuterGoop+1"],"relics":["Slimebound:AbsorbEndCombat","downfall:HeartBlessingRed","Regal Pillow","downfall:HeartBlessingBlue","Calling Bell","Boot","Frozen Egg 2","Dead Branch","downfall:HeartBlessingGreen","MutagenicStrength","Orichalcum","MawBank","Slimebound:AggressiveSlimeRelic","Ornamental Fan","Fusion Hammer","Mango","Pen Nib","TungstenRod","PreservedInsect","Omamori"],"acts_visited":["Exordium","TheCity","TheBeyond","TheEnding"],"potions_floor_usage":[9,16,27,33,33,48,50,50],"damage_taken":[{"damage":4,"enemies":"Cultist","floor":2,"turns":4},{"damage":3,"enemies":"Small Slimes","floor":3,"turns":3},{"damage":6,"enemies":"2 Louse","floor":4,"turns":3},{"damage":7,"enemies":"Exordium Wildlife","floor":5,"turns":3},{"damage":28,"enemies":"Gremlin Nob","floor":9,"turns":4},{"damage":13,"enemies":"Blue Slaver","floor":12,"turns":3},{"damage":0,"enemies":"downfall:FleeingMerchant","floor":14,"turns":4},{"damage":3,"enemies":"Large Slime","floor":15,"turns":5},{"damage":31,"enemies":"WA_ARCHETYPE_RETAIN","floor":16,"turns":11},{"damage":15,"enemies":"Chosen","floor":19,"turns":5},{"damage":59,"enemies":"downfall:Augmenter","floor":21,"turns":10},{"damage":0,"enemies":"downfall:FleeingMerchant","floor":22,"turns":4},{"damage":18,"enemies":"Slavers","floor":25,"turns":4},{"damage":18,"enemies":"Centurion and Healer","floor":27,"turns":10},{"damage":64,"enemies":"3 Cultists","floor":28,"turns":6},{"damage":3,"enemies":"downfall:FleeingMerchant","floor":29,"turns":4},{"damage":6,"enemies":"Shelled Parasite and Fungi","floor":32,"turns":4},{"damage":45,"enemies":"DF_ARCHETYPE_CLAW","floor":33,"turns":7},{"damage":13,"enemies":"3 Darklings","floor":36,"turns":4},{"damage":31,"enemies":"3 Shapes","floor":37,"turns":6},{"damage":6,"enemies":"downfall:FleeingMerchant","floor":39,"turns":4},{"damage":11,"enemies":"downfall:FleeingMerchant","floor":40,"turns":7},{"damage":13,"enemies":"Spire Growth","floor":46,"turns":4},{"damage":15,"enemies":"4 Shapes","floor":48,"turns":3},{"damage":25,"enemies":"Jaw Worm Horde","floor":49,"turns":5},{"damage":111,"enemies":"IC_BLOCK_ARCHETYPE","floor":50,"turns":13},{"damage":127,"enemies":"downfall:CharBossMerchant","floor":52,"turns":7}],"seed_played":"4457240466854564028","potions_obtained":[{"floor":2,"key":"Slimebound:SpawnSlimePotion"},{"floor":3,"key":"Slimebound:SlimedPotion"},{"floor":19,"key":"CultistPotion"},{"floor":25,"key":"Slimebound:SlimedPotion"},{"floor":28,"key":"LiquidBronze"},{"floor":40,"key":"ColorlessPotion"},{"floor":48,"key":"SneckoOil"},{"floor":49,"key":"FearPotion"}],"is_trial":false,"path_per_floor":["R","M","M","M","M","R","T","R","E","?","R","M","R","$","M","B",null,"R","M","?","?","$","R","T","E","R","M","M","$","R","T","M","B",null,"R","M","M","?","$","?","T","R","?","R","$","M","?","M","M","B",null,"E"],"character_chosen":"SLIMEBOUND","items_purchased":["Slimebound:SplitMire","Slimebound:LeadByExample+1","Slimebound:AggressiveSlimeRelic","Mango","Pen Nib","Slimebound:SplitSpecialist","Slimebound:SpikyOuterGoop+1"],"campfire_rested":7,"item_purchase_floors":[22,22,29,39,39,45,45],"current_hp_per_floor":[65,63,62,58,53,53,53,71,47,52,62,51,86,86,86,63,80,80,86,86,35,51,51,51,49,86,83,35,36,78,78,78,45,79,90,81,79,79,93,114,114,124,124,124,124,117,117,106,97,10,99,0,0,0],"gold":64,"neow_bonus":"TEN_PERCENT_HP_BONUS","is_daily":false,"chose_seed":false,"campfire_upgraded":4,"win_rate":0.0,"timestamp":1612852202,"path_taken":["R","M","M","?","M","R","T","R","E","?","R","M","R","$","M","BOSS","R","M","?","?","?","R","T","E","R","M","M","$","R","?","M","BOSS","R","M","M","?","$","?","T","R","?","R","$","M","?","M","M","BOSS","E"],"items_purchased_type":["Card","Card","Relic","Relic","Relic","Card","Card"],"build_version":"2020-12-22","purchased_purges":1,"victory":false,"max_hp_per_floor":[71,71,71,71,71,71,71,71,71,76,86,86,86,86,86,86,86,86,86,86,86,86,86,86,86,86,90,90,90,90,90,90,90,90,90,90,94,94,108,124,124,124,124,124,124,124,124,128,128,128,128,128,128,128],"card_choices":[{"not_picked":["Slimebound:ItLooksTasty","Slimebound:LeechEnergy"],"picked":"Slimebound:DisruptingSlam","floor":2},{"not_picked":["Slimebound:ItLooksTasty","Slimebound:ComboTackle"],"picked":"Slimebound:LeechEnergy","floor":3},{"not_picked":["Slimebound:FlameTackle","Slimebound:SlimeBrawl"],"picked":"Slimebound:SamplingLick","floor":4},{"not_picked":["Slimebound:Schlurp","Slimebound:ComboTackle"],"picked":"Slimebound:SplitSpecialist","floor":5},{"not_picked":["Slimebound:HauntingLick","Slimebound:FinishingTackle"],"picked":"Slimebound:SamplingLick","floor":9},{"not_picked":["Slimebound:LivingWall","Slimebound:Grow"],"picked":"Slimebound:GoopSpray","floor":12},{"not_picked":["Slimebound:GoopSpray","Slimebound:FinishingTackle"],"picked":"Slimebound:Prepare","floor":14},{"not_picked":["Slimebound:Recollect","Slimebound:HauntingLick"],"picked":"Slimebound:Repurpose","floor":15},{"not_picked":["Slimebound:PrepareCrush","Slimebound:TagTeam"],"picked":"Slimebound:MassFeed","floor":16},{"not_picked":["Slimebound:Replication","Slimebound:LeechingTouch"],"picked":"Slimebound:LivingWall","floor":19},{"not_picked":[],"picked":"J.A.X.","floor":21},{"not_picked":["Slimebound:ComboTackle","Slimebound:LeechEnergy"],"picked":"Slimebound:GoopSpray","floor":21},{"not_picked":["Slimebound:FinishingTackle","Slimebound:MinionMaster+1"],"picked":"Slimebound:SplitAcid","floor":22},{"not_picked":["Slimebound:Chomp","Slimebound:HauntingLick"],"picked":"Slimebound:ForwardTackle","floor":25},{"not_picked":["Slimebound:ItLooksTasty","Slimebound:DisruptingSlam+1"],"picked":"Slimebound:Recollect+1","floor":27},{"not_picked":["Slimebound:LevelUp+1","Slimebound:GoopTackle"],"picked":"Slimebound:Equalize+1","floor":28},{"not_picked":["Slimebound:LeechingTouch","Slimebound:GoopTackle"],"picked":"Slimebound:OneTwoCombo","floor":29},{"not_picked":["Slimebound:AcidTongue+1","Slimebound:ViciousTackle"],"picked":"Slimebound:RainOfGoop","floor":32},{"not_picked":["Slimebound:CheckThePlaybook","Slimebound:SlimeSlap"],"picked":"Slimebound:Darklings","floor":33},{"not_picked":["Slimebound:DisruptingSlam","Slimebound:SplitMire+1","Slimebound:SplitBruiser"],"picked":"SKIP","floor":36},{"not_picked":["Slimebound:SplitLeeching+1","Slimebound:SlimeBarrage+1","Slimebound:Replication"],"picked":"SKIP","floor":37},{"not_picked":["Slimebound:RollThrough+1","Slimebound:SplitBruiser"],"picked":"Slimebound:Recollect","floor":39},{"not_picked":["Slimebound:GoopSpray","Slimebound:PressTheAttack","Slimebound:LeechEnergy"],"picked":"SKIP","floor":46},{"not_picked":["Slimebound:SplitBruiser+1","Slimebound:SlimeSpikes","Slimebound:LeechEnergy+1"],"picked":"SKIP","floor":48},{"not_picked":["Slimebound:Replication","Slimebound:SplitBruiser","Slimebound:Overexert+1"],"picked":"SKIP","floor":49}],"player_experience":1881257,"relics_obtained":[{"floor":9,"key":"Regal Pillow"},{"floor":17,"key":"Boot"},{"floor":17,"key":"Frozen Egg 2"},{"floor":17,"key":"Dead Branch"},{"floor":21,"key":"MutagenicStrength"},{"floor":24,"key":"Orichalcum"},{"floor":25,"key":"MawBank"},{"floor":31,"key":"Ornamental Fan"},{"floor":40,"key":"TungstenRod"},{"floor":41,"key":"PreservedInsect"},{"floor":43,"key":"Omamori"}],"event_choices":[{"damage_healed":0,"gold_gain":0,"player_choice":"Donut","damage_taken":0,"max_hp_gain":5,"max_hp_loss":0,"event_name":"Big Fish","floor":10,"gold_loss":0},{"damage_healed":0,"gold_gain":0,"player_choice":"Ignored","damage_taken":0,"max_hp_gain":0,"max_hp_loss":0,"event_name":"Mysterious Sphere","floor":38,"gold_loss":0},{"cards_removed":["Slimebound:SamplingLick"],"damage_healed":0,"gold_gain":0,"player_choice":"Removed Skill","damage_taken":0,"max_hp_gain":0,"max_hp_loss":0,"event_name":"Falling","floor":47,"gold_loss":0}],"is_beta":false,"boss_relics":[{"not_picked":["Velvet Choker","Cursed Key"],"picked":"Calling Bell"},{"not_picked":["Runic Dome","bronze:MakeshiftBattery"],"picked":"Fusion Hammer"}],"items_purged_floors":[39],"is_endless":false,"potions_floor_spawned":[2,3,19,25,28,32,40,48,49],"killed_by":"downfall:CharBossMerchant","ascension_level":11}}