{"host":"kn32u0f2pym5bozc","time":1612850100,"event":{"mods":["2.2 Compatiblity","BaseMod","Better Third Choice","Minty Spire (QoL Compilation)","Permanent Neow","Relic Stats","StSLib","The Animator"],"gold_per_floor":[116,130,162,142,29,29,73,90,90,90,109,141,169,169,169,302,302,322,350,350,370,388,388,388,388],"floor_reached":24,"language":"ENG","playtime":1647,"items_purged":[],"score":315,"play_id":"8a893d20-fea4-4eaa-b850-09076ab37028","local_time":"20210209005500","is_ascension_mode":true,"campfire_choices":[{"data":"animator:Demiurge","floor":6.0,"key":"SMITH"},{"data":"animator:Ara","floor":10.0,"key":"SMITH"},{"data":"animator:Cocytus","floor":15.0,"key":"SMITH"},{"data":"animator:Shinoa","floor":23.0,"key":"SMITH"}],"circlet_count":0,"master_deck":["AscendersBane","animator:Strike_Overlord","animator:Defend_Overlord","animator:Strike","animator:Strike","animator:Strike","animator:Defend","animator:Defend","animator:Defend","animator:Cocytus+1","animator:Demiurge+1","animator:SayakaMiki","animator:Shigure","animator:PandorasActor","animator:IchigoKurosaki","animator:Ara+1","animator:GuildGirl","animator:Shalltear","animator:MetalKnight","animator:Fredrika","animator:Cocytus","Parasite","animator:GoblinSlayer","animator:Mikaela","animator:Spearman+1","animator:Shinoa+1","animator:Konayuki"],"relics":["animator:TheMissingPiece","animator:PurgingStone","Coffee Dripper","Question Card","FossilizedHelix","Bag of Preparation","Mark of Pain"],"acts_visited":["Exordium","TheCity"],"potions_floor_usage":[24,24],"damage_taken":[{"damage":0.0,"enemies":"Cultist","floor":1.0,"turns":4.0},{"damage":4.0,"enemies":"2 Louse","floor":2.0,"turns":4.0},{"damage":8.0,"enemies":"Jaw Worm","floor":3.0,"turns":3.0},{"damage":15.0,"enemies":"3 Sentries","floor":7.0,"turns":10.0},{"damage":13.0,"enemies":"3 Louse","floor":8.0,"turns":6.0},{"damage":0.0,"enemies":"Looter","floor":11.0,"turns":4.0},{"damage":14.0,"enemies":"Gremlin Nob","floor":12.0,"turns":4.0},{"damage":0.0,"enemies":"2 Fungi Beasts","floor":13.0,"turns":4.0},{"damage":8.0,"enemies":"Slime Boss","floor":16.0,"turns":10.0},{"damage":1.0,"enemies":"3 Byrds","floor":18.0,"turns":7.0},{"damage":14.0,"enemies":"Spheric Guardian","floor":19.0,"turns":4.0},{"damage":26.0,"enemies":"Snake Plant","floor":21.0,"turns":5.0},{"damage":0.0,"enemies":"Centurion and Healer","floor":22.0,"turns":5.0},{"damage":21,"enemies":"Slavers","floor":24,"turns":1}],"seed_played":"-1177992198214083591","potions_obtained":[{"floor":1.0,"key":"SpeedPotion"},{"floor":3.0,"key":"SpeedPotion"},{"floor":4.0,"key":"Fire Potion"},{"floor":11.0,"key":"FearPotion"},{"floor":13.0,"key":"EntropicBrew"},{"floor":18.0,"key":"Strength Potion"},{"floor":22.0,"key":"ColorlessPotion"}],"is_trial":false,"path_per_floor":["M","M","M","?","$","R","E","M","T","R","M","E","M","?","R","B",null,"M","M","?","M","M","R","E"],"character_chosen":"THE_ANIMATOR","items_purchased":["animator:IchigoKurosaki","animator:Ara"],"campfire_rested":0,"item_purchase_floors":[5,5],"current_hp_per_floor":[59,55,47,47,47,47,32,20,20,20,20,6,6,22,22,15,55,54,40,40,14,14,14,0,0],"gold":388,"neow_bonus":"BOSS_RELIC","is_daily":false,"chose_seed":false,"campfire_upgraded":4,"win_rate":0.0,"timestamp":1612850100,"path_taken":["M","M","M","?","$","R","E","M","T","R","M","E","?","?","R","BOSS","M","M","?","M","M","R","E"],"items_purchased_type":["Card","Card"],"build_version":"2020-12-22","purchased_purges":0,"victory":false,"max_hp_per_floor":[66,66,66,66,66,66,66,67,67,67,67,67,67,67,67,68,68,68,68,68,68,68,68,68,68],"relic_stats":{"counters":[14,71],"Bag of Preparation":[14],"Question Card":21,"obtain_stats":[{"animator:PurgingStone":0,"animator:TheMissingPiece":0,"animator:LivingPicture":0,"Mark of Pain":17,"Coffee Dripper":0,"Bag of Preparation":12,"Question Card":7,"FossilizedHelix":9},{"animator:PurgingStone":0,"animator:TheMissingPiece":0,"animator:LivingPicture":0,"Mark of Pain":9,"Coffee Dripper":0,"Bag of Preparation":7,"Question Card":4,"FossilizedHelix":5},{"animator:PurgingStone":0,"animator:TheMissingPiece":0,"animator:LivingPicture":0,"Mark of Pain":49,"Coffee Dripper":0,"Bag of Preparation":35,"Question Card":21,"FossilizedHelix":27}]},"card_choices":[{"not_picked":["animator:KyokoSakura","animator:HighElfArcher"],"picked":"animator:SayakaMiki","floor":1.0},{"not_picked":["animator:Hitei","animator:DolaRiku"],"picked":"animator:Shigure","floor":2.0},{"not_picked":["animator:Shigure","animator:Aqua"],"picked":"animator:PandorasActor","floor":3.0},{"not_picked":["animator:DwarfShaman","animator:Spearman"],"picked":"animator:GuildGirl","floor":7.0},{"not_picked":["animator:CrowleyEusford","animator:Yuuichirou","animator:Kuribayashi"],"picked":"animator:Shalltear","floor":8.0},{"not_picked":["animator:LizardPriest","animator:CrowleyEusford","animator:Mikaela"],"picked":"animator:MetalKnight","floor":11.0},{"not_picked":["animator:CrowleyEusford","animator:GuildGirl","animator:Kazuma"],"picked":"animator:Fredrika","floor":12.0},{"not_picked":["animator:Evileye","animator:PandorasActor","animator:Demiurge"],"picked":"animator:Cocytus","floor":13.0},{"not_picked":["animator:Father","animator:Saber","animator:Gilgamesh"],"picked":"animator:GoblinSlayer","floor":16.0},{"not_picked":["animator:AcuraTooru+1","animator:UneriGinkaku","animator:Shuna"],"picked":"animator:Mikaela","floor":18.0},{"not_picked":["animator:Assassin+1","animator:Raven","animator:Benimaru"],"picked":"animator:Spearman+1","floor":19.0},{"not_picked":["animator:Lancer","animator:Benimaru","animator:Guy"],"picked":"animator:Shinoa","floor":21.0},{"not_picked":["animator:Azekura","animator:Emonzaemon","animator:UneriGinkaku"],"picked":"animator:Konayuki","floor":22.0}],"player_experience":929272,"relics_obtained":[{"floor":7.0,"key":"Question Card"},{"floor":9.0,"key":"FossilizedHelix"},{"floor":12.0,"key":"Bag of Preparation"}],"event_choices":[{"damage_healed":0.0,"max_hp_gain":0.0,"max_hp_loss":0.0,"gold_gain":0.0,"event_name":"The Woman in Blue","player_choice":"Bought 1 Potion","floor":4.0,"gold_loss":0.0,"damage_taken":0.0},{"damage_healed":16.0,"max_hp_gain":0.0,"max_hp_loss":0.0,"gold_gain":0.0,"event_name":"Mushrooms","player_choice":"Healed and dodged fight","floor":14.0,"gold_loss":0.0,"damage_taken":0.0,"cards_obtained":["Parasite"]},{"damage_healed":0.0,"max_hp_gain":0.0,"max_hp_loss":0.0,"gold_gain":0.0,"event_name":"Vampires","player_choice":"Ignored","floor":20.0,"gold_loss":0.0,"damage_taken":0.0}],"is_beta":false,"boss_relics":[{"not_picked":["Pandora\u0027s Box","Sozu"],"picked":"Mark of Pain"}],"items_purged_floors":[],"is_endless":false,"potions_floor_spawned":[1,3,11,13,18,22],"killed_by":"Slavers","ascension_level":10}}