{"host":"87fdiiwflhrwsj8a","time":1612830071,"event":{"mods":["Aspiration","BaseMod","Better Match","Better Third Choice","BetterRewards","Colored Map","Conspire","GifTheSpireLib","Infinite Spire","Minty Spire (QoL Compilation)","Quick Restart","Relic Sorter","Replay The Spire","StSLib","Stuff the Spire","The Marked","The Servant 0.9.4"],"gold_per_floor":[111,127,46,46,46,46,79,89,89,108,108,134,146,161,161,259,259,276,296,312,25,75,75,115,115,191,191,226,226,252,286,286,384,384,400,422,422,436,457,457,502,512,512,538,586,586,586,586,627,654,654,654,654,654,60,96,96],"floor_reached":58,"language":"ENG","playtime":3846,"items_purged":[],"score":2355,"play_id":"8784164e-2157-4879-9e63-5cfffeb23570","local_time":"20210208192111","is_ascension_mode":true,"campfire_choices":[{"floor":6.0,"key":"REST"},{"floor":11.0,"key":"REST"},{"data":"SoulSculpture","floor":15.0,"key":"SMITH"},{"floor":23.0,"key":"DIG"},{"floor":25.0,"key":"DIG"},{"floor":27.0,"key":"DIG"},{"floor":29.0,"key":"DIG"},{"floor":32.0,"key":"REST"},{"floor":40.0,"key":"REST"},{"floor":51.0,"key":"RECALL"},{"data":"KillingDoll","floor":54,"key":"SMITH"}],"circlet_count":0,"master_deck":["Strike_S","Strike_S","Strike_S","Strike_S","Defend_S","Defend_S+1","Defend_S","Defend_S","KidneyShot","Exchange","SurpressingFire+1","SilverBlades+1","Starlight","BestPractice+1","BestPractice+1","Sunlight","SoulSculpture+1","MurderousAura+1","CurseOfTheBell","Advance","Starlight","KillingDoll+1","SurpressingFire+1","FloweringNight+1","SurpressingFire+1","Rearm+1","TheWorld+1","Rearm+1","BottledTime+1","Secret Technique+1","Replace+1"],"relics":["Uniform","Replay:Accelerometer","Matryoshka","Frozen Egg 2","conspire:TreasureMap","RomanBracelet","conspire:GlowingRock","StuffTheSpire:BottledEssence","Happy Flower","Replay:Ringing Soul","Calipers","Ginger","Calling Bell","Shovel","Replay:WaspNest","CeramicFish","infinitespire:Golems Mask","aspiration:HiddenCompartment","Replay:Mystery Machine","Vajra","StuffTheSpire:Tea","Toxic Egg 2","Regal Pillow","Ice Cream","CaptainsWheel","Tiny Chest","Bag of Preparation","infinitespire:EmpoweringShard","StuffTheSpire:Gunfinga","Pear","Potion Belt","Cauldron","aspiration:FetidBarrel","Anchor"],"acts_visited":["Exordium","TheCity","TheBeyond","TheEnding"],"potions_floor_usage":[57,57,57,57,57,57],"damage_taken":[{"damage":0.0,"enemies":"Cultist","floor":1.0,"turns":4.0},{"damage":2.0,"enemies":"Small Slimes","floor":2.0,"turns":5.0},{"damage":12.0,"enemies":"3 Sentries","floor":7.0,"turns":6.0},{"damage":1.0,"enemies":"Jaw Worm","floor":8.0,"turns":3.0},{"damage":16.0,"enemies":"Lots of Slimes","floor":10.0,"turns":4.0},{"damage":7.0,"enemies":"Gremlin Nob","floor":12.0,"turns":4.0},{"damage":3.0,"enemies":"Looter","floor":13.0,"turns":2.0},{"damage":1.0,"enemies":"Blue Slaver","floor":14.0,"turns":2.0},{"damage":0.0,"enemies":"Fading Forest","floor":16.0,"turns":11.0},{"damage":23.0,"enemies":"2 Thieves","floor":18.0,"turns":3.0},{"damage":7.0,"enemies":"Shell Parasite","floor":19.0,"turns":4.0},{"damage":3.0,"enemies":"Snake Plant","floor":20.0,"turns":3.0},{"damage":18.0,"enemies":"Gremlin Leader","floor":24.0,"turns":3.0},{"damage":0.0,"enemies":"conspire:SneckoGhost","floor":28.0,"turns":3.0},{"damage":13.0,"enemies":"3 Cultists","floor":30.0,"turns":4.0},{"damage":18.0,"enemies":"Gremlin Leader","floor":31.0,"turns":4.0},{"damage":0.0,"enemies":"Collector","floor":33.0,"turns":4.0},{"damage":19.0,"enemies":"3 Darklings","floor":35.0,"turns":3.0},{"damage":37.0,"enemies":"3 Shapes","floor":36.0,"turns":3.0},{"damage":24.0,"enemies":"Spire Growth","floor":38.0,"turns":3.0},{"damage":2.0,"enemies":"Writhing Mass","floor":39.0,"turns":5.0},{"damage":0.0,"enemies":"R_Hoarder","floor":41.0,"turns":5.0},{"damage":26.0,"enemies":"Jaw Worm Horde","floor":42.0,"turns":3.0},{"damage":4.0,"enemies":"Reptomancer","floor":44.0,"turns":5.0},{"damage":0.0,"enemies":"conspire:MimicChest","floor":45.0,"turns":4.0},{"damage":0.0,"enemies":"Giant Head","floor":49.0,"turns":3.0},{"damage":0.0,"enemies":"3 Darklings","floor":50.0,"turns":2.0},{"damage":6.0,"enemies":"Time Eater","floor":52.0,"turns":7.0},{"damage":0,"enemies":"Shield and Spear","floor":56,"turns":4},{"damage":39,"enemies":"The Heart","floor":57,"turns":5}],"seed_played":"5197563264441520824","potions_obtained":[{"floor":2.0,"key":"DuplicationPotion"},{"floor":8.0,"key":"Regen Potion"},{"floor":12.0,"key":"Adrenaline Potion"},{"floor":16.0,"key":"Weak Potion"},{"floor":28.0,"key":"LiquidBronze"},{"floor":31.0,"key":"PowerPotion"},{"floor":33.0,"key":"DuplicationPotion"},{"floor":44.0,"key":"SpeedPotion"},{"floor":46.0,"key":"Fruit Juice"},{"floor":46.0,"key":"SteroidPotion"},{"floor":50.0,"key":"Venom Potion"},{"floor":55,"key":"CultistPotion"},{"floor":55,"key":"GamblersBrew"},{"floor":55,"key":"conspire:TimeTravelPotion"}],"is_trial":false,"path_per_floor":["M","M","$","?","$","R","E","M","T","M","R","E","M","M","R","B",null,"M","M","M","$","T","R","E","R","T","R","E","R","M","E","R","B",null,"M","M","?","M","M","R","E","M","T","E","?","?","PTL","PTL","E","M","R","B",null,"R","$","E","B",null],"character_chosen":"THE_SERVANT","items_purchased":["Matryoshka","Frozen Egg 2","SurpressingFire+1","conspire:TreasureMap","RomanBracelet","conspire:GlowingRock","StuffTheSpire:BottledEssence","Happy Flower","SilverBlades+1","BestPractice+1","infinitespire:Golems Mask","Cauldron","Secret Technique+1","aspiration:FetidBarrel"],"campfire_rested":4,"item_purchase_floors":[0,0,0,0,0,0,0,0,0,3,21,55,55,55],"current_hp_per_floor":[18,16,16,16,16,35,23,25,25,12,33,41,38,37,37,40,71,48,44,41,41,41,41,26,26,26,26,29,29,19,4,47,47,83,64,30,30,6,7,52,52,26,26,22,35,35,35,35,38,41,41,40,104,104,107,110,90],"gold":96,"neow_bonus":"","is_daily":false,"chose_seed":false,"campfire_upgraded":2,"win_rate":0.0,"timestamp":1612830071,"path_taken":["M","?","$","?","?","R","E","M","T","M","R","E","M","M","R","BOSS","M","M","?","$","?","R","E","R","T","R","E","R","M","E","R","BOSS","M","M","?","M","M","R","E","M","T","E","?","?","PTL","PTL","E","M","R","BOSS","R","$","E","BOSS"],"items_purchased_type":["Relic","Relic","Card","Relic","Relic","Relic","Relic","Relic","Card","Card","Relic","Relic","Card","Relic"],"build_version":"2020-12-22","purchased_purges":0,"victory":true,"max_hp_per_floor":[65,65,65,65,65,65,65,68,68,71,71,74,74,74,74,77,80,80,83,83,83,83,83,86,86,86,86,89,89,92,95,95,95,95,95,98,98,98,101,101,101,101,101,101,114,114,114,114,117,120,120,125,125,125,128,131,131],"card_choices":[{"not_picked":["Starlight","ShiftingGears","StarChef+1"],"picked":"SKIP","floor":1.0},{"not_picked":["TimeWarp","Ricochet"],"picked":"Starlight","floor":2.0},{"not_picked":["Unruled","Barrier","Alleviate"],"picked":"SKIP","floor":7.0},{"not_picked":["WasteNot+1","Revamp"],"picked":"BestPractice+1","floor":8.0},{"not_picked":["Starlight","BottledTime"],"picked":"Sunlight","floor":10.0},{"not_picked":["Revamp","Gouge"],"picked":"SoulSculpture","floor":12.0},{"not_picked":["SpecialFormula","Replace","Alleviate"],"picked":"SKIP","floor":13.0},{"not_picked":["Replace","Alleviate","Spin"],"picked":"SKIP","floor":14.0},{"not_picked":["SoulSculpture","TheWorld"],"picked":"MurderousAura+1","floor":16.0},{"not_picked":["Hightail+1","ReturningBlade","Defy"],"picked":"SKIP","floor":18.0},{"not_picked":["Reset","TimeWarp"],"picked":"Advance","floor":19.0},{"not_picked":["TimeWarp","Foresight+1","Potential"],"picked":"SKIP","floor":20.0},{"not_picked":["Potential","ShiftingGears"],"picked":"Starlight","floor":24.0},{"not_picked":["Shuttle+1","Ricochet"],"picked":"KillingDoll","floor":28.0},{"not_picked":["Alleviate+1","DoubleEdge+1"],"picked":"SurpressingFire+1","floor":30.0},{"not_picked":["ShatteredReality+1","BottledTime+1"],"picked":"FloweringNight+1","floor":31.0},{"not_picked":["Reset+1","Starlight","Unruled+1"],"picked":"SKIP","floor":35.0},{"not_picked":["FastForward+1","Potential+1"],"picked":"SurpressingFire+1","floor":36.0},{"not_picked":["Potential+1","Unruled","ShatteredReality+1"],"picked":"SKIP","floor":38.0},{"not_picked":["Revamp+1","Collapse+1"],"picked":"Rearm+1","floor":39.0},{"not_picked":["Starlight+1","TimeWarp+1","Rewind+1"],"picked":"SKIP","floor":41.0},{"not_picked":["Foresight+1","Defy+1","WasteNot+1"],"picked":"SKIP","floor":42.0},{"not_picked":["Foresight+1","Sabotage","FanOfKnives"],"picked":"SKIP","floor":44.0},{"not_picked":["DualDimension+1","Replace+1"],"picked":"TheWorld+1","floor":45.0},{"not_picked":["Potential+1","Defy+1"],"picked":"Rearm+1","floor":49.0},{"not_picked":["Unruled+1","Advance+1"],"picked":"BottledTime+1","floor":50.0},{"not_picked":["ShiftingGears+1","Potential"],"picked":"Replace+1","floor":56}],"player_experience":2640745,"relics_obtained":[{"floor":7.0,"key":"Replay:Ringing Soul"},{"floor":9.0,"key":"Calipers"},{"floor":9.0,"key":"Replay:Accelerometer"},{"floor":12.0,"key":"Ginger"},{"floor":17.0,"key":"Shovel"},{"floor":17.0,"key":"Replay:WaspNest"},{"floor":17.0,"key":"CeramicFish"},{"floor":22.0,"key":"aspiration:HiddenCompartment"},{"floor":23.0,"key":"Replay:Mystery Machine"},{"floor":24.0,"key":"Vajra"},{"floor":25.0,"key":"StuffTheSpire:Tea"},{"floor":26.0,"key":"Toxic Egg 2"},{"floor":27.0,"key":"Regal Pillow"},{"floor":28.0,"key":"Ice Cream"},{"floor":29.0,"key":"CaptainsWheel"},{"floor":31.0,"key":"Tiny Chest"},{"floor":41.0,"key":"Bag of Preparation"},{"floor":43.0,"key":"infinitespire:EmpoweringShard"},{"floor":44.0,"key":"StuffTheSpire:Gunfinga"},{"floor":45.0,"key":"Pear"},{"floor":49.0,"key":"Potion Belt"},{"floor":56,"key":"Anchor"}],"event_choices":[{"damage_healed":0.0,"max_hp_gain":0.0,"max_hp_loss":0.0,"gold_gain":0.0,"event_name":"conspire:Investor","player_choice":"Leave","floor":37.0,"gold_loss":0.0,"damage_taken":0.0},{"damage_healed":0.0,"max_hp_gain":0.0,"max_hp_loss":0.0,"gold_gain":0.0,"event_name":"Lab","player_choice":"Got Potions","floor":46.0,"gold_loss":0.0,"damage_taken":0.0}],"is_beta":false,"boss_relics":[{"not_picked":["Replay:Grab Bag","Ectoplasm"],"picked":"Calling Bell"},{"not_picked":["StuffTheSpire:Kangaroo","Kintsugi","infinitespire:Cupcake"]}],"items_purged_floors":[],"is_endless":false,"potions_floor_spawned":[2,8,12,16,28,31,33,35,38,44,50],"ascension_level":7}}