{"host":"dcj2yvrgcvh5dl2s","time":1612874567,"event":{"mods":["BaseMod","Bestiary","Better Note","Block Reminder","Colored Powertips","Curses Come First","DeckTracker","Minty Spire (QoL Compilation)","Quick Restart","Rare Cards Sparkle","Relic Stats","StSLib"],"gold_per_floor":[109,259,259,64,83,83,83,83],"floor_reached":7,"language":"ENG","playtime":333,"items_purged":[],"score":78,"play_id":"25b2b261-edf4-491a-81af-c2110568fa68","local_time":"20210209224247","is_ascension_mode":true,"campfire_choices":[{"data":"Body Slam","floor":6,"key":"SMITH"}],"circlet_count":0,"master_deck":["AscendersBane","Strike_R","Strike_R","Strike_R","Strike_R","Strike_R","Defend_R","Defend_R","Defend_R","Defend_R","Bash","Offering","Body Slam+1","Sword Boomerang"],"relics":["Burning Blood","Regal Pillow"],"acts_visited":["Exordium"],"potions_floor_usage":[5],"damage_taken":[{"damage":14,"enemies":"Small Slimes","floor":1,"turns":3},{"damage":16,"enemies":"2 Louse","floor":5,"turns":3},{"damage":46,"enemies":"3 Sentries","floor":7,"turns":7}],"seed_played":"6235017149149021931","potions_obtained":[{"floor":1,"key":"ColorlessPotion"},{"floor":5,"key":"SpeedPotion"}],"is_trial":false,"path_per_floor":["M","?","?","$","M","R","E"],"character_chosen":"IRONCLAD","items_purchased":["Regal Pillow","Sword Boomerang"],"campfire_rested":0,"item_purchase_floors":[4,4],"current_hp_per_floor":[60,60,60,60,50,50,4,4],"gold":83,"neow_bonus":"THREE_RARE_CARDS","is_daily":false,"chose_seed":false,"campfire_upgraded":1,"win_rate":0.0,"timestamp":1612874567,"path_taken":["M","?","?","$","M","R","E"],"items_purchased_type":["Relic","Card"],"build_version":"2020-12-22","purchased_purges":0,"victory":false,"max_hp_per_floor":[68,68,68,68,68,68,68,68],"relic_stats":{"Regal Pillow":0,"counters":[3,13],"obtain_stats":[{"Regal Pillow":4,"Burning Blood":0},{"Regal Pillow":1,"Burning Blood":0},{"Regal Pillow":3,"Burning Blood":0}],"Burning Blood":12},"card_choices":[{"not_picked":["Corruption","Demon Form"],"picked":"Offering","floor":0},{"not_picked":["Warcry","Perfected Strike"],"picked":"Body Slam","floor":1},{"not_picked":["Warcry","Wild Strike","Hemokinesis"],"picked":"SKIP","floor":5}],"player_experience":2345837,"relics_obtained":[],"event_choices":[{"damage_healed":0,"gold_gain":150,"player_choice":"AGREE","damage_taken":0,"max_hp_gain":0,"max_hp_loss":0,"event_name":"Liars Game","floor":2,"gold_loss":0,"cards_obtained":["Doubt"]},{"cards_removed":["Doubt"],"damage_healed":0,"gold_gain":0,"player_choice":"Forget","damage_taken":0,"max_hp_gain":0,"max_hp_loss":0,"event_name":"Living Wall","floor":3,"gold_loss":0}],"is_beta":false,"boss_relics":[],"items_purged_floors":[],"is_endless":false,"potions_floor_spawned":[1,5],"killed_by":"3 Sentries","ascension_level":20}}