{"host":"epc8efk9vrywpcsw","time":1612871998,"event":{"mods":["BaseMod","Minty Spire (QoL Compilation)","Relic Stats","StSLib"],"gold_per_floor":[117,129,129,204,260,292,292,306,306,333,345,407,160,170,170,249,249,260,185,185,18,80,105,20,20,20,20,345,412,511,552,564,652,664,689,434,498,548,161,161,211,239,239,314,314,347,347,358,358,358,358,358],"floor_reached":51,"language":"ENG","playtime":1947,"items_purged":["Corruption"],"score":1769,"play_id":"c821c79d-ae93-4ef1-8a89-f16a5f98e58c","local_time":"20210209125958","is_ascension_mode":true,"campfire_choices":[{"data":"Bash","floor":7,"key":"SMITH"},{"floor":15,"key":"DIG"},{"floor":25,"key":"DIG"},{"floor":27,"key":"REST"},{"floor":32,"key":"REST"},{"floor":40,"key":"REST"},{"floor":45,"key":"DIG"},{"floor":47,"key":"DIG"},{"floor":49,"key":"DIG"}],"circlet_count":0,"master_deck":["AscendersBane","Bash+1","Anger","Clash","Flame Barrier","Immolate","Offering","Battle Trance","Exhume","Corruption","Immolate","Dark Embrace","Armaments","Headbutt","Impervious","Dual Wield","Bloodletting","Demon Form","Anger","Regret","Fiend Fire","True Grit+1","Shockwave","Exhume","Shrug It Off","Enlightenment","Sadistic Nature","Rage","PanicButton","Master of Strategy","Discovery","Apotheosis","Shrug It Off+1","True Grit+1"],"relics":["Burning Blood","NeowsBlessing","Self Forming Clay","White Beast Statue","Shovel","Boot","Regal Pillow","StoneCalendar","Pandora\u0027s Box","SsserpentHead","Membership Card","Kunai","Toy Ornithopter","Red Skull","Dream Catcher","MawBank","Pen Nib","Fusion Hammer","Strawberry","Anchor","Ginger","Bottled Lightning","Nunchaku","Pear","Calipers","Letter Opener","Akabeko","Sundial","Centennial Puzzle"],"acts_visited":["Exordium","TheCity","TheBeyond"],"potions_floor_usage":[10,10,12,12,16,18,22,29,31,31,33,37,44,46,50,50],"damage_taken":[{"damage":0,"enemies":"2 Louse","floor":1,"turns":1},{"damage":0,"enemies":"Small Slimes","floor":2,"turns":2},{"damage":0,"enemies":"Gremlin Nob","floor":6,"turns":1},{"damage":4,"enemies":"Jaw Worm","floor":8,"turns":4},{"damage":22,"enemies":"3 Sentries","floor":10,"turns":9},{"damage":6,"enemies":"Exordium Thugs","floor":11,"turns":2},{"damage":14,"enemies":"Gremlin Nob","floor":12,"turns":4},{"damage":0,"enemies":"3 Louse","floor":14,"turns":1},{"damage":3,"enemies":"Hexaghost","floor":16,"turns":7},{"damage":15,"enemies":"Chosen","floor":18,"turns":5},{"damage":9,"enemies":"Shell Parasite","floor":22,"turns":2},{"damage":30,"enemies":"Book of Stabbing","floor":23,"turns":4},{"damage":33,"enemies":"Centurion and Healer","floor":29,"turns":5},{"damage":52,"enemies":"Slavers","floor":31,"turns":5},{"damage":18,"enemies":"Automaton","floor":33,"turns":6},{"damage":28,"enemies":"3 Shapes","floor":35,"turns":7},{"damage":20,"enemies":"Orb Walker","floor":37,"turns":2},{"damage":12,"enemies":"Nemesis","floor":42,"turns":3},{"damage":6,"enemies":"Mind Bloom Boss Battle","floor":44,"turns":2},{"damage":6,"enemies":"Giant Head","floor":46,"turns":2},{"damage":6,"enemies":"Jaw Worm Horde","floor":48,"turns":2},{"damage":27,"enemies":"Donu and Deca","floor":50,"turns":6},{"damage":87,"enemies":"Time Eater","floor":51,"turns":7}],"seed_played":"-7132628782703413719","potions_obtained":[{"floor":8,"key":"EntropicBrew"},{"floor":10,"key":"Weak Potion"},{"floor":11,"key":"PowerPotion"},{"floor":12,"key":"ElixirPotion"},{"floor":14,"key":"FearPotion"},{"floor":16,"key":"LiquidBronze"},{"floor":18,"key":"SkillPotion"},{"floor":22,"key":"Fire Potion"},{"floor":23,"key":"SkillPotion"},{"floor":29,"key":"Dexterity Potion"},{"floor":31,"key":"SteroidPotion"},{"floor":33,"key":"LiquidMemories"},{"floor":35,"key":"Explosive Potion"},{"floor":37,"key":"SneckoOil"},{"floor":44,"key":"BloodPotion"},{"floor":46,"key":"PowerPotion"}],"is_trial":false,"path_per_floor":["M","M","?","?","?","E","R","M","T","E","M","?","$","M","R","B",null,"M","?","?","$","M","E","$","R","T","R","?","M","T","E","R","B",null,"M","$","M","?","$","R","T","E","T","?","R","E","R","M","R","B","B"],"character_chosen":"IRONCLAD","items_purchased":["Battle Trance","Regal Pillow","Membership Card","Toy Ornithopter","Enlightenment","Strawberry","Sadistic Nature","Apotheosis","Anchor","Ginger","Block Potion"],"campfire_rested":3,"item_purchase_floors":[13,13,21,24,36,36,36,39,39,39,39],"current_hp_per_floor":[74,75,52,41,41,47,47,49,49,33,33,25,25,31,31,34,65,56,56,56,56,53,29,29,29,29,66,66,44,44,8,45,38,66,44,51,42,32,32,71,71,65,75,80,80,92,92,92,92,71,0,0],"gold":358,"neow_bonus":"THREE_ENEMY_KILL","is_daily":false,"chose_seed":false,"campfire_upgraded":1,"win_rate":0.0,"timestamp":1612871998,"path_taken":["M","M","?","?","?","E","R","M","T","E","M","?","$","M","R","BOSS","M","?","?","$","?","E","$","R","T","R","?","?","?","E","R","BOSS","M","$","?","?","$","R","?","E","T","?","R","E","R","M","R","BOSS","BOSS"],"items_purchased_type":["Card","Relic","Relic","Relic","Card","Relic","Card","Card","Relic","Relic","Potion"],"build_version":"2020-12-22","purchased_purges":1,"victory":false,"max_hp_per_floor":[75,75,75,75,75,75,75,75,75,75,75,75,75,75,75,75,75,75,75,75,75,75,75,75,75,75,75,75,75,75,75,75,75,75,75,82,82,82,82,82,82,82,92,92,92,92,92,92,92,92,92,92],"relic_stats":{"Regal Pillow":45,"counters":[23,89],"Self Forming Clay":[177],"StoneCalendar":[67],"Pen Nib":[7],"Ginger":[0],"Letter Opener":[70],"Boot":[7],"MawBank":72,"Burning Blood":127,"SsserpentHead":400,"Dream Catcher":3,"Nunchaku":[3],"Centennial Puzzle":[6],"Shovel":5,"Sundial":[2],"Pandora\u0027s Box":["Corruption","Immolate","Dark Embrace","Corruption","Armaments","Headbutt","Reckless Charge","Impervious","Dual Wield"],"Kunai":[18],"obtain_stats":[{"Regal Pillow":13,"Calipers":44,"StoneCalendar":15,"Ginger":39,"Boot":12,"Burning Blood":0,"SsserpentHead":20,"Dream Catcher":26,"Nunchaku":42,"Centennial Puzzle":49,"Shovel":10,"Sundial":47,"Strawberry":36,"Fusion Hammer":34,"Kunai":23,"Red Skull":25,"Pear":43,"NeowsBlessing":0,"Self Forming Clay":6,"Pen Nib":31,"Letter Opener":45,"MawBank":30,"White Beast Statue":9,"Akabeko":46,"Anchor":39,"Pandora\u0027s Box":17,"Membership Card":21,"Bottled Lightning":41,"Toy Ornithopter":24},{"Regal Pillow":7,"Calipers":19,"StoneCalendar":8,"Ginger":17,"Boot":7,"Burning Blood":0,"SsserpentHead":10,"Dream Catcher":12,"Nunchaku":18,"Centennial Puzzle":21,"Shovel":5,"Sundial":20,"Strawberry":16,"Fusion Hammer":15,"Kunai":12,"Red Skull":12,"Pear":18,"NeowsBlessing":0,"Self Forming Clay":3,"Pen Nib":14,"Letter Opener":19,"MawBank":13,"White Beast Statue":4,"Akabeko":20,"Anchor":17,"Pandora\u0027s Box":9,"Membership Card":10,"Bottled Lightning":17,"Toy Ornithopter":12},{"Regal Pillow":23,"Calipers":72,"StoneCalendar":24,"Ginger":67,"Boot":23,"Burning Blood":0,"SsserpentHead":36,"Dream Catcher":42,"Nunchaku":70,"Centennial Puzzle":76,"Shovel":17,"Sundial":74,"Strawberry":65,"Fusion Hammer":58,"Kunai":42,"Red Skull":42,"Pear":70,"NeowsBlessing":0,"Self Forming Clay":4,"Pen Nib":52,"Letter Opener":72,"MawBank":47,"White Beast Statue":8,"Akabeko":74,"Anchor":67,"Pandora\u0027s Box":31,"Membership Card":36,"Bottled Lightning":67,"Toy Ornithopter":42}],"Toy Ornithopter":30},"card_choices":[{"not_picked":["Clash","True Grit"],"picked":"Anger","floor":1},{"not_picked":["Sword Boomerang","Iron Wave"],"picked":"Clash","floor":2},{"not_picked":["Rampage","Body Slam","Clothesline"],"picked":"SKIP","floor":6},{"not_picked":["Burning Pact","Havoc"],"picked":"Flame Barrier","floor":8},{"not_picked":["Infernal Blade","Searing Blow"],"picked":"Immolate","floor":10},{"not_picked":["Sword Boomerang","Armaments","Sever Soul"],"picked":"SKIP","floor":11},{"not_picked":["Dual Wield","Wild Strike"],"picked":"Offering","floor":12},{"not_picked":["Havoc","Thunderclap","Wild Strike"],"picked":"SKIP","floor":14},{"not_picked":["Immolate","Fiend Fire"],"picked":"Exhume","floor":16},{"not_picked":["Metallicize","Fire Breathing","Armaments"],"picked":"SKIP","floor":18},{"not_picked":["Thunderclap","Heavy Blade"],"picked":"Bloodletting","floor":22},{"not_picked":["Sword Boomerang","Feel No Pain"],"picked":"Demon Form","floor":23},{"not_picked":["Cleave","Clash"],"picked":"Anger","floor":27},{"not_picked":["Wild Strike","Clash"],"picked":"Fiend Fire","floor":29},{"not_picked":["Battle Trance","Sentinel"],"picked":"True Grit+1","floor":31},{"not_picked":["Clash","Shrug It Off"],"picked":"Shockwave","floor":32},{"not_picked":["Juggernaut","Berserk"],"picked":"Exhume","floor":33},{"not_picked":["Cleave","Clothesline"],"picked":"Shrug It Off","floor":35},{"not_picked":["Uppercut","Twin Strike+1"],"picked":"Rage","floor":37},{"not_picked":["Panacea","Finesse"],"picked":"PanicButton","floor":38},{"not_picked":["Good Instincts","HandOfGreed"],"picked":"Master of Strategy","floor":38},{"not_picked":["Bandage Up","PanicButton"],"picked":"Discovery","floor":38},{"not_picked":["Clash+1","Pommel Strike"],"picked":"Shrug It Off+1","floor":42},{"not_picked":["Pommel Strike+1","Power Through"],"picked":"True Grit+1","floor":44},{"not_picked":["Entrench","Armaments","Dark Embrace"],"picked":"SKIP","floor":46},{"not_picked":["Clash","Headbutt","Spot Weakness"],"picked":"SKIP","floor":48}],"player_experience":498135,"relics_obtained":[{"floor":6,"key":"Self Forming Clay"},{"floor":9,"key":"White Beast Statue"},{"floor":10,"key":"Shovel"},{"floor":12,"key":"Boot"},{"floor":15,"key":"StoneCalendar"},{"floor":23,"key":"Kunai"},{"floor":25,"key":"Red Skull"},{"floor":26,"key":"Dream Catcher"},{"floor":30,"key":"MawBank"},{"floor":31,"key":"Pen Nib"},{"floor":41,"key":"Bottled Lightning"},{"floor":42,"key":"Nunchaku"},{"floor":43,"key":"Pear"},{"floor":44,"key":"Calipers"},{"floor":45,"key":"Letter Opener"},{"floor":46,"key":"Akabeko"},{"floor":47,"key":"Sundial"},{"floor":49,"key":"Centennial Puzzle"}],"event_choices":[{"damage_healed":0,"gold_gain":0,"player_choice":"Entered Light","damage_taken":23,"max_hp_gain":0,"max_hp_loss":0,"event_name":"Shining Light","floor":3,"gold_loss":0,"cards_upgraded":["Strike_R","Defend_R"]},{"damage_healed":0,"gold_gain":75,"player_choice":"Gather Gold","damage_taken":11,"max_hp_gain":0,"max_hp_loss":0,"event_name":"World of Goop","floor":4,"gold_loss":0},{"damage_healed":0,"gold_gain":56,"player_choice":"Gained Gold","damage_taken":0,"max_hp_gain":0,"max_hp_loss":0,"event_name":"Golden Wing","floor":5,"gold_loss":0},{"damage_healed":0,"gold_gain":30,"player_choice":"Searched \u00272\u0027 times","damage_taken":0,"max_hp_gain":0,"max_hp_loss":0,"event_name":"Dead Adventurer","floor":12,"gold_loss":0},{"cards_removed":["Reckless Charge"],"damage_healed":0,"gold_gain":0,"player_choice":"Gave Gold","damage_taken":0,"max_hp_gain":0,"max_hp_loss":0,"event_name":"Beggar","floor":19,"gold_loss":75},{"damage_healed":0,"gold_gain":0,"player_choice":"Trade","damage_taken":0,"relics_obtained":["SsserpentHead"],"max_hp_gain":0,"max_hp_loss":0,"event_name":"FaceTrader","floor":20,"gold_loss":0},{"damage_healed":0,"gold_gain":275,"player_choice":"Desecrate","damage_taken":0,"max_hp_gain":0,"max_hp_loss":0,"event_name":"Golden Shrine","floor":28,"gold_loss":0,"cards_obtained":["Regret"]},{"damage_healed":0,"gold_gain":0,"player_choice":"Memory 3","damage_taken":10,"max_hp_gain":0,"max_hp_loss":0,"event_name":"SensoryStone","floor":38,"gold_loss":0},{"damage_healed":0,"gold_gain":0,"player_choice":"Fight","damage_taken":0,"max_hp_gain":0,"max_hp_loss":0,"event_name":"MindBloom","floor":44,"gold_loss":0}],"is_beta":false,"boss_relics":[{"not_picked":["Runic Pyramid","Sozu"],"picked":"Pandora\u0027s Box"},{"not_picked":["Busted Crown","Cursed Key"],"picked":"Fusion Hammer"}],"items_purged_floors":[36],"is_endless":false,"potions_floor_spawned":[8,10,11,12,14,16,18,22,23,29,31,33,35,37,42,44,46,48],"killed_by":"Time Eater","ascension_level":20}}