{"host":"xwgrz7y3g1a3iikb","time":1612904483,"event":{"mods":["BaseMod","Bestiary","Minty Spire (QoL Compilation)","Permanent Neow","Quick Restart","Relic Stats","StSLib","ojb\u0027s Info Mod"],"gold_per_floor":[119,137,155,305,14,14,48,110,134,151,151,162,162,196,196,196,196],"floor_reached":16,"language":"ENG","playtime":542,"items_purged":[],"score":219,"play_id":"9500f371-a950-456e-ae4e-3285653c2e7f","local_time":"20210209130123","is_ascension_mode":true,"campfire_choices":[{"data":"Bash","floor":6.0,"key":"SMITH"},{"data":"Limit Break","floor":15.0,"key":"SMITH"}],"circlet_count":0,"master_deck":["AscendersBane","Strike_R","Strike_R","Strike_R","Strike_R","Strike_R","Defend_R","Defend_R","Defend_R","Defend_R","Bash+1","Anger","Flame Barrier","Reaper","Limit Break+1","Shrug It Off","Battle Trance","Offering","Dark Embrace"],"relics":["Burning Blood","Red Skull","Membership Card","Strawberry","Lantern","Boot","Spirit Poop","Sundial"],"acts_visited":["Exordium"],"potions_floor_usage":[],"damage_taken":[{"damage":4.0,"enemies":"Jaw Worm","floor":1.0,"turns":5.0},{"damage":8.0,"enemies":"2 Louse","floor":2.0,"turns":2.0},{"damage":2.0,"enemies":"Cultist","floor":3.0,"turns":4.0},{"damage":48.0,"enemies":"Lagavulin","floor":7.0,"turns":8.0},{"damage":40.0,"enemies":"Lagavulin Event","floor":8.0,"turns":8.0},{"damage":13.0,"enemies":"Blue Slaver","floor":10.0,"turns":3.0},{"damage":0.0,"enemies":"3 Louse","floor":12.0,"turns":3.0},{"damage":21.0,"enemies":"3 Sentries","floor":14.0,"turns":6.0},{"damage":75,"enemies":"Slime Boss","floor":16,"turns":11}],"seed_played":"-7307763061667627632","potions_obtained":[{"floor":1.0,"key":"LiquidBronze"},{"floor":2.0,"key":"Weak Potion"},{"floor":7.0,"key":"Dexterity Potion"},{"floor":12.0,"key":"EssenceOfSteel"}],"is_trial":false,"path_per_floor":["M","M","M","?","$","R","E","?","T","M","?","M","?","E","R","B"],"character_chosen":"IRONCLAD","items_purchased":["Membership Card","Reaper","Limit Break"],"campfire_rested":0,"item_purchase_floors":[5,5,5],"current_hp_per_floor":[70,68,72,72,72,72,41,7,7,10,10,37,37,52,52,0,0],"gold":196,"neow_bonus":"RANDOM_COMMON_RELIC","is_daily":false,"chose_seed":false,"campfire_upgraded":2,"win_rate":0.0,"timestamp":1612904483,"path_taken":["M","M","M","?","$","R","E","?","T","M","?","?","?","E","R","BOSS"],"items_purchased_type":["Relic","Card","Card"],"build_version":"2020-12-22","purchased_purges":0,"victory":false,"max_hp_per_floor":[75,75,75,75,75,75,82,82,82,82,82,82,82,82,82,82,82],"relic_stats":{"counters":[9,50],"Sundial":[2],"Boot":[0],"obtain_stats":[{"Lantern":8,"Sundial":14,"Strawberry":7,"Spirit Poop":13,"Membership Card":5,"Boot":9,"Burning Blood":0,"Red Skull":0},{"Lantern":5,"Sundial":8,"Strawberry":4,"Spirit Poop":7,"Membership Card":3,"Boot":5,"Burning Blood":0,"Red Skull":0},{"Lantern":27,"Sundial":39,"Strawberry":19,"Spirit Poop":33,"Membership Card":11,"Boot":27,"Burning Blood":0,"Red Skull":0}],"Burning Blood":48},"card_choices":[{"not_picked":["Sever Soul","Dark Embrace","Perfected Strike"],"picked":"SKIP","floor":1.0},{"not_picked":["Perfected Strike","Dropkick"],"picked":"Anger","floor":2.0},{"not_picked":["Rupture","Iron Wave"],"picked":"Flame Barrier","floor":3.0},{"not_picked":["Clothesline","Second Wind","Perfected Strike"],"picked":"SKIP","floor":7.0},{"not_picked":["Clothesline","Second Wind","Perfected Strike"],"picked":"SKIP","floor":7.0},{"not_picked":["Sever Soul","Heavy Blade"],"picked":"Shrug It Off","floor":8.0},{"not_picked":["Warcry","Twin Strike"],"picked":"Battle Trance","floor":10.0},{"not_picked":["Havoc","Thunderclap"],"picked":"Offering","floor":12.0},{"not_picked":["Armaments","Intimidate"],"picked":"Dark Embrace","floor":14.0}],"player_experience":338261,"relics_obtained":[{"floor":7.0,"key":"Strawberry"},{"floor":8.0,"key":"Lantern"},{"floor":9.0,"key":"Boot"},{"floor":14.0,"key":"Sundial"}],"event_choices":[{"damage_healed":0.0,"max_hp_gain":0.0,"max_hp_loss":0.0,"gold_gain":150.0,"event_name":"Liars Game","player_choice":"AGREE","floor":4.0,"gold_loss":0.0,"damage_taken":0.0,"cards_obtained":["Doubt"]},{"damage_healed":0.0,"max_hp_gain":0.0,"max_hp_loss":0.0,"gold_gain":0.0,"event_name":"Dead Adventurer","player_choice":"Searched \u00271\u0027 times","floor":8.0,"gold_loss":0.0,"damage_taken":0.0},{"damage_healed":0.0,"max_hp_gain":0.0,"max_hp_loss":0.0,"gold_gain":0.0,"event_name":"Shining Light","player_choice":"Ignored","floor":11.0,"gold_loss":0.0,"damage_taken":0.0},{"cards_removed":["Doubt"],"damage_healed":0.0,"max_hp_gain":0.0,"max_hp_loss":0.0,"gold_gain":0.0,"event_name":"Bonfire Elementals","player_choice":"Offered Curse","floor":13.0,"gold_loss":0.0,"damage_taken":0.0,"relics_obtained":["Spirit Poop"]}],"is_beta":false,"boss_relics":[],"items_purged_floors":[],"is_endless":false,"potions_floor_spawned":[1,2,7,12],"killed_by":"Slime Boss","ascension_level":20}}