{"host":"skr63qsdfgeey3it","time":1612851131,"event":{"mods":["BaseMod","Colored Map","Hubris","Minty Spire (QoL Compilation)","Monster B Gone","Reliquary","Replay The Spire","Spicy Shops","StSLib"],"gold_per_floor":[118,118,131,131,144,144,176,176,227,261,261,276,37,70,70,145,145,157,157,2,2,12,24,53,53,78,78,95,95,95,95,95],"floor_reached":31,"language":"ENG","playtime":780,"items_purged":["Strike_B"],"score":474,"play_id":"09527141-c82e-4bb8-bc23-144778354496","local_time":"20210209001211","is_ascension_mode":true,"campfire_choices":[{"data":"Streamline","floor":6,"key":"SMITH"},{"floor":8,"key":"REST"},{"floor":15,"key":"REST"},{"floor":30,"key":"REST"}],"circlet_count":0,"master_deck":["AscendersBane","Defend_B","Defend_B+1","Defend_B","Zap+1","Dualcast","ReplayTheSpireMod:Calculation Training","Scrape+1","Streamline+1","Beam Cell","Panic Button","Loop","Leap","hubris:PowerSurge","hubris:PowerSurge","Self Repair","Leap","Hyperbeam","Undo","Sunder","Creative AI","ReplayGash+1","Conserve Battery","Reinforced Body","hubris:PowerSurge","Glacier","Loop","Fusion","hubris:Ukulele+1"],"relics":["Cracked Core","NeowsBlessing","Bag of Preparation","Orrery","ReplayFunnel","reliquary:RedPaperclip","Art of War","Vajra"],"acts_visited":["Exordium","TheCity"],"potions_floor_usage":[7,14,14,16,28,28],"damage_taken":[{"damage":0,"enemies":"Cultist","floor":1,"turns":1},{"damage":0,"enemies":"Small Slimes","floor":3,"turns":1},{"damage":0,"enemies":"2 Louse","floor":5,"turns":1},{"damage":41,"enemies":"Replay:BlueRogue","floor":7,"turns":5},{"damage":17,"enemies":"3 Sentries","floor":10,"turns":5},{"damage":0,"enemies":"Large Slime","floor":12,"turns":3},{"damage":1,"enemies":"Lagavulin","floor":14,"turns":5},{"damage":25,"enemies":"The Guardian","floor":16,"turns":10},{"damage":16,"enemies":"3 Byrds","floor":18,"turns":4},{"damage":12,"enemies":"Shell Parasite","floor":22,"turns":7},{"damage":11,"enemies":"Centurion and Healer","floor":23,"turns":6},{"damage":14,"enemies":"Book of Stabbing","floor":24,"turns":7},{"damage":0,"enemies":"Snake Plant","floor":28,"turns":2},{"damage":31,"enemies":"Sentry and Sphere","floor":31,"turns":5}],"seed_played":"8880035536950368464","potions_obtained":[{"floor":1,"key":"AttackPotion"},{"floor":7,"key":"Weak Potion"},{"floor":12,"key":"FocusPotion"},{"floor":14,"key":"SkillPotion"},{"floor":23,"key":"Elixir"},{"floor":24,"key":"AttackPotion"},{"floor":28,"key":"FocusPotion"}],"is_trial":false,"path_per_floor":["M","?","M","?","M","R","E","R","T","E","?","M","$","E","R","B",null,"M","?","$","?","M","M","E","?","T","$","M","?","R","M"],"character_chosen":"DEFECT","items_purchased":["Leap","hubris:PowerSurge","Orrery","hubris:PowerSurge"],"campfire_rested":3,"item_purchase_floors":[13,13,13,20],"current_hp_per_floor":[64,64,64,43,43,43,2,23,23,6,6,6,6,5,26,8,55,46,46,46,46,41,37,23,3,3,3,3,3,25,0,0],"gold":95,"neow_bonus":"THREE_ENEMY_KILL","is_daily":false,"chose_seed":false,"campfire_upgraded":1,"win_rate":0.0,"timestamp":1612851131,"path_taken":["M","?","M","?","M","R","E","R","T","E","?","M","$","E","R","BOSS","M","?","$","?","M","?","E","?","T","$","M","?","R","M"],"items_purchased_type":["Card","Card","Relic","Card"],"build_version":"2020-12-22","purchased_purges":1,"victory":false,"max_hp_per_floor":[71,71,71,71,71,71,71,71,71,71,71,71,71,71,71,71,71,71,71,71,71,71,71,71,76,76,76,76,76,76,76,76],"card_choices":[{"not_picked":["Glacier","Gash"],"picked":"ReplayTheSpireMod:Calculation Training","floor":1},{"not_picked":["Steam","ReplayTheSpireMod:Reroute Power"],"picked":"Scrape","floor":3},{"not_picked":["Conserve Battery","BootSequence"],"picked":"Streamline","floor":5},{"not_picked":["Turbo","Double Energy"],"picked":"Beam Cell","floor":7},{"not_picked":["hubris:Prefetch","Heatsinks"],"picked":"Panic Button","floor":10},{"not_picked":["Steam","ReplayTheSpireMod:Reroute Power"],"picked":"Loop","floor":12},{"not_picked":["Beam Cell","Sweeping Beam"],"picked":"hubris:PowerSurge","floor":13},{"not_picked":["Auto Shields","Leap"],"picked":"Self Repair","floor":13},{"not_picked":["Compile Driver","Ball Lightning"],"picked":"Leap","floor":13},{"not_picked":["Rebound","Compile Driver"],"picked":"Hyperbeam","floor":13},{"not_picked":["Panic Button","Steam"],"picked":"Undo","floor":13},{"not_picked":["Genetic Algorithm","Blizzard"],"picked":"Sunder","floor":14},{"not_picked":["hubris:DoWhile","hubris:Prefetch"],"picked":"Creative AI","floor":16},{"not_picked":["FTL","Redo"],"picked":"ReplayGash+1","floor":18},{"not_picked":["Rebound","Steam"],"picked":"Loop","floor":22},{"not_picked":["Sweeping Beam+1","ReplaySort"],"picked":"Fusion","floor":23},{"not_picked":["Ball Lightning","Redo"],"picked":"hubris:Ukulele+1","floor":24},{"not_picked":["Leap","Turbo","Hello World"],"picked":"SKIP","floor":28}],"player_experience":920025,"relics_obtained":[{"floor":7,"key":"Bag of Preparation"},{"floor":9,"key":"reliquary:RoseTintedGlasses"},{"floor":10,"key":"DataDisk"},{"floor":14,"key":"ReplayFunnel"},{"floor":24,"key":"Art of War"},{"floor":26,"key":"Vajra"}],"event_choices":[{"damage_healed":0,"gold_gain":0,"player_choice":"Entered Light","damage_taken":21,"max_hp_gain":0,"max_hp_loss":0,"event_name":"Shining Light","floor":4,"gold_loss":0,"cards_upgraded":["Scrape","Defend_B"]},{"damage_healed":0,"gold_gain":0,"player_choice":"Fled","damage_taken":0,"max_hp_gain":0,"max_hp_loss":0,"event_name":"Scrap Ooze","floor":11,"gold_loss":0},{"damage_healed":0,"gold_gain":0,"cards_transformed":["Strike_B","Strike_B"],"player_choice":"Became Test Subject","damage_taken":0,"max_hp_gain":0,"max_hp_loss":0,"event_name":"Drug Dealer","floor":19,"gold_loss":0,"cards_obtained":["Conserve Battery","Reinforced Body"]},{"damage_healed":0,"gold_gain":0,"cards_transformed":["Strike_B"],"player_choice":"Transformed","damage_taken":0,"max_hp_gain":0,"max_hp_loss":0,"event_name":"Transmorgrifier","floor":21,"gold_loss":0,"cards_obtained":["Glacier"]},{"damage_healed":0,"gold_gain":0,"player_choice":"Shed Blood","damage_taken":25,"max_hp_gain":5,"max_hp_loss":0,"event_name":"Forgotten Altar","floor":25,"gold_loss":0},{"cards_removed":["Defend_B"],"damage_healed":0,"gold_gain":0,"player_choice":"Purged","damage_taken":0,"max_hp_gain":0,"max_hp_loss":0,"event_name":"Purifier","floor":29,"gold_loss":0}],"is_beta":false,"boss_relics":[{"not_picked":["reliquary:WritOfMandamus","Tiny House"],"picked":"reliquary:RedPaperclip"}],"items_purged_floors":[20],"is_endless":false,"potions_floor_spawned":[1,7,12,14,23,24,28],"killed_by":"Sentry and Sphere","ascension_level":15}}