{"host":"ormi09wwzv7sq47a","time":1612829505,"event":{"mods":["2.2 Compatiblity","AchievementEnabler","Act Like it!","BaseMod","Bestiary","Better Altar","Better Note","Better Sensory Stone","Better Silent Start","Better Skull","Better Third Choice","Better Vampires","BetterRewards","Block Reminder","Card Forge","Colored Map","Colored Powertips","Curses Come First","DeckTracker","Downfall","Highlight Path","Minty Spire (QoL Compilation)","Permanent Neow","Quick Restart","Rare Cards Sparkle","Relic Stats","Shop Mod","StSLib","The Jungle"],"gold_per_floor":[109,122,41,57,3,3,17,17,17,17,37,71,88,108,108,205,205,217,217,88,88,1,32,44,44,94,94,107,120,120,67,67,67,67,67],"floor_reached":33,"language":"ENG","playtime":1660,"items_purged":["Slimebound:Tackle"],"score":387,"play_id":"0e764906-e635-42b9-be4e-317589ae4c19","local_time":"20210208221145","is_ascension_mode":true,"campfire_choices":[{"data":"Slimebound:AcidTongue","floor":6,"key":"SMITH"},{"data":"Slimebound:MegaLick","floor":8,"key":"SMITH"},{"data":"Slimebound:LivingWall","floor":10,"key":"SMITH"},{"data":"Slimebound:Split","floor":15,"key":"SMITH"},{"data":"Slimebound:HauntingLick","floor":25,"key":"SMITH"},{"data":"Slimebound:HauntingLick","floor":27,"key":"SMITH"},{"data":"Slimebound:Grow","floor":30,"key":"SMITH"},{"data":"Slimebound:LeechEnergy","floor":32,"key":"SMITH"}],"circlet_count":0,"master_deck":["Slimebound:Strike_Slimebound","Slimebound:Strike_Slimebound","Slimebound:Strike_Slimebound","Slimebound:Defend_Slimebound","Slimebound:Defend_Slimebound","Slimebound:Defend_Slimebound","Slimebound:Split+1","Slimebound:CorrosiveSpit","Slimebound:HauntingLick+1","Slimebound:MegaLick+1","Slimebound:AcidTongue+1","Slimebound:SlimeSpikes","Slimebound:LivingWall+1","Slimebound:Grow+1","Slimebound:HauntingLick+1","Slimebound:HauntingLick+1","Slimebound:MegaLick+1","Slimebound:WasteNot+1","Slimebound:SlimeSpikes+1","Slimebound:Replication+1","Slimebound:FormOfPuddle+1","Slimebound:SplitMire+1","Slimebound:Recollect+1","Slimebound:SlimeSpikes+1","Slimebound:LivingWall+1","Slimebound:GoopSpray+1","Slimebound:HungryTackle","Slimebound:SamplingLick+1","Slimebound:LeechEnergy+1"],"relics":["Slimebound:AbsorbEndCombat","Hammer of Thor","Seething Fire","Anvil of the Gods","Lee\u0027s Waffle","Shovel","Turnip","Question Card","Toxic Egg 2","Black Star","Slimebound:AggressiveSlimeRelic","Boot","Toy Ornithopter"],"acts_visited":["Exordium","TheCity"],"potions_floor_usage":[12,13,16,18,29,33],"damage_taken":[{"damage":1,"enemies":"Cultist","floor":1,"turns":4},{"damage":4,"enemies":"Jaw Worm","floor":2,"turns":4},{"damage":8,"enemies":"Small Slimes","floor":4,"turns":3},{"damage":3,"enemies":"Exordium Thugs","floor":7,"turns":7},{"damage":0,"enemies":"Looter","floor":11,"turns":4},{"damage":12,"enemies":"Lagavulin","floor":12,"turns":8},{"damage":12,"enemies":"Lots of Slimes","floor":13,"turns":4},{"damage":23,"enemies":"Exordium Thugs","floor":14,"turns":6},{"damage":17,"enemies":"Slime Boss","floor":16,"turns":10},{"damage":2,"enemies":"3 Byrds","floor":18,"turns":3},{"damage":56,"enemies":"Book of Stabbing","floor":23,"turns":8},{"damage":0,"enemies":"Chosen","floor":24,"turns":4},{"damage":4,"enemies":"Snake Plant","floor":28,"turns":5},{"damage":6,"enemies":"Centurion and Healer","floor":29,"turns":5},{"damage":42,"enemies":"Collector","floor":33,"turns":6}],"seed_played":"-3867786360996946334","potions_obtained":[{"floor":4,"key":"Slimebound:SlimedPotion"},{"floor":11,"key":"AttackPotion"},{"floor":13,"key":"LiquidBronze"},{"floor":14,"key":"Energy Potion"},{"floor":23,"key":"Explosive Potion"},{"floor":28,"key":"Slimebound:SlimedPotion"}],"is_trial":false,"path_per_floor":["M","M","$","M","$","R","M","R","T","R","M","E","M","M","R","B",null,"M","?","$","?","$","E","M","R","T","R","M","M","R","$","R","B"],"character_chosen":"SLIMEBOUND","items_purchased":["Lee\u0027s Waffle","Slimebound:AcidTongue","Slimebound:LivingWall","Slimebound:FormOfPuddle+1","Slimebound:SplitMire+1","Slimebound:Recollect+1","Slimebound:SlimeSpikes+1","Slimebound:LeechEnergy"],"campfire_rested":0,"item_purchase_floors":[0,3,5,20,20,22,22,31],"current_hp_per_floor":[72,72,72,68,68,68,72,72,72,72,72,66,62,45,45,36,63,67,67,67,67,67,15,19,19,19,19,17,24,24,24,24,0,0,0],"gold":67,"neow_bonus":"","is_daily":false,"chose_seed":false,"campfire_upgraded":8,"win_rate":0.0,"timestamp":1612829505,"path_taken":["M","?","?","M","$","R","?","R","T","R","M","E","M","M","R","BOSS","M","?","?","?","$","E","?","R","T","R","M","M","R","$","R","BOSS"],"items_purchased_type":["Relic","Card","Card","Card","Card","Card","Card","Card"],"build_version":"2020-12-22","purchased_purges":1,"victory":false,"max_hp_per_floor":[72,72,72,72,72,72,72,72,72,72,72,72,72,72,72,72,72,72,72,72,72,72,72,72,72,72,72,72,72,72,72,72,72,72,72],"relic_stats":{"Lee\u0027s Waffle":79,"Shovel":0,"counters":[41,227],"Turnip":[17],"Black Star":1,"Question Card":10,"Boot":[2],"obtain_stats":[{"Lantern":39,"SacredBark":17,"Enchiridion":22,"Hammer of Thor":0,"Incense Burner":24,"Bag of Preparation":46,"Ginger":48,"Boot":23,"ClockworkSouvenir":10,"Centennial Puzzle":54,"Shovel":0,"Slimebound:StickyStick":28,"Red Mask":21,"Guardian:BottledAnomaly":30,"Toxic Egg 2":12,"Slimebound:AggressiveSlimeRelic":23,"Lee\u0027s Waffle":0,"Pear":41,"Happy Flower":0,"Seething Fire":0,"Question Card":9,"Akabeko":26,"Anvil of the Gods":0,"Molten Egg 2":9,"Turnip":0,"Slimebound:AbsorbEndCombat":0,"Black Star":17,"Slimebound:SlimedTailRelic":0,"bronze:MakeshiftBattery":34,"Toy Ornithopter":26},{"Lantern":18,"SacredBark":8,"Enchiridion":11,"Hammer of Thor":0,"Incense Burner":12,"Bag of Preparation":22,"Ginger":23,"Boot":37,"ClockworkSouvenir":5,"Centennial Puzzle":25,"Shovel":26,"Slimebound:StickyStick":13,"Red Mask":11,"Guardian:BottledAnomaly":14,"Toxic Egg 2":32,"Slimebound:AggressiveSlimeRelic":37,"Lee\u0027s Waffle":26,"Pear":19,"Happy Flower":0,"Seething Fire":0,"Question Card":30,"Akabeko":12,"Anvil of the Gods":0,"Molten Egg 2":5,"Turnip":26,"Slimebound:AbsorbEndCombat":0,"Black Star":35,"Slimebound:SlimedTailRelic":0,"bronze:MakeshiftBattery":16,"Toy Ornithopter":38},{"Lantern":94,"SacredBark":40,"Enchiridion":52,"Hammer of Thor":0,"Incense Burner":61,"Bag of Preparation":118,"Ginger":122,"Boot":207,"ClockworkSouvenir":20,"Centennial Puzzle":136,"Shovel":147,"Slimebound:StickyStick":66,"Red Mask":52,"Guardian:BottledAnomaly":72,"Toxic Egg 2":177,"Slimebound:AggressiveSlimeRelic":207,"Lee\u0027s Waffle":147,"Pear":101,"Happy Flower":0,"Seething Fire":0,"Question Card":165,"Akabeko":61,"Anvil of the Gods":0,"Molten Egg 2":20,"Turnip":147,"Slimebound:AbsorbEndCombat":0,"Black Star":196,"Slimebound:SlimedTailRelic":0,"bronze:MakeshiftBattery":87,"Toy Ornithopter":211}],"Toy Ornithopter":10},"card_choices":[{"not_picked":["Slimebound:FlameTackle","Slimebound:SlimeSpikes"],"picked":"Slimebound:HauntingLick","floor":1},{"not_picked":["Slimebound:ViciousTackle","Slimebound:RainOfGoop"],"picked":"Slimebound:MegaLick","floor":2},{"not_picked":["Slimebound:SplitBruiser","Slimebound:SplitMire"],"picked":"Slimebound:SlimeSpikes","floor":4},{"not_picked":["Slimebound:SplitLeeching","Slimebound:ViciousTackle"],"picked":"Slimebound:Grow","floor":7},{"not_picked":["Slimebound:ItLooksTasty","Slimebound:ComboTackle","Slimebound:Schlurp"],"picked":"Slimebound:HauntingLick","floor":11},{"not_picked":["Slimebound:FlameTackle","Slimebound:MinionMaster","Slimebound:PressTheAttack","Slimebound:ComboTackle"],"picked":"SKIP","floor":12},{"not_picked":["Slimebound:HungryTackle","Slimebound:RollThrough","Slimebound:SplitBruiser+1"],"picked":"Slimebound:HauntingLick+1","floor":13},{"not_picked":["Slimebound:AcidTongue","Slimebound:ViciousTackle","Slimebound:SplitLeeching+1"],"picked":"Slimebound:MegaLick+1","floor":14},{"not_picked":["Slimebound:OneTwoCombo","Slimebound:MassRepurpose+1","Slimebound:SlimeSlap"],"picked":"Slimebound:WasteNot+1","floor":16},{"not_picked":["Slimebound:GoopTackle","Slimebound:Equalize","Slimebound:Nibble+1"],"picked":"Slimebound:SlimeSpikes+1","floor":18},{"not_picked":["Slimebound:HungryTackle","Slimebound:CheckThePlaybook+1","Slimebound:SplitMire+1"],"picked":"Slimebound:LivingWall+1","floor":23},{"not_picked":["Slimebound:RollThrough","Slimebound:Grow","Slimebound:LeechingTouch"],"picked":"Slimebound:GoopSpray+1","floor":24},{"not_picked":["Slimebound:PressTheAttack","Slimebound:LeadByExample","Slimebound:FinishingTackle"],"picked":"Slimebound:HungryTackle","floor":28},{"not_picked":["Slimebound:SlimeSpikes+1","Slimebound:GoopSpray+1","Slimebound:HauntingLick+1"],"picked":"Slimebound:SamplingLick+1","floor":29}],"player_experience":1039574,"relics_obtained":[{"floor":9,"key":"Question Card"},{"floor":12,"key":"Toxic Egg 2"},{"floor":23,"key":"Slimebound:AggressiveSlimeRelic"},{"floor":23,"key":"Boot"},{"floor":26,"key":"Toy Ornithopter"}],"event_choices":[{"damage_healed":0,"gold_gain":0,"cards_transformed":["Slimebound:Defend_Slimebound"],"player_choice":"Transformed","damage_taken":0,"max_hp_gain":0,"max_hp_loss":0,"event_name":"Transmorgrifier","floor":19,"gold_loss":0,"cards_obtained":["Slimebound:Replication"]},{"cards_removed":["Slimebound:FormOfPuddle"],"damage_healed":0,"gold_gain":0,"player_choice":"Give","damage_taken":0,"max_hp_gain":0,"max_hp_loss":0,"event_name":"betterNote:BetterNote","floor":21,"gold_loss":0,"cards_obtained":["Guardian:TwinSlam"]}],"is_beta":false,"boss_relics":[{"not_picked":["Fusion Hammer","SlaversCollar"],"picked":"Black Star"}],"items_purged_floors":[0],"is_endless":false,"potions_floor_spawned":[4,11,13,14,23,28],"killed_by":"Collector","ascension_level":9}}