{"host":"1avr1135to2copjv","time":1612888001,"event":{"mods":["BaseMod","Colored Map","Colored Powertips","Downfall","Minty Spire (QoL Compilation)","Relic Stats","StSLib"],"gold_per_floor":[111,36,11,22,172,201,126,126,153,165,178,178,189,202,202,276,276,287,303,314,314,314],"floor_reached":21,"language":"ENG","playtime":897,"items_purged":["Doubt"],"score":406,"play_id":"2291fb73-4586-46c8-922d-682624237200","local_time":"20210209192641","is_ascension_mode":true,"campfire_choices":[{"data":"Neutralize","floor":8,"key":"SMITH"},{"data":"Crippling Poison","floor":12,"key":"SMITH"},{"data":"Dodge and Roll","floor":15,"key":"SMITH"}],"circlet_count":0,"master_deck":["AscendersBane","Strike_G","Strike_G","Defend_G","Defend_G","Defend_G","Defend_G","Defend_G","Survivor","Neutralize+1","Flying Knee","Dagger Spray","Dodge and Roll+1","Poisoned Stab","Crippling Poison+1","Cloak And Dagger","Blur","Predator","Adrenaline","Dodge and Roll+1","All Out Attack+1","Storm of Steel+1","Crippling Poison","Deadly Poison","Well Laid Plans"],"relics":["Ring of the Snake","NeowsBlessing","Letter Opener","Matryoshka","Dream Catcher","Centennial Puzzle","Astrolabe"],"acts_visited":["Exordium","TheCity"],"potions_floor_usage":[16,20,20],"damage_taken":[{"damage":0,"enemies":"Cultist","floor":1,"turns":1},{"damage":0,"enemies":"Jaw Worm","floor":4,"turns":1},{"damage":0,"enemies":"3 Sentries","floor":6,"turns":1},{"damage":1,"enemies":"Small Slimes","floor":10,"turns":3},{"damage":3,"enemies":"Looter","floor":11,"turns":3},{"damage":2,"enemies":"Exordium Wildlife","floor":13,"turns":3},{"damage":4,"enemies":"Gremlin Gang","floor":14,"turns":4},{"damage":43,"enemies":"Hexaghost","floor":16,"turns":12},{"damage":17,"enemies":"Spheric Guardian","floor":18,"turns":6},{"damage":9,"enemies":"Chosen","floor":19,"turns":5},{"damage":31,"enemies":"Snake Plant","floor":20,"turns":5},{"damage":15,"enemies":"Masked Bandits","floor":21,"turns":2}],"seed_played":"-8800797904067939140","potions_obtained":[{"floor":4,"key":"Regen Potion"},{"floor":6,"key":"SkillPotion"},{"floor":16,"key":"ColorlessPotion"}],"is_trial":false,"path_per_floor":["M","?","$","M","?","E","$","R","T","M","M","R","M","M","R","B",null,"M","M","M","?"],"character_chosen":"THE_SILENT","items_purchased":["Dagger Spray"],"campfire_rested":0,"item_purchase_floors":[3],"current_hp_per_floor":[59,59,59,59,59,59,59,59,59,58,55,55,53,49,49,6,51,34,25,9,0,0],"gold":314,"neow_bonus":"THREE_ENEMY_KILL","is_daily":false,"chose_seed":false,"campfire_upgraded":3,"win_rate":0.0,"timestamp":1612888001,"path_taken":["M","?","?","M","?","E","$","R","T","M","M","R","?","M","R","BOSS","M","M","?","?"],"items_purchased_type":["Card"],"build_version":"2020-12-22","purchased_purges":1,"victory":false,"max_hp_per_floor":[66,66,66,66,66,66,66,66,66,66,66,66,66,66,66,66,66,66,66,66,66,66],"relic_stats":{"Dream Catcher":0,"Centennial Puzzle":[27],"counters":[12,46],"Astrolabe":["Dodge and Roll","All Out Attack","Storm of Steel"],"Letter Opener":[30],"obtain_stats":[{"Dream Catcher":9,"Centennial Puzzle":9,"Matryoshka":6,"NeowsBlessing":0,"Astrolabe":17,"Letter Opener":2,"Ring of the Snake":0},{"Dream Catcher":3,"Centennial Puzzle":3,"Matryoshka":3,"NeowsBlessing":0,"Astrolabe":8,"Letter Opener":1,"Ring of the Snake":0},{"Dream Catcher":3,"Centennial Puzzle":3,"Matryoshka":3,"NeowsBlessing":0,"Astrolabe":28,"Letter Opener":1,"Ring of the Snake":0}],"Ring of the Snake":[24]},"card_choices":[{"not_picked":["Slice","Choke"],"picked":"Flying Knee","floor":1},{"not_picked":["Setup","Infinite Blades"],"picked":"Dodge and Roll","floor":4},{"not_picked":["Prepared","Quick Slash"],"picked":"Poisoned Stab","floor":6},{"not_picked":["Outmaneuver","Sucker Punch"],"picked":"Crippling Poison","floor":10},{"not_picked":["Backstab","Flying Knee"],"picked":"Cloak And Dagger","floor":11},{"not_picked":["Cloak And Dagger","Sucker Punch"],"picked":"Blur","floor":13},{"not_picked":["Quick Slash","All Out Attack"],"picked":"Predator","floor":14},{"not_picked":["Venomology","Die Die Die"],"picked":"Adrenaline","floor":16},{"not_picked":["Finisher","Underhanded Strike+1"],"picked":"Crippling Poison","floor":18},{"not_picked":["Backflip","PiercingWail"],"picked":"Deadly Poison","floor":19},{"not_picked":["Quick Slash+1","Masterful Stab"],"picked":"Well Laid Plans","floor":20}],"player_experience":1079322,"relics_obtained":[{"floor":6,"key":"Matryoshka"},{"floor":9,"key":"Dream Catcher"},{"floor":9,"key":"Centennial Puzzle"}],"event_choices":[{"damage_healed":0,"gold_gain":0,"player_choice":"Paid Gold","damage_taken":0,"relics_obtained":["Letter Opener"],"max_hp_gain":0,"max_hp_loss":0,"event_name":"WeMeetAgain","floor":2,"gold_loss":75},{"damage_healed":0,"gold_gain":150,"player_choice":"AGREE","damage_taken":0,"max_hp_gain":0,"max_hp_loss":0,"event_name":"Liars Game","floor":5,"gold_loss":0,"cards_obtained":["Doubt"]},{"damage_healed":0,"gold_gain":0,"player_choice":"Fought Bandits","damage_taken":0,"max_hp_gain":0,"max_hp_loss":0,"event_name":"Masked Bandits","floor":21,"gold_loss":0}],"is_beta":false,"boss_relics":[{"not_picked":["Velvet Choker","Snecko Eye"],"picked":"Astrolabe"}],"items_purged_floors":[7],"is_endless":false,"potions_floor_spawned":[4,6,16,19],"killed_by":"Masked Bandits","ascension_level":19}}