{"host":"zq15pup7vna0uxo1","time":1612858096,"event":{"mods":["BaseMod","Bestiary","Colored Map","Downfall","Minty Spire (QoL Compilation)","Replay The Spire","StSLib","The Cursed","The Marked","The Servant 0.9.4"],"gold_per_floor":[115,115,65,81,101,101,130,143,143,143,158,158,177,177,177,272,272,252,262,272,34,34,34],"floor_reached":22,"language":"ENG","playtime":1169,"items_purged":[],"score":263,"play_id":"2cdd1115-b49e-49e3-9bf7-63d5fe98b9b0","local_time":"20210209090816","is_ascension_mode":false,"campfire_choices":[{"data":"FanOfKnives","floor":6,"key":"SMITH"},{"floor":10,"key":"REST"},{"floor":12,"key":"REST"},{"data":"LightFlow","floor":15,"key":"SMITH"}],"circlet_count":0,"master_deck":["Strike_S","Strike_S","Strike_S","Defend_S","Defend_S","Defend_S","Defend_S","KidneyShot","Exchange","GearUp","Spreading Infection","FanOfKnives+1","LightFlow+1","Read","WasteNot","FloweringNight"],"relics":["Uniform","Ring of Hypnosis","ReplayTheSpireMod:Lightbulb","Replay:Ringing Soul","SacredBark","Pear"],"acts_visited":["Exordium","TheCity"],"potions_floor_usage":[16,16],"damage_taken":[{"damage":1,"enemies":"Small Slimes","floor":1,"turns":4},{"damage":0,"enemies":"2 Louse","floor":4,"turns":4},{"damage":8,"enemies":"Cultist","floor":5,"turns":4},{"damage":35,"enemies":"Lagavulin","floor":7,"turns":9},{"damage":0,"enemies":"Looter","floor":8,"turns":2},{"damage":9,"enemies":"2 Fungi Beasts","floor":11,"turns":4},{"damage":14,"enemies":"Large Slime","floor":13,"turns":4},{"damage":0,"enemies":"Slime Boss","floor":16,"turns":7},{"damage":22,"enemies":"2 Thieves","floor":18,"turns":4},{"damage":0,"enemies":"3 Byrds","floor":19,"turns":6},{"damage":33,"enemies":"Snake Plant","floor":20,"turns":5},{"damage":38,"enemies":"3 Cultists","floor":22,"turns":4}],"seed_played":"4996224842459144843","potions_obtained":[{"floor":4,"key":"Swift Potion"},{"floor":8,"key":"FearPotion"},{"floor":13,"key":"AttackPotion"},{"floor":16,"key":"Dexterity Potion"},{"floor":19,"key":"Languid Potion"}],"is_trial":false,"path_per_floor":["M","?","?","M","M","R","E","M","T","R","M","R","M","?","R","B",null,"M","M","M","$","M"],"character_chosen":"THE_SERVANT","items_purchased":["Pear"],"campfire_rested":2,"item_purchase_floors":[21],"current_hp_per_floor":[70,70,70,70,62,62,27,27,27,48,39,60,49,52,52,55,80,58,58,25,35,0,0],"gold":34,"neow_bonus":"TEN_PERCENT_HP_BONUS","is_daily":false,"chose_seed":false,"campfire_upgraded":2,"win_rate":0.0,"timestamp":1612858096,"path_taken":["M","?","?","M","M","R","E","M","T","R","M","R","M","?","R","BOSS","M","?","M","$","M"],"items_purchased_type":["Relic"],"build_version":"2020-12-22","purchased_purges":0,"victory":false,"max_hp_per_floor":[71,71,71,71,71,71,71,71,71,71,71,71,74,77,77,80,80,80,80,80,90,90,90],"card_choices":[{"not_picked":["Rearm","Rewind"],"picked":"GearUp","floor":1},{"not_picked":["DoubleEdge","Collapse"],"picked":"FanOfKnives","floor":4},{"not_picked":["Spin","Snipe","Unruled"],"picked":"SKIP","floor":5},{"not_picked":["Foresight","BottledTime"],"picked":"LightFlow","floor":7},{"not_picked":["Revamp","Unruled","Defy"],"picked":"SKIP","floor":8},{"not_picked":["Comet","BottledTime","Rewind"],"picked":"SKIP","floor":11},{"not_picked":["Rewind","Sabotage"],"picked":"Read","floor":13},{"not_picked":["Solidify","FlawlessForm"],"picked":"FloweringNight","floor":16},{"not_picked":["Moonlight","Replace","Potential+1"],"picked":"SKIP","floor":18},{"not_picked":["Potential","Rearm","Rewind"],"picked":"SKIP","floor":19},{"not_picked":["StarChef","Rewind","Unruled"],"picked":"SKIP","floor":20}],"player_experience":1182427,"relics_obtained":[{"floor":2,"key":"Ring of Hypnosis"},{"floor":7,"key":"ReplayTheSpireMod:Lightbulb"},{"floor":9,"key":"Replay:Ringing Soul"}],"event_choices":[{"cards_removed":["Strike_S"],"damage_healed":0,"gold_gain":0,"player_choice":"Card Removal","damage_taken":0,"max_hp_gain":0,"max_hp_loss":0,"event_name":"The Cleric","floor":3,"gold_loss":50},{"damage_healed":0,"gold_gain":0,"player_choice":"1 cards matched","damage_taken":0,"max_hp_gain":0,"max_hp_loss":0,"event_name":"Match and Keep!","floor":14,"gold_loss":0,"cards_obtained":["WasteNot"]}],"is_beta":false,"boss_relics":[{"not_picked":["Kintsugi","Cursed Key"],"picked":"SacredBark"}],"items_purged_floors":[],"is_endless":false,"potions_floor_spawned":[4,8,13,16,19,20],"killed_by":"3 Cultists","ascension_level":0}}