{"host":"9slw7l0ws16384qq","time":1612898898,"event":{"mods":["A Penny For Your Troubles","BaseMod","Colored Map","Downfall","Evolution","Hubris","Minty Spire (QoL Compilation)","Replay The Spire","StS++","StSLib"],"gold_per_floor":[149,149,149,74,174,174,174,174,184,20,20,20,5,5,16,113,113,13,33,33,46,58,86,86,86,121,133,33,61,74,74,88,191,191,91,109,128,13,25,25,71,87,105,105,115,280,280,280,292,293,293,328,23,23,23,23],"floor_reached":57,"language":"FRA","playtime":2605,"items_purged":["bronze:Defend","bronze:Defend"],"score":1581,"play_id":"0f621ff4-53a0-4d33-8605-accfc28b3850","local_time":"20210209202818","is_ascension_mode":true,"campfire_choices":[{"data":"bronze:Explode","floor":8.0,"key":"SMITH"},{"data":"bronze:Constructor","floor":12.0,"key":"SMITH"},{"data":"bronze:OilSpill","floor":18.0,"key":"SMITH"},{"floor":25.0,"key":"RECALL"},{"data":"bronze:Branch","floor":28.0,"key":"SMITH"},{"data":"bronze:Defend","floor":35.0,"key":"PURGE"},{"data":"bronze:WhirlingStrike","floor":44,"key":"SMITH"},{"data":"expansioncontent:QuickStudy","floor":47,"key":"SMITH"},{"floor":54,"key":"REST"}],"circlet_count":0,"master_deck":["bronze:WhirlingStrike+1","bronze:WhirlingStrike+1","bronze:WhirlingStrike+1","bronze:WhirlingStrike+1","bronze:Constructor+1","bronze:Replicate","bronze:Goto+1","bronze:OilSpill+1","bronze:Branch+1","bronze:DazingPulse+1","bronze:Shield","bronze:DazingPulse+1","bronze:Branch+1","bronze:OilSpill+1","bronze:Shield+1","expansioncontent:QuickStudy+1"],"relics":["bronze:BronzeCore","EVO:Axolotl","downfall:HeartsMalice","Juzu Bracelet","Toy Ornithopter","FaceOfCleric","Singing Bowl","Guide Book","SlaversCollar","downfall:HeartBlessingBlue","bronze:BottledCode","Peace Pipe","Replay:Towering Pillar of Hats","hubris:TenFootPole","downfall:HeartBlessingRed","Replay:PocketPolymizer","MutagenicStrength","Philosopher\u0027s Stone","downfall:HeartBlessingGreen","Whetstone","StSpp:GiftCard","ReplayFunnel","Boot"],"acts_visited":["Exordium","TheCity","TheBeyond","TheEnding"],"potions_floor_usage":[50,50,50,56,56],"damage_taken":[{"damage":0.0,"enemies":"Small Slimes","floor":2.0,"turns":1.0},{"damage":0.0,"enemies":"Small Slimes","floor":3.0,"turns":1.0},{"damage":0.0,"enemies":"downfall:FleeingMerchant","floor":4.0,"turns":1.0},{"damage":44.0,"enemies":"downfall:LadyInBlue","floor":5.0,"turns":9.0},{"damage":0.0,"enemies":"Cultist","floor":9.0,"turns":2.0},{"damage":2.0,"enemies":"downfall:FleeingMerchant","floor":10.0,"turns":4.0},{"damage":1.0,"enemies":"downfall:FleeingMerchant","floor":13.0,"turns":4.0},{"damage":0.0,"enemies":"2 Louse","floor":15.0,"turns":2.0},{"damage":34.0,"enemies":"WA_ARCHETYPE_RETAIN","floor":16.0,"turns":7.0},{"damage":0.0,"enemies":"3 Byrds","floor":19.0,"turns":1.0},{"damage":0.0,"enemies":"Sentry and Sphere","floor":21.0,"turns":1.0},{"damage":19.0,"enemies":"Cultist and Chosen","floor":22.0,"turns":5.0},{"damage":15.0,"enemies":"Slavers","floor":23.0,"turns":4.0},{"damage":2.0,"enemies":"Gremlin Leader","floor":26.0,"turns":4.0},{"damage":0.0,"enemies":"Centurion and Healer","floor":27.0,"turns":4.0},{"damage":13.0,"enemies":"Slavers","floor":29.0,"turns":5.0},{"damage":0.0,"enemies":"Chosen and Byrds","floor":30.0,"turns":3.0},{"damage":8.0,"enemies":"Shelled Parasite and Fungi","floor":32.0,"turns":3.0},{"damage":20.0,"enemies":"SI_MIRROR_ARCHETYPE","floor":33.0,"turns":9.0},{"damage":0.0,"enemies":"3 Shapes","floor":36.0,"turns":1.0},{"damage":0.0,"enemies":"Orb Walker","floor":37.0,"turns":2.0},{"damage":0.0,"enemies":"downfall:FleeingMerchant","floor":38.0,"turns":4.0},{"damage":0.0,"enemies":"Sphere and 2 Shapes","floor":39.0,"turns":1.0},{"damage":2,"enemies":"Spire Growth","floor":42,"turns":4},{"damage":0,"enemies":"Jaw Worm Horde","floor":43,"turns":1},{"damage":0,"enemies":"4 Shapes","floor":45,"turns":1},{"damage":0,"enemies":"downfall:FleeingMerchant","floor":46,"turns":1},{"damage":0,"enemies":"Maw","floor":49,"turns":6},{"damage":32,"enemies":"DF_ARCHETYPE_ORBS","floor":50,"turns":5},{"damage":86,"enemies":"downfall:CharBossMerchant","floor":52,"turns":11},{"damage":22,"enemies":"downfall:NeowBoss","floor":55,"turns":11},{"damage":64,"enemies":"downfall:NeowBossFinal","floor":56,"turns":8}],"seed_played":"6695559109909140971","potions_obtained":[{"floor":1.0,"key":"AttackPotion"},{"floor":5.0,"key":"StSpp:ScatteredWeakPotion"},{"floor":5.0,"key":"Doom Potion"},{"floor":5.0,"key":"Strength Potion"},{"floor":16.0,"key":"Flashbang"},{"floor":39.0,"key":"CultistPotion"},{"floor":52,"key":"Ancient Potion"}],"is_trial":false,"path_per_floor":["R_BF","M","?","$","?","?","T","R","M","$","?","R","$","T","M","B",null,"R","M","?","M","M","E","T","R","E","M","R","E","M","?","M","B",null,"R","M","M","$","M","?","T","M","M","R","M","$","R","?","M","B",null,"E","$","R","B","B",null],"character_chosen":"THE_AUTOMATON","items_purchased":["Guide Book","expansioncontent:QuickStudy","hexamod:SoulburnPotion","ReplayFunnel","Boot"],"campfire_rested":1,"item_purchase_floors":[10,46,53,53,53],"current_hp_per_floor":[63,63,63,63,19,19,19,19,22,23,23,23,25,25,28,7,66,76,79,79,82,66,54,54,54,55,58,58,48,51,51,44,27,92,92,95,98,99,100,96,96,97,100,100,103,106,106,106,109,93,126,43,43,85,74,21],"gold":23,"neow_bonus":"THREE_ENEMY_KILL","is_daily":false,"chose_seed":false,"campfire_upgraded":6,"win_rate":0.0,"timestamp":1612898898,"path_taken":["R_BF","M","?","$","?","?","T","R","M","?","?","R","$","?","M","BOSS","R","M","?","M","M","E","T","R","E","M","R","E","M","?","M","BOSS","R","M","M","$","M","?","T","M","M","R","M","$","R","?","M","BOSS","E","$","R","BOSS","BOSS"],"items_purchased_type":["Relic","Card","Potion","Relic","Relic"],"build_version":"2020-12-22","purchased_purges":2,"victory":true,"max_hp_per_floor":[70,70,70,70,70,70,70,70,73,76,76,76,79,79,82,85,85,95,98,88,91,94,97,97,97,100,103,103,106,109,109,110,113,113,113,116,119,120,121,121,121,124,127,127,130,133,133,133,136,137,137,140,140,140,141,142],"card_choices":[{"not_picked":["bronze:Constructor","bronze:BitShift"],"picked":"bronze:OilSpill","floor":1.0},{"not_picked":["bronze:Constructor","bronze:Invalidate"],"picked":"bronze:Branch","floor":1.0},{"not_picked":["bronze:Boost","bronze:WhirlingStrike","bronze:BitShift"],"picked":"SKIP","floor":2.0},{"not_picked":[],"picked":"bronze:DazingPulse","floor":3.0},{"not_picked":[],"picked":"bronze:Explode","floor":3.0},{"not_picked":["bronze:Fortify","bronze:Overheat","bronze:DarkDash"],"picked":"SKIP","floor":4.0},{"not_picked":["bronze:DelayedSlice","bronze:Safeguard"],"picked":"bronze:Shield","floor":5.0},{"not_picked":["bronze:RecursiveStrike","bronze:WildBeam","bronze:InfiniteBeams"],"picked":"Singing Bowl","floor":9.0},{"not_picked":["bronze:FineTuning","bronze:Allocate","bronze:DarkDash"],"picked":"Singing Bowl","floor":10.0},{"not_picked":["bronze:ClassDefault","bronze:DelayedGuard","bronze:Library"],"picked":"Singing Bowl","floor":13.0},{"not_picked":["bronze:InfiniteBeams","bronze:OilSpill","bronze:DelayedSlice"],"picked":"Singing Bowl","floor":15.0},{"not_picked":["bronze:ShipIt","bronze:HardenedForm","bronze:HyperBeam"],"picked":"Singing Bowl","floor":16.0},{"not_picked":["bronze:BronzeArmor","bronze:Repulsor","bronze:DelayedGuard"],"picked":"Singing Bowl","floor":19.0},{"not_picked":["bronze:Refactor+1","bronze:Shield","bronze:Branch"],"picked":"Singing Bowl","floor":21.0},{"not_picked":["bronze:ForceShield+1","bronze:BitShift","bronze:DelayedSlice"],"picked":"Singing Bowl","floor":22.0},{"not_picked":["bronze:Constructor","bronze:Refactor","bronze:NullPointer"],"picked":"Singing Bowl","floor":23.0},{"not_picked":["bronze:Iterate","bronze:Separator","bronze:ChosenStrike"],"picked":"Singing Bowl","floor":26.0},{"not_picked":["bronze:Overheat","bronze:Overload+1","bronze:ChosenStrike+1"],"picked":"Singing Bowl","floor":27.0},{"not_picked":["bronze:Assembly","bronze:NullPointer","bronze:Philosophize+1"],"picked":"Singing Bowl","floor":29.0},{"not_picked":["bronze:Overload+1","bronze:Branch","bronze:BugBarrage"],"picked":"Singing Bowl","floor":30.0},{"not_picked":["bronze:ItsAFeature","bronze:Fortify+1"],"picked":"bronze:Branch+1","floor":32.0},{"not_picked":["bronze:Library","bronze:CleanCode","bronze:InfiniteLoop"],"picked":"Singing Bowl","floor":33.0},{"not_picked":["bronze:Backtrace+1","bronze:BugBarrage+1","bronze:BitShift+1"],"picked":"Singing Bowl","floor":36.0},{"not_picked":["bronze:InfiniteBeams","bronze:Optimize+1","bronze:DelayedSlice+1"],"picked":"Singing Bowl","floor":37.0},{"not_picked":["bronze:CloningBeam+1","bronze:BugBarrage+1"],"picked":"bronze:OilSpill+1","floor":38.0},{"not_picked":["bronze:Fortify","bronze:ChildClass"],"picked":"bronze:Shield+1","floor":39.0},{"not_picked":["bronze:Overheat","bronze:Break","bronze:BitShift"],"picked":"Singing Bowl","floor":42},{"not_picked":["bronze:Repair+1","bronze:CutThrough+1","bronze:Overheat"],"picked":"Singing Bowl","floor":43},{"not_picked":["bronze:Overheat+1","bronze:Iterate+1","bronze:Deprecate"],"picked":"Singing Bowl","floor":45},{"not_picked":["bronze:ThunderWave","bronze:BuggyMess+1","bronze:BronzeOrb"],"picked":"Singing Bowl","floor":46},{"not_picked":["bronze:Overheat+1","bronze:BugBarrage+1","bronze:Repulsor+1"],"picked":"Singing Bowl","floor":49},{"not_picked":["bronze:Allocate+1","bronze:CutThrough","bronze:SpaghettiCode"],"picked":"Singing Bowl","floor":52}],"player_experience":1669750,"relics_obtained":[{"floor":1.0,"key":"Juzu Bracelet"},{"floor":5.0,"key":"Toy Ornithopter"},{"floor":7.0,"key":"Singing Bowl"},{"floor":23.0,"key":"Peace Pipe"},{"floor":24.0,"key":"Replay:Towering Pillar of Hats"},{"floor":26.0,"key":"hubris:TenFootPole"},{"floor":29.0,"key":"Replay:PocketPolymizer"},{"floor":41.0,"key":"Whetstone"},{"floor":52,"key":"StSpp:GiftCard"}],"event_choices":[{"damage_healed":0.0,"max_hp_gain":0.0,"max_hp_loss":0.0,"gold_gain":0.0,"event_name":"FaceTrader","player_choice":"Trade","floor":6.0,"gold_loss":0.0,"damage_taken":0.0,"relics_obtained":["FaceOfCleric"]},{"damage_healed":0.0,"max_hp_gain":0.0,"max_hp_loss":0.0,"gold_gain":0.0,"event_name":"Drug Dealer","player_choice":"Inject Mutagens","floor":31.0,"gold_loss":0.0,"damage_taken":0.0,"relics_obtained":["MutagenicStrength"]}],"is_beta":false,"boss_relics":[{"not_picked":["Replay:Wanted Poster","hubris:Stopwatch"],"picked":"SlaversCollar"},{"not_picked":["Empty Cage","hubris:ScarierMask"],"picked":"Philosopher\u0027s Stone"}],"items_purged_floors":[4,38],"is_endless":false,"potions_floor_spawned":[5,9,15,16,21,26,29,32,33,36,39,42,45,52],"ascension_level":7}}