{"host":"RampantMystic","time":1612869923,"event":{"mods":["Act Like it!","BaseMod","Bestiary","Better Match","Better Third Choice","Better Vampires","Block Reminder","ChefMod","Conjunction","Conspire","Dota2Spire","Evolution","GifTheSpireLib","Infinite Spire","Menagerie","Minty Spire (QoL Compilation)","Potionbrewer","QueenMod","Rare Cards Sparkle","Relic Stats","Replay The Spire","Spicy Shops","Spikes Relics","Spire Arcade","StSLib","Stuff the Spire","Swap Starting Deck Mod","The Blue Laboratory","The Cursed","The Jungle","The Mystic","The Necromancer","The Runesmith","TheVacant","Thieving Mod","Wandering Minibosses","Weighted Paths","slay the spire mod where everything is the same but ironclad has a cowboy hat"],"gold_per_floor":[117,117,133,149,167,198,198,210,210,210,198,198,214,66,66,168,168,187,187,187,205,171,204,204,0,0,16,16],"floor_reached":27,"language":"ENG","playtime":1608,"items_purged":[],"score":271,"play_id":"6cdc6417-2b4c-4319-9e26-688cce17e4ad","local_time":"20210209132523","is_ascension_mode":true,"campfire_choices":[{"data":"Gash","floor":7,"key":"SMITH"},{"data":"Menagerie:LoxodonWarhammer","floor":10,"key":"SMITH"},{"data":"FTL","floor":15,"key":"SMITH"},{"data":"RitualDagger","floor":24,"key":"SMITH"}],"circlet_count":0,"master_deck":["Strike_B","Strike_B","Strike_B","Defend_B","Defend_B","Defend_B","Defend_B","Zap","Dualcast","Menagerie:LoxodonWarhammer+1","Coolheaded","Leap","Gash+1","Coolheaded","FTL+1","Gash+1","RitualDagger+1","Sweeping Beam+1","Fusion+1","Barrage"],"relics":["Cracked Core","MiniBlackHole","Replay:Ringing Soul","StuffTheSpire:DarkSteelAnvil","Cursed Key","infinitespire:Midas Blood","Gremlin Food"],"acts_visited":["Exordium","TheCity"],"potions_floor_usage":[6,11,16,22,22],"damage_taken":[{"damage":0,"enemies":"Menagerie:WhisperingWraith","floor":1,"turns":1},{"damage":0,"enemies":"Menagerie:StygianBoar","floor":3,"turns":1},{"damage":0,"enemies":"Menagerie:2_RABBITS","floor":4,"turns":1},{"damage":4,"enemies":"Menagerie:RedMage","floor":5,"turns":5},{"damage":16,"enemies":"Menagerie:MaskedSummoner","floor":6,"turns":12},{"damage":7,"enemies":"Menagerie:3_RABBITS","floor":8,"turns":5},{"damage":20,"enemies":"Menagerie:EntropyWarlock","floor":11,"turns":6},{"damage":0,"enemies":"Menagerie:BEAST_MAGE_AND_PROWLING_AMALGAM","floor":13,"turns":6},{"damage":5,"enemies":"Menagerie:Chimera","floor":16,"turns":14},{"damage":12,"enemies":"Shell Parasite","floor":18,"turns":5},{"damage":11,"enemies":"Chosen","floor":21,"turns":5},{"damage":28,"enemies":"Snake Plant","floor":22,"turns":6},{"damage":26,"enemies":"conspire:SneckoGhost","floor":23,"turns":8},{"damage":47,"enemies":"Book of Stabbing","floor":27,"turns":5}],"seed_played":"3504568143866535342","potions_obtained":[{"floor":4,"key":"blueLaboratory:RelayPotion"},{"floor":5,"key":"Conjunction:LightningMarble"},{"floor":11,"key":"blueLaboratory:TeslaPotion"},{"floor":13,"key":"blueLaboratory:RelayPotion"},{"floor":16,"key":"blueLaboratory:CoolantVial"},{"floor":18,"key":"Flashbang"},{"floor":21,"key":"potionbrewer:BoundlessPotion"}],"is_trial":false,"path_per_floor":["M","?","M","M","M","E","R","M","T","R","M","?","M","$","R","B",null,"M","?","?","M","M","E","R","$","T","E"],"character_chosen":"DEFECT","items_purchased":["StuffTheSpire:DarkSteelAnvil","FTL","Gremlin Food","Barrage"],"campfire_rested":0,"item_purchase_floors":[14,14,25,25],"current_hp_per_floor":[75,75,75,75,74,62,62,59,59,59,46,46,53,56,56,59,78,73,73,70,70,52,34,34,37,37,0,0],"gold":16,"neow_bonus":"THREE_ENEMY_KILL","is_daily":false,"chose_seed":false,"campfire_upgraded":4,"win_rate":0.0,"timestamp":1612869923,"path_taken":["M","?","?","M","M","E","R","M","T","R","M","?","?","$","R","BOSS","M","?","?","M","M","E","R","$","T","E"],"items_purchased_type":["Relic","Card","Relic","Card"],"build_version":"2020-12-18","purchased_purges":0,"victory":false,"max_hp_per_floor":[75,75,75,75,75,75,75,75,75,75,75,75,75,78,78,78,78,81,81,84,87,90,90,90,93,93,93,93],"relic_stats":{"counters":[14,80],"Cursed Key":0,"obtain_stats":[{"Gremlin Food":25,"Replay:Ringing Soul":9,"NeowsBlessing":0,"MiniBlackHole":6,"StuffTheSpire:DarkSteelAnvil":14,"EVO:Axolotl":0,"Cracked Core":0,"Cursed Key":17,"infinitespire:Midas Blood":23},{"Gremlin Food":13,"Replay:Ringing Soul":6,"NeowsBlessing":0,"MiniBlackHole":5,"StuffTheSpire:DarkSteelAnvil":8,"EVO:Axolotl":0,"Cracked Core":0,"Cursed Key":9,"infinitespire:Midas Blood":13},{"Gremlin Food":75,"Replay:Ringing Soul":25,"NeowsBlessing":0,"MiniBlackHole":20,"StuffTheSpire:DarkSteelAnvil":37,"EVO:Axolotl":0,"Cracked Core":0,"Cursed Key":51,"infinitespire:Midas Blood":75}]},"card_choices":[{"not_picked":["ReplayTheSpireMod:Reroute Power","Streamline","Genetic Algorithm"],"picked":"SKIP","floor":1},{"not_picked":["Steam","StuffTheSpire:ShieldGenerator"],"picked":"Coolheaded","floor":3},{"not_picked":["Compile Driver","StuffTheSpire:Plugnplay"],"picked":"Leap","floor":4},{"not_picked":["BasicCrystalCard","Darkness"],"picked":"Gash","floor":5},{"not_picked":["Redo","StuffTheSpire:EventHorizon","Panic Button"],"picked":"SKIP","floor":6},{"not_picked":["Aggregate","Hologram"],"picked":"Coolheaded","floor":8},{"not_picked":["conspire:Rain","Hologram","Conserve Battery"],"picked":"SKIP","floor":11},{"not_picked":["Turbo","ReplaySolidLightProjector","Sunder"],"picked":"SKIP","floor":13},{"not_picked":["Undo+1","Cold Snap+1"],"picked":"Gash+1","floor":18},{"not_picked":["Redo","Turbo"],"picked":"Sweeping Beam+1","floor":21},{"not_picked":["Lockon","BasicCrystalCard"],"picked":"Fusion+1","floor":22},{"not_picked":["Rebound","Cold Snap+1","StuffTheSpire:ShieldGenerator"],"picked":"SKIP","floor":23}],"player_experience":1563991,"relics_obtained":[{"floor":6,"key":"MiniBlackHole"},{"floor":9,"key":"Replay:Ringing Soul"},{"floor":23,"key":"infinitespire:Midas Blood"}],"event_choices":[{"damage_healed":0,"gold_gain":0,"cards_transformed":["Strike_B"],"player_choice":"Grasp","damage_taken":0,"max_hp_gain":0,"max_hp_loss":0,"event_name":"Menagerie:MagesHand","floor":2,"gold_loss":0,"cards_obtained":["Menagerie:LoxodonWarhammer"]},{"damage_healed":0,"gold_gain":0,"player_choice":"Ignored","damage_taken":0,"max_hp_gain":0,"max_hp_loss":0,"event_name":"Menagerie:CorruptingLight","floor":12,"gold_loss":0},{"damage_healed":0,"gold_gain":0,"player_choice":"Dagger","damage_taken":6,"max_hp_gain":0,"max_hp_loss":0,"event_name":"betterThird:BetterNest","floor":20,"gold_loss":0,"cards_obtained":["RitualDagger"]}],"is_beta":true,"boss_relics":[{"not_picked":["Kintsugi","potionbrewer:BhaskarasWheel"],"picked":"Cursed Key"}],"items_purged_floors":[],"is_endless":false,"potions_floor_spawned":[4,5,11,13,16,18,21],"killed_by":"Book of Stabbing","ascension_level":1}}