{"host":"j4g6ia6asvpyu2b0","time":1612831883,"event":{"mods":["BaseMod","Colored Map","Downfall","Minty Spire (QoL Compilation)","Permanent Neow","Quick Restart","Relic Stats","StSLib","Unceasing Turn Reminder"],"gold_per_floor":[99,115,135,154,139,139,139,164,164,164,196,207,207,218,233,337,337,337,356,375,475,309,341,341,341,341,374,394,101,101,132,145,241,241,241,256,256,275,106,124,148,168,213,119,19,53,80,112,130,130],"floor_reached":51,"language":"ENG","playtime":2712,"items_purged":["hexamod:Strike+1","hexamod:Defend+1"],"score":867,"play_id":"7b475d39-94f3-46a9-8113-9c81ff11ce50","local_time":"20210208175123","is_ascension_mode":true,"campfire_choices":[{"data":"hexamod:Sear","floor":1,"key":"SMITH"},{"floor":13,"key":"REST"},{"data":"hexamod:VolcanoVisage","floor":18,"key":"SMITH"},{"floor":26,"key":"REST"},{"floor":30,"key":"REST"},{"floor":35,"key":"RECALL"},{"floor":45,"key":"REST"}],"circlet_count":0,"master_deck":["hexamod:Strike+1","hexamod:Strike+1","hexamod:Defend+1","hexamod:Defend+1","hexamod:Defend+1","hexamod:Sear+1","hexamod:Float+1","hexamod:FifthSeal","hexamod:SixthSeal","hexamod:SpectralAdrenaline+1","hexamod:FirstSeal","hexamod:ExtraCrispy+1","hexamod:HeatShield+1","hexamod:SixthSeal","hexamod:GhostOfSpireFuture+1","hexamod:SixthSeal","hexamod:HauntingEcho+1","hexamod:PhantomCloak+1","hexamod:ChargedBarrage+1","hexamod:VolcanoVisage+1","hexamod:RadiantFlame+1","hexamod:Firestarter+1","hexamod:StepThrough+1","hexamod:FlamesFromBeyond+1","hexamod:EmpoweredFlame+1","hexamod:Hexaguard+1","hexamod:SearingWound+1","hexamod:NightmareGuise+1","hexamod:HeatCrush+1","expansioncontent:QuickStudy+1","hexamod:ApocalypseNow+1","hexamod:Incineration+1","expansioncontent:GuardianWhirl+1","hexamod:ExtraCrispy+1","hexamod:ApocalypseNow+1","hexamod:SkipABeat+1","hexamod:Firestarter+1","hexamod:Firestarter+1","hexamod:SixthSeal","hexamod:TimeOfNeed+1","hexamod:RainOfEmbers+1"],"relics":["hexamod:SpiritBrand","Matryoshka","Gremlin Horn","InkBottle","Orichalcum","Sozu","WingedGreaves","Mercury Hourglass","Omamori","Lantern","Toxic Egg 2","Red Mask","Pen Nib","Philosopher\u0027s Stone","Medical Kit","Centennial Puzzle","MealTicket","Thread and Needle","Lee\u0027s Waffle","Turnip","downfall:HeartBlessingRed","White Beast Statue","Nunchaku","StrikeDummy"],"acts_visited":["Exordium","TheCity","TheBeyond"],"potions_floor_usage":[11,12,21,50,50],"damage_taken":[{"damage":8,"enemies":"Jaw Worm","floor":2,"turns":4},{"damage":0,"enemies":"2 Louse","floor":3,"turns":5},{"damage":0,"enemies":"Small Slimes","floor":4,"turns":4},{"damage":5,"enemies":"downfall:FleeingMerchant","floor":5,"turns":4},{"damage":24,"enemies":"Gremlin Nob","floor":8,"turns":5},{"damage":5,"enemies":"Lagavulin","floor":11,"turns":7},{"damage":16,"enemies":"2 Fungi Beasts","floor":12,"turns":3},{"damage":5,"enemies":"Large Slime","floor":14,"turns":5},{"damage":2,"enemies":"Blue Slaver","floor":15,"turns":3},{"damage":11,"enemies":"SI_SHIV_ARCHETYPE","floor":16,"turns":10},{"damage":5,"enemies":"Spheric Guardian","floor":19,"turns":4},{"damage":14,"enemies":"3 Byrds","floor":20,"turns":5},{"damage":27,"enemies":"IC_STATUS_ARCHETYPE","floor":21,"turns":8},{"damage":10,"enemies":"downfall:FleeingMerchant","floor":22,"turns":4},{"damage":18,"enemies":"Gremlin Leader","floor":23,"turns":8},{"damage":15,"enemies":"Masked Bandits","floor":27,"turns":3},{"damage":1,"enemies":"Centurion and Healer","floor":28,"turns":5},{"damage":4,"enemies":"downfall:FleeingMerchant","floor":29,"turns":4},{"damage":12,"enemies":"Book of Stabbing","floor":31,"turns":4},{"damage":0,"enemies":"Snecko","floor":32,"turns":3},{"damage":17,"enemies":"DF_ARCHETYPE_CLAW","floor":33,"turns":6},{"damage":3,"enemies":"3 Darklings","floor":36,"turns":3},{"damage":5,"enemies":"3 Shapes","floor":38,"turns":4},{"damage":0,"enemies":"downfall:FleeingMerchant","floor":39,"turns":4},{"damage":26,"enemies":"Jaw Worm Horde","floor":40,"turns":4},{"damage":16,"enemies":"Writhing Mass","floor":42,"turns":4},{"damage":10,"enemies":"2 Orb Walkers","floor":43,"turns":4},{"damage":0,"enemies":"downfall:FleeingMerchant","floor":44,"turns":3},{"damage":49,"enemies":"Reptomancer","floor":46,"turns":6},{"damage":1,"enemies":"Giant Head","floor":48,"turns":6},{"damage":0,"enemies":"Sphere and 2 Shapes","floor":49,"turns":1},{"damage":19,"enemies":"WA_ARCHETYPE_DIVINITY","floor":50,"turns":7}],"seed_played":"931747230370883125","potions_obtained":[{"floor":8,"key":"hexamod:SoulburnPotion"},{"floor":11,"key":"DistilledChaos"},{"floor":12,"key":"Strength Potion"},{"floor":14,"key":"EssenceOfSteel"},{"floor":16,"key":"SneckoOil"}],"is_trial":false,"path_per_floor":["R","M","M","M","$","?","T","E","?","?","E","M","R","M","M","B",null,"R","M","M","?","$","E","T","?","R","?","M","$","R","E","M","B",null,"R","M","?","M","$","M","T","M","?","$","R","E","T","E","M","B",null],"character_chosen":"THE_SPIRIT","items_purchased":["hexamod:EmpoweredFlame","expansioncontent:QuickStudy","Medical Kit","Lee\u0027s Waffle","Turnip"],"campfire_rested":4,"item_purchase_floors":[22,29,39,44,44],"current_hp_per_floor":[70,62,62,62,64,64,64,40,40,40,35,19,40,42,47,36,70,70,70,63,43,40,29,29,29,50,42,48,44,65,53,53,36,70,70,67,67,62,69,43,43,27,24,77,77,28,28,27,27,8],"gold":130,"neow_bonus":"ONE_RANDOM_RARE_CARD","is_daily":false,"chose_seed":false,"campfire_upgraded":2,"win_rate":0.0,"timestamp":1612831883,"path_taken":["R","M","M","M","$","?","T","E","?","?","E","?","R","M","M","BOSS","R","M","M","?","$","E","T","?","R","?","M","$","R","E","M","BOSS","R","M","?","M","$","M","T","M","?","$","R","E","?","E","M","BOSS"],"items_purchased_type":["Card","Card","Relic","Relic","Relic"],"build_version":"2020-12-22","purchased_purges":2,"victory":true,"max_hp_per_floor":[70,70,70,70,70,70,70,70,70,70,70,70,70,70,70,70,70,70,70,70,70,70,70,70,70,70,70,70,70,70,70,70,70,70,70,70,70,70,70,70,70,70,70,77,77,77,77,77,77,77],"relic_stats":{"Lee\u0027s Waffle":38,"Gremlin Horn":[21,21],"counters":[32,147],"Pen Nib":[7],"Orichalcum":[102],"Medical Kit":[0],"Mercury Hourglass":[312],"Sozu":10,"Centennial Puzzle":[15],"Nunchaku":[2],"MealTicket":15,"Turnip":[0],"obtain_stats":[{"Lantern":24,"Lee\u0027s Waffle":44,"Gremlin Horn":8,"downfall:HeartBlessingRed":45,"Thread and Needle":43,"Pen Nib":31,"Omamori":23,"Orichalcum":11,"Medical Kit":39,"White Beast Statue":46,"Mercury Hourglass":21,"Sozu":17,"Centennial Puzzle":41,"Nunchaku":47,"Matryoshka":7,"Philosopher\u0027s Stone":34,"MealTicket":41,"WingedGreaves":21,"Turnip":44,"Red Mask":27,"Toxic Egg 2":24,"StrikeDummy":48,"hexamod:SpiritBrand":0,"InkBottle":9},{"Lantern":15,"Lee\u0027s Waffle":28,"Gremlin Horn":5,"downfall:HeartBlessingRed":28,"Thread and Needle":27,"Pen Nib":19,"Omamori":15,"Orichalcum":6,"Medical Kit":24,"White Beast Statue":29,"Mercury Hourglass":13,"Sozu":10,"Centennial Puzzle":25,"Nunchaku":29,"Matryoshka":4,"Philosopher\u0027s Stone":21,"MealTicket":25,"WingedGreaves":13,"Turnip":28,"Red Mask":16,"Toxic Egg 2":15,"StrikeDummy":30,"hexamod:SpiritBrand":0,"InkBottle":5},{"Lantern":79,"Lee\u0027s Waffle":127,"Gremlin Horn":22,"downfall:HeartBlessingRed":127,"Thread and Needle":124,"Pen Nib":94,"Omamori":79,"Orichalcum":29,"Medical Kit":113,"White Beast Statue":133,"Mercury Hourglass":67,"Sozu":50,"Centennial Puzzle":117,"Nunchaku":133,"Matryoshka":17,"Philosopher\u0027s Stone":103,"MealTicket":117,"WingedGreaves":67,"Turnip":127,"Red Mask":82,"Toxic Egg 2":79,"StrikeDummy":139,"hexamod:SpiritBrand":0,"InkBottle":22}],"InkBottle":[52]},"card_choices":[{"not_picked":["hexamod:FirstSeal","hexamod:SecondSeal"],"picked":"hexamod:SixthSeal","floor":2},{"not_picked":["hexamod:SwordOfDarkness","hexamod:NightmareGuise"],"picked":"hexamod:SpectralAdrenaline","floor":2},{"not_picked":["hexamod:SuperheatedStrike","hexamod:SpectralSpark","hexamod:RetreatToShadows"],"picked":"SKIP","floor":3},{"not_picked":["hexamod:HeatShield","hexamod:HeatMetal"],"picked":"hexamod:FirstSeal","floor":4},{"not_picked":["hexamod:HeatMetal","hexamod:Haunt"],"picked":"hexamod:ExtraCrispy","floor":5},{"not_picked":["hexamod:Haunt","hexamod:FirstSeal"],"picked":"hexamod:HeatShield","floor":8},{"not_picked":["hexamod:FourthSeal","hexamod:ThirdSeal"],"picked":"hexamod:SixthSeal","floor":11},{"not_picked":["hexamod:RetreatToShadows","hexamod:InspiringFlames"],"picked":"hexamod:GhostOfSpireFuture","floor":11},{"not_picked":["hexamod:FirstSeal","hexamod:FourthSeal"],"picked":"hexamod:SixthSeal","floor":12},{"not_picked":["hexamod:InspiringFlames","hexamod:FastForward"],"picked":"hexamod:HauntingEcho","floor":12},{"not_picked":["hexamod:BurningTouch","hexamod:Incineration"],"picked":"hexamod:PhantomCloak","floor":14},{"not_picked":["hexamod:GhostOfSpirePast","hexamod:SpectralSpark"],"picked":"hexamod:ChargedBarrage","floor":15},{"not_picked":["hexamod:ParanormalForm","hexamod:GiftsFromTheDead"],"picked":"hexamod:VolcanoVisage","floor":16},{"not_picked":["hexamod:ShieldOfDarkness","hexamod:HauntingEcho"],"picked":"hexamod:RadiantFlame","floor":19},{"not_picked":["hexamod:SpectersWail","hexamod:FastForward"],"picked":"hexamod:Firestarter","floor":20},{"not_picked":["hexamod:Hexaguard","hexamod:NightmareStrike+1"],"picked":"hexamod:StepThrough","floor":21},{"not_picked":["hexamod:AdvancingGuard+1","hexamod:RetreatToShadows"],"picked":"hexamod:FlamesFromBeyond+1","floor":22},{"not_picked":["hexamod:EtherealExpedition","hexamod:AdvancingGuard"],"picked":"hexamod:Hexaguard+1","floor":23},{"not_picked":["hexamod:ExtraCrispy+1","hexamod:SoulSteal+1"],"picked":"hexamod:SearingWound+1","floor":27},{"not_picked":["hexamod:GhostShield+1","hexamod:SpectersWail"],"picked":"hexamod:NightmareGuise+1","floor":28},{"not_picked":["hexamod:SixthSeal","hexamod:FastForward+1"],"picked":"hexamod:HeatCrush+1","floor":29},{"not_picked":["hexamod:ShieldOfDarkness+1","hexamod:RecurringNightmare+1","hexamod:BacktrackSmack+1"],"picked":"SKIP","floor":31},{"not_picked":["hexamod:SwordOfDarkness+1","hexamod:GhostShield+1","hexamod:ShieldOfDarkness+1"],"picked":"SKIP","floor":32},{"not_picked":["hexamod:UnlimitedPower+1","hexamod:FifthSeal"],"picked":"hexamod:ApocalypseNow+1","floor":33},{"not_picked":["hexamod:Firestarter+1","hexamod:GhostLash+1"],"picked":"hexamod:Incineration+1","floor":36},{"not_picked":["expansioncontent:LastStand","expansioncontent:InvincibleStrength"],"picked":"expansioncontent:GuardianWhirl","floor":37},{"not_picked":["hexamod:InspiringFlames+1","hexamod:AdvancingGuard+1","hexamod:Again+1"],"picked":"SKIP","floor":38},{"not_picked":["hexamod:GhostOfSpirePast","hexamod:FirstSeal"],"picked":"hexamod:ExtraCrispy+1","floor":39},{"not_picked":["hexamod:SwordOfDarkness","hexamod:CatchUp+1","hexamod:RecurringNightmare+1"],"picked":"SKIP","floor":40},{"not_picked":["hexamod:FastForward+1","hexamod:HeatMetal"],"picked":"hexamod:ApocalypseNow+1","floor":42},{"not_picked":["hexamod:GhostLash+1","hexamod:GhostShield+1"],"picked":"hexamod:SkipABeat+1","floor":43},{"not_picked":["hexamod:GhostLash+1","hexamod:ThermalTransfer"],"picked":"hexamod:Firestarter+1","floor":44},{"not_picked":["hexamod:ApocalypseNow+1","hexamod:GhostShield+1"],"picked":"hexamod:Firestarter+1","floor":46},{"not_picked":["hexamod:ThirdSeal","hexamod:SecondSeal"],"picked":"hexamod:SixthSeal","floor":48},{"not_picked":["hexamod:Firestarter","hexamod:BacktrackSmack"],"picked":"hexamod:TimeOfNeed+1","floor":48},{"not_picked":["hexamod:ExtraCrispy","hexamod:ThermalTransfer+1"],"picked":"hexamod:RainOfEmbers+1","floor":49}],"player_experience":1225085,"relics_obtained":[{"floor":7,"key":"Matryoshka"},{"floor":8,"key":"Gremlin Horn"},{"floor":11,"key":"Orichalcum"},{"floor":21,"key":"WingedGreaves"},{"floor":21,"key":"Mercury Hourglass"},{"floor":23,"key":"Omamori"},{"floor":24,"key":"Lantern"},{"floor":24,"key":"Toxic Egg 2"},{"floor":27,"key":"Red Mask"},{"floor":31,"key":"Pen Nib"},{"floor":41,"key":"Centennial Puzzle"},{"floor":41,"key":"MealTicket"},{"floor":43,"key":"Thread and Needle"},{"floor":46,"key":"White Beast Statue"},{"floor":47,"key":"Nunchaku"},{"floor":48,"key":"StrikeDummy"}],"event_choices":[{"cards_removed":["hexamod:Strike"],"damage_healed":0,"gold_gain":0,"player_choice":"Card Removal","damage_taken":0,"max_hp_gain":0,"max_hp_loss":0,"event_name":"The Cleric","floor":10,"gold_loss":0},{"damage_healed":0,"gold_gain":0,"player_choice":"Fought Bandits","damage_taken":0,"max_hp_gain":0,"max_hp_loss":0,"event_name":"Masked Bandits","floor":27,"gold_loss":0},{"damage_healed":0,"gold_gain":0,"player_choice":"Fight","damage_taken":0,"max_hp_gain":0,"max_hp_loss":0,"event_name":"Mysterious Sphere","floor":43,"gold_loss":0}],"is_beta":false,"boss_relics":[{"not_picked":["Calling Bell","Cursed Key"],"picked":"Sozu"},{"not_picked":["bronze:MakeshiftBattery","Runic Dome"],"picked":"Philosopher\u0027s Stone"}],"items_purged_floors":[22,29],"is_endless":false,"potions_floor_spawned":[8,11,12,14,16,20,23,27,31,32,36,43,46,48,49],"ascension_level":1}}