{"host":"nfwmt9fllo89vsai","time":1612848752,"event":{"mods":["AchievementEnabler","BaseMod","BetterRewards","Bossed Relics","Colored Map","Colored Powertips","Curses Come First","Dark Map","Minty Spire (QoL Compilation)","Potion Indicator Mod","Quick Restart","Relic Stats","StSLib","SuperFastMode"],"gold_per_floor":[114,127,127,127,139,139,154,174,226,237,268,268,43,73,73,168,168,183,173,191,3,15,15,27,27,27,27,27],"floor_reached":27,"language":"ENG","playtime":1814,"items_purged":[],"score":252,"play_id":"021a2022-a6d4-4c12-8a12-7c067f565ef4","local_time":"20210208223232","is_ascension_mode":false,"campfire_choices":[{"data":"Well Laid Plans","floor":6.0,"key":"SMITH"},{"data":"After Image","floor":12.0,"key":"SMITH"},{"data":"Poisoned Stab","floor":15.0,"key":"SMITH"},{"floor":23,"key":"REST"},{"floor":25,"key":"REST"}],"circlet_count":0,"master_deck":["Strike_G","Strike_G","Strike_G","Strike_G","Strike_G","Defend_G+1","Defend_G","Defend_G","Defend_G","Defend_G","Survivor","Neutralize","Poisoned Stab+1","Well Laid Plans+1","Flying Knee","Blade Dance+1","Slice","Poisoned Stab","After Image+1","Caltrops","Outmaneuver","Flying Knee","Venomology","Outmaneuver+1","Underhanded Strike+1","Infinite Blades+1","Infinite Blades","Deadly Poison+1","Crippling Poison"],"relics":["Ring of the Snake","White Beast Statue","War Paint","Strawberry","HandDrill","Blood Vial","SlaversCollar","Omamori","Pear"],"acts_visited":["Exordium","TheCity"],"potions_floor_usage":[22,22,22,24,24,27],"damage_taken":[{"damage":0.0,"enemies":"Jaw Worm","floor":1.0,"turns":4.0},{"damage":0.0,"enemies":"2 Louse","floor":2.0,"turns":2.0},{"damage":1.0,"enemies":"Cultist","floor":5.0,"turns":4.0},{"damage":0.0,"enemies":"Red Slaver","floor":7.0,"turns":1.0},{"damage":0.0,"enemies":"2 Fungi Beasts","floor":8.0,"turns":4.0},{"damage":3.0,"enemies":"Large Slime","floor":10.0,"turns":5.0},{"damage":9.0,"enemies":"Lagavulin","floor":11.0,"turns":5.0},{"damage":5.0,"enemies":"3 Sentries","floor":14.0,"turns":7.0},{"damage":32.0,"enemies":"The Guardian","floor":16.0,"turns":8.0},{"damage":22.0,"enemies":"Spheric Guardian","floor":18.0,"turns":4.0},{"damage":15.0,"enemies":"2 Thieves","floor":19.0,"turns":4.0},{"damage":43.0,"enemies":"Centurion and Healer","floor":20.0,"turns":9.0},{"damage":9,"enemies":"Cultist and Chosen","floor":22,"turns":8},{"damage":23,"enemies":"Snecko","floor":24,"turns":6},{"damage":63,"enemies":"3 Cultists","floor":27,"turns":6}],"seed_played":"6191648328042223922","potions_obtained":[{"floor":5.0,"key":"EntropicBrew"},{"floor":7.0,"key":"GamblersBrew"},{"floor":8.0,"key":"SkillPotion"},{"floor":11.0,"key":"SkillPotion"},{"floor":14.0,"key":"Poison Potion"},{"floor":16.0,"key":"ColorlessPotion"},{"floor":18.0,"key":"BlessingOfTheForge"},{"floor":19.0,"key":"FearPotion"},{"floor":20.0,"key":"Energy Potion"},{"floor":22,"key":"Regen Potion"},{"floor":24,"key":"Poison Potion"}],"is_trial":false,"path_per_floor":["M","M","?","?","M","R","M","M","T","M","E","R","$","E","R","B",null,"M","M","M","$","M","R","M","R","T","M"],"character_chosen":"THE_SILENT","items_purchased":["HandDrill","Caltrops","Outmaneuver","Omamori","Infinite Blades"],"campfire_rested":2,"item_purchase_floors":[13,13,13,21,21],"current_hp_per_floor":[77,77,74,74,73,73,73,73,73,70,68,68,68,63,63,33,84,62,49,8,8,1,26,20,45,55,0,0],"gold":27,"neow_bonus":"TEN_PERCENT_HP_BONUS","is_daily":false,"chose_seed":false,"campfire_upgraded":3,"win_rate":0.0,"timestamp":1612848752,"path_taken":["M","M","?","?","M","R","M","M","T","M","E","R","?","E","R","BOSS","M","M","M","$","M","R","M","R","T","M"],"items_purchased_type":["Relic","Card","Card","Relic","Card"],"build_version":"2020-12-22","purchased_purges":0,"victory":false,"max_hp_per_floor":[77,77,77,77,77,77,77,77,77,77,84,84,84,84,84,84,84,84,84,84,84,84,84,84,84,94,94,94],"relic_stats":{"Blood Vial":12,"counters":[15,77],"HandDrill":[10],"War Paint":["Defend_G","Blade Dance"],"obtain_stats":[{"Blood Vial":14,"SlaversCollar":17,"Pear":26,"Strawberry":11,"HandDrill":13,"Omamori":21,"War Paint":9,"White Beast Statue":3,"Ring of the Snake":0},{"Blood Vial":8,"SlaversCollar":9,"Pear":14,"Strawberry":7,"HandDrill":7,"Omamori":12,"War Paint":5,"White Beast Statue":2,"Ring of the Snake":0},{"Blood Vial":32,"SlaversCollar":40,"Pear":71,"Strawberry":25,"HandDrill":25,"Omamori":57,"War Paint":15,"White Beast Statue":6,"Ring of the Snake":0}],"Ring of the Snake":[30]},"card_choices":[{"not_picked":["Backflip","Finisher"],"picked":"Poisoned Stab","floor":1.0},{"not_picked":["Underhanded Strike","Slice"],"picked":"Well Laid Plans","floor":2.0},{"not_picked":["PiercingWail","Blade Dance"],"picked":"Flying Knee","floor":5.0},{"not_picked":["Underhanded Strike","Acrobatics"],"picked":"Blade Dance","floor":7.0},{"not_picked":["Outmaneuver","Footwork"],"picked":"Slice","floor":8.0},{"not_picked":["Well Laid Plans","Riddle With Holes"],"picked":"Poisoned Stab","floor":10.0},{"not_picked":["Slice","Sucker Punch"],"picked":"After Image","floor":11.0},{"not_picked":["Quick Slash","Slice"],"picked":"Flying Knee","floor":14.0},{"not_picked":["Wraith Form v2","Doppelganger"],"picked":"Venomology","floor":16.0},{"not_picked":["Dodge and Roll","Well Laid Plans"],"picked":"Outmaneuver+1","floor":18.0},{"not_picked":["Quick Slash","Sucker Punch"],"picked":"Underhanded Strike+1","floor":19.0},{"not_picked":["Deadly Poison+1","Poisoned Stab"],"picked":"Infinite Blades+1","floor":20.0},{"not_picked":["Finisher","Noxious Fumes"],"picked":"Deadly Poison+1","floor":22},{"not_picked":["Flying Knee","Tactician"],"picked":"Crippling Poison","floor":24}],"player_experience":39622,"relics_obtained":[{"floor":9.0,"key":"War Paint"},{"floor":11.0,"key":"Strawberry"},{"floor":14.0,"key":"Blood Vial"},{"floor":26,"key":"Pear"}],"event_choices":[{"damage_healed":0.0,"max_hp_gain":0.0,"max_hp_loss":0.0,"gold_gain":0.0,"event_name":"Scrap Ooze","player_choice":"Success","floor":3.0,"gold_loss":0.0,"damage_taken":3.0,"relics_obtained":["White Beast Statue"]},{"damage_healed":0.0,"max_hp_gain":0.0,"max_hp_loss":0.0,"gold_gain":0.0,"event_name":"The Cleric","player_choice":"Leave","floor":4.0,"gold_loss":0.0,"damage_taken":0.0}],"is_beta":false,"boss_relics":[{"not_picked":["HoveringKite","Snecko Eye"],"picked":"SlaversCollar"}],"items_purged_floors":[],"is_endless":false,"potions_floor_spawned":[5,7,8,10,11,14,16,18,19,20,22,24],"killed_by":"3 Cultists","ascension_level":0}}