{"host":"1c17lcvl7acx821p","time":1612908008,"event":{"mods":["AchievementEnabler","BaseMod","Bestiary","Colored Map","Minty Spire (QoL Compilation)","Quick Restart","Relic Sorter","StSLib","ojb\u0027s Better Paths Mod","ojb\u0027s Info Mod"],"gold_per_floor":[112,187,187,201,39,39,75,94,94,112,128,146,146,170,170,244,244,256,256,275,287,305,333,333,350,425,475,490,415,415,449,449,449,449],"floor_reached":33,"language":"ENG","playtime":1384,"items_purged":[],"score":562,"play_id":"7a8be402-23d5-4a8a-a295-79765b2c0a8d","local_time":"20210210000008","is_ascension_mode":true,"campfire_choices":[{"data":"Genetic Algorithm","floor":6.0,"key":"SMITH"},{"data":"Hologram","floor":13.0,"key":"SMITH"},{"floor":15.0,"key":"REST"},{"floor":24.0,"key":"REST"},{"floor":30.0,"key":"REST"},{"floor":32.0,"key":"REST"}],"circlet_count":0,"master_deck":["AscendersBane","Strike_B","Strike_B","Strike_B","Defend_B","Defend_B","Defend_B","Defend_B","Zap","Dualcast","Rip and Tear+1","Genetic Algorithm+1","Hologram+1","Tempest","Electrodynamics","Conserve Battery","Glacier","Doom and Gloom+1","Reboot","Loop+1","Stack+1","Go for the Eyes+1","Recycle","Steam Power","Hyperbeam+1","Machine Learning"],"relics":["Philosopher\u0027s Stone","Toolbox","Molten Egg 2","Odd Mushroom","Nuclear Battery","Ginger","Bottled Tornado","Regal Pillow"],"acts_visited":["Exordium","TheCity"],"potions_floor_usage":[],"damage_taken":[{"damage":3.0,"enemies":"2 Louse","floor":1.0,"turns":4.0},{"damage":8.0,"enemies":"Jaw Worm","floor":4.0,"turns":3.0},{"damage":0.0,"enemies":"Small Slimes","floor":7.0,"turns":2.0},{"damage":6.0,"enemies":"Red Slaver","floor":8.0,"turns":3.0},{"damage":0.0,"enemies":"3 Louse","floor":10.0,"turns":2.0},{"damage":0.0,"enemies":"Blue Slaver","floor":11.0,"turns":3.0},{"damage":2.0,"enemies":"Looter","floor":12.0,"turns":3.0},{"damage":31.0,"enemies":"The Mushroom Lair","floor":14.0,"turns":4.0},{"damage":3.0,"enemies":"Hexaghost","floor":16.0,"turns":9.0},{"damage":0.0,"enemies":"3 Byrds","floor":18.0,"turns":2.0},{"damage":12.0,"enemies":"Spheric Guardian","floor":20.0,"turns":3.0},{"damage":11.0,"enemies":"Cultist and Chosen","floor":21.0,"turns":4.0},{"damage":30.0,"enemies":"Snake Plant","floor":22.0,"turns":5.0},{"damage":10.0,"enemies":"Gremlin Leader","floor":23.0,"turns":5.0},{"damage":0.0,"enemies":"Centurion and Healer","floor":25.0,"turns":5.0},{"damage":0.0,"enemies":"Snecko","floor":28.0,"turns":3.0},{"damage":21.0,"enemies":"Book of Stabbing","floor":31.0,"turns":7.0},{"damage":61,"enemies":"Automaton","floor":33,"turns":6}],"seed_played":"-4797801408936742679","potions_obtained":[{"floor":1.0,"key":"Fruit Juice"},{"floor":8.0,"key":"EssenceOfSteel"},{"floor":10.0,"key":"Block Potion"},{"floor":18.0,"key":"BlessingOfTheForge"},{"floor":25.0,"key":"PotionOfCapacity"},{"floor":28.0,"key":"ColorlessPotion"}],"is_trial":false,"path_per_floor":["M","?","?","M","$","R","M","M","T","M","M","M","R","?","R","B",null,"M","?","M","M","M","E","R","M","T","?","M","?","R","E","R","B"],"character_chosen":"DEFECT","items_purchased":["Toolbox"],"campfire_rested":4,"item_purchase_floors":[5],"current_hp_per_floor":[61,50,50,42,42,42,42,36,36,41,41,39,39,8,30,27,64,64,64,52,41,11,1,23,23,23,23,23,23,45,24,61,0,0],"gold":449,"neow_bonus":"BOSS_RELIC","is_daily":false,"chose_seed":false,"campfire_upgraded":2,"win_rate":0.0,"timestamp":1612908008,"path_taken":["M","?","?","M","$","R","M","M","T","M","M","M","R","?","R","BOSS","M","?","M","?","M","E","R","M","T","?","M","?","R","E","R","BOSS"],"items_purchased_type":["Relic"],"build_version":"2020-12-22","purchased_purges":0,"victory":false,"max_hp_per_floor":[71,71,71,71,71,71,71,71,71,76,76,76,76,76,76,76,76,76,76,76,76,76,76,76,76,76,76,76,76,76,76,76,76,76],"card_choices":[{"not_picked":["FTL","Tempest"],"picked":"Rip and Tear","floor":1.0},{"not_picked":["Compile Driver","Go for the Eyes"],"picked":"Genetic Algorithm","floor":4.0},{"not_picked":["Turbo","Gash"],"picked":"Hologram","floor":7.0},{"not_picked":["Coolheaded","Compile Driver"],"picked":"Tempest","floor":8.0},{"not_picked":["Hologram","Self Repair"],"picked":"Electrodynamics","floor":10.0},{"not_picked":["Skim","Steam Power"],"picked":"Conserve Battery","floor":11.0},{"not_picked":["Gash+1","Fusion"],"picked":"Glacier","floor":12.0},{"not_picked":["Hologram","Loop"],"picked":"Doom and Gloom+1","floor":14.0},{"not_picked":["Hyperbeam+1","Creative AI"],"picked":"Reboot","floor":16.0},{"not_picked":["Sweeping Beam+1","Steam Power"],"picked":"Loop","floor":18.0},{"not_picked":["Gash+1","Darkness"],"picked":"Stack+1","floor":20.0},{"not_picked":["Turbo","Conserve Battery"],"picked":"Go for the Eyes+1","floor":21.0},{"not_picked":["Static Discharge","Heatsinks"],"picked":"Recycle","floor":22.0},{"not_picked":["Cold Snap+1","Stack"],"picked":"Steam Power","floor":23.0},{"not_picked":["Streamline+1","Stack"],"picked":"Hyperbeam+1","floor":25.0},{"not_picked":["Reprogram","Streamline+1","Steam"],"picked":"SKIP","floor":28.0},{"not_picked":["Leap","BootSequence"],"picked":"Machine Learning","floor":31.0}],"player_experience":309180,"relics_obtained":[{"floor":9.0,"key":"Molten Egg 2"},{"floor":14.0,"key":"Odd Mushroom"},{"floor":23.0,"key":"Ginger"},{"floor":26.0,"key":"Bottled Tornado"},{"floor":31.0,"key":"Regal Pillow"}],"event_choices":[{"damage_healed":0.0,"max_hp_gain":0.0,"max_hp_loss":0.0,"gold_gain":75.0,"event_name":"World of Goop","player_choice":"Gather Gold","floor":2.0,"gold_loss":0.0,"damage_taken":11.0},{"damage_healed":0.0,"max_hp_gain":0.0,"max_hp_loss":0.0,"gold_gain":0.0,"event_name":"Living Wall","player_choice":"Grow","floor":3.0,"gold_loss":0.0,"damage_taken":0.0,"cards_upgraded":["Rip and Tear"]},{"damage_healed":0.0,"max_hp_gain":0.0,"max_hp_loss":0.0,"gold_gain":0.0,"event_name":"Mushrooms","player_choice":"Fought Mushrooms","floor":14.0,"gold_loss":0.0,"damage_taken":0.0},{"damage_healed":0.0,"max_hp_gain":0.0,"max_hp_loss":0.0,"gold_gain":0.0,"event_name":"Upgrade Shrine","player_choice":"Upgraded","floor":19.0,"gold_loss":0.0,"damage_taken":0.0,"cards_upgraded":["Loop"]},{"damage_healed":0.0,"max_hp_gain":0.0,"max_hp_loss":0.0,"gold_gain":50.0,"event_name":"Nest","player_choice":"Stole From Cult","floor":27.0,"gold_loss":0.0,"damage_taken":0.0},{"cards_removed":["Strike_B"],"damage_healed":0.0,"max_hp_gain":0.0,"max_hp_loss":0.0,"gold_gain":0.0,"event_name":"Beggar","player_choice":"Gave Gold","floor":29.0,"gold_loss":75.0,"damage_taken":0.0}],"is_beta":false,"boss_relics":[{"not_picked":["Fusion Hammer","Black Star"],"picked":"Nuclear Battery"}],"items_purged_floors":[],"is_endless":false,"potions_floor_spawned":[1,8,10,18,25,28],"killed_by":"Automaton","ascension_level":20}}