{"host":"2smcgt1ki1qcud40","time":1612898258,"event":{"mods":["BaseMod","Minty Spire (QoL Compilation)"],"gold_per_floor":[110,128,145,164,164,164,193,219,231,269,281,325,337,375,387,399,399],"floor_reached":16,"language":"ENG","playtime":718,"items_purged":[],"score":215,"play_id":"da7c1fe3-cea7-462b-bfe2-2b5d0f12f984","local_time":"20210209201738","is_ascension_mode":true,"campfire_choices":[{"floor":6.0,"key":"REST"},{"floor":11,"key":"REST"},{"floor":13,"key":"REST"},{"floor":15,"key":"REST"}],"circlet_count":0,"master_deck":["AscendersBane","Strike_B","Strike_B","Strike_B","Strike_B","Defend_B","Defend_B","Defend_B","Defend_B","Zap","Dualcast","Streamline","Hologram","Beam Cell+1","Compile Driver","Hologram","FTL","Defragment","Defragment","Undo"],"relics":["Sozu","MawBank","Darkstone Periapt","HornCleat","Nunchaku"],"acts_visited":["Exordium"],"potions_floor_usage":[],"damage_taken":[{"damage":12.0,"enemies":"Jaw Worm","floor":1.0,"turns":3.0},{"damage":1.0,"enemies":"Cultist","floor":2.0,"turns":4.0},{"damage":7.0,"enemies":"Small Slimes","floor":3.0,"turns":3.0},{"damage":5.0,"enemies":"Exordium Thugs","floor":4.0,"turns":5.0},{"damage":37,"enemies":"3 Sentries","floor":7,"turns":7},{"damage":0,"enemies":"Exordium Wildlife","floor":8,"turns":2},{"damage":17,"enemies":"Lagavulin","floor":10,"turns":5},{"damage":29,"enemies":"3 Sentries","floor":12,"turns":7},{"damage":15,"enemies":"Gremlin Nob","floor":14,"turns":4},{"damage":35,"enemies":"The Guardian","floor":16,"turns":9}],"seed_played":"7478069078991553501","potions_obtained":[],"is_trial":false,"path_per_floor":["M","M","M","M","?","R","E","M","T","E","R","E","R","E","R","B"],"character_chosen":"DEFECT","items_purchased":[],"campfire_rested":4,"item_purchase_floors":[],"current_hp_per_floor":[56,55,48,43,43,65,28,28,28,11,33,4,26,11,33,0,0],"gold":399,"neow_bonus":"BOSS_RELIC","is_daily":false,"chose_seed":false,"campfire_upgraded":0,"win_rate":0.0,"timestamp":1612898258,"path_taken":["M","M","M","M","?","R","E","M","T","E","R","E","R","E","R","BOSS"],"items_purchased_type":[],"build_version":"2020-12-22","purchased_purges":0,"victory":false,"max_hp_per_floor":[75,75,75,75,75,75,75,75,75,75,75,75,75,75,75,75,75],"card_choices":[{"not_picked":["Stack","Loop"],"picked":"Streamline","floor":1.0},{"not_picked":["Hello World","Coolheaded"],"picked":"Hologram","floor":2.0},{"not_picked":["Steam Power","Stack"],"picked":"Beam Cell","floor":3.0},{"not_picked":["Reboot","Stack"],"picked":"Compile Driver","floor":4.0},{"not_picked":["Coolheaded","Stack"],"picked":"Hologram","floor":7},{"not_picked":["Compile Driver","Ball Lightning"],"picked":"FTL","floor":8},{"not_picked":["Hologram","Coolheaded"],"picked":"Defragment","floor":10},{"not_picked":["Turbo","Hyperbeam"],"picked":"Defragment","floor":12},{"not_picked":["Gash","Skim"],"picked":"Undo","floor":14}],"player_experience":743444,"relics_obtained":[{"floor":7,"key":"MawBank"},{"floor":10,"key":"Darkstone Periapt"},{"floor":12,"key":"HornCleat"},{"floor":14,"key":"Nunchaku"}],"event_choices":[{"damage_healed":0.0,"max_hp_gain":0.0,"max_hp_loss":0.0,"gold_gain":0.0,"event_name":"Upgrade Shrine","player_choice":"Upgraded","floor":5.0,"gold_loss":0.0,"damage_taken":0.0,"cards_upgraded":["Beam Cell"]}],"is_beta":false,"boss_relics":[],"items_purged_floors":[],"is_endless":false,"potions_floor_spawned":[1,3,7,10],"killed_by":"The Guardian","ascension_level":13}}