{"host":"4w9vompg42n13q24","time":1612873843,"event":{"mods":["Aspiration","BaseMod","Better Third Choice","Colored Map","Colored Powertips","DeckTracker","Downfall","GifTheSpireLib","Glutton Mod","Hermit","Highlight Path","Hubris","Minty Spire (QoL Compilation)","Relic Stats","StSLib","Stuff the Spire","The Druid","The Necromancer","Trackpad"],"gold_per_floor":[99,112,112,130,40,140,185,218,393,193,78,111,11,11,26,127,127,127,143,153,153,13,13,37,22,22,37,37,37,37],"floor_reached":28,"language":"ENG","playtime":3852,"items_purged":["StuffTheSpire:CuriosityCurse","Doubt","bronze:Strike"],"score":247,"play_id":"d0981cca-f62e-4d50-ba1a-512dd73e7b18","local_time":"20210209133043","is_ascension_mode":false,"campfire_choices":[{"data":"bronze:Replicate","floor":1,"key":"SMITH"},{"floor":10,"key":"RECALL"},{"floor":13,"key":"REST"},{"data":"bronze:Mutator","floor":18,"key":"SMITH"},{"data":"bronze:BuggyMess","floor":23,"key":"SMITH"}],"circlet_count":0,"master_deck":["bronze:Strike+1","bronze:Defend","bronze:Defend","bronze:Defend","bronze:Defend","bronze:Replicate+1","bronze:Goto+1","bronze:WhirlingStrike","bronze:OilSpill","bronze:Branch+1","bronze:Iterate","bronze:BronzeOrb","bronze:Mutator+1","bronze:BuggyMess+1","bronze:CloningBeam","bronze:BronzeOrb","bronze:ItsAFeature","bronze:HardenedForm","bronze:BronzeArmor","bronze:GetLatest"],"relics":["bronze:BronzeCore","hubris:CuriousFeather","Whetstone","downfall:HeartBlessingBlue","downfall:HeartBlessingGreen","Ginger","downfall:HeartBlessingRed","Philosopher\u0027s Stone","Blood Vial","Happy Flower"],"acts_visited":["TheCity"],"potions_floor_usage":[28],"damage_taken":[{"damage":1,"enemies":"Jaw Worm","floor":2,"turns":3},{"damage":0,"enemies":"Small Slimes","floor":4,"turns":2},{"damage":2,"enemies":"downfall:FleeingMerchant","floor":5,"turns":4},{"damage":19,"enemies":"downfall:Heads","floor":6,"turns":7},{"damage":22,"enemies":"Lagavulin","floor":8,"turns":4},{"damage":0,"enemies":"downfall:FleeingMerchant","floor":11,"turns":4},{"damage":19,"enemies":"3 Sentries","floor":12,"turns":6},{"damage":0,"enemies":"Cultist","floor":15,"turns":1},{"damage":31,"enemies":"WA_ARCHETYPE_RETAIN","floor":16,"turns":6},{"damage":2,"enemies":"Spheric Guardian","floor":19,"turns":3},{"damage":1,"enemies":"Cultist and Chosen","floor":20,"turns":4},{"damage":25,"enemies":"downfall:FleeingMerchant","floor":22,"turns":4},{"damage":12,"enemies":"downfall:FleeingMerchant","floor":25,"turns":4},{"damage":37,"enemies":"Snake Plant","floor":27,"turns":4},{"damage":16,"enemies":"Centurion and Healer","floor":28,"turns":3}],"seed_played":"-3834536830386358330","potions_obtained":[{"floor":2,"key":"FearPotion"},{"floor":4,"key":"bronze:CleanCodePotion"},{"floor":12,"key":"Explosive Potion"},{"floor":16,"key":"bronze:BurnAndBuffPotion"}],"is_trial":false,"path_per_floor":["R","M","?","M","$","?","T","E","?","R","$","E","R","?","M","B",null,"R","M","M","?","$","R","T","$","T","M","M"],"character_chosen":"THE_AUTOMATON","items_purchased":[],"campfire_rested":1,"item_purchase_floors":[],"current_hp_per_floor":[77,76,76,76,74,55,55,33,33,43,43,24,50,50,50,19,87,87,85,84,84,59,59,59,49,49,14,0,0,0],"gold":37,"neow_bonus":"TEN_PERCENT_HP_BONUS","is_daily":false,"chose_seed":false,"campfire_upgraded":3,"win_rate":0.0,"timestamp":1612873843,"path_taken":["R","M","?","M","$","?","T","E","?","R","$","E","R","?","M","BOSS","R","M","?","?","$","R","T","?","?","M","?"],"items_purchased_type":[],"build_version":"2020-12-22","purchased_purges":3,"victory":false,"max_hp_per_floor":[77,77,77,77,77,77,77,77,77,87,87,87,87,87,87,87,87,87,87,87,87,87,87,87,87,87,87,87,87,87],"relic_stats":{"Blood Vial":6,"Happy Flower":[2],"counters":[15,59],"Whetstone":["bronze:Strike","bronze:Branch"],"Ginger":[2],"obtain_stats":[{"Blood Vial":24,"bronze:BronzeCore":0,"downfall:HeartBlessingRed":13,"Happy Flower":26,"downfall:HeartBlessingBlue":10,"downfall:HeartBlessingGreen":10,"Philosopher\u0027s Stone":17,"hubris:CuriousFeather":3,"Whetstone":8,"Ginger":12},{"Blood Vial":12,"bronze:BronzeCore":0,"downfall:HeartBlessingRed":7,"Happy Flower":13,"downfall:HeartBlessingBlue":5,"downfall:HeartBlessingGreen":5,"Philosopher\u0027s Stone":9,"hubris:CuriousFeather":1,"Whetstone":5,"Ginger":7},{"Blood Vial":48,"bronze:BronzeCore":0,"downfall:HeartBlessingRed":30,"Happy Flower":52,"downfall:HeartBlessingBlue":20,"downfall:HeartBlessingGreen":20,"Philosopher\u0027s Stone":37,"hubris:CuriousFeather":3,"Whetstone":20,"Ginger":30}]},"card_choices":[{"not_picked":["bronze:ItsAFeature","bronze:DelayedGuard"],"picked":"bronze:WhirlingStrike","floor":2},{"not_picked":["bronze:ForLoop","bronze:FineTuning"],"picked":"bronze:OilSpill","floor":4},{"not_picked":["bronze:Deprecate","bronze:WildBeam"],"picked":"bronze:Branch","floor":5},{"not_picked":["bronze:BugBarrage","bronze:Branch"],"picked":"bronze:Iterate","floor":6},{"not_picked":["bronze:FollowUp","bronze:BronzeOrb"],"picked":"bronze:Mutator","floor":8},{"not_picked":["bronze:Invalidate","bronze:Shield"],"picked":"bronze:BuggyMess","floor":11},{"not_picked":["bronze:Shield","bronze:Frontload"],"picked":"bronze:CloningBeam","floor":12},{"not_picked":["bronze:WhirlingStrike","bronze:Shield"],"picked":"bronze:ItsAFeature","floor":15},{"not_picked":["bronze:AlphaBuild","bronze:RecursiveStrike"],"picked":"bronze:HardenedForm","floor":16},{"not_picked":["bronze:Deprecate","bronze:WildBeam","bronze:DarkDash+1"],"picked":"SKIP","floor":19},{"not_picked":["bronze:BitShift","bronze:Iterate"],"picked":"bronze:BronzeArmor","floor":20},{"not_picked":["bronze:CloningBeam+1","bronze:ForceShield","bronze:BitShift"],"picked":"SKIP","floor":22},{"not_picked":["bronze:Iterate","bronze:DelayedSlice+1"],"picked":"bronze:GetLatest","floor":25},{"not_picked":["bronze:DelayedGuard+1","bronze:Deprecate","bronze:Invalidate+1"],"picked":"SKIP","floor":27}],"player_experience":662177,"relics_obtained":[{"floor":8,"key":"Whetstone"},{"floor":12,"key":"Ginger"},{"floor":24,"key":"Blood Vial"},{"floor":26,"key":"Happy Flower"}],"event_choices":[],"is_beta":false,"boss_relics":[{"not_picked":["aspiration:RunicSpoon","Velvet Choker"],"picked":"Philosopher\u0027s Stone"}],"items_purged_floors":[5,11,22],"is_endless":false,"potions_floor_spawned":[2,4,12,16,27],"killed_by":"Centurion and Healer","ascension_level":0}}