{"host":"wghdsg8ym2wc7ov9","time":1612854048,"event":{"mods":["A Penny For Your Troubles","AchievementEnabler","Astrologer","BaseMod","Beaked The Cultist","Better Altar","Better Note","Bossed Relics","ChefMod","Colored Map","Evolution","Fox Events","Hermit","Highlight Path","Jorbs\u0027s Wanderer Trilogy","KinomotoSakuraMod(????)","Minty Spire (QoL Compilation)","Random Character Button","Relic Stats","SIMod","Shop Mod","StSLib","The Blackbeard","The Bladedancer","The Construct","The Cursed","The Death Knight","The Gatherer","The Hierophant","The Marked","The Mystic","The Necromancer","The Runesmith","The Senshi","The Servant 0.9.4","Weighted Paths"],"gold_per_floor":[112,187,287,304,318,318,345,357,381,414,424,424,424,456,456,556,556,542,559,40,51,68,96,108,108,108,108,121,121,148,173,173,277,277,297,308,320,332,344,344,344,344],"floor_reached":41,"language":"ENG","playtime":7217,"items_purged":[],"score":605,"play_id":"b736fcbf-0eab-470e-a750-95b3c9442253","local_time":"20210208230048","is_ascension_mode":true,"campfire_choices":[{"data":"Metallicize","floor":6,"key":"SMITH"},{"data":"Armaments","floor":12,"key":"SMITH"},{"data":"Juggernaut","floor":15,"key":"SMITH"},{"floor":25,"key":"REST"},{"data":"Whirlwind","floor":27,"key":"SMITH"},{"floor":29,"key":"REST"},{"data":"CMC","floor":32,"key":"SMITH"},{"floor":40,"key":"REST"}],"circlet_count":0,"master_deck":["Strike_R","Strike_R","Strike_R","Strike_R","Strike_R","Defend_R","Defend_R","Defend_R","Defend_R+1","Bash","Shrug It Off+1","Metallicize+1","Whirlwind+1","Armaments+1","Iron Wave","Searing Blow","Juggernaut+1","Body Slam","Feed","Dual Wield+1","Anger+1","CMC+1","Evolve","Reckless Charge","Headbutt","Shrug It Off","Iron Wave","Shrug It Off","Exhume","Thunderclap","Ghostly Armor","Dark Embrace","Exhume","Rampage","Uppercut","Blood for Blood+1","Thunderclap+1","Iron Wave+1"],"relics":["Black Blood","EVO:Axolotl","Orichalcum","Tiny Chest","Akabeko","Mark of Pain","War Paint","Strawberry","Question Card","Pear","Pen Nib"],"acts_visited":["Exordium","TheCity","TheBeyond"],"potions_floor_usage":[7,8,16,21,24,33,39],"damage_taken":[{"damage":12,"enemies":"Jaw Worm","floor":1,"turns":5},{"damage":1,"enemies":"Cultist","floor":4,"turns":4},{"damage":3,"enemies":"2 Louse","floor":5,"turns":3},{"damage":26,"enemies":"Gremlin Nob","floor":7,"turns":5},{"damage":0,"enemies":"Gremlin Gang","floor":8,"turns":7},{"damage":0,"enemies":"3 Sentries","floor":10,"turns":11},{"damage":0,"enemies":"3 Louse","floor":11,"turns":2},{"damage":2,"enemies":"Lagavulin","floor":14,"turns":6},{"damage":8,"enemies":"The Guardian","floor":16,"turns":9},{"damage":17,"enemies":"2 Thieves","floor":18,"turns":4},{"damage":7,"enemies":"Shell Parasite","floor":19,"turns":5},{"damage":28,"enemies":"Centurion and Healer","floor":21,"turns":5},{"damage":20,"enemies":"Snake Plant","floor":22,"turns":6},{"damage":25,"enemies":"Book of Stabbing","floor":23,"turns":6},{"damage":10,"enemies":"3 Cultists","floor":24,"turns":4},{"damage":9,"enemies":"Chosen and Byrds","floor":28,"turns":6},{"damage":35,"enemies":"Slavers","floor":30,"turns":4},{"damage":40,"enemies":"Collector","floor":33,"turns":8},{"damage":19,"enemies":"Orb Walker","floor":35,"turns":4},{"damage":20,"enemies":"3 Darklings","floor":36,"turns":5},{"damage":67,"enemies":"Maw","floor":37,"turns":8},{"damage":9,"enemies":"4 Shapes","floor":38,"turns":3},{"damage":58,"enemies":"Spire Growth","floor":39,"turns":5},{"damage":86,"enemies":"beaked:SuperParasite","floor":41,"turns":7}],"seed_played":"3646655484511079948","potions_obtained":[{"floor":5,"key":"SteroidPotion"},{"floor":7,"key":"Block Potion"},{"floor":10,"key":"SkillPotion"},{"floor":19,"key":"DeathKnight:RimePotion"},{"floor":21,"key":"FairyPotion"},{"floor":23,"key":"DistilledChaos"},{"floor":30,"key":"LiquidMemories"},{"floor":36,"key":"Fire Potion"}],"is_trial":false,"path_per_floor":["M","?","?","M","M","R","E","M","T","E","M","R","?","E","R","B",null,"M","M","$","M","M","E","M","R","T","R","M","R","E","T","R","B",null,"M","M","M","M","M","R","E"],"character_chosen":"IRONCLAD","items_purchased":["War Paint","CMC","Evolve","Reckless Charge","Headbutt","Shrug It Off"],"campfire_rested":3,"item_purchase_floors":[20,20,20,20,20,20],"current_hp_per_floor":[82,71,71,76,79,79,59,65,65,71,77,77,77,81,81,79,88,77,76,76,58,47,35,31,61,61,61,58,88,72,72,72,38,115,108,100,45,48,46,80,0,0],"gold":344,"neow_bonus":"TEN_PERCENT_HP_BONUS","is_daily":false,"chose_seed":false,"campfire_upgraded":5,"win_rate":0.0,"timestamp":1612854048,"path_taken":["M","?","?","M","M","R","E","M","T","E","?","R","?","E","R","BOSS","M","M","$","?","M","E","M","R","T","R","M","R","E","?","R","BOSS","M","M","M","M","?","R","E"],"items_purchased_type":["Relic","Card","Card","Card","Card","Card"],"build_version":"2020-12-22","purchased_purges":0,"victory":false,"max_hp_per_floor":[88,88,88,88,88,88,88,88,88,88,88,88,88,88,88,88,88,88,88,88,92,95,102,102,102,102,102,102,102,115,115,115,115,115,115,115,115,115,115,115,115,115],"relic_stats":{"counters":[24,132],"Black Blood":168,"Tiny Chest":1,"Pen Nib":[7],"Orichalcum":[192],"War Paint":["Shrug It Off","Defend_R"],"Question Card":8,"obtain_stats":[{"Pear":30,"Strawberry":23,"Black Blood":34,"Tiny Chest":10,"Mark of Pain":17,"Pen Nib":31,"EVO:Axolotl":0,"Orichalcum":7,"War Paint":20,"Question Card":26,"Burning Blood":0,"Akabeko":14},{"Pear":17,"Strawberry":14,"Black Blood":18,"Tiny Chest":6,"Mark of Pain":9,"Pen Nib":17,"EVO:Axolotl":0,"Orichalcum":4,"War Paint":11,"Question Card":15,"Burning Blood":0,"Akabeko":8},{"Pear":92,"Strawberry":78,"Black Blood":100,"Tiny Chest":35,"Mark of Pain":52,"Pen Nib":92,"EVO:Axolotl":0,"Orichalcum":17,"War Paint":61,"Question Card":82,"Burning Blood":0,"Akabeko":43}]},"card_choices":[{"not_picked":["Dark Embrace","Rage"],"picked":"Shrug It Off","floor":1},{"not_picked":["Clothesline","Fire Breathing"],"picked":"Metallicize","floor":4},{"not_picked":["Heavy Blade","Warcry"],"picked":"Whirlwind","floor":5},{"not_picked":["Inflame","Whirlwind"],"picked":"Armaments","floor":7},{"not_picked":["Pommel Strike","Sword Boomerang"],"picked":"Iron Wave","floor":8},{"not_picked":["Heavy Blade","Clothesline"],"picked":"Searing Blow","floor":10},{"not_picked":["Inflame","Iron Wave"],"picked":"Juggernaut","floor":11},{"not_picked":["Clash","Wild Strike"],"picked":"Body Slam","floor":14},{"not_picked":["Offering","Reaper"],"picked":"Feed","floor":16},{"not_picked":["Iron Wave","Flex"],"picked":"Dual Wield+1","floor":18},{"not_picked":["Thunderclap","Clothesline"],"picked":"Anger+1","floor":19},{"not_picked":["True Grit+1","Heavy Blade"],"picked":"Iron Wave","floor":21},{"not_picked":["Havoc","Sword Boomerang"],"picked":"Shrug It Off","floor":22},{"not_picked":["Intimidate+1","Twin Strike+1"],"picked":"Exhume","floor":23},{"not_picked":["Headbutt","Reckless Charge"],"picked":"Thunderclap","floor":24},{"not_picked":["Hemokinesis","Body Slam+1","Wild Strike"],"picked":"Ghostly Armor","floor":28},{"not_picked":["Shrug It Off","Combust","Evolve+1"],"picked":"Dark Embrace","floor":30},{"not_picked":["Limit Break","Fiend Fire","Offering"],"picked":"Exhume","floor":33},{"not_picked":["Shrug It Off+1","Second Wind","Iron Wave+1"],"picked":"Rampage","floor":35},{"not_picked":["Burning Pact+1","Twin Strike","Pommel Strike"],"picked":"Uppercut","floor":36},{"not_picked":["Cleave+1","Iron Wave","Dark Embrace"],"picked":"Blood for Blood+1","floor":37},{"not_picked":["Sword Boomerang+1","Wild Strike","Combust+1"],"picked":"Thunderclap+1","floor":38},{"not_picked":["Burning Pact+1","Clothesline","Clash"],"picked":"Iron Wave+1","floor":39}],"player_experience":932170,"relics_obtained":[{"floor":7,"key":"Orichalcum"},{"floor":10,"key":"Tiny Chest"},{"floor":14,"key":"Akabeko"},{"floor":23,"key":"Strawberry"},{"floor":26,"key":"Question Card"},{"floor":30,"key":"Pear"},{"floor":31,"key":"Pen Nib"}],"event_choices":[{"damage_healed":0,"gold_gain":75,"player_choice":"Gather Gold","damage_taken":11,"max_hp_gain":0,"max_hp_loss":0,"event_name":"World of Goop","floor":2,"gold_loss":0},{"damage_healed":0,"gold_gain":100,"player_choice":"Gold","damage_taken":0,"max_hp_gain":0,"max_hp_loss":0,"event_name":"Wheel of Change","floor":3,"gold_loss":0},{"damage_healed":0,"gold_gain":0,"player_choice":"Bought 0 Potions","damage_taken":0,"max_hp_gain":0,"max_hp_loss":0,"event_name":"The Woman in Blue","floor":13,"gold_loss":0}],"is_beta":false,"boss_relics":[{"not_picked":["beaked:MawFillet","Runic Pyramid"],"picked":"Mark of Pain"},{"not_picked":["Runic Cube","SlaversCollar"],"picked":"Black Blood"}],"items_purged_floors":[],"is_endless":false,"potions_floor_spawned":[5,7,10,19,21,23,30,36],"killed_by":"beaked:SuperParasite","ascension_level":2}}