{"host":"adi","time":1612907315,"event":{"mods":["AchievementEnabler","BaseMod","Bestiary","Colored Powertips","Minty Spire (QoL Compilation)","StSLib"],"gold_per_floor":[112,83,53,64,76,76,109,109,144,171,195,145,161,161,194,207,207,279,279,265,278,278,298,298,298,298],"floor_reached":25,"language":"ENG","playtime":1409,"items_purged":["Normality"],"score":423,"play_id":"126711eb-d370-4c37-9ce2-32faee9160ba","local_time":"20210209224835","is_ascension_mode":true,"campfire_choices":[{"data":"Biased Cognition","floor":6,"key":"SMITH"},{"floor":8,"key":"REST"},{"floor":14,"key":"REST"},{"data":"Hologram","floor":17,"key":"SMITH"}],"circlet_count":0,"master_deck":["AscendersBane","Defend_B","Defend_B","Defend_B","Defend_B","Zap","Dualcast","Biased Cognition+1","Streamline","Leap","Glacier","Melter","Static Discharge","Doom and Gloom","Core Surge","Hologram+1","Echo Form","Ball Lightning","Auto Shields","Bite","Bite","Bite","Bite","Bite","Capacitor"],"relics":["Cracked Core","Toy Ornithopter","Smiling Mask","Nunchaku","Potion Belt","Unceasing Top","Calling Bell","Akabeko","Matryoshka","Ice Cream"],"acts_visited":["Exordium","TheCity"],"potions_floor_usage":[9,25,25],"damage_taken":[{"damage":9,"enemies":"Jaw Worm","floor":1,"turns":3},{"damage":6,"enemies":"Cultist","floor":4,"turns":3},{"damage":0,"enemies":"Small Slimes","floor":5,"turns":3},{"damage":18,"enemies":"3 Sentries","floor":7,"turns":9},{"damage":22,"enemies":"Gremlin Nob","floor":9,"turns":5},{"damage":7,"enemies":"Looter","floor":13,"turns":3},{"damage":15,"enemies":"Lagavulin","floor":15,"turns":5},{"damage":1,"enemies":"2 Fungi Beasts","floor":16,"turns":4},{"damage":19,"enemies":"Hexaghost","floor":18,"turns":13},{"damage":16,"enemies":"2 Thieves","floor":20,"turns":4},{"damage":14,"enemies":"Shell Parasite","floor":21,"turns":5},{"damage":19,"enemies":"Centurion and Healer","floor":23,"turns":11},{"damage":52,"enemies":"Book of Stabbing","floor":25,"turns":4}],"seed_played":"6549450091886433737","potions_obtained":[{"floor":3,"key":"Weak Potion"},{"floor":3,"key":"Explosive Potion"},{"floor":5,"key":"FocusPotion"},{"floor":9,"key":"FearPotion"}],"is_trial":false,"path_per_floor":["M","$","?","M","M","R","E","R","E","T","T","$","M","R","E","M","R","B",null,"M","M","?","M","?","E"],"character_chosen":"DEFECT","items_purchased":["Leap"],"campfire_rested":2,"item_purchase_floors":[2],"current_hp_per_floor":[55,55,55,49,49,49,31,52,35,35,35,35,28,49,34,33,33,14,57,41,27,27,30,30,0,0],"gold":298,"neow_bonus":"THREE_RARE_CARDS","is_daily":false,"chose_seed":false,"campfire_upgraded":2,"win_rate":0.0,"timestamp":1612907315,"path_taken":["M","$","?","M","M","R","E","R","E","T","T","$","M","R","E","M","R","BOSS","M","?","?","M","?","E"],"items_purchased_type":["Card"],"build_version":"2020-12-18","purchased_purges":1,"victory":false,"max_hp_per_floor":[71,71,71,71,71,71,71,71,71,71,71,71,71,71,71,71,71,71,71,71,71,49,49,49,49,49],"card_choices":[{"not_picked":["Amplify","All For One"],"picked":"Biased Cognition","floor":0},{"not_picked":["Barrage","Heatsinks"],"picked":"Streamline","floor":1},{"not_picked":["Hologram","Aggregate"],"picked":"Glacier","floor":4},{"not_picked":["Steam","Redo","Gash"],"picked":"SKIP","floor":5},{"not_picked":["Hologram","Rip and Tear"],"picked":"Melter","floor":7},{"not_picked":["Coolheaded","All For One"],"picked":"Static Discharge","floor":9},{"not_picked":["Coolheaded","Leap"],"picked":"Doom and Gloom","floor":13},{"not_picked":["Barrage","Storm"],"picked":"Core Surge","floor":15},{"not_picked":["Barrage","Rebound"],"picked":"Hologram","floor":16},{"not_picked":["Amplify","Seek"],"picked":"Echo Form","floor":18},{"not_picked":["FTL+1","Stack"],"picked":"Ball Lightning","floor":20},{"not_picked":["Steam Power","Streamline"],"picked":"Auto Shields","floor":21},{"not_picked":["Coolheaded","Sweeping Beam"],"picked":"Capacitor","floor":23}],"player_experience":370342,"relics_obtained":[{"floor":7,"key":"Toy Ornithopter"},{"floor":9,"key":"Smiling Mask"},{"floor":10,"key":"Nunchaku"},{"floor":11,"key":"Potion Belt"},{"floor":15,"key":"Unceasing Top"},{"floor":19,"key":"Akabeko"},{"floor":19,"key":"Matryoshka"},{"floor":19,"key":"Ice Cream"}],"event_choices":[{"damage_healed":0,"gold_gain":0,"player_choice":"Bought 2 Potions","damage_taken":0,"max_hp_gain":0,"max_hp_loss":0,"event_name":"The Woman in Blue","floor":3,"gold_loss":0},{"damage_healed":0,"gold_gain":0,"player_choice":"Became a vampire","damage_taken":0,"max_hp_gain":0,"max_hp_loss":22,"event_name":"Vampires","floor":22,"gold_loss":0,"cards_obtained":["Bite","Bite","Bite","Bite","Bite"]},{"damage_healed":0,"gold_gain":0,"player_choice":"Ignored","damage_taken":0,"max_hp_gain":0,"max_hp_loss":0,"event_name":"Ghosts","floor":24,"gold_loss":0}],"is_beta":true,"boss_relics":[{"not_picked":["SlaversCollar","Cursed Key"],"picked":"Calling Bell"}],"items_purged_floors":[12],"is_endless":false,"potions_floor_spawned":[4,5,7,9],"killed_by":"Book of Stabbing","ascension_level":16}}