{"host":"gnfs9pc52tj5b2xa","time":1612847484,"event":{"mods":["BaseMod","Minty Spire (QoL Compilation)","Relic Sorter","Relic Stats","Slay the Relics Exporter","ojb\u0027s Better Paths Mod","ojb\u0027s Info Mod"],"gold_per_floor":[119,119,44,44,60,93,93,93,93],"floor_reached":8,"language":"ENG","playtime":1162,"items_purged":["Regret"],"score":108,"play_id":"0ec41929-ceff-4247-a35a-471347836dda","local_time":"20210208211124","is_ascension_mode":true,"campfire_choices":[{"floor":7,"key":"REST"}],"circlet_count":0,"master_deck":["AscendersBane","Strike_R","Strike_R","Strike_R","Strike_R","Defend_R","Defend_R","Defend_R","Defend_R","Bash","Second Wind","Headbutt","Reckless Charge"],"relics":["Burning Blood","Magic Flower","Mummified Hand","Mercury Hourglass"],"acts_visited":["Exordium"],"potions_floor_usage":[],"damage_taken":[{"damage":8,"enemies":"Small Slimes","floor":1,"turns":4},{"damage":9,"enemies":"Jaw Worm","floor":5,"turns":3},{"damage":57,"enemies":"Gremlin Nob","floor":6,"turns":5},{"damage":44,"enemies":"Lagavulin","floor":8,"turns":6}],"seed_played":"-8424625878404979013","potions_obtained":[],"is_trial":false,"path_per_floor":["M","?","$","?","M","E","R","E"],"character_chosen":"IRONCLAD","items_purchased":[],"campfire_rested":1,"item_purchase_floors":[],"current_hp_per_floor":[68,68,68,68,68,20,40,0,0],"gold":93,"neow_bonus":"ONE_RARE_RELIC","is_daily":false,"chose_seed":false,"campfire_upgraded":0,"win_rate":0.0,"timestamp":1612847484,"path_taken":["M","?","?","?","M","E","R","E"],"items_purchased_type":[],"build_version":"2020-12-22","purchased_purges":1,"victory":false,"max_hp_per_floor":[68,68,68,68,68,68,68,68,68],"relic_stats":{"counters":[4,18],"Mummified Hand":[0],"Magic Flower":[8],"obtain_stats":[{"Mummified Hand":2,"Magic Flower":0,"Burning Blood":0,"Mercury Hourglass":6},{"Mummified Hand":1,"Magic Flower":0,"Burning Blood":0,"Mercury Hourglass":3},{"Mummified Hand":4,"Magic Flower":0,"Burning Blood":0,"Mercury Hourglass":12}],"Burning Blood":26,"Mercury Hourglass":[12]},"card_choices":[{"not_picked":["Heavy Blade","Havoc","Body Slam"],"picked":"SKIP","floor":1},{"not_picked":["Warcry","Sword Boomerang"],"picked":"Headbutt","floor":5},{"not_picked":["Perfected Strike","Searing Blow"],"picked":"Reckless Charge","floor":6}],"player_experience":1292697,"relics_obtained":[{"floor":6,"key":"Mercury Hourglass"}],"event_choices":[{"damage_healed":0,"gold_gain":0,"player_choice":"Box","damage_taken":0,"relics_obtained":["Mummified Hand"],"max_hp_gain":0,"max_hp_loss":0,"event_name":"Big Fish","floor":2,"gold_loss":0,"cards_obtained":["Regret"]},{"damage_healed":0,"gold_gain":0,"cards_transformed":["Strike_R"],"player_choice":"Change","damage_taken":0,"max_hp_gain":0,"max_hp_loss":0,"event_name":"Living Wall","floor":4,"gold_loss":0,"cards_obtained":["Second Wind"]}],"is_beta":false,"boss_relics":[],"items_purged_floors":[3],"is_endless":false,"potions_floor_spawned":[],"killed_by":"Lagavulin","ascension_level":20}}