{"host":"hkwcbm4a2xrenbef","time":1612841735,"event":{"mods":["2.2 Compatiblity","Act Like it!","BaseMod","Bestiary","Colored Map","Googly Eyes","Highlight Path","Marisa????????","Minty Spire (QoL Compilation)","Quick Restart","Relic Stats","Remilia_Scarlet Moed?????·?????3.3.5","Remilia??????","Spire Arcade","StSLib","The Marked"],"gold_per_floor":[109,125,143,93,109,140,140,140,140,140,159,159,159,179,179,277,277,288,314,326,142,156,156,156],"floor_reached":23,"language":"ENG","playtime":3029,"items_purged":["Strike_MRS"],"score":243,"play_id":"7aefae99-f89c-4516-938b-f8c01405da0a","local_time":"20210208223535","is_ascension_mode":false,"campfire_choices":[{"floor":7.0,"key":"REST"},{"data":"MasterSpark","floor":10.0,"key":"SMITH"},{"floor":13.0,"key":"REST"},{"data":"MagicAbsorber","floor":15.0,"key":"SMITH"}],"circlet_count":0,"master_deck":["Strike_MRS","Strike_MRS","Defend_MRS","Defend_MRS","Defend_MRS","Defend_MRS","MasterSpark+1","UpSweep","DoubleSpark","OrrerysSun","PowerUp","DC","MagicAbsorber+1","GalacticHalo","TreasureHunter","OrrerysSun","OortCloud","DoubleSpark+1","SprinkleStarSeal","GrandCross","AsteroidBelt"],"relics":["MiniHakkero","Happy Flower","HornCleat","MagicBroom","Red Mask"],"acts_visited":["Exordium","TheCity"],"potions_floor_usage":[23],"damage_taken":[{"damage":6.0,"enemies":"Jaw Worm","floor":1.0,"turns":3.0},{"damage":5.0,"enemies":"Small Slimes","floor":2.0,"turns":3.0},{"damage":0.0,"enemies":"2 Louse","floor":3.0,"turns":3.0},{"damage":11.0,"enemies":"Red Slaver","floor":5.0,"turns":3.0},{"damage":27.0,"enemies":"Gremlin Nob","floor":6.0,"turns":4.0},{"damage":0.0,"enemies":"Large Slime","floor":11.0,"turns":4.0},{"damage":0.0,"enemies":"Exordium Thugs","floor":14.0,"turns":3.0},{"damage":0.0,"enemies":"Hexaghost","floor":16.0,"turns":9.0},{"damage":20.0,"enemies":"2 Thieves","floor":18.0,"turns":4.0},{"damage":8.0,"enemies":"Masked Bandits","floor":19.0,"turns":5.0},{"damage":7.0,"enemies":"3 Byrds","floor":20.0,"turns":7.0},{"damage":10.0,"enemies":"Shelled Parasite and Fungi","floor":22.0,"turns":5.0},{"damage":37,"enemies":"Gremlin Leader","floor":23,"turns":5}],"seed_played":"7550398702784497796","potions_obtained":[{"floor":2.0,"key":"Ancient Potion"},{"floor":3.0,"key":"SteroidPotion"},{"floor":5.0,"key":"Ancient Potion"},{"floor":11.0,"key":"FairyPotion"},{"floor":20.0,"key":"SpeedPotion"}],"is_trial":false,"path_per_floor":["M","M","M","?","M","E","R","?","T","R","M","?","R","M","R","B",null,"M","?","M","$","M","E"],"character_chosen":"MARISA","items_purchased":["SprinkleStarSeal","GrandCross"],"campfire_rested":2,"item_purchase_floors":[21,21],"current_hp_per_floor":[76,71,71,71,60,33,57,57,57,57,57,39,63,63,63,63,82,62,54,47,47,37,24,24],"gold":156,"neow_bonus":"TEN_PERCENT_HP_BONUS","is_daily":false,"chose_seed":false,"campfire_upgraded":2,"win_rate":0.0,"timestamp":1612841735,"path_taken":["M","M","M","?","M","E","R","?","T","R","M","?","R","M","R","BOSS","M","?","M","$","M","E"],"items_purchased_type":["Card","Card"],"build_version":"2020-12-22","purchased_purges":1,"victory":false,"max_hp_per_floor":[82,82,82,82,82,82,82,82,82,82,82,82,82,82,82,82,82,82,82,82,82,82,82,82],"relic_stats":{"Happy Flower":[14],"counters":[13,58],"obtain_stats":[{"HornCleat":9,"MagicBroom":12,"Happy Flower":6,"Red Mask":19,"MiniHakkero":0},{"HornCleat":5,"MagicBroom":6,"Happy Flower":5,"Red Mask":10,"MiniHakkero":0},{"HornCleat":16,"MagicBroom":20,"Happy Flower":16,"Red Mask":41,"MiniHakkero":0}]},"card_choices":[{"not_picked":["WitchOfGreed","ShootingEcho","GasGiant"],"picked":"SKIP","floor":1.0},{"not_picked":["ShootingEcho","MeteoricShower"],"picked":"DoubleSpark","floor":2.0},{"not_picked":["ShootTheMoon","GasGiant"],"picked":"OrrerysSun","floor":3.0},{"not_picked":["WitchLeyline","ChargeUpSpray"],"picked":"PowerUp","floor":5.0},{"not_picked":["OrrerysSun","GravityBeat"],"picked":"DC","floor":6.0},{"not_picked":["EnergyFlow","GravityBeat"],"picked":"MagicAbsorber","floor":11.0},{"not_picked":["WitchOfGreed","SporeBomb"],"picked":"GalacticHalo","floor":14.0},{"not_picked":["EscapeVelocity","ManaRampage"],"picked":"TreasureHunter","floor":16.0},{"not_picked":["RefractionSpark","WitchLeyline"],"picked":"OrrerysSun","floor":18.0},{"not_picked":["NonDirectionalLaser","6A"],"picked":"OortCloud","floor":19.0},{"not_picked":["GasGiant","IllusionStar+1"],"picked":"DoubleSpark+1","floor":20.0},{"not_picked":["WitchOfGreed+1","UnstableBomb"],"picked":"AsteroidBelt","floor":22.0}],"player_experience":55990,"relics_obtained":[{"floor":6.0,"key":"Happy Flower"},{"floor":9.0,"key":"HornCleat"},{"floor":19.0,"key":"Red Mask"}],"event_choices":[{"cards_removed":["Strike_MRS"],"damage_healed":0.0,"max_hp_gain":0.0,"max_hp_loss":0.0,"gold_gain":0.0,"event_name":"The Cleric","player_choice":"Card Removal","floor":4.0,"gold_loss":50.0,"damage_taken":0.0},{"damage_healed":0.0,"max_hp_gain":0.0,"max_hp_loss":0.0,"gold_gain":0.0,"event_name":"Liars Game","player_choice":"Ignored","floor":8.0,"gold_loss":0.0,"damage_taken":0.0},{"damage_healed":0.0,"max_hp_gain":0.0,"max_hp_loss":0.0,"gold_gain":0.0,"event_name":"Scrap Ooze","player_choice":"Success","floor":12.0,"gold_loss":0.0,"damage_taken":18.0,"relics_obtained":["MagicBroom"]},{"damage_healed":0.0,"max_hp_gain":0.0,"max_hp_loss":0.0,"gold_gain":0.0,"event_name":"Masked Bandits","player_choice":"Fought Bandits","floor":19.0,"gold_loss":0.0,"damage_taken":0.0}],"is_beta":false,"boss_relics":[{"not_picked":["Philosopher\u0027s Stone","Ectoplasm","Busted Crown"]}],"items_purged_floors":[21],"is_endless":false,"potions_floor_spawned":[2,3,5,11,18,20],"killed_by":"Gremlin Leader","ascension_level":0}}