{"host":"3498uni0c31c9bdm","time":1612913843,"event":{"mods":["BaseMod","Better Match","Better Note","Better Sensory Stone","Better Skull","Better Third Choice","Colored Map","Minty Spire (QoL Compilation)","Quick Restart","RNG Fix","Random Character Button","Replay The Spire","Shop Mod","Smile Girya","StSLib","Unceasing Turn Reminder"],"gold_per_floor":[113,113,132,132,142,174,99,99,125,157,157,157,10,35,35,110,110,130,130,130,140,239,239,289,300,300,319,345,365,365,365,365],"floor_reached":31,"language":"ENG","playtime":957,"items_purged":["Pain"],"score":464,"play_id":"c65ece43-6c3b-4162-a28e-c44166d67b8b","local_time":"20210210103723","is_ascension_mode":true,"campfire_choices":[{"floor":8,"key":"REST"},{"floor":12,"key":"REST"},{"floor":15,"key":"RECALL"},{"floor":23,"key":"REST"}],"circlet_count":0,"master_deck":["AscendersBane","Strike_B","Strike_B","Strike_B","Strike_B","Defend_B","Defend_B","Defend_B","Defend_B","Zap","Dualcast","Neutralize","Strike_P","Beam Cell","Sweeping Beam","Ball Lightning","Glacier","Go for the Eyes","Core Surge","CurseOfTheBell","Chill","J.A.X.","Echo Form","Leap","Ball Lightning","Turbo","Rainbow","Turbo","Doubt"],"relics":["Cracked Core","Ginger","WarpedTongs","Iron Hammer","Replay:WaspNest","Nunchaku","HornCleat","ReplayTheSpireMod:Ring of Challenge","Ring of Panic","Lee\u0027s Waffle","Calling Bell","Boot","Letter Opener","Unceasing Top","Anchor","Mercury Hourglass","Frozen Egg 2","Eternal Feather"],"acts_visited":["Exordium","TheCity"],"potions_floor_usage":[6,6,28,28],"damage_taken":[{"damage":1,"enemies":"Cultist","floor":1,"turns":3},{"damage":7,"enemies":"Jaw Worm","floor":3,"turns":4},{"damage":0,"enemies":"Small Slimes","floor":5,"turns":1},{"damage":40,"enemies":"Gremlin Nob","floor":6,"turns":5},{"damage":14,"enemies":"3 Sentries","floor":10,"turns":6},{"damage":14,"enemies":"Hexaghost","floor":16,"turns":9},{"damage":19,"enemies":"3 Byrds","floor":18,"turns":4},{"damage":4,"enemies":"2 Thieves","floor":21,"turns":4},{"damage":40,"enemies":"Book of Stabbing","floor":24,"turns":5},{"damage":12,"enemies":"Centurion and Healer","floor":25,"turns":8},{"damage":12,"enemies":"3 Cultists","floor":27,"turns":4},{"damage":8,"enemies":"Slavers","floor":28,"turns":5},{"damage":7,"enemies":"Snake Plant","floor":29,"turns":3},{"damage":15,"enemies":"Centurion and Healer","floor":31,"turns":4}],"seed_played":"318670404659405716","potions_obtained":[{"floor":3,"key":"EssenceOfDarkness"},{"floor":5,"key":"SneckoOil"},{"floor":10,"key":"Energy Potion"},{"floor":25,"key":"SmokeBomb"},{"floor":27,"key":"FocusPotion"}],"is_trial":false,"path_per_floor":["M","?","M","T","M","E","$","R","T","E","?","R","$","T","R","B",null,"M","?","?","M","?","R","E","M","T","M","E","M","?","M"],"character_chosen":"DEFECT","items_purchased":["Lee\u0027s Waffle"],"campfire_rested":3,"item_purchase_floors":[13],"current_hp_per_floor":[67,67,60,60,60,20,20,42,42,28,28,50,82,82,82,68,79,60,60,60,56,56,80,40,28,28,16,8,1,1,0,0],"gold":365,"neow_bonus":"ONE_RARE_RELIC","is_daily":false,"chose_seed":false,"campfire_upgraded":0,"win_rate":0.0,"timestamp":1612913843,"path_taken":["M","?","M","?","M","E","$","R","T","E","?","R","?","?","R","BOSS","M","?","?","M","?","R","E","M","T","?","E","M","?","M"],"items_purchased_type":["Relic"],"build_version":"2020-12-22","purchased_purges":1,"victory":false,"max_hp_per_floor":[75,75,75,75,75,75,75,75,75,75,75,75,82,82,82,82,82,82,82,82,82,82,82,82,82,82,82,82,82,82,82,82],"card_choices":[{"not_picked":["Go for the Eyes","Barrage"],"picked":"Beam Cell","floor":1},{"not_picked":["Barrage","Rebound"],"picked":"Sweeping Beam","floor":3},{"not_picked":["Stack","Beam Cell"],"picked":"Ball Lightning","floor":5},{"not_picked":["Steam","Beam Cell"],"picked":"Glacier","floor":6},{"not_picked":["Scrape","Hologram"],"picked":"Go for the Eyes","floor":10},{"not_picked":["Machine Learning","Rainbow"],"picked":"Core Surge","floor":16},{"not_picked":["Rebound","Doom and Gloom"],"picked":"Chill","floor":18},{"not_picked":["ReplayTheSpireMod:Calculation Training","Rebound"],"picked":"Echo Form","floor":21},{"not_picked":["ReplayTheSpireMod:Reroute Power","ReplayTheSpireMod:Repulse"],"picked":"Leap","floor":24},{"not_picked":["Leap","Core Surge"],"picked":"Ball Lightning","floor":25},{"not_picked":["Streamline","Ball Lightning"],"picked":"Turbo","floor":27},{"not_picked":["Coolheaded","BasicCrystalCard"],"picked":"Rainbow","floor":28},{"not_picked":["ReplayTheSpireMod:Reroute Power","BasicCrystalCard"],"picked":"Turbo","floor":29}],"player_experience":876945,"relics_obtained":[{"floor":4,"key":"Iron Hammer"},{"floor":6,"key":"Replay:WaspNest"},{"floor":9,"key":"Nunchaku"},{"floor":10,"key":"HornCleat"},{"floor":11,"key":"ReplayTheSpireMod:Ring of Challenge"},{"floor":11,"key":"Ring of Panic"},{"floor":17,"key":"Boot"},{"floor":17,"key":"Letter Opener"},{"floor":17,"key":"Unceasing Top"},{"floor":24,"key":"Anchor"},{"floor":26,"key":"Mercury Hourglass"},{"floor":28,"key":"Frozen Egg 2"}],"event_choices":[{"damage_healed":0,"gold_gain":0,"player_choice":"Rummage","damage_taken":0,"relics_obtained":["WarpedTongs"],"max_hp_gain":0,"max_hp_loss":0,"event_name":"Accursed Blacksmith","floor":2,"gold_loss":0,"cards_obtained":["Pain"]},{"damage_healed":0,"gold_gain":0,"player_choice":"Obtain J.A.X.","damage_taken":0,"max_hp_gain":0,"max_hp_loss":0,"event_name":"Drug Dealer","floor":19,"gold_loss":0,"cards_obtained":["J.A.X."]},{"damage_healed":0,"gold_gain":0,"player_choice":"Ignored","damage_taken":0,"max_hp_gain":0,"max_hp_loss":0,"event_name":"Vampires","floor":20,"gold_loss":0},{"damage_healed":0,"gold_gain":99,"player_choice":"Steal","damage_taken":0,"max_hp_gain":0,"max_hp_loss":0,"event_name":"betterThird:BetterNest","floor":22,"gold_loss":0}],"is_beta":false,"boss_relics":[{"not_picked":["Empty Cage","Kintsugi"],"picked":"Calling Bell"}],"items_purged_floors":[7],"is_endless":false,"potions_floor_spawned":[3,5,10,25,27],"killed_by":"Centurion and Healer","ascension_level":13}}