{"host":"ia9e4s524g7bamk7","time":1612907299,"event":{"mods":["AchievementEnabler","BaseMod","Minty Spire (QoL Compilation)","Slay-I"],"gold_per_floor":[115,129,182,182,196,228,241,275,275,301,301,331,111,126,126,225,225,245,206,240,240,200,235,235,263,289,317,329,329,342,362,362,464,464,481,497,549,549,474,474,502,502,502,514,71,89,124,142,142,142,142,142,71,99,99],"floor_reached":56,"language":"ENG","playtime":4847,"items_purged":["SignatureMove"],"score":1471,"play_id":"88291f98-2d26-4c11-8ab1-49df97ea5a8d","local_time":"20210209224819","is_ascension_mode":true,"campfire_choices":[{"data":"Eruption","floor":11.0,"key":"SMITH"},{"data":"Fasting2","floor":15.0,"key":"SMITH"},{"floor":24.0,"key":"REST"},{"floor":29.0,"key":"REST"},{"floor":32.0,"key":"RECALL"},{"data":"ThirdEye","floor":40.0,"key":"SMITH"},{"data":"Meditate","floor":42.0,"key":"SMITH"},{"data":"BowlingBash","floor":49.0,"key":"SMITH"},{"data":"Wallop","floor":52.0,"key":"SMITH"}],"circlet_count":0,"master_deck":["Eruption+1","Vigilance","FlyingSleeves+1","EmptyMind","SpiritShield","FlurryOfBlows","Wallop+1","DevaForm","ReachHeaven+1","BowlingBash+1","ClearTheMind+1","ThirdEye+1","Meditate+1","Fasting2+1","Omniscience","CurseOfTheBell","FlurryOfBlows+1","Perseverance+1","DeceiveReality+1","FlurryOfBlows+1","DeusExMachina","Dark Shackles","Tantrum+1"],"relics":["Pandora\u0027s Box","Whetstone","Meat on the Bone","Singing Bowl","InkBottle","Regal Pillow","Orichalcum","Art of War","Calling Bell","Dream Catcher","Mercury Hourglass","Lizard Tail","Red Mask","MutagenicStrength","The Courier","Ornamental Fan","Bag of Preparation","Shuriken","Snecko Eye","Pocketwatch","PreservedInsect","MealTicket","Thread and Needle","Bottled Tornado","Anchor","ClockworkSouvenir","Juzu Bracelet","CaptainsWheel"],"acts_visited":["Exordium","TheCity","TheBeyond","TheEnding"],"potions_floor_usage":[55,55,55,55,55,55,55,55,55],"damage_taken":[{"damage":9.0,"enemies":"Cultist","floor":1.0,"turns":4.0},{"damage":0.0,"enemies":"Jaw Worm","floor":2.0,"turns":2.0},{"damage":0.0,"enemies":"2 Louse","floor":5.0,"turns":2.0},{"damage":10.0,"enemies":"3 Sentries","floor":6.0,"turns":5.0},{"damage":6.0,"enemies":"Exordium Thugs","floor":7.0,"turns":5.0},{"damage":15.0,"enemies":"Gremlin Nob","floor":8.0,"turns":4.0},{"damage":26.0,"enemies":"3 Sentries","floor":10.0,"turns":5.0},{"damage":0.0,"enemies":"Lagavulin","floor":12.0,"turns":5.0},{"damage":11.0,"enemies":"2 Fungi Beasts","floor":14.0,"turns":4.0},{"damage":3.0,"enemies":"The Guardian","floor":16.0,"turns":6.0},{"damage":0.0,"enemies":"Spheric Guardian","floor":18.0,"turns":2.0},{"damage":35.0,"enemies":"Masked Bandits","floor":20.0,"turns":4.0},{"damage":21.0,"enemies":"Slavers","floor":23.0,"turns":4.0},{"damage":31.0,"enemies":"Book of Stabbing","floor":25.0,"turns":5.0},{"damage":28.0,"enemies":"Slavers","floor":27.0,"turns":5.0},{"damage":7.0,"enemies":"Chosen","floor":28.0,"turns":5.0},{"damage":0.0,"enemies":"3 Cultists","floor":30.0,"turns":2.0},{"damage":2.0,"enemies":"Chosen and Byrds","floor":31.0,"turns":3.0},{"damage":9.0,"enemies":"Collector","floor":33.0,"turns":4.0},{"damage":6.0,"enemies":"3 Shapes","floor":35.0,"turns":3.0},{"damage":0.0,"enemies":"Orb Walker","floor":36.0,"turns":3.0},{"damage":16.0,"enemies":"2 Orb Walkers","floor":37.0,"turns":4.0},{"damage":0.0,"enemies":"Giant Head","floor":41.0,"turns":5.0},{"damage":0.0,"enemies":"4 Shapes","floor":44.0,"turns":3.0},{"damage":0.0,"enemies":"Jaw Worm Horde","floor":46.0,"turns":2.0},{"damage":0.0,"enemies":"Nemesis","floor":47.0,"turns":3.0},{"damage":0.0,"enemies":"Spire Growth","floor":48.0,"turns":4.0},{"damage":31.0,"enemies":"Donu and Deca","floor":50.0,"turns":7.0},{"damage":0.0,"enemies":"Shield and Spear","floor":54.0,"turns":2.0},{"damage":12,"enemies":"The Heart","floor":55,"turns":5}],"seed_played":"7050179468032291551","potions_obtained":[{"floor":2.0,"key":"GamblersBrew"},{"floor":10.0,"key":"Energy Potion"},{"floor":12.0,"key":"Energy Potion"},{"floor":14.0,"key":"PowerPotion"},{"floor":23.0,"key":"Weak Potion"},{"floor":25.0,"key":"Ambrosia"},{"floor":28.0,"key":"EntropicBrew"},{"floor":31.0,"key":"Weak Potion"},{"floor":36.0,"key":"AttackPotion"},{"floor":41.0,"key":"PowerPotion"}],"is_trial":false,"path_per_floor":["M","M","T","?","M","E","M","E","T","E","R","E","$","M","R","B",null,"M","$","?","?","?","E","R","E","T","E","M","R","M","M","R","B",null,"M","M","?","?","?","R","E","R","T","M","$","M","E","M","R","B",null,"R","$","E","B",null],"character_chosen":"WATCHER","items_purchased":["Art of War","Perseverance","Bottled Tornado","Anchor","ClockworkSouvenir","Dark Shackles"],"campfire_rested":2,"item_purchase_floors":[13,19,45,45,45,53],"current_hp_per_floor":[63,63,63,51,51,41,49,48,48,34,34,48,48,51,51,48,80,80,80,47,47,47,38,79,50,50,34,41,82,84,84,84,75,92,88,90,76,76,76,76,78,78,78,80,95,97,99,101,101,70,108,108,108,108,96],"gold":99,"neow_bonus":"BOSS_RELIC","is_daily":false,"chose_seed":true,"campfire_upgraded":6,"win_rate":0.0,"timestamp":1612907299,"path_taken":["M","M","?","?","M","E","M","E","T","E","R","E","$","M","R","BOSS","M","$","?","?","?","E","R","E","T","E","M","R","M","?","R","BOSS","M","M","?","?","?","R","E","R","T","?","$","M","E","M","R","BOSS","R","$","E","BOSS"],"items_purchased_type":["Relic","Card","Relic","Relic","Relic","Card"],"build_version":"2020-12-22","purchased_purges":1,"victory":true,"max_hp_per_floor":[72,72,72,72,72,72,74,76,76,76,76,78,78,80,80,80,80,80,80,82,82,82,82,84,86,86,86,88,88,90,92,92,92,92,94,96,98,98,98,98,100,100,100,102,102,104,106,108,108,108,108,108,108,108,108],"card_choices":[{"not_picked":["Protect","PathToVictory"],"picked":"BowlingBash","floor":1.0},{"not_picked":["Omniscience","SignatureMove"],"picked":"ClearTheMind","floor":2.0},{"not_picked":["EmptyFist","CarveReality"],"picked":"ThirdEye","floor":5.0},{"not_picked":["Consecrate","JustLucky"],"picked":"Meditate","floor":6.0},{"not_picked":["Protect","Pray","Study"],"picked":"Singing Bowl","floor":7.0},{"not_picked":["Evaluate","ConjureBlade","InnerPeace"],"picked":"Singing Bowl","floor":8.0},{"not_picked":["SashWhip","PathToVictory"],"picked":"Fasting2","floor":10.0},{"not_picked":["Consecrate","Vengeance","WindmillStrike"],"picked":"Singing Bowl","floor":12.0},{"not_picked":["FollowUp","EmptyBody","Collect"],"picked":"Singing Bowl","floor":14.0},{"not_picked":["Scrawl","DevaForm"],"picked":"Omniscience","floor":16.0},{"not_picked":["CarveReality","PathToVictory"],"picked":"FlurryOfBlows+1","floor":18.0},{"not_picked":["FlyingSleeves","Consecrate","LikeWater+1"],"picked":"Singing Bowl","floor":20.0},{"not_picked":["Nirvana+1","Swivel"],"picked":"FlurryOfBlows+1","floor":23.0},{"not_picked":["ThirdEye","PathToVictory","CutThroughFate"],"picked":"Singing Bowl","floor":24.0},{"not_picked":["PathToVictory","SignatureMove+1","MasterReality"],"picked":"Singing Bowl","floor":25.0},{"not_picked":["ThirdEye+1","Worship"],"picked":"DeceiveReality+1","floor":27.0},{"not_picked":["ThirdEye","FlyingSleeves","FollowUp"],"picked":"Singing Bowl","floor":28.0},{"not_picked":["FlyingSleeves","LessonLearned"],"picked":"FlurryOfBlows+1","floor":29.0},{"not_picked":["Evaluate","Consecrate","ThirdEye+1"],"picked":"Singing Bowl","floor":30.0},{"not_picked":["EmptyBody","Meditate+1","Indignation+1"],"picked":"Singing Bowl","floor":31.0},{"not_picked":["ConjureBlade","Alpha"],"picked":"DeusExMachina","floor":33.0},{"not_picked":["WindmillStrike+1","FlyingSleeves+1","Vengeance+1"],"picked":"Singing Bowl","floor":35.0},{"not_picked":["SashWhip","Tantrum","Protect"],"picked":"Singing Bowl","floor":36.0},{"not_picked":["ClearTheMind","Worship+1","FlyingSleeves"],"picked":"Singing Bowl","floor":37.0},{"not_picked":["BattleHymn","SashWhip","WindmillStrike+1"],"picked":"Singing Bowl","floor":41.0},{"not_picked":["Devotion","Halt","Adaptation"],"picked":"Singing Bowl","floor":44.0},{"not_picked":["Tantrum+1","CarveReality","FollowUp"],"picked":"Singing Bowl","floor":46.0},{"not_picked":["Worship+1","ThirdEye+1","SashWhip"],"picked":"Singing Bowl","floor":47.0},{"not_picked":["Halt+1","ClearTheMind+1","InnerPeace+1"],"picked":"Singing Bowl","floor":48.0},{"not_picked":["WreathOfFlame","LikeWater"],"picked":"Tantrum+1","floor":54.0}],"player_experience":294421,"relics_obtained":[{"floor":3.0,"key":"Whetstone"},{"floor":6.0,"key":"Singing Bowl"},{"floor":8.0,"key":"InkBottle"},{"floor":10.0,"key":"Regal Pillow"},{"floor":12.0,"key":"Orichalcum"},{"floor":17.0,"key":"Dream Catcher"},{"floor":17.0,"key":"Mercury Hourglass"},{"floor":17.0,"key":"Lizard Tail"},{"floor":20.0,"key":"Red Mask"},{"floor":23.0,"key":"The Courier"},{"floor":25.0,"key":"Ornamental Fan"},{"floor":26.0,"key":"Bag of Preparation"},{"floor":27.0,"key":"Shuriken"},{"floor":37.0,"key":"Pocketwatch"},{"floor":41.0,"key":"MealTicket"},{"floor":43.0,"key":"Thread and Needle"},{"floor":47.0,"key":"Juzu Bracelet"},{"floor":54.0,"key":"CaptainsWheel"}],"event_choices":[{"damage_healed":0.0,"max_hp_gain":0.0,"max_hp_loss":0.0,"gold_gain":0.0,"event_name":"Scrap Ooze","player_choice":"Success","floor":4.0,"gold_loss":0.0,"damage_taken":12.0,"relics_obtained":["Meat on the Bone"]},{"damage_healed":0.0,"max_hp_gain":0.0,"max_hp_loss":0.0,"gold_gain":0.0,"event_name":"Masked Bandits","player_choice":"Fought Bandits","floor":20.0,"gold_loss":0.0,"damage_taken":0.0},{"damage_healed":0.0,"max_hp_gain":0.0,"max_hp_loss":0.0,"gold_gain":0.0,"event_name":"Drug Dealer","player_choice":"Inject Mutagens","floor":21.0,"gold_loss":0.0,"damage_taken":0.0,"relics_obtained":["MutagenicStrength"]},{"damage_healed":0.0,"max_hp_gain":0.0,"max_hp_loss":0.0,"gold_gain":0.0,"event_name":"Designer","player_choice":"Upgraded Two","floor":22.0,"gold_loss":40.0,"damage_taken":0.0,"cards_upgraded":["ClearTheMind","Perseverance"]},{"damage_healed":0.0,"max_hp_gain":0.0,"max_hp_loss":0.0,"gold_gain":0.0,"event_name":"Mysterious Sphere","player_choice":"Fight","floor":37.0,"gold_loss":0.0,"damage_taken":0.0},{"cards_removed":["FlurryOfBlows"],"damage_healed":0.0,"max_hp_gain":0.0,"max_hp_loss":0.0,"gold_gain":0.0,"event_name":"Falling","player_choice":"Removed Attack","floor":38.0,"gold_loss":0.0,"damage_taken":0.0},{"damage_healed":0.0,"max_hp_gain":0.0,"max_hp_loss":0.0,"gold_gain":0.0,"event_name":"WeMeetAgain","player_choice":"Paid Gold","floor":39.0,"gold_loss":75.0,"damage_taken":0.0,"relics_obtained":["PreservedInsect"]}],"is_beta":false,"boss_relics":[{"not_picked":["Ectoplasm","SacredBark"],"picked":"Calling Bell"},{"not_picked":["Empty Cage","Black Star"],"picked":"Snecko Eye"}],"items_purged_floors":[13],"is_endless":false,"potions_floor_spawned":[2,10,12,14,23,25,28,31,36,41,44,47],"ascension_level":1}}