{"host":"qy1e0kd24tpj3i2m","time":1612903392,"event":{"mods":["Act Like it!","BaseMod","Better Skull","Better Vampires","Colored Map","Colored Powertips","Custom Start","Displayed Cursed Tome","Faster Ascension Climbing","Friendly Minions","GifTheSpireLib","Gremlin Skip","Highlight Path","Minty Spire (QoL Compilation)","Permanent Neow","Poor People Problems","Quick Restart","Red Circlet Mod","Relic Filter Mod","Relic Sorter","Reorder Act Four","SacredBarkPlus","Shop Mod","StSLib","SuperFastMode","Transform Curses","没有小屋子和绿帽子啦"],"gold_per_floor":[119,44,64,64,75,75,100,100,126,146,45,79,79,94,94,167,-333,-323,11,11,286,286,286],"floor_reached":22,"language":"ZHS","playtime":736,"items_purged":["Bash"],"score":388,"play_id":"234adc04-7bb4-4bea-86fd-d6f5af686370","local_time":"20210210054312","is_ascension_mode":true,"campfire_choices":[{"data":"True Grit","floor":6.0,"key":"SMITH"},{"data":"Uppercut","floor":8.0,"key":"SMITH"},{"floor":13.0,"key":"REST"},{"data":"Whirlwind","floor":15.0,"key":"SMITH"}],"circlet_count":0,"master_deck":["AscendersBane","Strike_R","Strike_R","Strike_R","Strike_R+1","Strike_R+1","Defend_R","Defend_R","Defend_R","Defend_R","Uppercut+1","True Grit+1","Iron Wave","Power Through","Entrench","Bandage Up","Headbutt","Whirlwind+1","Corruption","True Grit+1","Shame","Regret"],"relics":["Mark of Pain","Whetstone","Oddly Smooth Stone","Bottled Flame","Tiny House","Pen Nib"],"acts_visited":["Exordium","TheCity"],"potions_floor_usage":[],"damage_taken":[{"damage":0.0,"enemies":"Cultist","floor":1.0,"turns":3.0},{"damage":3.0,"enemies":"2 Louse","floor":3.0,"turns":3.0},{"damage":0.0,"enemies":"Jaw Worm","floor":5.0,"turns":4.0},{"damage":43.0,"enemies":"Lagavulin","floor":7.0,"turns":8.0},{"damage":8.0,"enemies":"Gremlin Gang","floor":10.0,"turns":5.0},{"damage":14.0,"enemies":"3 Sentries","floor":12.0,"turns":14.0},{"damage":0.0,"enemies":"Looter","floor":14.0,"turns":2.0},{"damage":35.0,"enemies":"Hexaghost","floor":16.0,"turns":12.0},{"damage":6.0,"enemies":"3 Byrds","floor":18.0,"turns":5.0},{"damage":14,"enemies":"2 Thieves","floor":19,"turns":4},{"damage":28,"enemies":"Shelled Parasite and Fungi","floor":22,"turns":4}],"seed_played":"3689844126463605065","potions_obtained":[{"floor":10.0,"key":"SkillPotion"},{"floor":14.0,"key":"Regen Potion"},{"floor":16.0,"key":"Regen Potion"}],"is_trial":false,"path_per_floor":["M","$","M","$","M","R","E","R","T","M","$","E","R","M","R","B",null,"M","M","?","?","M"],"character_chosen":"IRONCLAD","items_purchased":["Bandage Up"],"campfire_rested":1,"item_purchase_floors":[11],"current_hp_per_floor":[68,68,65,65,65,65,22,22,22,14,14,4,26,30,30,14,60,71,61,61,61,37,37],"gold":286,"neow_bonus":"BOSS_RELIC","is_daily":false,"chose_seed":false,"campfire_upgraded":3,"win_rate":0.0,"timestamp":1612903392,"path_taken":["M","$","M","?","M","R","E","R","T","M","$","E","R","M","R","BOSS","M","M","?","?","?"],"items_purchased_type":["Card"],"build_version":"2020-12-22","purchased_purges":1,"victory":false,"max_hp_per_floor":[75,75,75,75,75,75,75,75,75,75,75,75,75,75,75,75,75,75,75,75,75,75,75],"card_choices":[{"not_picked":["Warcry","Reckless Charge"],"picked":"Uppercut","floor":1.0},{"not_picked":["Iron Wave","Shrug It Off"],"picked":"True Grit","floor":3.0},{"not_picked":["True Grit","Heavy Blade"],"picked":"Iron Wave","floor":5.0},{"not_picked":["Sword Boomerang","Warcry"],"picked":"Power Through","floor":7.0},{"not_picked":["Second Wind","Anger"],"picked":"Entrench","floor":10.0},{"not_picked":["Intimidate","Wild Strike"],"picked":"Headbutt","floor":12.0},{"not_picked":["Entrench","Pommel Strike"],"picked":"Whirlwind","floor":14.0},{"not_picked":["Limit Break","Double Tap"],"picked":"Corruption","floor":16.0},{"not_picked":["Perfected Strike","Anger"],"picked":"True Grit+1","floor":18.0},{"not_picked":["Anger","Blood for Blood","Sword Boomerang"],"picked":"SKIP","floor":19}],"player_experience":1004808,"relics_obtained":[{"floor":7.0,"key":"Whetstone"},{"floor":9.0,"key":"Oddly Smooth Stone"},{"floor":12.0,"key":"Bottled Flame"}],"event_choices":[{"damage_healed":0,"gold_gain":0,"player_choice":"Stole Relic","damage_taken":0,"relics_obtained":["Pen Nib"],"max_hp_gain":0,"max_hp_loss":0,"event_name":"Addict","floor":20,"gold_loss":0,"cards_obtained":["Shame"]},{"damage_healed":0,"gold_gain":275,"player_choice":"Desecrate","damage_taken":0,"max_hp_gain":0,"max_hp_loss":0,"event_name":"Golden Shrine","floor":21,"gold_loss":0,"cards_obtained":["Regret"]}],"is_beta":false,"boss_relics":[{"not_picked":["Calling Bell","Philosopher\u0027s Stone"],"picked":"Tiny House"}],"items_purged_floors":[2],"is_endless":false,"potions_floor_spawned":[10,14,16],"killed_by":"Shelled Parasite and Fungi","ascension_level":20}}