{"host":"9eojso4kl4lidi9b","time":1612836851,"event":{"mods":["BaseMod","Beaked The Cultist","Better Skull","Colored Map","Colored Powertips","Conspire","Downfall","GifTheSpireLib","Minty Spire (QoL Compilation)","Random Character Button","Small Relic Pack","StSLib","Stuff the Spire","The Blackbeard","The Necromancer","The Poker Player","The Wild Card","Trackpad","Unceasing Turn Reminder","Yuri Mod"],"gold_per_floor":[99,119,119,135,135,155,224,224,249,241,241,241,268,291,308,308,308,308],"floor_reached":16,"language":"ENG","playtime":594,"items_purged":[],"score":102,"play_id":"21069548-d283-41fe-857a-26603035bc57","local_time":"20210208201411","is_ascension_mode":false,"campfire_choices":[{"data":"hexamod:TimeWarp","floor":1,"key":"SMITH"},{"data":"hexamod:SuperheatedStrike","floor":8,"key":"SMITH"},{"data":"hexamod:PowerFromBeyond","floor":12,"key":"SMITH"}],"circlet_count":0,"master_deck":["hexamod:Strike","hexamod:Strike","hexamod:Strike","hexamod:Strike","hexamod:Defend","hexamod:Defend","hexamod:Defend","hexamod:Defend","hexamod:Sear","hexamod:Float","hexamod:TimeWarp+1","hexamod:HauntingEcho","hexamod:PowerFromBeyond+1","hexamod:SuperheatedStrike+1","hexamod:EmpoweredFlame","hexamod:SecondSeal","hexamod:FirstSeal","Regret","hexamod:SuperheatedStrike","hexamod:ShieldOfDarkness","hexamod:Toasty"],"relics":["hexamod:SpiritBrand","StuffTheSpire:Tea","StuffTheSpire:TintedRock","StuffTheSpire:RedRose"],"acts_visited":["Exordium"],"potions_floor_usage":[16,16],"damage_taken":[{"damage":0,"enemies":"2 Louse","floor":2,"turns":3},{"damage":1,"enemies":"Jaw Worm","floor":4,"turns":3},{"damage":0,"enemies":"Cultist","floor":6,"turns":3},{"damage":6,"enemies":"Lagavulin","floor":9,"turns":4},{"damage":19,"enemies":"Large Slime","floor":13,"turns":3},{"damage":15,"enemies":"Red Slaver","floor":14,"turns":3},{"damage":15,"enemies":"Exordium Thugs","floor":15,"turns":4},{"damage":31,"enemies":"WA_ARCHETYPE_RETAIN","floor":16,"turns":5}],"seed_played":"-8453479065111579009","potions_obtained":[{"floor":6,"key":"SmokeBomb"},{"floor":9,"key":"Dexterity Potion"},{"floor":13,"key":"LiquidMemories"},{"floor":14,"key":"hexamod:DoubleChargePotion"}],"is_trial":false,"path_per_floor":["R","M","?","M","?","M","T","R","E","?","?","R","M","M","M","B"],"character_chosen":"THE_SPIRIT","items_purchased":[],"campfire_rested":0,"item_purchase_floors":[],"current_hp_per_floor":[70,70,70,69,69,69,69,69,63,56,56,56,44,36,28,0,0,0],"gold":308,"neow_bonus":"ONE_RANDOM_RARE_CARD","is_daily":false,"chose_seed":false,"campfire_upgraded":3,"win_rate":0.0,"timestamp":1612836851,"path_taken":["R","M","?","M","?","M","T","R","E","?","?","R","M","M","M","BOSS"],"items_purchased_type":[],"build_version":"2020-12-22","purchased_purges":0,"victory":false,"max_hp_per_floor":[70,70,70,70,70,70,70,70,70,70,70,70,70,70,70,70,70,70],"card_choices":[{"not_picked":["hexamod:CatchUp","hexamod:SpectralSpark"],"picked":"hexamod:HauntingEcho","floor":2},{"not_picked":["hexamod:HeatMetal","hexamod:SpectralAdrenaline"],"picked":"hexamod:PowerFromBeyond","floor":4},{"not_picked":["hexamod:GhostflameBarrier","hexamod:NightmareStrike"],"picked":"hexamod:SuperheatedStrike","floor":6},{"not_picked":["hexamod:SpectralSpark","hexamod:Haunt"],"picked":"hexamod:EmpoweredFlame","floor":9},{"not_picked":["hexamod:GhostShield","hexamod:HeatCrush"],"picked":"hexamod:SuperheatedStrike","floor":13},{"not_picked":["hexamod:NightmareGuise","hexamod:Hexaguard"],"picked":"hexamod:ShieldOfDarkness","floor":14},{"not_picked":["hexamod:InspiringFlames","hexamod:SuperheatedStrike"],"picked":"hexamod:Toasty","floor":15}],"player_experience":1094433,"relics_obtained":[{"floor":7,"key":"StuffTheSpire:Tea"},{"floor":9,"key":"StuffTheSpire:TintedRock"}],"event_choices":[{"damage_healed":0,"gold_gain":0,"player_choice":"Leave","damage_taken":0,"max_hp_gain":0,"max_hp_loss":0,"event_name":"conspire:Investor","floor":5,"gold_loss":0}],"is_beta":false,"boss_relics":[],"items_purged_floors":[],"is_endless":false,"potions_floor_spawned":[6,9,13,14],"killed_by":"WA_ARCHETYPE_RETAIN","ascension_level":0}}