{"host":"fevvm7bbzuh4s1jc","time":1612911974,"event":{"mods":["BaseMod","Highlight Path","Minty Spire (QoL Compilation)","Relic Stats"],"gold_per_floor":[118,268,50,150,19,19,49,59,104,133,147,147,161,173,173,247,247,261,277,296,32,44,44,60,77,130,148,148,159,3,33,33,106,106,124,134,134,134,47,73,73,73,73,88,88,113,124,156,156,156,156,156,156,30,60,60],"floor_reached":57,"language":"ENG","playtime":7791,"items_purged":["Doubt","Strike_B","Strike_B","Shame"],"score":2948,"play_id":"9b5aeb1a-269f-47a4-bda7-67deebafcce6","local_time":"20210209180614","is_ascension_mode":true,"campfire_choices":[{"data":"Sweeping Beam","floor":6.0,"key":"SMITH"},{"data":"Defragment","floor":12.0,"key":"SMITH"},{"data":"Coolheaded","floor":15.0,"key":"SMITH"},{"floor":23.0,"key":"REST"},{"floor":32.0,"key":"REST"},{"data":"Consume","floor":41.0,"key":"SMITH"},{"floor":45.0,"key":"RECALL"},{"data":"Rainbow","floor":49.0,"key":"SMITH"},{"data":"Hologram","floor":53.0,"key":"SMITH"}],"circlet_count":0,"master_deck":["AscendersBane","Strike_B","Strike_B","Defend_B","Defend_B","Defend_B","Defend_B","Zap","Dualcast","Sweeping Beam+1","White Noise","Hologram+1","Static Discharge","Barrage","Defragment+1","Coolheaded+1","Cold Snap","Multi-Cast","Ball Lightning","Reinforced Body","Go for the Eyes+1","Self Repair","Rainbow+1","Consume+1","Electrodynamics","Coolheaded+1","Glacier","Echo Form","Skim","Stack+1"],"relics":["Cracked Core","NeowsBlessing","Membership Card","Runic Capacitor","PreservedInsect","Centennial Puzzle","Black Star","Orichalcum","Bag of Marbles","Matryoshka","DataDisk","Blood Vial","Snecko Eye","Toolbox","FossilizedHelix","Bag of Preparation","Lantern","Anchor","Pear","Nunchaku","MealTicket","Bottled Tornado","OrangePellets","Vajra","Mummified Hand"],"acts_visited":["Exordium","TheCity","TheBeyond","TheEnding"],"potions_floor_usage":[55,56,56],"damage_taken":[{"damage":0.0,"enemies":"2 Louse","floor":1.0,"turns":1.0},{"damage":0.0,"enemies":"Gremlin Nob","floor":7.0,"turns":1.0},{"damage":0.0,"enemies":"Cultist","floor":8.0,"turns":1.0},{"damage":20.0,"enemies":"Lagavulin","floor":10.0,"turns":6.0},{"damage":2.0,"enemies":"Jaw Worm","floor":11.0,"turns":3.0},{"damage":16.0,"enemies":"Blue Slaver","floor":13.0,"turns":3.0},{"damage":7.0,"enemies":"Exordium Wildlife","floor":14.0,"turns":5.0},{"damage":4.0,"enemies":"The Guardian","floor":16.0,"turns":12.0},{"damage":11.0,"enemies":"Chosen","floor":18.0,"turns":5.0},{"damage":22.0,"enemies":"3 Byrds","floor":19.0,"turns":4.0},{"damage":28.0,"enemies":"3 Cultists","floor":20.0,"turns":4.0},{"damage":0.0,"enemies":"Snecko","floor":22.0,"turns":12.0},{"damage":17.0,"enemies":"Shelled Parasite and Fungi","floor":24.0,"turns":7.0},{"damage":10.0,"enemies":"Cultist and Chosen","floor":25.0,"turns":5.0},{"damage":11.0,"enemies":"Centurion and Healer","floor":27.0,"turns":7.0},{"damage":10.0,"enemies":"Snake Plant","floor":29.0,"turns":5.0},{"damage":8.0,"enemies":"Book of Stabbing","floor":31.0,"turns":5.0},{"damage":3.0,"enemies":"Champ","floor":33.0,"turns":21.0},{"damage":16.0,"enemies":"3 Shapes","floor":35.0,"turns":4.0},{"damage":27.0,"enemies":"3 Darklings","floor":36.0,"turns":3.0},{"damage":26.0,"enemies":"Giant Head","floor":40.0,"turns":14.0},{"damage":0.0,"enemies":"4 Shapes","floor":44.0,"turns":4.0},{"damage":25.0,"enemies":"Reptomancer","floor":46.0,"turns":6.0},{"damage":3.0,"enemies":"Jaw Worm Horde","floor":47.0,"turns":3.0},{"damage":0.0,"enemies":"Nemesis","floor":48.0,"turns":9.0},{"damage":0.0,"enemies":"Donu and Deca","floor":50.0,"turns":11.0},{"damage":9.0,"enemies":"Time Eater","floor":51.0,"turns":15.0},{"damage":31,"enemies":"Shield and Spear","floor":55,"turns":5},{"damage":28,"enemies":"The Heart","floor":56,"turns":10}],"seed_played":"2107383507042492707","potions_obtained":[{"floor":7.0,"key":"Strength Potion"},{"floor":10.0,"key":"Fruit Juice"},{"floor":13.0,"key":"Energy Potion"},{"floor":14.0,"key":"Fire Potion"},{"floor":20.0,"key":"EssenceOfSteel"},{"floor":24.0,"key":"DistilledChaos"},{"floor":33.0,"key":"PowerPotion"},{"floor":36.0,"key":"DistilledChaos"},{"floor":44.0,"key":"Fruit Juice"},{"floor":48.0,"key":"ColorlessPotion"},{"floor":55,"key":"Fire Potion"}],"is_trial":false,"path_per_floor":["M","?","$","?","$","R","E","M","T","E","M","R","M","M","R","B",null,"M","M","M","$","M","R","M","M","T","M","?","M","$","E","R","B",null,"M","M","?","?","$","E","R","$","T","M","R","E","M","E","R","B","B",null,"R","$","E","B",null],"character_chosen":"DEFECT","items_purchased":["Membership Card","White Noise","Runic Capacitor","Self Repair","Orichalcum","Rainbow","GamblersBrew","DataDisk","Toolbox","OrangePellets","DuplicationPotion"],"campfire_rested":2,"item_purchase_floors":[3,3,5,21,21,21,21,30,39,54,54],"current_hp_per_floor":[64,64,64,64,64,64,64,64,64,44,42,42,26,24,24,20,62,51,29,1,1,15,37,27,24,24,20,20,17,17,9,31,37,66,52,34,34,59,59,47,47,47,47,59,59,51,57,74,74,74,72,74,74,74,43,24],"gold":60,"neow_bonus":"THREE_ENEMY_KILL","is_daily":false,"chose_seed":false,"campfire_upgraded":6,"win_rate":0.0,"timestamp":1612911974,"path_taken":["M","?","$","?","$","R","E","?","T","E","M","R","?","M","R","BOSS","M","?","M","$","M","R","?","M","T","M","?","M","$","E","R","BOSS","M","M","?","?","$","E","R","?","T","M","R","E","?","E","R","BOSS","BOSS","R","$","E","BOSS"],"items_purchased_type":["Relic","Card","Relic","Card","Relic","Card","Potion","Relic","Relic","Relic","Potion"],"build_version":"2020-12-22","purchased_purges":4,"victory":true,"max_hp_per_floor":[71,71,71,71,71,71,71,71,71,71,71,71,71,76,76,76,76,76,76,76,76,76,76,76,76,76,76,76,76,76,76,76,76,76,76,76,72,59,59,59,59,59,59,59,59,69,69,74,74,74,74,74,74,74,74,74],"relic_stats":{"counters":[29,191],"PreservedInsect":391,"Bag of Preparation":[16],"Orichalcum":[450],"Blood Vial":14,"OrangePellets":[6],"Centennial Puzzle":[63],"Nunchaku":[5],"Mummified Hand":[35],"Snecko Eye":[130,126,150,145],"MealTicket":0,"Black Star":5,"obtain_stats":[{"Lantern":43,"Vajra":55,"Runic Capacitor":5,"Bag of Preparation":40,"Bottled Tornado":48,"Blood Vial":31,"Centennial Puzzle":10,"Nunchaku":46,"Matryoshka":28,"Mummified Hand":55,"Toolbox":39,"MealTicket":48,"Cracked Core":0,"Pear":46,"NeowsBlessing":0,"PreservedInsect":7,"Orichalcum":21,"OrangePellets":54,"DataDisk":30,"Anchor":43,"Snecko Eye":34,"Black Star":17,"Bag of Marbles":26,"Membership Card":3,"FossilizedHelix":40},{"Lantern":21,"Vajra":28,"Runic Capacitor":1,"Bag of Preparation":21,"Bottled Tornado":25,"Blood Vial":17,"Centennial Puzzle":4,"Nunchaku":23,"Matryoshka":15,"Mummified Hand":28,"Toolbox":20,"MealTicket":25,"Cracked Core":0,"Pear":23,"NeowsBlessing":0,"PreservedInsect":2,"Orichalcum":11,"OrangePellets":27,"DataDisk":16,"Anchor":21,"Snecko Eye":18,"Black Star":8,"Bag of Marbles":14,"Membership Card":1,"FossilizedHelix":21},{"Lantern":128,"Vajra":181,"Runic Capacitor":1,"Bag of Preparation":128,"Bottled Tornado":150,"Blood Vial":86,"Centennial Puzzle":9,"Nunchaku":138,"Matryoshka":76,"Mummified Hand":181,"Toolbox":114,"MealTicket":150,"Cracked Core":0,"Pear":138,"NeowsBlessing":0,"PreservedInsect":2,"Orichalcum":45,"OrangePellets":176,"DataDisk":81,"Anchor":128,"Snecko Eye":107,"Black Star":32,"Bag of Marbles":69,"Membership Card":1,"FossilizedHelix":128}]},"card_choices":[{"not_picked":["Gash","Blizzard"],"picked":"Sweeping Beam","floor":1.0},{"not_picked":["Turbo","Beam Cell"],"picked":"Hologram","floor":7.0},{"not_picked":["Rebound","Steam"],"picked":"Static Discharge","floor":8.0},{"not_picked":["Turbo","Stack"],"picked":"Barrage","floor":10.0},{"not_picked":["Hologram","Blizzard"],"picked":"Defragment","floor":11.0},{"not_picked":["Multi-Cast","Scrape"],"picked":"Coolheaded","floor":13.0},{"not_picked":["Conserve Battery","Stack"],"picked":"Cold Snap","floor":14.0},{"not_picked":["Hyperbeam","Thunder Strike"],"picked":"Multi-Cast","floor":16.0},{"not_picked":["Streamline","Gash"],"picked":"Ball Lightning","floor":18.0},{"not_picked":["Rebound","Ball Lightning"],"picked":"Reinforced Body","floor":19.0},{"not_picked":["Streamline","Chaos"],"picked":"Go for the Eyes+1","floor":20.0},{"not_picked":["Gash","Ball Lightning"],"picked":"Consume","floor":22.0},{"not_picked":["Loop","Chaos+1"],"picked":"Electrodynamics","floor":24.0},{"not_picked":["Rip and Tear+1","Scrape+1"],"picked":"Coolheaded+1","floor":25.0},{"not_picked":["Go for the Eyes","Cold Snap","Ball Lightning"],"picked":"SKIP","floor":27.0},{"not_picked":["Beam Cell","Sweeping Beam","Barrage"],"picked":"SKIP","floor":29.0},{"not_picked":["Turbo","Double Energy"],"picked":"Glacier","floor":31.0},{"not_picked":["Seek","Amplify"],"picked":"Echo Form","floor":33.0},{"not_picked":["Steam","Beam Cell","Gash+1"],"picked":"SKIP","floor":35.0},{"not_picked":["Blizzard","Hologram"],"picked":"Skim","floor":36.0},{"not_picked":["Streamline","Scrape+1","Leap"],"picked":"SKIP","floor":40.0},{"not_picked":["Turbo","Core Surge"],"picked":"Stack+1","floor":44.0},{"not_picked":["Barrage","Steam Power","Cold Snap"],"picked":"SKIP","floor":46.0},{"not_picked":["Stack","Scrape","Ball Lightning"],"picked":"SKIP","floor":47.0},{"not_picked":["Streamline","Leap+1","Redo"],"picked":"SKIP","floor":48.0},{"not_picked":["Turbo","Compile Driver","Streamline"],"picked":"SKIP","floor":55}],"player_experience":2812291,"relics_obtained":[{"floor":7.0,"key":"PreservedInsect"},{"floor":10.0,"key":"Centennial Puzzle"},{"floor":26.0,"key":"Bag of Marbles"},{"floor":31.0,"key":"Blood Vial"},{"floor":40.0,"key":"FossilizedHelix"},{"floor":40.0,"key":"Bag of Preparation"},{"floor":43.0,"key":"Lantern"},{"floor":43.0,"key":"Anchor"},{"floor":46.0,"key":"Pear"},{"floor":46.0,"key":"Nunchaku"},{"floor":48.0,"key":"MealTicket"},{"floor":48.0,"key":"Bottled Tornado"},{"floor":55,"key":"Vajra"},{"floor":55,"key":"Mummified Hand"}],"event_choices":[{"damage_healed":0.0,"max_hp_gain":0.0,"max_hp_loss":0.0,"gold_gain":150.0,"event_name":"Liars Game","player_choice":"AGREE","floor":2.0,"gold_loss":0.0,"damage_taken":0.0,"cards_obtained":["Doubt"]},{"damage_healed":0.0,"max_hp_gain":0.0,"max_hp_loss":0.0,"gold_gain":100.0,"event_name":"Wheel of Change","player_choice":"Gold","floor":4.0,"gold_loss":0.0,"damage_taken":0.0},{"damage_healed":0.0,"max_hp_gain":0.0,"max_hp_loss":0.0,"gold_gain":0.0,"event_name":"Addict","player_choice":"Stole Relic","floor":28.0,"gold_loss":0.0,"damage_taken":0.0,"relics_obtained":["Matryoshka"],"cards_obtained":["Shame"]},{"damage_healed":0.0,"max_hp_gain":0.0,"max_hp_loss":4.0,"gold_gain":0.0,"event_name":"Winding Halls","player_choice":"Max HP","floor":37.0,"gold_loss":0.0,"damage_taken":0.0},{"damage_healed":59.0,"max_hp_gain":0.0,"max_hp_loss":13.0,"gold_gain":0.0,"event_name":"The Moai Head","player_choice":"Heal","floor":38.0,"gold_loss":0.0,"damage_taken":0.0}],"is_beta":false,"boss_relics":[{"not_picked":["Busted Crown","Inserter"],"picked":"Black Star"},{"not_picked":["FrozenCore","SacredBark"],"picked":"Snecko Eye"}],"items_purged_floors":[3,5,21,30],"is_endless":false,"potions_floor_spawned":[7,10,13,14,20,24,33,36,44,48,55],"ascension_level":20}}