{"host":"a1eatafr7pisesky","time":1612852515,"event":{"mods":["AchievementEnabler","BaseMod","Colored Map","Keyboard Shortcuts","Minty Spire (QoL Compilation)","Say the Spire","StSLib","SuperFastMode","everything is the same but u backflip on backflip"],"gold_per_floor":[115,115,130,130,19,19,54,54,54,94,107,132,55,105,105,105,105],"floor_reached":16,"language":"KOR","playtime":273,"items_purged":[],"score":201,"play_id":"6c7cb1a1-2283-49db-8f96-abf536a1ac58","local_time":"20210209153515","is_ascension_mode":true,"campfire_choices":[{"data":"Perfected Strike","floor":6.0,"key":"SMITH"},{"floor":8.0,"key":"REST"},{"data":"Perfected Strike","floor":15.0,"key":"SMITH"}],"circlet_count":0,"master_deck":["AscendersBane","Strike_R","Strike_R","Strike_R","Strike_R","Strike_R","Defend_R","Defend_R","Defend_R","Defend_R","Bash","Perfected Strike+1","Perfected Strike+1","Warcry","Reaper","Shrug It Off","Rage","Feel No Pain"],"relics":["Burning Blood","Golden Idol","Odd Mushroom","Pear","Calipers"],"acts_visited":["Exordium"],"potions_floor_usage":[16],"damage_taken":[{"damage":8.0,"enemies":"Small Slimes","floor":1.0,"turns":3.0},{"damage":7.0,"enemies":"Jaw Worm","floor":3.0,"turns":2.0},{"damage":15.0,"enemies":"The Mushroom Lair","floor":7.0,"turns":4.0},{"damage":35.0,"enemies":"3 Sentries","floor":10.0,"turns":6.0},{"damage":2.0,"enemies":"2 Louse","floor":11.0,"turns":3.0},{"damage":9.0,"enemies":"Looter","floor":12.0,"turns":3.0},{"damage":52,"enemies":"The Guardian","floor":16,"turns":11}],"seed_played":"4840640448898225691","potions_obtained":[{"floor":3.0,"key":"BlessingOfTheForge"},{"floor":11.0,"key":"DuplicationPotion"}],"is_trial":false,"path_per_floor":["M","?","M","?","$","R","?","R","T","E","M","M","$","?","R","B"],"character_chosen":"IRONCLAD","items_purchased":["Warcry","SteroidPotion","Feel No Pain"],"campfire_rested":1,"item_purchase_floors":[5,5,13],"current_hp_per_floor":[62,31,30,30,30,30,21,47,57,40,48,46,46,46,46,0,0],"gold":105,"neow_bonus":"TWENTY_PERCENT_HP_BONUS","is_daily":false,"chose_seed":false,"campfire_upgraded":2,"win_rate":0.0,"timestamp":1612852515,"path_taken":["M","?","M","?","$","R","?","R","T","E","M","M","$","?","R","BOSS"],"items_purchased_type":["Card","Potion","Card"],"build_version":"2020-12-22","purchased_purges":0,"victory":false,"max_hp_per_floor":[89,89,89,89,89,89,89,89,99,99,99,99,99,99,99,99,99],"card_choices":[{"not_picked":["Shrug It Off","Inflame"],"picked":"Perfected Strike","floor":1.0},{"not_picked":["Warcry","Feel No Pain"],"picked":"Perfected Strike","floor":3.0},{"not_picked":["Dark Embrace","Pommel Strike"],"picked":"Reaper","floor":7.0},{"not_picked":["Iron Wave","Cleave","Heavy Blade"],"picked":"SKIP","floor":10.0},{"not_picked":["Headbutt","Seeing Red"],"picked":"Shrug It Off","floor":11.0},{"not_picked":["Anger","Warcry"],"picked":"Rage","floor":12.0}],"player_experience":427240,"relics_obtained":[{"floor":7.0,"key":"Odd Mushroom"},{"floor":9.0,"key":"Pear"},{"floor":10.0,"key":"Calipers"}],"event_choices":[{"damage_healed":0.0,"max_hp_gain":0.0,"max_hp_loss":0.0,"gold_gain":0.0,"event_name":"Golden Idol","player_choice":"Take Damage","floor":2.0,"gold_loss":0.0,"damage_taken":31.0,"relics_obtained":["Golden Idol"]},{"damage_healed":0.0,"max_hp_gain":0.0,"max_hp_loss":0.0,"gold_gain":0.0,"event_name":"Scrap Ooze","player_choice":"Fled","floor":4.0,"gold_loss":0.0,"damage_taken":0.0},{"damage_healed":0.0,"max_hp_gain":0.0,"max_hp_loss":0.0,"gold_gain":0.0,"event_name":"Mushrooms","player_choice":"Fought Mushrooms","floor":7.0,"gold_loss":0.0,"damage_taken":0.0},{"damage_healed":0.0,"max_hp_gain":0.0,"max_hp_loss":0.0,"gold_gain":50.0,"event_name":"Golden Shrine","player_choice":"Pray","floor":14.0,"gold_loss":0.0,"damage_taken":0.0}],"is_beta":false,"boss_relics":[],"items_purged_floors":[],"is_endless":false,"potions_floor_spawned":[3,11],"killed_by":"The Guardian","ascension_level":16}}