{"host":"8zow35rkxv448q2r","time":1612890879,"event":{"mods":["AchievementEnabler","BaseMod","Colored Map","Colored Powertips","Minty Spire (QoL Compilation)","Relic Stats"],"gold_per_floor":[109,109,99280,99293,99293,99321,99321,99341,99341,99370,98615,98630,98646,98662,98662,98762,98762,98777,98777,98063,98063,97612,97612,97630,97630,97630,97644,97644,97670,96966,96966,96966,97064,97064,97081,97130,97212,97223,96524,96554,96554,96589,96589,96601,96613,96638,96022,96035,96035,96035,96035,96035,95419,95452,95452],"floor_reached":56,"language":"ENG","playtime":4349,"items_purged":["Fiend Fire"],"score":1800,"play_id":"723d48fe-1a62-4f26-aa21-d47deba695b6","local_time":"20210209121439","is_ascension_mode":true,"campfire_choices":[{"data":"Armaments","floor":7,"key":"SMITH"},{"data":"Whirlwind","floor":15,"key":"SMITH"},{"floor":23,"key":"REST"},{"floor":25,"key":"RECALL"},{"floor":32,"key":"REST"},{"floor":41,"key":"REST"},{"floor":44,"key":"REST"},{"floor":49,"key":"REST"},{"data":"Inflame","floor":52,"key":"SMITH"}],"circlet_count":0,"master_deck":["AscendersBane","Bash","Ghostly Armor+1","Metallicize","Wild Strike","Whirlwind+1","Metallicize","Disarm+1","Armaments+1","Inflame+1","Intimidate+1","Power Through+1","Flame Barrier+1","Berserk","Fire Breathing","Sword Boomerang+1","Flex+1","Infernal Blade+1","Body Slam+1","Disarm+1"],"relics":["Pandora\u0027s Box","Toxic Egg 2","Darkstone Periapt","Cauldron","Mango","Blue Candle","Lee\u0027s Waffle","Self Forming Clay","Bottled Tornado","Busted Crown","Enchiridion","Happy Flower","Torii","Toolbox","Bag of Marbles","Bronze Scales","HandDrill","Ginger","Anchor","Molten Egg 2","Bottled Flame","Boot","ClockworkSouvenir","Philosopher\u0027s Stone","Calipers","Matryoshka","Chemical X","Ice Cream","InkBottle","Incense Burner","StrikeDummy","MawBank","Meat on the Bone","Kunai","War Paint","PrismaticShard","Thread and Needle","Centennial Puzzle","Sling","Letter Opener"],"acts_visited":["Exordium","TheCity","TheBeyond","TheEnding"],"potions_floor_usage":[1,6,10,16,16,18,29,33,33,42,46,50,55],"damage_taken":[{"damage":0,"enemies":"Jaw Worm","floor":1,"turns":4},{"damage":0,"enemies":"Cultist","floor":4,"turns":4},{"damage":20,"enemies":"Lagavulin","floor":6,"turns":8},{"damage":6,"enemies":"2 Louse","floor":8,"turns":3},{"damage":16,"enemies":"3 Sentries","floor":10,"turns":7},{"damage":2,"enemies":"Exordium Wildlife","floor":12,"turns":4},{"damage":16,"enemies":"Lots of Slimes","floor":13,"turns":2},{"damage":11,"enemies":"Looter","floor":14,"turns":4},{"damage":27,"enemies":"Slime Boss","floor":16,"turns":14},{"damage":8,"enemies":"2 Thieves","floor":18,"turns":3},{"damage":3,"enemies":"3 Byrds","floor":24,"turns":3},{"damage":20,"enemies":"Centurion and Healer","floor":27,"turns":4},{"damage":14,"enemies":"Gremlin Leader","floor":29,"turns":8},{"damage":20,"enemies":"Collector","floor":33,"turns":7},{"damage":0,"enemies":"3 Darklings","floor":35,"turns":1},{"damage":21,"enemies":"2 Orb Walkers","floor":36,"turns":4},{"damage":6,"enemies":"3 Shapes","floor":38,"turns":1},{"damage":32,"enemies":"Nemesis","floor":40,"turns":5},{"damage":30,"enemies":"Reptomancer","floor":42,"turns":3},{"damage":6,"enemies":"Sphere and 2 Shapes","floor":46,"turns":2},{"damage":10,"enemies":"Transient","floor":48,"turns":5},{"damage":25,"enemies":"Awakened One","floor":50,"turns":9},{"damage":25,"enemies":"Shield and Spear","floor":54,"turns":4},{"damage":76,"enemies":"The Heart","floor":55,"turns":8}],"seed_played":"-8111391195935187256","potions_obtained":[{"floor":1,"key":"Fruit Juice"},{"floor":3,"key":"Regen Potion"},{"floor":3,"key":"DistilledChaos"},{"floor":16,"key":"Explosive Potion"},{"floor":29,"key":"Regen Potion"},{"floor":35,"key":"DuplicationPotion"},{"floor":38,"key":"Explosive Potion"},{"floor":46,"key":"Fruit Juice"}],"is_trial":false,"path_per_floor":["M","?","$","M","?","E","R","M","T","E","$","M","M","M","R","B",null,"M","?","$","?","$","R","M","R","T","M","?","E","$","?","R","B",null,"M","?","T","M","$","E","R","E","T","R","?","M","$","M","R","B",null,"R","$","E","B",null],"character_chosen":"IRONCLAD","items_purchased":["Armaments","Toxic Egg 2","Darkstone Periapt","Cauldron","Inflame","Lee\u0027s Waffle","Self Forming Clay","Block Potion","Weak Potion","Bottled Tornado","DistilledChaos","Happy Flower","Torii","Toolbox","SkillPotion","Bag of Marbles","Bronze Scales","HandDrill","Bottled Flame","Boot","ClockworkSouvenir","Fire Breathing","Chemical X","Ice Cream","InkBottle","Kunai","EssenceOfSteel","War Paint","PrismaticShard","Thread and Needle","Centennial Puzzle","Sling"],"campfire_rested":5,"item_purchase_floors":[3,3,3,3,3,11,11,11,11,11,20,20,20,20,20,22,22,22,30,30,30,30,39,39,39,47,47,47,47,53,53,53],"current_hp_per_floor":[77,85,85,85,90,93,93,87,87,71,111,109,93,82,82,55,97,89,73,73,61,61,94,91,91,91,71,71,57,57,57,90,85,105,105,84,84,78,78,46,79,49,49,82,82,81,81,71,105,80,107,107,107,82,18],"gold":95452,"neow_bonus":"BOSS_RELIC","is_daily":false,"chose_seed":false,"campfire_upgraded":3,"win_rate":0.0,"timestamp":1612890879,"path_taken":["M","?","$","?","?","E","R","M","T","E","$","M","M","M","R","BOSS","M","?","$","?","$","R","M","R","T","?","?","E","$","?","R","BOSS","M","?","?","M","$","E","R","E","T","R","?","?","$","M","R","BOSS","R","$","E","BOSS"],"items_purchased_type":["Card","Relic","Relic","Relic","Card","Relic","Relic","Potion","Potion","Relic","Potion","Relic","Relic","Relic","Potion","Relic","Relic","Relic","Relic","Relic","Relic","Card","Relic","Relic","Relic","Relic","Potion","Relic","Relic","Relic","Relic","Relic"],"build_version":"2020-12-22","purchased_purges":1,"victory":true,"max_hp_per_floor":[85,85,85,85,90,104,104,104,104,104,111,111,111,111,111,111,111,111,111,111,111,111,111,111,111,111,111,111,111,111,111,111,111,111,111,111,111,111,111,111,111,111,111,111,111,116,116,116,116,116,116,116,116,116,116],"relic_stats":{"Darkstone Periapt":0,"Lee\u0027s Waffle":40,"Happy Flower":[21],"Torii":37,"counters":[24,117],"Self Forming Clay":[183],"Blue Candle":[1],"Ginger":[8],"Letter Opener":[10],"War Paint":["Disarm","Ghostly Armor"],"Boot":[20],"MawBank":48,"Centennial Puzzle":[6],"Busted Crown":26,"Bronze Scales":[273],"Pandora\u0027s Box":["Ghostly Armor","Metallicize","Thunderclap","Wild Strike","Fiend Fire","Whirlwind","Metallicize","Disarm","Metallicize"],"HandDrill":[24],"Chemical X":[11],"Kunai":[4],"obtain_stats":[{"Darkstone Periapt":3,"Ice Cream":39,"Calipers":36,"Torii":20,"Enchiridion":19,"Mango":6,"Incense Burner":40,"Ginger":26,"Bottled Tornado":11,"Boot":30,"PrismaticShard":47,"Sling":53,"Burning Blood":0,"ClockworkSouvenir":30,"Centennial Puzzle":53,"Matryoshka":37,"Toolbox":20,"Philosopher\u0027s Stone":34,"HandDrill":22,"Chemical X":39,"Kunai":47,"Toxic Egg 2":3,"InkBottle":39,"Lee\u0027s Waffle":11,"Happy Flower":20,"Self Forming Clay":11,"Blue Candle":10,"Thread and Needle":53,"Letter Opener":54,"War Paint":47,"MawBank":43,"Cauldron":3,"Anchor":28,"Bottled Flame":30,"Busted Crown":17,"Bronze Scales":22,"Pandora\u0027s Box":0,"Molten Egg 2":29,"Bag of Marbles":22,"StrikeDummy":42,"Meat on the Bone":43},{"Darkstone Periapt":1,"Ice Cream":17,"Calipers":16,"Torii":10,"Enchiridion":10,"Mango":3,"Incense Burner":18,"Ginger":11,"Bottled Tornado":5,"Boot":13,"PrismaticShard":20,"Sling":22,"Burning Blood":0,"ClockworkSouvenir":13,"Centennial Puzzle":22,"Matryoshka":16,"Toolbox":10,"Philosopher\u0027s Stone":14,"HandDrill":10,"Chemical X":17,"Kunai":20,"Toxic Egg 2":1,"InkBottle":17,"Lee\u0027s Waffle":5,"Happy Flower":10,"Self Forming Clay":5,"Blue Candle":5,"Thread and Needle":22,"Letter Opener":23,"War Paint":20,"MawBank":19,"Cauldron":1,"Anchor":12,"Bottled Flame":13,"Busted Crown":9,"Bronze Scales":10,"Pandora\u0027s Box":0,"Molten Egg 2":13,"Bag of Marbles":10,"StrikeDummy":19,"Meat on the Bone":19},{"Darkstone Periapt":4,"Ice Cream":81,"Calipers":80,"Torii":53,"Enchiridion":53,"Mango":16,"Incense Burner":86,"Ginger":56,"Bottled Tornado":26,"Boot":68,"PrismaticShard":91,"Sling":105,"Burning Blood":0,"ClockworkSouvenir":68,"Centennial Puzzle":105,"Matryoshka":80,"Toolbox":53,"Philosopher\u0027s Stone":75,"HandDrill":53,"Chemical X":81,"Kunai":91,"Toxic Egg 2":4,"InkBottle":81,"Lee\u0027s Waffle":26,"Happy Flower":53,"Self Forming Clay":26,"Blue Candle":26,"Thread and Needle":105,"Letter Opener":109,"War Paint":91,"MawBank":89,"Cauldron":4,"Anchor":60,"Bottled Flame":68,"Busted Crown":50,"Bronze Scales":53,"Pandora\u0027s Box":0,"Molten Egg 2":68,"Bag of Marbles":53,"StrikeDummy":89,"Meat on the Bone":89}],"InkBottle":[16],"Meat on the Bone":12},"card_choices":[{"not_picked":["Evolve","Dual Wield","Headbutt"],"picked":"SKIP","floor":1},{"not_picked":["Power Through+1","Pommel Strike"],"picked":"Intimidate+1","floor":4},{"not_picked":["Flex+1","Dropkick","Headbutt"],"picked":"SKIP","floor":6},{"not_picked":["Clash","Headbutt","Sword Boomerang"],"picked":"SKIP","floor":8},{"not_picked":["Offering+1","Headbutt"],"picked":"Power Through+1","floor":10},{"not_picked":["Body Slam","Havoc+1","Dual Wield+1"],"picked":"SKIP","floor":12},{"not_picked":["Shrug It Off+1","Iron Wave","Thunderclap"],"picked":"SKIP","floor":13},{"not_picked":["Sentinel+1","Burning Pact+1"],"picked":"Flame Barrier+1","floor":14},{"not_picked":["Limit Break+1","Immolate"],"picked":"Berserk","floor":16},{"not_picked":["Twin Strike+1"],"picked":"SKIP","floor":18},{"not_picked":["Inflame"],"picked":"SKIP","floor":24},{"not_picked":["Pommel Strike"],"picked":"SKIP","floor":27},{"not_picked":["Second Wind+1"],"picked":"SKIP","floor":29},{"not_picked":[],"picked":"Sword Boomerang+1","floor":35},{"not_picked":[],"picked":"Flex+1","floor":36},{"not_picked":[],"picked":"Infernal Blade+1","floor":38},{"not_picked":[],"picked":"Body Slam+1","floor":40},{"not_picked":[],"picked":"Disarm+1","floor":42},{"not_picked":["Anger+1"],"picked":"SKIP","floor":46},{"not_picked":["Force Field+1"],"picked":"SKIP","floor":48},{"not_picked":["Dodge and Roll+1"],"picked":"SKIP","floor":54}],"player_experience":179315,"relics_obtained":[{"floor":6,"key":"Mango"},{"floor":10,"key":"Blue Candle"},{"floor":19,"key":"Enchiridion"},{"floor":26,"key":"Ginger"},{"floor":29,"key":"Molten Egg 2"},{"floor":36,"key":"Calipers"},{"floor":37,"key":"Matryoshka"},{"floor":40,"key":"Incense Burner"},{"floor":42,"key":"StrikeDummy"},{"floor":43,"key":"MawBank"},{"floor":43,"key":"Meat on the Bone"},{"floor":54,"key":"Letter Opener"}],"event_choices":[{"cards_removed":["Metallicize"],"damage_healed":8,"gold_gain":0,"player_choice":"Offered Uncommon","damage_taken":0,"max_hp_gain":0,"max_hp_loss":0,"event_name":"Bonfire Elementals","floor":2,"gold_loss":0},{"damage_healed":0,"gold_gain":0,"player_choice":"Donut","damage_taken":0,"max_hp_gain":5,"max_hp_loss":0,"event_name":"Big Fish","floor":5,"gold_loss":0},{"damage_healed":0,"gold_gain":0,"player_choice":"Obtained Book","damage_taken":16,"max_hp_gain":0,"max_hp_loss":0,"event_name":"Cursed Tome","floor":19,"gold_loss":0},{"damage_healed":0,"gold_gain":0,"player_choice":"POTION ","damage_taken":12,"max_hp_gain":0,"max_hp_loss":0,"event_name":"Knowing Skull","floor":21,"potions_obtained":["Swift Potion"],"gold_loss":0,"cards_obtained":[]},{"damage_healed":0,"gold_gain":0,"player_choice":"Opened","damage_taken":0,"relics_obtained":["Anchor"],"max_hp_gain":0,"max_hp_loss":0,"event_name":"The Mausoleum","floor":28,"gold_loss":0},{"damage_healed":0,"gold_gain":0,"player_choice":"Ignored","damage_taken":0,"max_hp_gain":0,"max_hp_loss":0,"event_name":"Ghosts","floor":31,"gold_loss":0},{"damage_healed":0,"gold_gain":0,"player_choice":"Fight","damage_taken":0,"max_hp_gain":0,"max_hp_loss":0,"event_name":"Mysterious Sphere","floor":36,"gold_loss":0},{"cards_removed":["Thunderclap"],"damage_healed":0,"gold_gain":0,"player_choice":"Removed Attack","damage_taken":0,"max_hp_gain":0,"max_hp_loss":0,"event_name":"Falling","floor":45,"gold_loss":0}],"is_beta":false,"boss_relics":[{"not_picked":["Runic Pyramid","SlaversCollar"],"picked":"Busted Crown"},{"not_picked":["Sozu","Runic Dome"],"picked":"Philosopher\u0027s Stone"}],"items_purged_floors":[30],"is_endless":false,"potions_floor_spawned":[1,4,13,14,16,24,27,29,35,38,46,48],"ascension_level":12}}