{"host":"mal0jdk4f6ubgyb8","time":1612849881,"event":{"mods":["100% Spire Juice","Act Like it!","Aspiration","BaseMod","CapriCore","Gensokyo","KinomotoSakuraMod(木之本樱)","Luminous","Marisa（F雨　魔理沙）","Minty Spire (QoL Compilation)","Pale of the Ancients","Quick Restart","Reimu（博丽灵梦）","Relic Stats","Reliquary","Remilia（蕾米莉亚）","Replay The Spire","StSLib","The Immortal","WarShipGirlsR/战舰少女R mod","Yakumo Yukari mod","Youmu（魂魄妖梦）","Yuyuko"],"gold_per_floor":[119,159,175,175,175,190,205,253,253,284,284,312,312,312,312,409,409,427,427,201,215,242,242,242,242,242,257,257,273,306,306,306,402,402,420,161,206,216,216,249,249,72,72,84,104,130,0,50,50,50,50,50,50,81,81],"floor_reached":56,"language":"ZHS","playtime":3018,"items_purged":["Poor:ReiMu"],"score":1675,"play_id":"12514f2c-9f4d-41ee-b371-c320fa0176d7","local_time":"20210209135121","is_ascension_mode":true,"campfire_choices":[{"data":"SpellCardSeal","floor":11.0,"key":"SMITH"},{"floor":13.0,"key":"RECALL"},{"data":"ClowCardTheWindy","floor":15.0,"key":"SMITH"},{"data":"ClowCardTheFight","floor":23.0,"key":"SMITH"},{"data":"Gensokyo:FourOfAKind","floor":25.0,"key":"SMITH"},{"data":"Gensokyo:FourOfAKind","floor":28.0,"key":"SMITH"},{"data":"Gensokyo:HAARP","floor":32,"key":"SMITH"},{"floor":41,"key":"REST"},{"data":"Panache","floor":49,"key":"SMITH"},{"data":"ClowCardTheWave","floor":52,"key":"SMITH"}],"circlet_count":0,"master_deck":["ClowCardTheFlower","SakuraCardTheDream+","ClowCardTheRain+1","SakuraCardTheMove+","ClowCardTheRain+1","ClowCardTheFloat+1","ClowCardTheFlower+1","ClowCardTheSweet+1","SakuraCardTheFight+","ClowCardTheFloat+1","ClowCardTheFlower+1","ClowCardTheDash+1","ClowCardTheTwin+1","SpellCardSeal+1","SpellCardRelease","ClowCardTheArrow+1","ClowCardTheMirror+1","ClowCardTheMove+1","ClowCardTheChange+1","ClowCardTheDream+1","ClowCardTheWindy+1","ClowCardTheFlower+1","ClowCardTheFlower+1","Atom Bomb+1","Atom Bomb+1","ClowCardTheLoop+1","ClowCardTheFlower+1","Acrobatics+1","ClowCardTheEarthy+1","ClowCardTheFight+1","Gensokyo:FourOfAKind+1","Gensokyo:FourOfAKind+1","Gensokyo:FourOfAKind+1","Gensokyo:FourOfAKind+1","ClowCardTheTwin+1","ClowCardTheFly+1","ClowCardTheFlower+1","ClowCardTheFly+1","Gensokyo:HAARP+1","ClowCardTheThunder+1","ClowCardTheGlow+1","ClowCardTheFlower+1","ClowCardTheRain+1","Panache+1","ClowCardTheWave+1","ClowCardTheArrow","ClowCardTheBig+1"],"relics":["KSMOD_SealedBook","KSMOD_SealedWand","KSMOD_Compass","YidongShenshe:ReiMu","Replay:PocketPolymizer","Mirror","aspiration:HiddenCompartment","FossilizedHelix","KSMOD_DarknessWand","reliquary:Bookmark","Regal Pillow","Replay:Ringing Soul","Vajra","Lizard Tail","Runic Dome","reliquary:IridiumChain","CatCart","reliquary:JackalopeAntler","Turnip","MealTicket","Red Mask","KSMOD_MoonBell","reliquary:PartyBalloon"],"acts_visited":["Exordium","Exordium","TheBeyond","TheEnding"],"potions_floor_usage":[29,29,33,33,39,50,55,55],"damage_taken":[{"damage":0.0,"enemies":"Small Slimes","floor":1.0,"turns":2.0},{"damage":0.0,"enemies":"Cultist","floor":3.0,"turns":1.0},{"damage":6.0,"enemies":"3 Sentries","floor":6.0,"turns":4.0},{"damage":0.0,"enemies":"2 Louse","floor":7.0,"turns":1.0},{"damage":18.0,"enemies":"Gremlin Nob","floor":10.0,"turns":3.0},{"damage":5.0,"enemies":"Replay:BlueRogue","floor":12.0,"turns":3.0},{"damage":9.0,"enemies":"The Guardian","floor":16.0,"turns":4.0},{"damage":0.0,"enemies":"Gensokyo:2_Gloops","floor":18.0,"turns":3.0},{"damage":0.0,"enemies":"Gensokyo:CosmicMonolith","floor":21.0,"turns":1.0},{"damage":32.0,"enemies":"Gensokyo:Chomper_and_Gloop","floor":27.0,"turns":4.0},{"damage":0,"enemies":"Gensokyo:Wraith","floor":29,"turns":1},{"damage":0,"enemies":"Gensokyo:Koishi","floor":30,"turns":2},{"damage":21,"enemies":"Gensokyo:Eiki","floor":33,"turns":3},{"damage":4,"enemies":"3 Darklings","floor":35,"turns":2},{"damage":0,"enemies":"Orin","floor":37,"turns":4},{"damage":4,"enemies":"Orb Walker","floor":38,"turns":3},{"damage":0,"enemies":"Orb Walker","floor":39,"turns":2},{"damage":8,"enemies":"Nemesis","floor":40,"turns":2},{"damage":0,"enemies":"Maw","floor":44,"turns":2},{"damage":0,"enemies":"Spire Growth","floor":45,"turns":2},{"damage":0,"enemies":"Reptomancer","floor":46,"turns":2},{"damage":0,"enemies":"Mind Bloom Boss Battle","floor":48,"turns":2},{"damage":0,"enemies":"Donu and Deca","floor":50,"turns":3},{"damage":40,"enemies":"Shield and Spear","floor":54,"turns":3},{"damage":117,"enemies":"The Heart","floor":55,"turns":4}],"seed_played":"-627611687117477255","potions_obtained":[{"floor":1.0,"key":"Death Potion"},{"floor":5.0,"key":"FearPotion"},{"floor":5.0,"key":"MagicPotion:ReiMu"},{"floor":5.0,"key":"SpeedPotion"},{"floor":10.0,"key":"AttackPotion"},{"floor":12.0,"key":"FearPotion"},{"floor":16.0,"key":"Swift Potion"},{"floor":21.0,"key":"Swift Potion"},{"floor":29,"key":"Reflective Coating"},{"floor":30,"key":"DuplicationPotion"},{"floor":38,"key":"FearPotion"},{"floor":40,"key":"DuplicationPotion"},{"floor":46,"key":"SkillPotion"},{"floor":48,"key":"SteroidPotion"}],"is_trial":false,"path_per_floor":["M","?","M","?","?","E","M","T","T","E","R","E","R","?","R","B",null,"M","?","$","M","T","R","?","R","T","M","R","M","E","?","R","B",null,"M","$","?","M","?","E","R","$","T","M","M","E","?","?","R","B",null,"R","$","E","B",null],"character_chosen":"KINOMOTOSAKURA","items_purchased":["reliquary:Bookmark","reliquary:IridiumChain","Panache"],"campfire_rested":1,"item_purchase_floors":[20,36,42],"current_hp_per_floor":[70,53,53,53,53,47,47,47,47,29,29,24,24,24,24,15,70,70,70,70,70,70,70,49,49,49,20,23,26,29,32,32,14,61,60,60,67,63,67,62,70,73,73,73,76,76,76,79,79,79,79,79,79,59,13],"gold":81,"neow_bonus":"TRANSFORM_CARD","is_daily":false,"chose_seed":false,"campfire_upgraded":8,"win_rate":0.0,"timestamp":1612849881,"path_taken":["M","?","?","?","?","E","?","?","T","E","R","E","R","?","R","BOSS","M","?","$","?","?","R","?","R","T","M","R","?","E","?","R","BOSS","M","$","?","M","?","E","R","?","T","M","?","E","?","?","R","BOSS","R","$","E","BOSS"],"items_purchased_type":["Relic","Relic","Card"],"build_version":"2020-12-22","purchased_purges":1,"victory":true,"max_hp_per_floor":[70,70,70,70,70,70,70,70,70,70,70,70,70,70,70,70,70,70,70,70,70,70,70,49,49,49,52,55,58,61,58,58,61,61,64,64,67,67,67,70,70,73,73,73,76,76,76,79,79,79,79,79,79,82,82],"relic_stats":{"Regal Pillow":0,"Lizard Tail":0,"counters":[25,62],"MealTicket":0,"Turnip":[5],"obtain_stats":[{"KSMOD_Compass":2,"Regal Pillow":22,"Replay:PocketPolymizer":6,"KSMOD_SealedBook":0,"reliquary:PartyBalloon":54,"Vajra":27,"aspiration:HiddenCompartment":10,"KSMOD_MoonBell":48,"reliquary:IridiumChain":36,"reliquary:Bookmark":20,"reliquary:JackalopeAntler":40,"Replay:Ringing Soul":26,"Frozen Eye":30,"Runic Dome":34,"Lizard Tail":30,"KSMOD_DarknessWand":17,"MealTicket":46,"KSMOD_SealedWand":0,"Turnip":43,"YidongShenshe:ReiMu":4,"Red Mask":47,"CatCart":37,"Mirror":9,"FossilizedHelix":12},{"KSMOD_Compass":1,"Regal Pillow":9,"Replay:PocketPolymizer":3,"KSMOD_SealedBook":0,"reliquary:PartyBalloon":24,"Vajra":10,"aspiration:HiddenCompartment":5,"KSMOD_MoonBell":22,"reliquary:IridiumChain":14,"reliquary:Bookmark":8,"reliquary:JackalopeAntler":18,"Replay:Ringing Soul":9,"Frozen Eye":11,"Runic Dome":13,"Lizard Tail":12,"KSMOD_DarknessWand":7,"MealTicket":21,"KSMOD_SealedWand":0,"Turnip":18,"YidongShenshe:ReiMu":2,"Red Mask":21,"CatCart":15,"Mirror":4,"FossilizedHelix":6},{"KSMOD_Compass":2,"Regal Pillow":22,"Replay:PocketPolymizer":7,"KSMOD_SealedBook":0,"reliquary:PartyBalloon":58,"Vajra":26,"aspiration:HiddenCompartment":11,"KSMOD_MoonBell":52,"reliquary:IridiumChain":34,"reliquary:Bookmark":21,"reliquary:JackalopeAntler":44,"Replay:Ringing Soul":22,"Frozen Eye":27,"Runic Dome":32,"Lizard Tail":29,"KSMOD_DarknessWand":18,"MealTicket":50,"KSMOD_SealedWand":0,"Turnip":44,"YidongShenshe:ReiMu":3,"Red Mask":50,"CatCart":38,"Mirror":8,"FossilizedHelix":14}]},"card_choices":[{"not_picked":["ClowCardTheStorm","ClowCardTheErase","ClowCardTheLock"],"picked":"SKIP","floor":1.0},{"not_picked":["ClowCardTheShot","ClowCardTheArrow"],"picked":"ClowCardTheMirror","floor":2.0},{"not_picked":["ClowCardTheEarthy","ClowCardTheThunder"],"picked":"ClowCardTheMove","floor":2.0},{"not_picked":["ClowCardTheMaze","ClowCardTheCloud"],"picked":"ClowCardTheChange","floor":3.0},{"not_picked":["ClowCardTheShadow","ClowCardTheErase"],"picked":"ClowCardTheStorm","floor":6.0},{"not_picked":["ClowCardTheWood","ClowCardTheMaze","ClowCardTheErase"],"picked":"SKIP","floor":7.0},{"not_picked":["ClowCardThePower","ClowCardTheStorm"],"picked":"ClowCardTheDream","floor":10.0},{"not_picked":["ClowCardTheSleep","ClowCardTheMirror"],"picked":"ClowCardTheFlower","floor":12.0},{"not_picked":["ClowCardTheThunder","ClowCardTheReturn"],"picked":"ClowCardTheCreate","floor":16.0},{"not_picked":["ClowCardTheBig","ClowCardTheWood+1"],"picked":"ClowCardTheFlower","floor":18.0},{"not_picked":["ClowCardTheSilent","ClowCardTheArrow"],"picked":"ClowCardTheEarthy","floor":21.0},{"not_picked":["ClowCardTheCloud","ClowCardTheSong+1"],"picked":"ClowCardTheTwin","floor":27.0},{"not_picked":["ClowCardTheChange","ClowCardTheLock"],"picked":"ClowCardTheFlower","floor":29},{"not_picked":["ClowCardTheSnow+1","ClowCardTheWatery"],"picked":"ClowCardTheFly+1","floor":30},{"not_picked":["Gensokyo:LittleGreenMen","Gensokyo:SpontaneousHumanCombustion"],"picked":"Gensokyo:HAARP","floor":31},{"not_picked":["ClowCardTheTime","ClowCardTheReturn"],"picked":"ClowCardTheThunder","floor":33},{"not_picked":["ClowCardTheSilent","ClowCardTheFirey"],"picked":"ClowCardTheGlow+1","floor":35},{"not_picked":["ClowCardTheMirror","ClowCardTheSand+1"],"picked":"ClowCardTheFlower+1","floor":37},{"not_picked":["ClowCardTheShot","ClowCardTheChange","ClowCardTheSilent+1"],"picked":"SKIP","floor":38},{"not_picked":["ClowCardTheFloat+1","ClowCardTheGlow"],"picked":"ClowCardTheRain+1","floor":40},{"not_picked":["ClowCardTheSand","ClowCardTheArrow+1","ClowCardTheLittle"],"picked":"SKIP","floor":44},{"not_picked":["ClowCardThePower","ClowCardTheShot+1"],"picked":"ClowCardTheWave","floor":45},{"not_picked":["ClowCardTheShadow+1","ClowCardTheLoop+1","ClowCardTheMist"],"picked":"SKIP","floor":46},{"not_picked":["ClowCardTheCreate","ClowCardTheGlow"],"picked":"ClowCardTheArrow","floor":48},{"not_picked":["ClowCardTheShot+1","ClowCardTheWindy"],"picked":"ClowCardTheBig+1","floor":54}],"player_experience":362553,"relics_obtained":[{"floor":2.0,"key":"KSMOD_Compass"},{"floor":6.0,"key":"Replay:PocketPolymizer"},{"floor":9.0,"key":"Mirror"},{"floor":10.0,"key":"aspiration:HiddenCompartment"},{"floor":12.0,"key":"FossilizedHelix"},{"floor":22.0,"key":"Regal Pillow"},{"floor":26.0,"key":"Replay:Ringing Soul"},{"floor":27.0,"key":"Vajra"},{"floor":30,"key":"Lizard Tail"},{"floor":37,"key":"CatCart"},{"floor":40,"key":"reliquary:JackalopeAntler"},{"floor":43,"key":"Turnip"},{"floor":46,"key":"MealTicket"},{"floor":48,"key":"KSMOD_MoonBell"},{"floor":54,"key":"reliquary:PartyBalloon"}],"event_choices":[{"damage_healed":0.0,"max_hp_gain":0.0,"max_hp_loss":0.0,"gold_gain":0.0,"event_name":"yidonshenshe","player_choice":"带走神社","floor":4.0,"gold_loss":0.0,"damage_taken":0.0,"relics_obtained":["YidongShenshe:ReiMu"],"cards_obtained":["Poor:ReiMu"]},{"damage_healed":0.0,"max_hp_gain":0.0,"max_hp_loss":0.0,"gold_gain":0.0,"event_name":"Lab","player_choice":"Got Potions","floor":5.0,"gold_loss":0.0,"damage_taken":0.0},{"damage_healed":0,"gold_gain":0,"player_choice":"Fight","damage_taken":0,"max_hp_gain":0,"max_hp_loss":0,"event_name":"OrinTheCat","floor":37,"gold_loss":0},{"damage_healed":0,"gold_gain":0,"player_choice":"Paid","damage_taken":0,"relics_obtained":["Red Mask"],"max_hp_gain":0,"max_hp_loss":0,"event_name":"Tomb of Lord Red Mask","floor":47,"gold_loss":130},{"damage_healed":0,"gold_gain":0,"player_choice":"Fight","damage_taken":0,"max_hp_gain":0,"max_hp_loss":0,"event_name":"MindBloom","floor":48,"gold_loss":0}],"is_beta":false,"boss_relics":[{"not_picked":["aspiration:WatcherSkillbook","SlaversCollar"],"picked":"KSMOD_DarknessWand"},{"not_picked":["Honey Jar","Busted Crown"],"picked":"Runic Dome"}],"items_purged_floors":[20],"is_endless":false,"potions_floor_spawned":[1,10,12,16,21,29,30,38,40,46,48],"ascension_level":4}}