{"host":"j5j96s76v36ug78u","time":1612886360,"event":{"mods":["BaseMod","Better Third Choice","Hermit","Highlight Path","JesterMod","Jorbs\u0027s Wanderer Trilogy","Marisa????????","Minty Spire (QoL Compilation)","Onozuka Komachi Mod","Potion Indicator Mod","Reliquary","Robot Space Explorer","StSLib","The Animator","The Blue Laboratory","The Bug Knight","The Clintock","The Cursed","The Hayseed","The Marked","The Spell Scribe","The Valiant"],"gold_per_floor":[118,393,166,186,86,113,138,152,177,210,230,254,95,113,113,215,215,232,232,157,167,167,214,214,229,252,252,262,296,145,162,162,258,258,272,283,505,518,530,545,92,92,92,128,173,229,0,0,0,18],"floor_reached":51,"language":"ENG","playtime":4492,"items_purged":["Regret","animator:Strike","animator:Strike","animator:Strike_Konosuba"],"score":782,"play_id":"d8084679-5246-4b63-a237-ab69eeccdb8b","local_time":"20210209125920","is_ascension_mode":false,"campfire_choices":[{"data":"animator:Megumin+5","floor":15,"key":"SMITH"},{"data":"animator:GoblinSlayer","floor":24,"key":"SMITH"},{"data":"animator:YunYun","floor":32,"key":"SMITH"},{"data":"animator:Hans","floor":42,"key":"SMITH"},{"data":"animator:UneriGinkaku","floor":49,"key":"SMITH"}],"circlet_count":0,"master_deck":["animator:Defend_Konosuba","animator:Defend","animator:Defend+1","animator:Defend","animator:Kazuma","animator:Aqua+1","animator:Hans+1","animator:Shuna+1","animator:Aqua","animator:Megumin+25","animator:Kaijin","animator:Souei","Pride","animator:GoblinSlayer+1","animator:YunYun+1","animator:YunYun+1","animator:Eris","animator:GazelDwargon","animator:Eris","CurseOfTheBell","animator:LizardPriest+1","animator:Aqua","animator:Darkness","animator:Chris+1","animator:Aqua","animator:UneriGinkaku+1","animator:Darkness","Pain"],"relics":["animator:LivingPicture","animator:TheMissingPiece","animator:PurgingStone","NeowsBlessing","Ornamental Fan","Winged Necklace","reliquary:Knoch","Odd Mushroom","Toy Ornithopter","Mark of Pain","Gremlin Horn","Ancient Tea Set","Whetstone","Red Mask","War Paint","Calling Bell","reliquary:PorcupineQuills","reliquary:Firecrackers","animator:EngravedStaff","Thread and Needle","reliquary:ExpiredCoupon","Turnip","Centennial Puzzle","WarpedTongs"],"acts_visited":["Exordium","TheCity","TheBeyond"],"potions_floor_usage":[11,16,21,23,25,46],"damage_taken":[{"damage":0,"enemies":"2 Louse","floor":1,"turns":1},{"damage":0,"enemies":"Cultist","floor":4,"turns":1},{"damage":0,"enemies":"HollowMod:MossKnight","floor":6,"turns":1},{"damage":4,"enemies":"Jaw Worm","floor":7,"turns":6},{"damage":9,"enemies":"Looter","floor":8,"turns":5},{"damage":15,"enemies":"3 Sentries","floor":10,"turns":7},{"damage":0,"enemies":"The Mushroom Lair","floor":11,"turns":1},{"damage":2,"enemies":"Blue Slaver","floor":14,"turns":6},{"damage":31,"enemies":"Slime Boss","floor":16,"turns":11},{"damage":11,"enemies":"Shell Parasite","floor":18,"turns":8},{"damage":16,"enemies":"2 Thieves","floor":21,"turns":3},{"damage":0,"enemies":"animator:HornedBat","floor":23,"turns":4},{"damage":0,"enemies":"Cultist and Chosen","floor":25,"turns":3},{"damage":13,"enemies":"Centurion and Healer","floor":28,"turns":5},{"damage":37,"enemies":"Masked Bandits","floor":29,"turns":4},{"damage":0,"enemies":"3 Cultists","floor":31,"turns":2},{"damage":28,"enemies":"Collector","floor":33,"turns":9},{"damage":0,"enemies":"3 Shapes","floor":35,"turns":1},{"damage":10,"enemies":"Orb Walker","floor":36,"turns":3},{"damage":10,"enemies":"3 Darklings","floor":38,"turns":2},{"damage":9,"enemies":"4 Shapes","floor":39,"turns":3},{"damage":0,"enemies":"Sphere and 2 Shapes","floor":40,"turns":3},{"damage":13,"enemies":"3 Darklings","floor":44,"turns":3},{"damage":8,"enemies":"Reptomancer","floor":45,"turns":4},{"damage":31,"enemies":"Mind Bloom Boss Battle","floor":46,"turns":5},{"damage":24,"enemies":"Time Eater","floor":50,"turns":9}],"seed_played":"-8005050001291082458","potions_obtained":[{"floor":1,"key":"blueLaboratory:ArtificerPotion"},{"floor":7,"key":"Explosive Potion"},{"floor":10,"key":"Dexterity Potion"},{"floor":14,"key":"blueLaboratory:ExaltedPotion"},{"floor":16,"key":"blueLaboratory:CorrosionFlask"},{"floor":21,"key":"DistilledChaos"},{"floor":23,"key":"GamblersBrew"},{"floor":33,"key":"SkillPotion"},{"floor":35,"key":"blueLaboratory:PhilterOfMotion"},{"floor":45,"key":"LiquidBronze"},{"floor":46,"key":"blueLaboratory:ArtificerPotion"}],"is_trial":false,"path_per_floor":["M","?","$","M","$","E","M","M","T","E","?","T","$","M","R","B",null,"M","?","?","M","T","E","R","M","T","?","M","?","$","M","R","B",null,"M","M","?","M","M","M","$","R","T","M","E","?","$","?","R","B",null],"character_chosen":"THE_ANIMATOR","items_purchased":["animator:Hans","animator:Kaijin","War Paint","Thread and Needle","animator:Darkness","Centennial Puzzle"],"campfire_rested":0,"item_purchase_floors":[3,13,30,41,47,47],"current_hp_per_floor":[66,66,66,66,66,66,65,59,59,48,50,50,50,52,52,30,66,60,48,48,41,41,50,50,62,62,62,56,26,26,29,29,9,72,72,65,65,64,66,73,73,73,73,66,71,51,51,51,51,45],"gold":18,"neow_bonus":"THREE_ENEMY_KILL","is_daily":false,"chose_seed":false,"campfire_upgraded":5,"win_rate":0.0,"timestamp":1612886360,"path_taken":["M","?","?","M","$","E","M","M","T","E","?","?","?","M","R","BOSS","M","?","?","M","?","E","R","M","T","?","M","?","?","M","R","BOSS","M","M","?","M","M","M","$","R","T","M","E","?","?","?","R","BOSS"],"items_purchased_type":["Card","Card","Relic","Relic","Card","Relic"],"build_version":"2020-12-22","purchased_purges":4,"victory":true,"max_hp_per_floor":[66,66,66,66,66,66,66,66,66,66,66,66,66,66,66,66,66,67,72,72,72,72,72,72,72,72,72,72,72,72,72,72,72,72,72,72,72,72,73,73,73,73,73,73,73,73,73,73,73,73],"card_choices":[{"not_picked":["animator:SayakaMiki","animator:Shuna","animator:EmiyaShirou"],"picked":"SKIP","floor":1},{"not_picked":["animator:OrikoMikuni","animator:Caster"],"picked":"animator:Shuna","floor":4},{"not_picked":["animator:LeleiLaLalena","animator:SilverFang"],"picked":"animator:Aqua","floor":6},{"not_picked":["animator:Verdia","animator:Vanir"],"picked":"animator:Megumin","floor":7},{"not_picked":["animator:Azekura","animator:OrikoMikuni"],"picked":"animator:Megumin","floor":8},{"not_picked":["animator:SilverFang","animator:Hakurou","animator:Benimaru"],"picked":"SKIP","floor":10},{"not_picked":["animator:Vanir","animator:Assassin"],"picked":"animator:Souei","floor":14},{"not_picked":["animator:ItamiYouji","animator:ChaikaTrabant"],"picked":"animator:GoblinSlayer","floor":16},{"not_picked":["animator:Kazuma","animator:Aqua"],"picked":"animator:YunYun","floor":18},{"not_picked":["animator:Millim","animator:UneriGinkaku"],"picked":"animator:YunYun","floor":21},{"not_picked":["animator:Shizu","animator:Souei"],"picked":"animator:Eris","floor":23},{"not_picked":["animator:YuiTsuruno","animator:Guy"],"picked":"animator:GazelDwargon","floor":25},{"not_picked":["animator:Chris","animator:Darkness"],"picked":"animator:Megumin","floor":28},{"not_picked":["animator:Illya+1","animator:Shichika+1","animator:LeleiLaLalena"],"picked":"SKIP","floor":31},{"not_picked":["animator:Shizu","animator:Biyorigo"],"picked":"animator:Eris","floor":33},{"not_picked":["animator:Vanir","animator:Caster","animator:Mitsurugi"],"picked":"SKIP","floor":35},{"not_picked":["animator:Berserker","animator:UneriGinkaku"],"picked":"animator:LizardPriest+1","floor":36},{"not_picked":["animator:Vanir","animator:YunYun"],"picked":"animator:Aqua","floor":38},{"not_picked":["animator:Azekura+1","animator:NagisaMomoe"],"picked":"animator:Darkness","floor":39},{"not_picked":["animator:EmiyaShirou","animator:Verdia+1","animator:LizardPriest"],"picked":"SKIP","floor":40},{"not_picked":["animator:Guy+1","animator:AcuraTooru"],"picked":"animator:Chris+1","floor":44},{"not_picked":["animator:Mitsurugi","animator:Vanir"],"picked":"animator:Aqua","floor":45},{"not_picked":["animator:IrohaTamaki","animator:Witch"],"picked":"animator:UneriGinkaku","floor":46}],"player_experience":175661,"relics_obtained":[{"floor":6,"key":"Ornamental Fan"},{"floor":9,"key":"Winged Necklace"},{"floor":10,"key":"reliquary:Knoch"},{"floor":11,"key":"Odd Mushroom"},{"floor":12,"key":"Toy Ornithopter"},{"floor":22,"key":"Gremlin Horn"},{"floor":23,"key":"Ancient Tea Set"},{"floor":26,"key":"Whetstone"},{"floor":29,"key":"Red Mask"},{"floor":34,"key":"reliquary:PorcupineQuills"},{"floor":34,"key":"reliquary:Firecrackers"},{"floor":34,"key":"animator:EngravedStaff"},{"floor":45,"key":"reliquary:ExpiredCoupon"},{"floor":46,"key":"Turnip"}],"event_choices":[{"damage_healed":0,"gold_gain":275,"player_choice":"Desecrate","damage_taken":0,"max_hp_gain":0,"max_hp_loss":0,"event_name":"Golden Shrine","floor":2,"gold_loss":0,"cards_obtained":["Regret"]},{"damage_healed":0,"gold_gain":0,"player_choice":"Fought Mushrooms","damage_taken":0,"max_hp_gain":0,"max_hp_loss":0,"event_name":"Mushrooms","floor":11,"gold_loss":0},{"damage_healed":0,"gold_gain":0,"player_choice":"Shed Blood","damage_taken":17,"max_hp_gain":5,"max_hp_loss":0,"event_name":"Forgotten Altar","floor":19,"gold_loss":0},{"cards_removed":["animator:Strike"],"damage_healed":0,"gold_gain":0,"player_choice":"Gave Gold","damage_taken":0,"max_hp_gain":0,"max_hp_loss":0,"event_name":"Beggar","floor":20,"gold_loss":75},{"damage_healed":0,"gold_gain":0,"player_choice":"Ignored","damage_taken":0,"max_hp_gain":0,"max_hp_loss":0,"event_name":"Vampires","floor":27,"gold_loss":0},{"damage_healed":0,"gold_gain":0,"player_choice":"Fought Bandits","damage_taken":0,"max_hp_gain":0,"max_hp_loss":0,"event_name":"Masked Bandits","floor":29,"gold_loss":0},{"damage_healed":0,"gold_gain":222,"player_choice":"Wore Mask","damage_taken":0,"max_hp_gain":0,"max_hp_loss":0,"event_name":"Tomb of Lord Red Mask","floor":37,"gold_loss":0},{"damage_healed":0,"gold_gain":0,"player_choice":"Fight","damage_taken":0,"max_hp_gain":0,"max_hp_loss":0,"event_name":"MindBloom","floor":46,"gold_loss":0},{"damage_healed":0,"gold_gain":0,"player_choice":"Rummage","damage_taken":0,"relics_obtained":["WarpedTongs"],"max_hp_gain":0,"max_hp_loss":0,"event_name":"Accursed Blacksmith","floor":48,"gold_loss":0,"cards_obtained":["Pain"]}],"is_beta":false,"boss_relics":[{"not_picked":["reliquary:RedCape","Velvet Choker"],"picked":"Mark of Pain"},{"not_picked":["animator:CursedBlade","reliquary:Ember"],"picked":"Calling Bell"}],"items_purged_floors":[3,5,13,41],"is_endless":false,"potions_floor_spawned":[1,7,10,14,16,21,23,33,35,45,46],"ascension_level":0}}