{"host":"2lo6hma6kymb0g9i","time":1612895140,"event":{"mods":["BaseMod","Colored Map","DeckTracker","Minty Spire (QoL Compilation)"],"gold_per_floor":[409,334,350,367,367,397,397,408,457,488,488,488,172,182,182,182,182],"floor_reached":16,"language":"JPN","playtime":631,"items_purged":["Strike_R"],"score":220,"play_id":"bc28cf9d-8851-4af8-b9ab-727850bd6c20","local_time":"20210210032540","is_ascension_mode":true,"campfire_choices":[{"data":"Bash","floor":7.0,"key":"SMITH"},{"floor":15.0,"key":"REST"}],"circlet_count":0,"master_deck":["AscendersBane","Strike_R","Strike_R","Strike_R","Strike_R","Defend_R","Defend_R","Defend_R","Defend_R","Bash+1","Fire Breathing","Clothesline","Blood for Blood"],"relics":["Burning Blood","Old Coin","Pear","Blood Vial","Ancient Tea Set","Incense Burner"],"acts_visited":["Exordium"],"potions_floor_usage":[],"damage_taken":[{"damage":7.0,"enemies":"Cultist","floor":1.0,"turns":4.0},{"damage":3.0,"enemies":"2 Louse","floor":3.0,"turns":4.0},{"damage":11.0,"enemies":"Jaw Worm","floor":4.0,"turns":4.0},{"damage":24.0,"enemies":"Gremlin Nob","floor":6.0,"turns":4.0},{"damage":23.0,"enemies":"Exordium Thugs","floor":8.0,"turns":5.0},{"damage":39.0,"enemies":"Lagavulin","floor":10.0,"turns":9.0},{"damage":8.0,"enemies":"2 Fungi Beasts","floor":14.0,"turns":4.0},{"damage":33,"enemies":"Slime Boss","floor":16,"turns":3}],"seed_played":"1276311768126127344","potions_obtained":[{"floor":1.0,"key":"GamblersBrew"},{"floor":4.0,"key":"Explosive Potion"}],"is_trial":false,"path_per_floor":["M","$","M","M","?","E","R","M","T","E","?","?","$","M","R","B"],"character_chosen":"IRONCLAD","items_purchased":["Incense Burner"],"campfire_rested":1,"item_purchase_floors":[13],"current_hp_per_floor":[67,67,68,63,63,55,55,38,38,7,7,7,7,7,30,0,0],"gold":182,"neow_bonus":"ONE_RARE_RELIC","is_daily":false,"chose_seed":false,"campfire_upgraded":1,"win_rate":0.0,"timestamp":1612895140,"path_taken":["M","$","?","M","?","E","R","M","T","E","?","?","?","M","R","BOSS"],"items_purchased_type":["Relic"],"build_version":"2020-12-22","purchased_purges":1,"victory":false,"max_hp_per_floor":[68,68,68,68,68,78,78,78,78,78,78,78,78,78,78,78,78],"card_choices":[{"not_picked":["Infernal Blade","Headbutt"],"picked":"Fire Breathing","floor":1.0},{"not_picked":["Metallicize","Dark Embrace"],"picked":"Clothesline","floor":3.0},{"not_picked":["Heavy Blade","Clash","Anger"],"picked":"SKIP","floor":4.0},{"not_picked":["Twin Strike","Entrench","Wild Strike"],"picked":"SKIP","floor":6.0},{"not_picked":["Body Slam","Perfected Strike"],"picked":"Blood for Blood","floor":8.0},{"not_picked":["Wild Strike","Havoc","Combust"],"picked":"SKIP","floor":10.0},{"not_picked":["Thunderclap","Feed","Rupture"],"picked":"SKIP","floor":14.0}],"player_experience":1166326,"relics_obtained":[{"floor":6.0,"key":"Pear"},{"floor":9.0,"key":"Blood Vial"},{"floor":10.0,"key":"Ancient Tea Set"}],"event_choices":[{"damage_healed":0.0,"max_hp_gain":0.0,"max_hp_loss":0.0,"gold_gain":0.0,"event_name":"Liars Game","player_choice":"Ignored","floor":5.0,"gold_loss":0.0,"damage_taken":0.0},{"damage_healed":0.0,"max_hp_gain":0.0,"max_hp_loss":0.0,"gold_gain":0.0,"event_name":"Scrap Ooze","player_choice":"Fled","floor":11.0,"gold_loss":0.0,"damage_taken":0.0},{"damage_healed":0.0,"max_hp_gain":0.0,"max_hp_loss":0.0,"gold_gain":0.0,"event_name":"Dead Adventurer","player_choice":"Searched \u00270\u0027 times","floor":12.0,"gold_loss":0.0,"damage_taken":0.0}],"is_beta":false,"boss_relics":[],"items_purged_floors":[2],"is_endless":false,"potions_floor_spawned":[1,4],"killed_by":"Slime Boss","ascension_level":20}}