{"host":"ugys05tpep779cl6","time":1612863280,"event":{"mods":["AchievementEnabler","Aspiration","BaseMod","Beaked The Cultist","CatGirl Mod","Colored Powertips","HololiveMod","Lobotomy","Minty Spire (QoL Compilation)","Quick Restart","Replay The Spire","Spicy Shops","StSLib","The Druid"],"gold_per_floor":[113,191,202,127,139,173,192,219,219,219,219],"floor_reached":10,"language":"ENG","playtime":408,"items_purged":["Strike_R"],"score":144,"play_id":"72bb4a00-e86a-4094-bb66-95dc4248e9a7","local_time":"20210209103440","is_ascension_mode":true,"campfire_choices":[],"circlet_count":0,"master_deck":["AscendersBane","Strike_R","Strike_R","Strike_R","Strike_R","Defend_R","Defend_R","Defend_R","Defend_R","Bash","Body Slam","Iron Wave","Feel No Pain","ReplayReversal","Rampage","Dropkick+1"],"relics":["Burning Blood","aspiration:Nostalgia","theDruid:CrownOfTheWilds","Molten Egg 2","Replay:Baseball","Replay:Bottled Snecko"],"acts_visited":["Exordium"],"potions_floor_usage":[10],"damage_taken":[{"damage":9.0,"enemies":"2 Louse","floor":1.0,"turns":3.0},{"damage":1.0,"enemies":"Cultist","floor":3.0,"turns":3.0},{"damage":4.0,"enemies":"Small Slimes","floor":5.0,"turns":4.0},{"damage":6.0,"enemies":"Gremlin Nob","floor":6.0,"turns":4.0},{"damage":18.0,"enemies":"Blue Slaver","floor":7.0,"turns":4.0},{"damage":23.0,"enemies":"3 Sentries","floor":8.0,"turns":12.0},{"damage":10,"enemies":"Lagavulin","floor":10,"turns":5}],"seed_played":"8643403518845614740","potions_obtained":[{"floor":3.0,"key":"EssenceOfSteel"},{"floor":7.0,"key":"Weak Potion"}],"is_trial":false,"path_per_floor":["M","?","M","$","M","E","M","E","T","E"],"character_chosen":"IRONCLAD","items_purchased":[],"campfire_rested":0,"item_purchase_floors":[],"current_hp_per_floor":[65,35,40,40,42,42,30,13,13,3,3],"gold":219,"neow_bonus":"NOSTALGIA","is_daily":false,"chose_seed":false,"campfire_upgraded":0,"win_rate":0.0,"timestamp":1612863280,"path_taken":["M","?","?","$","M","E","M","E","T","E"],"items_purchased_type":[],"build_version":"2020-12-22","purchased_purges":1,"victory":false,"max_hp_per_floor":[75,75,75,75,75,75,75,75,75,75,75],"card_choices":[{"not_picked":["Sword Boomerang","Anger"],"picked":"Body Slam","floor":1.0},{"not_picked":["Dual Wield","Headbutt"],"picked":"Iron Wave","floor":2.0},{"not_picked":["Thunderclap","ReplayTheSpireMod:LeadingStrike"],"picked":"Feel No Pain","floor":2.0},{"not_picked":["Clothesline","True Grit"],"picked":"ReplayReversal","floor":3.0},{"not_picked":["Infernal Blade","ReplayTheSpireMod:Muscle Training"],"picked":"Rampage","floor":5.0},{"not_picked":["Rupture","Headbutt+1","Thunderclap+1"],"picked":"SKIP","floor":6.0},{"not_picked":["Searing Blow+1","Thunderclap+1","Havoc"],"picked":"SKIP","floor":7.0},{"not_picked":["Hemokinesis+1","Combust"],"picked":"Dropkick+1","floor":8.0}],"player_experience":1207039,"relics_obtained":[{"floor":6.0,"key":"Molten Egg 2"},{"floor":8.0,"key":"Replay:Baseball"},{"floor":9.0,"key":"Replay:Bottled Snecko"}],"event_choices":[],"is_beta":false,"boss_relics":[],"items_purged_floors":[4],"is_endless":false,"potions_floor_spawned":[3,5,7],"killed_by":"Lagavulin","ascension_level":17}}