{"host":"bgyhjzqafgkxdxsh","time":1612850244,"event":{"mods":["BaseMod","Colored Map","Minty Spire (QoL Compilation)","Relic Stats","StSLib","everything is the same but u backflip on backflip"],"gold_per_floor":[114,114,129,29,44,74,74,89,89,119,149,149,149,164,164,264,264,279,294,309,224,224,224,239,254,279,294,324,174,204,219,219,319,319,334,349,349,374,136,166,66,96,146,146,176,206,236,251,251,251],"floor_reached":51,"language":"ENG","playtime":2946,"items_purged":[],"score":1080,"play_id":"99c97024-b4eb-4702-826b-6478c04e5158","local_time":"20210209155724","daily_mods":["Draft","Hoarder","DeadlyEvents"],"is_ascension_mode":false,"campfire_choices":[{"data":"Crippling Poison","floor":7,"key":"SMITH"},{"floor":12,"key":"REST"},{"data":"Catalyst","floor":15,"key":"SMITH"},{"floor":23,"key":"REST"},{"data":"After Image","floor":32,"key":"SMITH"},{"data":"Bouncing Flask","floor":44,"key":"SMITH"},{"data":"Bouncing Flask","floor":49,"key":"SMITH"}],"circlet_count":0,"master_deck":["Crippling Poison+1","Crippling Poison","Crippling Poison","Leg Sweep","Leg Sweep","Leg Sweep","Backflip","Backflip","Backflip+1","Cloak And Dagger","Cloak And Dagger","Cloak And Dagger","Backflip","Backflip","Backflip","Acrobatics","Acrobatics","Acrobatics","Flying Knee","Flying Knee","Flying Knee","PiercingWail","PiercingWail","PiercingWail","PiercingWail","PiercingWail","PiercingWail","Deadly Poison","Deadly Poison","Deadly Poison","Dash","Dash","Dodge and Roll","Dodge and Roll","Dodge and Roll","Crippling Poison","Crippling Poison","Crippling Poison","Outmaneuver","Outmaneuver","Outmaneuver","Poisoned Stab","Poisoned Stab","Poisoned Stab","Pain","Pain","Pain","Bouncing Flask+1","Bouncing Flask+1","Bouncing Flask+1","Die Die Die","Die Die Die","Die Die Die","Catalyst+1","Catalyst","Catalyst","Burst","Burst","Burst","Escape Plan+1","Escape Plan+1","Escape Plan+1","After Image","After Image+1","After Image","Crippling Poison+1","Crippling Poison+1","Crippling Poison+1","Calculated Gamble+1","Calculated Gamble+1","Calculated Gamble+1","Prepared","Prepared","Prepared","Bouncing Flask+1","Bouncing Flask+1","Bouncing Flask+1","Footwork+1","Footwork+1","Footwork+1","Adrenaline","Adrenaline","Adrenaline"],"relics":["Ring of the Serpent","WarpedTongs","Blood Vial","Vajra","Mercury Hourglass","MealTicket","Akabeko","Happy Flower","Prayer Wheel","Snake Skull","Question Card","Snecko Eye","MawBank","Paper Crane","Strawberry","Lantern","Pen Nib","Mummified Hand","War Paint","Eternal Feather"],"acts_visited":["Exordium","TheCity","TheBeyond"],"potions_floor_usage":[25,28,42,48],"damage_taken":[{"damage":0,"enemies":"Small Slimes","floor":1,"turns":3},{"damage":0,"enemies":"Cultist","floor":3,"turns":3},{"damage":0,"enemies":"2 Louse","floor":5,"turns":4},{"damage":9,"enemies":"Gremlin Nob","floor":6,"turns":4},{"damage":6,"enemies":"Exordium Thugs","floor":8,"turns":4},{"damage":33,"enemies":"Lagavulin","floor":10,"turns":4},{"damage":10,"enemies":"Gremlin Nob","floor":11,"turns":4},{"damage":2,"enemies":"Looter","floor":14,"turns":4},{"damage":8,"enemies":"The Guardian","floor":16,"turns":6},{"damage":31,"enemies":"Spheric Guardian","floor":18,"turns":8},{"damage":9,"enemies":"Shell Parasite","floor":19,"turns":4},{"damage":16,"enemies":"Centurion and Healer","floor":20,"turns":9},{"damage":8,"enemies":"Snecko","floor":24,"turns":4},{"damage":4,"enemies":"3 Cultists","floor":25,"turns":3},{"damage":2,"enemies":"Cultist and Chosen","floor":27,"turns":4},{"damage":5,"enemies":"Gremlin Leader","floor":28,"turns":4},{"damage":11,"enemies":"Slavers","floor":30,"turns":6},{"damage":0,"enemies":"Snake Plant","floor":31,"turns":3},{"damage":20,"enemies":"Collector","floor":33,"turns":7},{"damage":9,"enemies":"3 Shapes","floor":35,"turns":2},{"damage":9,"enemies":"3 Darklings","floor":36,"turns":3},{"damage":3,"enemies":"Giant Head","floor":40,"turns":5},{"damage":3,"enemies":"Reptomancer","floor":42,"turns":5},{"damage":33,"enemies":"Nemesis","floor":45,"turns":5},{"damage":0,"enemies":"Reptomancer","floor":46,"turns":2},{"damage":5,"enemies":"Giant Head","floor":47,"turns":5},{"damage":14,"enemies":"Spire Growth","floor":48,"turns":3},{"damage":30,"enemies":"Time Eater","floor":50,"turns":5}],"seed_played":"-878916022338446095","potions_obtained":[{"floor":1,"key":"BlessingOfTheForge"},{"floor":6,"key":"FearPotion"},{"floor":11,"key":"DuplicationPotion"},{"floor":27,"key":"SpeedPotion"},{"floor":31,"key":"Regen Potion"},{"floor":33,"key":"PowerPotion"},{"floor":42,"key":"Fruit Juice"}],"is_trial":false,"path_per_floor":["M","?","M","$","M","E","R","M","T","E","E","R","?","M","R","B",null,"M","M","M","?","?","R","M","M","T","M","E","$","E","M","R","B",null,"M","M","?","T","$","E","$","E","T","R","E","E","E","M","R","B",null],"character_chosen":"THE_SILENT","items_purchased":["FairyPotion","Snake Skull","Paper Crane","Fruit Juice"],"campfire_rested":2,"item_purchase_floors":[4,29,39,41],"current_hp_per_floor":[70,70,70,70,70,61,61,57,57,26,18,39,39,39,39,33,70,39,32,18,18,18,39,33,31,31,31,28,43,34,36,36,18,70,61,54,54,54,69,74,77,79,79,79,48,50,47,40,87,57],"gold":251,"neow_bonus":"","is_daily":true,"chose_seed":false,"campfire_upgraded":5,"win_rate":0.0,"timestamp":1612850244,"path_taken":["M","?","?","?","M","E","R","M","T","E","?","R","?","?","R","BOSS","M","M","M","?","?","R","?","M","T","M","E","$","?","M","R","BOSS","M","M","?","?","$","E","$","E","T","R","?","E","?","M","R","BOSS"],"items_purchased_type":["Potion","Relic","Relic","Potion"],"build_version":"2020-12-22","purchased_purges":0,"victory":true,"max_hp_per_floor":[70,70,70,70,70,70,70,70,70,70,70,70,70,70,70,70,70,70,70,70,70,70,70,70,70,70,70,70,70,70,70,70,70,70,70,70,70,70,70,77,77,82,82,82,82,82,82,87,87,87],"relic_stats":{"Happy Flower":[19],"counters":[28,123],"Eternal Feather":47,"Snake Skull":[169],"Pen Nib":[1],"War Paint":["Backflip","Bouncing Flask"],"Question Card":14,"MawBank":12,"WarpedTongs":[120],"Mercury Hourglass":[400],"Blood Vial":39,"Mummified Hand":[21],"Snecko Eye":[93,102,80,83],"MealTicket":33,"Prayer Wheel":4,"obtain_stats":[{"Lantern":42,"Happy Flower":26,"Vajra":9,"Eternal Feather":47,"Snake Skull":29,"Pen Nib":43,"Paper Crane":39,"War Paint":46,"Question Card":30,"MawBank":38,"Akabeko":21,"WarpedTongs":2,"Mercury Hourglass":10,"Blood Vial":6,"Mummified Hand":45,"Strawberry":40,"Snecko Eye":34,"MealTicket":11,"Prayer Wheel":28,"Ring of the Serpent":17,"Ring of the Snake":0},{"Lantern":23,"Happy Flower":14,"Vajra":5,"Eternal Feather":26,"Snake Skull":16,"Pen Nib":23,"Paper Crane":21,"War Paint":25,"Question Card":17,"MawBank":21,"Akabeko":12,"WarpedTongs":1,"Mercury Hourglass":6,"Blood Vial":4,"Mummified Hand":24,"Strawberry":22,"Snecko Eye":19,"MealTicket":7,"Prayer Wheel":16,"Ring of the Serpent":9,"Ring of the Snake":0},{"Lantern":103,"Happy Flower":64,"Vajra":18,"Eternal Feather":115,"Snake Skull":72,"Pen Nib":103,"Paper Crane":93,"War Paint":110,"Question Card":78,"MawBank":93,"Akabeko":57,"WarpedTongs":3,"Mercury Hourglass":22,"Blood Vial":14,"Mummified Hand":108,"Strawberry":98,"Snecko Eye":88,"MealTicket":26,"Prayer Wheel":72,"Ring of the Serpent":36,"Ring of the Snake":0}]},"card_choices":[{"not_picked":["Dodge and Roll","Cloak And Dagger"],"picked":"Crippling Poison","floor":0},{"not_picked":["Outmaneuver","Predator"],"picked":"Leg Sweep","floor":0},{"not_picked":["Flechettes","Quick Slash"],"picked":"Backflip","floor":0},{"not_picked":["Sucker Punch","Skewer"],"picked":"Cloak And Dagger","floor":0},{"not_picked":["Outmaneuver","Expertise"],"picked":"Backflip","floor":0},{"not_picked":["Bane","Deadly Poison"],"picked":"Acrobatics","floor":0},{"not_picked":["Skewer","Backflip"],"picked":"Flying Knee","floor":0},{"not_picked":["Prepared","Deflect"],"picked":"PiercingWail","floor":0},{"not_picked":["Quick Slash","Sucker Punch"],"picked":"PiercingWail","floor":0},{"not_picked":["Dodge and Roll","Cloak And Dagger"],"picked":"Deadly Poison","floor":0},{"not_picked":["Setup","Dagger Spray"],"picked":"Dash","floor":0},{"not_picked":["Acrobatics","Prepared"],"picked":"Dodge and Roll","floor":0},{"not_picked":["Cloak And Dagger","Deadly Poison"],"picked":"Crippling Poison","floor":0},{"not_picked":["Prepared","Deflect"],"picked":"Outmaneuver","floor":0},{"not_picked":["Outmaneuver","Quick Slash"],"picked":"Poisoned Stab","floor":0},{"not_picked":["Finisher","Bane","Backflip"],"picked":"SKIP","floor":1},{"not_picked":["PiercingWail","Endless Agony","Prepared"],"picked":"SKIP","floor":3},{"not_picked":["Prepared","Tactician","Dodge and Roll"],"picked":"SKIP","floor":5},{"not_picked":["Blade Dance","Poisoned Stab"],"picked":"Bouncing Flask","floor":6},{"not_picked":["Bouncing Flask","Poisoned Stab","Choke"],"picked":"SKIP","floor":8},{"not_picked":["Sucker Punch","Quick Slash"],"picked":"Die Die Die","floor":10},{"not_picked":["Slice","Finisher","Eviscerate"],"picked":"SKIP","floor":11},{"not_picked":["Dodge and Roll","Dagger Throw"],"picked":"Catalyst","floor":14},{"not_picked":["Envenom","Doppelganger"],"picked":"Burst","floor":16},{"not_picked":["Eviscerate","Dodge and Roll+1","Outmaneuver"],"picked":"SKIP","floor":18},{"not_picked":["Sucker Punch","Dash"],"picked":"Escape Plan+1","floor":19},{"not_picked":["Slice","Dagger Throw+1","Poisoned Stab"],"picked":"SKIP","floor":20},{"not_picked":["Acrobatics","Outmaneuver"],"picked":"After Image","floor":24},{"not_picked":["Slice","Dagger Throw+1"],"picked":"Crippling Poison+1","floor":25},{"not_picked":["Quick Slash+1","Deadly Poison"],"picked":"Calculated Gamble+1","floor":27},{"not_picked":["Skewer","Eviscerate","Doppelganger"],"picked":"SKIP","floor":28},{"not_picked":["Heel Hook+1","Poisoned Stab","Deflect"],"picked":"SKIP","floor":30},{"not_picked":["Reflex","Prepared","Heel Hook","Poisoned Stab"],"picked":"SKIP","floor":31},{"not_picked":["Slice+1","Blade Dance","Flying Knee","Underhanded Strike"],"picked":"SKIP","floor":31},{"not_picked":["Eviscerate+1","Riddle With Holes","Outmaneuver+1"],"picked":"Prepared","floor":35},{"not_picked":["Dodge and Roll","Well Laid Plans","Sucker Punch+1","Bane+1"],"picked":"SKIP","floor":35},{"not_picked":["Terror","Dodge and Roll","Dagger Throw"],"picked":"Bouncing Flask+1","floor":36},{"not_picked":["Accuracy+1","Dagger Spray","Quick Slash","Bane"],"picked":"SKIP","floor":36},{"not_picked":["Prepared","Poisoned Stab+1","Acrobatics"],"picked":"Footwork+1","floor":40},{"not_picked":["Outmaneuver+1","Quick Slash+1","Backstab+1"],"picked":"Adrenaline","floor":42},{"not_picked":["Deflect+1","Slice+1","Acrobatics+1","Prepared"],"picked":"SKIP","floor":45},{"not_picked":["Riddle With Holes+1","Backflip+1","Doppelganger","Crippling Poison+1"],"picked":"SKIP","floor":46},{"not_picked":["Footwork","Cloak And Dagger","Poisoned Stab+1","Outmaneuver+1"],"picked":"SKIP","floor":47},{"not_picked":["Bane+1","Concentrate+1","Well Laid Plans+1","Slice"],"picked":"SKIP","floor":48},{"not_picked":["Expertise","Bouncing Flask","Quick Slash","Acrobatics+1"],"picked":"SKIP","floor":48}],"player_experience":478384,"relics_obtained":[{"floor":6,"key":"Blood Vial"},{"floor":9,"key":"Vajra"},{"floor":10,"key":"Mercury Hourglass"},{"floor":11,"key":"MealTicket"},{"floor":26,"key":"Happy Flower"},{"floor":28,"key":"Prayer Wheel"},{"floor":30,"key":"Question Card"},{"floor":38,"key":"MawBank"},{"floor":40,"key":"Strawberry"},{"floor":42,"key":"Lantern"},{"floor":43,"key":"Pen Nib"},{"floor":45,"key":"Mummified Hand"},{"floor":46,"key":"War Paint"},{"floor":47,"key":"Eternal Feather"}],"event_choices":[{"damage_healed":0,"gold_gain":0,"player_choice":"Rummage","damage_taken":0,"relics_obtained":["WarpedTongs"],"max_hp_gain":0,"max_hp_loss":0,"event_name":"Accursed Blacksmith","floor":2,"gold_loss":0,"cards_obtained":["Pain"]},{"damage_healed":0,"gold_gain":0,"player_choice":"Ignored","damage_taken":0,"max_hp_gain":0,"max_hp_loss":0,"event_name":"Liars Game","floor":13,"gold_loss":0},{"damage_healed":0,"gold_gain":0,"player_choice":"Obtained Relic","damage_taken":0,"relics_obtained":["Akabeko"],"max_hp_gain":0,"max_hp_loss":0,"event_name":"Addict","floor":21,"gold_loss":85},{"damage_healed":0,"gold_gain":0,"player_choice":"Ignored","damage_taken":0,"max_hp_gain":0,"max_hp_loss":0,"event_name":"The Mausoleum","floor":22,"gold_loss":0},{"cards_removed":["Dash"],"damage_healed":0,"gold_gain":0,"player_choice":"Removed Attack","damage_taken":0,"max_hp_gain":0,"max_hp_loss":0,"event_name":"Falling","floor":37,"gold_loss":0}],"is_beta":false,"boss_relics":[{"not_picked":["Fusion Hammer","Sozu"],"picked":"Ring of the Serpent"},{"not_picked":["Runic Pyramid","Velvet Choker"],"picked":"Snecko Eye"}],"items_purged_floors":[],"is_endless":false,"potions_floor_spawned":[1,6,11,24,27,31,33,36,40,42],"ascension_level":0}}