{"host":"cvgfrai8nrtinf2y","time":1612893483,"event":{"mods":["A Magickal Journey","Act Like it!","BaseMod","Better Third Choice","Challenge The Spire","Colored Map","Downfall","Gensokyo","Googly Eyes","Hermit","Highlight Path","Hubris","Infinite Spire","Minty Spire (QoL Compilation)","Rare Cards Sparkle","Relic Sorter","Remilia??????","Spicy Shops","StSLib","The Disciple","The Hierophant","The Necromancer","The Runesmith"],"gold_per_floor":[119,59,59,70,81,81,14,14,14,14,14,30,45,79,79,179,179,195,195,211,226,226,226,226,258,270,282,294,322,334,334],"floor_reached":30,"language":"ENG","playtime":836,"items_purged":[],"score":230,"play_id":"b5090f23-8f8d-4c8f-9b77-a52c033668fa","local_time":"20210209185803","is_ascension_mode":false,"campfire_choices":[{"data":"hermit:Snapshot","floor":6,"key":"SMITH"},{"data":"hermit:Ricochet","floor":8,"key":"SMITH"},{"data":"Gensokyo:CrescentMoonSlash","floor":11,"key":"SMITH"},{"data":"hermit:WideOpen","floor":15,"key":"SMITH"},{"data":"Slimebound:CheckThePlaybook","floor":23,"key":"SMITH"}],"circlet_count":0,"master_deck":["hermit:Strike_Hermit","hermit:Strike_Hermit","hermit:Strike_Hermit","hermit:Strike_Hermit","hermit:Defend_Hermit","hermit:Defend_Hermit","hermit:Defend_Hermit","hermit:Defend_Hermit","hermit:Snapshot+1","hermit:Covet","hermit:Ricochet+1","hermit:BodyArmor","Clumsy","hermit:Vantage","Gensokyo:CrescentMoonSlash+1","hermit:WideOpen+1","hermit:BlackWind","hermit:Deadeye","Slimebound:CheckThePlaybook+1","hermit:Headshot+1","hermit:Showdown","downfall:Bewildered","hermit:GoldenBullet+1"],"relics":["hermit:Momento","NeowsBlessing","Gensokyo:NagashiBinaDoll","hubris:TinFlute","Shovel","Sozu","sneckomod:BabySnecko","MawBank","Gambling Chip"],"acts_visited":["Exordium","TheCity"],"potions_floor_usage":[],"damage_taken":[{"damage":0,"enemies":"Gensokyo:Python","floor":1,"turns":1},{"damage":0,"enemies":"Gensokyo:3_Fairies","floor":4,"turns":1},{"damage":0,"enemies":"Gensokyo:Gryphon","floor":5,"turns":1},{"damage":0,"enemies":"Gensokyo:VengefulSpirit","floor":12,"turns":4},{"damage":2,"enemies":"Gensokyo:Kitsune","floor":13,"turns":3},{"damage":24,"enemies":"Gensokyo:Aya","floor":14,"turns":6},{"damage":16,"enemies":"Gensokyo:Reimu","floor":16,"turns":7},{"damage":17,"enemies":"Spheric Guardian","floor":18,"turns":4},{"damage":26,"enemies":"2 Thieves","floor":20,"turns":3},{"damage":14,"enemies":"Snake Plant","floor":21,"turns":3},{"damage":5,"enemies":"Sentry and Sphere","floor":25,"turns":3},{"damage":0,"enemies":"Snecko","floor":29,"turns":2},{"damage":14,"enemies":"Nightmare","floor":30,"turns":3}],"seed_played":"7901840380335628066","potions_obtained":[{"floor":12,"key":"BlessingOfTheForge"},{"floor":13,"key":"FearPotion"},{"floor":16,"key":"hermit:Tonic"}],"is_trial":false,"path_per_floor":["M","$","?","M","M","R","COS","R","T","?","R","M","M","E","R","B",null,"M","?","M","M","?","R","T","M","T","?","AVR","M","NM"],"character_chosen":"HERMIT","items_purchased":["hermit:BodyArmor"],"campfire_rested":0,"item_purchase_floors":[2],"current_hp_per_floor":[75,75,75,75,75,75,75,75,75,64,64,64,62,38,38,22,75,58,58,32,18,18,18,18,13,13,13,13,13,0,0],"gold":334,"neow_bonus":"THREE_ENEMY_KILL","is_daily":false,"chose_seed":false,"campfire_upgraded":5,"win_rate":0.0,"timestamp":1612893483,"path_taken":["M","$","?","?","M","R","COS","R","T","?","R","?","M","E","R","BOSS","M","?","M","M","?","R","?","M","T","?","AVR","M","NM"],"items_purchased_type":["Card"],"build_version":"2020-12-22","purchased_purges":0,"victory":false,"max_hp_per_floor":[75,75,75,75,75,75,75,75,75,75,75,75,75,75,75,75,75,75,68,68,68,68,68,68,68,68,68,68,68,68,68],"card_choices":[{"not_picked":["hermit:ShadowCloak","hermit:HoleUp"],"picked":"hermit:Ricochet","floor":1},{"not_picked":["hermit:CalledShot","hermit:HoleUp","hermit:Feint"],"picked":"SKIP","floor":4},{"not_picked":["hermit:Combo","hermit:HighCaliber"],"picked":"hermit:Vantage","floor":5},{"not_picked":["hermit:CalledShot","hermit:Gestalt","hermit:Glare"],"picked":"SKIP","floor":12},{"not_picked":["hermit:FromBeyond","hermit:LowProfile"],"picked":"hermit:WideOpen","floor":13},{"not_picked":["hermit:Vantage","hermit:SprayPray","hermit:LoneWolf"],"picked":"SKIP","floor":14},{"not_picked":["hermit:FatalDesire","hermit:Dissolve"],"picked":"hermit:BlackWind","floor":16},{"not_picked":["hermit:LoneWolf+1","hermit:Ricochet"],"picked":"hermit:Deadeye","floor":18},{"not_picked":["hermit:Ricochet","hermit:CalledShot"],"picked":"hermit:Headshot+1","floor":20},{"not_picked":["hermit:BodyArmor","hermit:Deadeye","hermit:Showdown"],"picked":"SKIP","floor":21},{"not_picked":["hermit:BodyArmor","hermit:Deadeye"],"picked":"hermit:Showdown","floor":21},{"not_picked":["hermit:HighCaliber","hermit:FlashPowder"],"picked":"hermit:GoldenBullet","floor":25},{"not_picked":["hermit:Coalescence+1","hermit:Midnight","hermit:Feint"],"picked":"SKIP","floor":29}],"player_experience":1247237,"relics_obtained":[{"floor":9,"key":"hubris:TinFlute"},{"floor":14,"key":"Shovel"},{"floor":24,"key":"MawBank"},{"floor":26,"key":"Gambling Chip"}],"event_choices":[{"damage_healed":0,"gold_gain":0,"player_choice":"Upgraded","damage_taken":0,"max_hp_gain":0,"max_hp_loss":0,"event_name":"Upgrade Shrine","floor":27,"gold_loss":0,"cards_upgraded":["hermit:GoldenBullet"]}],"is_beta":false,"boss_relics":[{"not_picked":["Runic Pyramid","Tiny House"],"picked":"Sozu"}],"items_purged_floors":[],"is_endless":false,"potions_floor_spawned":[12,13,16,20,21],"killed_by":"Nightmare","ascension_level":0}}