{"host":"zgdag062zrknap1a","time":1612908799,"event":{"mods":["AchievementEnabler","Act Like it!","Aspiration","Bard","BaseMod","BetterRewards","Colored Map","Colored Powertips","Conspire","Downfall","Gensokyo","Hallownest","Hermit","Highlight Path","Hubris","Infinite Spire","Jorbs\u0027s Wanderer Trilogy","Marisa????????","Minty Spire (QoL Compilation)","Quick Restart","Rare Cards Sparkle","Replay The Spire","Shop Mod","StSLib","The Bug Knight","The Cursed","The Hierophant","The Necromancer","The Runesmith","The Servant 0.9.4"],"gold_per_floor":[113,123,223,233,248,248,275,275,299,325,325,244,276,276,276,374,374,391,391,12,12,12,12,26,39,63,63,97,97,97,129,129,228,228,245,245,245],"floor_reached":36,"language":"ENG","playtime":2001,"items_purged":["Eruption","Strike_P"],"score":446,"play_id":"770dd7c7-9c37-4659-98db-1d0d53c5eb0a","local_time":"20210209141319","is_ascension_mode":false,"campfire_choices":[{"floor":6,"key":"RECALL"},{"data":"WindmillStrike","floor":8,"key":"SMITH"},{"data":"SandsOfTime","floor":11,"key":"SMITH"},{"floor":15,"key":"REST"},{"data":"FlyingSleeves","floor":23,"key":"SMITH"},{"data":"ReachHeaven","floor":27,"key":"SMITH"},{"floor":29,"key":"REST"},{"floor":32,"key":"REST"}],"circlet_count":0,"master_deck":["Strike_P","Strike_P","Strike_P","Defend_P","Defend_P","Defend_P","Defend_P","Vigilance","WindmillStrike+1","SandsOfTime+1","FlyingSleeves+1","BattleHymn+1","Crescendo+1","ReachHeaven+1","Establishment+1","DeusExMachina+1","SignatureMove+1"],"relics":["PureWater","CloakClasp","HollowMod:StagPassRelic","Letter Opener","aspiration:HummingbirdHeart","conspire:GiftBox","Molten Egg 2","hubris:TerracottaHorce","Regal Pillow","Red Mask","Incense Burner","Sozu"],"acts_visited":["Exordium","TheCity","TheBeyond"],"potions_floor_usage":[36],"damage_taken":[{"damage":0,"enemies":"2 Louse","floor":1,"turns":3},{"damage":0,"enemies":"Cultist","floor":2,"turns":4},{"damage":3,"enemies":"Jaw Worm","floor":4,"turns":3},{"damage":0,"enemies":"Exordium Wildlife","floor":5,"turns":4},{"damage":12,"enemies":"Lagavulin","floor":7,"turns":8},{"damage":7,"enemies":"Gremlin Nob","floor":10,"turns":3},{"damage":9,"enemies":"3 Sentries","floor":13,"turns":4},{"damage":0,"enemies":"Slime Boss","floor":16,"turns":4},{"damage":0,"enemies":"Chosen","floor":18,"turns":4},{"damage":25,"enemies":"3 Byrds","floor":24,"turns":6},{"damage":13,"enemies":"Snecko","floor":25,"turns":4},{"damage":15,"enemies":"Masked Bandits","floor":28,"turns":4},{"damage":21,"enemies":"HollowMod:Nosk","floor":31,"turns":4},{"damage":34,"enemies":"conspire:MysteriousRune","floor":33,"turns":5},{"damage":0,"enemies":"3 Shapes","floor":35,"turns":3},{"damage":0,"enemies":"Orin","floor":36,"turns":4}],"seed_played":"-6460729488672115023","potions_obtained":[{"floor":2,"key":"Elixir"},{"floor":13,"key":"Strength Potion"},{"floor":16,"key":"sneckomod:MuddlingPotion"},{"floor":28,"key":"Regen Potion"}],"is_trial":false,"path_per_floor":["M","M","?","M","M","R","E","R","T","E","R","$","E","?","R","B",null,"M","?","$","?","AVR","R","M","M","T","R","?","R","$","E","R","B",null,"M","?"],"character_chosen":"WATCHER","items_purchased":["WindmillStrike","SandsOfTime","CloakClasp","BattleHymn","Crescendo","conspire:GiftBox"],"campfire_rested":3,"item_purchase_floors":[0,0,0,12,12,20],"current_hp_per_floor":[40,40,40,37,37,37,25,25,25,18,18,18,9,9,30,30,72,72,72,72,72,72,72,47,34,34,34,19,55,55,34,70,36,63,63,63,63],"gold":245,"neow_bonus":"","is_daily":false,"chose_seed":false,"campfire_upgraded":4,"win_rate":0.0,"timestamp":1612908799,"path_taken":["M","M","?","?","M","R","E","R","T","E","R","$","E","?","R","BOSS","M","?","$","?","AVR","R","M","?","T","R","?","R","?","E","R","BOSS","M","?"],"items_purchased_type":["Card","Card","Relic","Card","Card","Relic"],"build_version":"2020-12-22","purchased_purges":2,"victory":false,"max_hp_per_floor":[72,72,72,72,72,72,72,72,72,72,72,72,72,72,72,72,72,72,72,72,72,72,72,72,72,72,72,72,72,72,72,72,72,72,72,72,72],"card_choices":[{"not_picked":["Wallop","CrushJoints","EmptyBody"],"picked":"SKIP","floor":1},{"not_picked":["CrushJoints","Halt"],"picked":"FlyingSleeves","floor":2},{"not_picked":["Replay:AtTheReady","Brilliance","Swivel"],"picked":"SKIP","floor":4},{"not_picked":["ThirdEye","CrushJoints","Replay:Vibes"],"picked":"SKIP","floor":5},{"not_picked":["JustLucky","SashWhip","Replay:Hum"],"picked":"SKIP","floor":7},{"not_picked":["WheelKick","Replay:Hum","Replay:Cycle"],"picked":"SKIP","floor":10},{"not_picked":["Halt","WheelKick","MentalFortress"],"picked":"SKIP","floor":13},{"not_picked":["Devotion","Brilliance"],"picked":"Establishment","floor":16},{"not_picked":["FlurryOfBlows","Replay:AtTheReady+1","Replay:ManipulateFuture"],"picked":"SKIP","floor":18},{"not_picked":["Replay:AllIn","Blasphemy"],"picked":"DeusExMachina","floor":20},{"not_picked":["SashWhip+1","CrushJoints+1","CutThroughFate+1"],"picked":"SKIP","floor":24},{"not_picked":["Study+1","Replay:AtTheReady+1","ForeignInfluence+1"],"picked":"SKIP","floor":25},{"not_picked":["Establishment","Pray+1","Meditate"],"picked":"SKIP","floor":31},{"not_picked":["JustLucky+1","CrushJoints+1"],"picked":"SignatureMove+1","floor":35}],"player_experience":427792,"relics_obtained":[{"floor":7,"key":"HollowMod:StagPassRelic"},{"floor":10,"key":"Letter Opener"},{"floor":13,"key":"aspiration:HummingbirdHeart"},{"floor":26,"key":"Regal Pillow"},{"floor":28,"key":"Red Mask"},{"floor":31,"key":"Incense Burner"}],"event_choices":[{"damage_healed":0,"gold_gain":100,"player_choice":"Pray","damage_taken":0,"max_hp_gain":0,"max_hp_loss":0,"event_name":"Golden Shrine","floor":3,"gold_loss":0},{"damage_healed":0,"gold_gain":0,"player_choice":"Forge","damage_taken":0,"max_hp_gain":0,"max_hp_loss":0,"event_name":"Accursed Blacksmith","floor":21,"gold_loss":0,"cards_upgraded":["Establishment"]},{"damage_healed":0,"gold_gain":0,"player_choice":"Fought Bandits","damage_taken":0,"max_hp_gain":0,"max_hp_loss":0,"event_name":"Masked Bandits","floor":28,"gold_loss":0},{"damage_healed":0,"gold_gain":0,"player_choice":"Fight","damage_taken":0,"max_hp_gain":0,"max_hp_loss":0,"event_name":"OrinTheCat","floor":36,"gold_loss":0}],"is_beta":false,"boss_relics":[{"not_picked":["Calling Bell","hubris:GrandSneckoEye","aspiration:SilentSkillbook"]},{"not_picked":["Honey Jar","aspiration:RitualDagger"],"picked":"Sozu"}],"items_purged_floors":[20,22],"is_endless":false,"potions_floor_spawned":[2,13,16,24,28,33,35],"killed_by":"Orin","ascension_level":0}}