{"host":"guk5h31bsklpp7e4","time":1612907746,"event":{"mods":["AchievementEnabler","BaseMod","Colored Map","Colored Powertips","Highlight Path","Minty Spire (QoL Compilation)","Quick Restart"],"gold_per_floor":[16,16,0,13,13,51,51,64,64,64,79,79,99,24,24,148,148,164,164,164,183,83,83,83,96,122,145,145,161,186,186,186,306,306,326,389,112,137,0,44,44,44,70,70,23,50,1,15,15,15],"floor_reached":51,"language":"ENG","playtime":3600,"items_purged":["Strike_P","Strike_P","Strike_P"],"score":791,"play_id":"7b0415b1-a443-436b-8bff-685bfa521560","local_time":"20210209165546","is_ascension_mode":true,"campfire_choices":[{"floor":7,"key":"REST"},{"floor":10,"key":"REST"},{"data":"Evaluate","floor":15,"key":"SMITH"},{"data":"Vault","floor":23,"key":"SMITH"},{"floor":32,"key":"REST"},{"floor":41,"key":"REST"},{"floor":44,"key":"REST"},{"data":"Vigilance","floor":49,"key":"SMITH"}],"circlet_count":0,"master_deck":["Defend_P","Defend_P","Eruption+1","Vigilance+1","Meditate","FearNoEvil","DeusExMachina","CutThroughFate","CutThroughFate","Evaluate+1","Vault+1","JustLucky+1","JustLucky+1","ThirdEye","SashWhip+1","TalkToTheHand+1","Crescendo+1","Ragnarok+1","WindmillStrike+1","Evaluate+1","Swivel+1","ForeignInfluence+1","Adaptation+1","WreathOfFlame+1","TalkToTheHand+1","Consecrate+1","BowlingBash+1"],"relics":["PureWater","Golden Idol","Mummified Hand","Tiny Chest","Strawberry","SlaversCollar","Akabeko","Molten Egg 2","Omamori","Kunai","Astrolabe","Unceasing Top","Lantern","Red Mask","Bronze Scales","Toy Ornithopter","Nunchaku"],"acts_visited":["Exordium","TheCity","TheBeyond"],"potions_floor_usage":[16,18,27,29,30,33,50],"damage_taken":[{"damage":4,"enemies":"Small Slimes","floor":1,"turns":5},{"damage":0,"enemies":"2 Louse","floor":4,"turns":2},{"damage":49,"enemies":"3 Sentries","floor":6,"turns":13},{"damage":15,"enemies":"Jaw Worm","floor":8,"turns":4},{"damage":0,"enemies":"Exordium Wildlife","floor":11,"turns":3},{"damage":3,"enemies":"Blue Slaver","floor":13,"turns":3},{"damage":41,"enemies":"The Guardian","floor":16,"turns":16},{"damage":8,"enemies":"Chosen","floor":18,"turns":4},{"damage":3,"enemies":"3 Byrds","floor":21,"turns":5},{"damage":4,"enemies":"Shelled Parasite and Fungi","floor":25,"turns":3},{"damage":44,"enemies":"Centurion and Healer","floor":27,"turns":6},{"damage":0,"enemies":"Snake Plant","floor":29,"turns":3},{"damage":0,"enemies":"Cultist and Chosen","floor":30,"turns":5},{"damage":22,"enemies":"Champ","floor":33,"turns":9},{"damage":1,"enemies":"3 Shapes","floor":35,"turns":3},{"damage":0,"enemies":"Mind Bloom Boss Battle","floor":36,"turns":4},{"damage":0,"enemies":"Orb Walker","floor":38,"turns":2},{"damage":63,"enemies":"Nemesis","floor":40,"turns":5},{"damage":1,"enemies":"Transient","floor":48,"turns":6},{"damage":47,"enemies":"Donu and Deca","floor":50,"turns":8}],"seed_played":"-1843222942859573817","potions_obtained":[{"floor":4,"key":"FearPotion"},{"floor":6,"key":"EssenceOfSteel"},{"floor":16,"key":"Weak Potion"},{"floor":18,"key":"SpeedPotion"},{"floor":27,"key":"ColorlessPotion"},{"floor":29,"key":"SteroidPotion"},{"floor":40,"key":"FearPotion"}],"is_trial":false,"path_per_floor":["M","?","?","M","?","E","R","M","T","R","M","T","M","$","R","B",null,"M","?","?","M","$","R","T","M","T","M","?","M","M","T","R","B",null,"M","?","$","M","?","E","R","?","T","R","$","T","$","M","R","B",null],"character_chosen":"WATCHER","items_purchased":["Lantern","Consecrate+1","Dexterity Potion"],"campfire_rested":5,"item_purchase_floors":[37,45,47],"current_hp_per_floor":[82,82,82,82,82,33,58,43,43,68,68,75,72,72,72,31,93,85,85,85,82,82,82,82,78,78,34,34,34,34,34,61,39,93,92,92,92,92,92,29,56,79,79,93,93,93,93,92,92,46],"gold":15,"neow_bonus":"TWENTY_PERCENT_HP_BONUS","is_daily":false,"chose_seed":false,"campfire_upgraded":3,"win_rate":0.0,"timestamp":1612907746,"path_taken":["M","?","?","M","?","E","R","?","T","R","M","?","M","$","R","BOSS","M","?","?","M","$","R","?","M","T","?","?","?","M","?","R","BOSS","M","?","$","M","?","E","R","?","T","R","$","?","?","M","R","BOSS"],"items_purchased_type":["Relic","Card","Potion"],"build_version":"2020-12-22","purchased_purges":3,"victory":true,"max_hp_per_floor":[86,86,86,86,86,86,86,86,86,86,86,93,93,93,93,93,93,93,93,93,93,93,93,93,93,93,93,93,93,93,93,93,93,93,93,93,93,93,93,93,93,93,93,93,93,93,93,93,93,93],"card_choices":[{"not_picked":["EmptyBody","TalkToTheHand"],"picked":"Meditate","floor":1},{"not_picked":["SashWhip","FlurryOfBlows"],"picked":"FearNoEvil","floor":4},{"not_picked":["FollowUp","Prostrate"],"picked":"DeusExMachina","floor":6},{"not_picked":["Consecrate","FlurryOfBlows"],"picked":"CutThroughFate","floor":8},{"not_picked":["Crescendo","PathToVictory"],"picked":"CutThroughFate","floor":11},{"not_picked":["EmptyFist","FlurryOfBlows"],"picked":"Evaluate","floor":13},{"not_picked":["LessonLearned","Omniscience"],"picked":"Vault","floor":16},{"not_picked":["WaveOfTheHand","Crescendo"],"picked":"JustLucky+1","floor":18},{"not_picked":["PathToVictory","Protect+1"],"picked":"JustLucky+1","floor":21},{"not_picked":["JustLucky+1","Worship"],"picked":"ThirdEye","floor":25},{"not_picked":["CrushJoints+1","Evaluate+1"],"picked":"SashWhip+1","floor":27},{"not_picked":["Prostrate","LessonLearned+1"],"picked":"TalkToTheHand+1","floor":29},{"not_picked":["FlyingSleeves+1","EmptyFist+1"],"picked":"Crescendo+1","floor":30},{"not_picked":["Scrawl","Brilliance+1"],"picked":"Ragnarok+1","floor":33},{"not_picked":["ClearTheMind","FlurryOfBlows+1"],"picked":"ForeignInfluence+1","floor":35},{"not_picked":["BowlingBash+1","FlurryOfBlows+1"],"picked":"Adaptation+1","floor":36},{"not_picked":["Halt+1","PathToVictory"],"picked":"WreathOfFlame+1","floor":38},{"not_picked":["SignatureMove+1","CarveReality+1"],"picked":"TalkToTheHand+1","floor":40},{"not_picked":["FlyingSleeves+1","Halt"],"picked":"BowlingBash+1","floor":48}],"player_experience":325049,"relics_obtained":[{"floor":6,"key":"Mummified Hand"},{"floor":9,"key":"Tiny Chest"},{"floor":12,"key":"Strawberry"},{"floor":24,"key":"Molten Egg 2"},{"floor":26,"key":"Omamori"},{"floor":31,"key":"Kunai"},{"floor":36,"key":"Unceasing Top"},{"floor":40,"key":"Bronze Scales"},{"floor":43,"key":"Toy Ornithopter"},{"floor":46,"key":"Nunchaku"}],"event_choices":[{"damage_healed":0,"gold_gain":0,"player_choice":"Grow","damage_taken":0,"max_hp_gain":0,"max_hp_loss":0,"event_name":"Living Wall","floor":2,"gold_loss":0,"cards_upgraded":["Eruption"]},{"damage_healed":0,"gold_gain":0,"player_choice":"Left Gold","damage_taken":0,"max_hp_gain":0,"max_hp_loss":0,"event_name":"World of Goop","floor":3,"gold_loss":16},{"damage_healed":0,"gold_gain":0,"player_choice":"Take Wound","damage_taken":0,"relics_obtained":["Golden Idol"],"max_hp_gain":0,"max_hp_loss":0,"event_name":"Golden Idol","floor":5,"gold_loss":0,"cards_obtained":["Injury"]},{"damage_healed":0,"gold_gain":0,"player_choice":"Opened","damage_taken":0,"relics_obtained":["Akabeko"],"max_hp_gain":0,"max_hp_loss":0,"event_name":"The Mausoleum","floor":19,"gold_loss":0,"cards_obtained":["Writhe"]},{"cards_removed":["Writhe"],"damage_healed":0,"gold_gain":0,"player_choice":"Elegance","damage_taken":0,"max_hp_gain":0,"max_hp_loss":0,"event_name":"Back to Basics","floor":20,"gold_loss":0},{"cards_removed":["Injury"],"damage_healed":0,"gold_gain":0,"player_choice":"Card Removal","damage_taken":0,"max_hp_gain":0,"max_hp_loss":0,"event_name":"Wheel of Change","floor":28,"gold_loss":0},{"damage_healed":0,"gold_gain":0,"player_choice":"Fight","damage_taken":0,"max_hp_gain":0,"max_hp_loss":0,"event_name":"MindBloom","floor":36,"gold_loss":0},{"damage_healed":0,"gold_gain":0,"player_choice":"Paid","damage_taken":0,"relics_obtained":["Red Mask"],"max_hp_gain":0,"max_hp_loss":0,"event_name":"Tomb of Lord Red Mask","floor":39,"gold_loss":137},{"damage_healed":23,"gold_gain":0,"player_choice":"Writhe","damage_taken":0,"max_hp_gain":0,"max_hp_loss":0,"event_name":"Winding Halls","floor":42,"gold_loss":0,"cards_obtained":["Writhe"]}],"is_beta":false,"boss_relics":[{"not_picked":["Tiny House","Busted Crown"],"picked":"SlaversCollar"},{"not_picked":["Fusion Hammer","HolyWater"],"picked":"Astrolabe"}],"items_purged_floors":[14,22,37],"is_endless":false,"potions_floor_spawned":[4,6,16,18,27,29,40],"ascension_level":3}}