{"host":"23qk1co0p3p8qz56","time":1612908644,"event":{"mods":["100% Spire Juice","AchievementEnabler","Act Like it!","Arknights","BaseMod","Better Note","Better Third Choice","BetterRewards","CapriCore","Chen","Colored Map","Downfall","Duelist Mod","Friendly Minions","Gensokyo","Gold Saver","KinomotoSakuraMod(ñÿîVñ{?)","Koishi","LagranYue(ùfäiòNÅEåé)","Lobotomy","LobotomyExtend","MarisaÅiñ∂âJÅ@ñÇóùçπÅj","Minty Spire (QoL Compilation)","Prisma Mod","ReimuÅiîé??öÎÅj","RemiliaÅiÂQïƒ‰ª?Åj","StSLib","The Administrix","The Alterego","The Animator","The Gatherer","The Immortal","The Marked","The Senshi","TheSwordswoman","Waifu the Spire","WarShipGirlsR/??è≠èóR mod","Yakumo Yukari mod","Yohane!","Yuyuko"],"gold_per_floor":[111,142,172,185,216,216,234,251,278,278,243,243,243,257,257,386,386,399,399,410,410,427,427,441,455,455,455,455,465,482,482,482,590,590,606,606,606,626,694,694,694,694,694,725,725,744,763,524,524,524],"floor_reached":51,"language":"ENG","playtime":3092,"items_purged":[],"score":723,"play_id":"edd6b3dd-c8f2-4f63-8e60-a3d166bf7815","local_time":"20210209151044","is_ascension_mode":false,"campfire_choices":[{"data":"animator:FeridBathory","floor":6,"key":"SMITH"},{"data":"animator:Shinoa","floor":10,"key":"SMITH"},{"data":"animator:Mikaela","floor":15,"key":"SMITH"},{"data":"animator:Yoichi","floor":23,"key":"SMITH"},{"data":"animator:NagisaMomoe","floor":28,"key":"SMITH"},{"data":"animator:Yoichi","floor":32,"key":"SMITH"},{"data":"animator:Kyubey","floor":40,"key":"SMITH"},{"data":"animator:Lelouch","floor":42,"key":"SMITH"},{"data":"animator:Yoichi","floor":45,"key":"SMITH"},{"data":"animator:Yoichi","floor":49,"key":"SMITH"}],"circlet_count":0,"master_deck":["animator:Strike_OwariNoSeraph","animator:Defend_OwariNoSeraph","animator:Strike","animator:Strike","animator:Defend","animator:Defend","animator:Shinoa+1","animator:Mikaela+1","animator:Mikaela","animator:HighElfArcher","animator:Mitsuba","animator:FeridBathory+1","animator:CrowleyEusford","animator:Shigure","animator:NagisaMomoe+1","animator:YaoHaDucy","animator:Mitsurugi","animator:Emonzaemon","animator:Mitsuba","animator:Guren","animator:Yoichi+1","animator:Yoichi+1","animator:Yoichi+1","animator:Yoichi+1","animator:Mitsuba","animator:Kyubey+1","animator:Nanami+1","animator:YaoHaDucy+1","animator:Yuuichirou+1","animator:Shinoa","Wraith","animator:Mitsuba","animator:Lelouch+1","animator:Shuna+1","animator:Shinoa","animator:Shigure"],"relics":["animator:LivingPicture","animator:TheMissingPiece","animator:PurgingStone","LagranYue:RandomDrawCardRelic","animator:ShionDessert","LetterFromLob","Bag of Marbles","LagranYue:SoulBurningRelic","Strawberry","Astrolabe","Question Card","Oddly Smooth Stone","theSenshi:FeatherClipsRelic","Bottled Lightning"],"acts_visited":["Exordium","TheCity","TheBeyond"],"potions_floor_usage":[16,20,24,25,29,33,33,44,44],"damage_taken":[{"damage":0,"enemies":"Small Slimes","floor":1,"turns":3},{"damage":0,"enemies":"2 Louse","floor":2,"turns":3},{"damage":11,"enemies":"Jaw Worm","floor":3,"turns":4},{"damage":5,"enemies":"Blue Slaver","floor":4,"turns":3},{"damage":4,"enemies":"Exordium Wildlife","floor":5,"turns":3},{"damage":20,"enemies":"Gremlin Gang","floor":7,"turns":6},{"damage":0,"enemies":"Looter","floor":8,"turns":3},{"damage":5,"enemies":"Large Slime","floor":14,"turns":5},{"damage":9,"enemies":"Hexaghost","floor":16,"turns":6},{"damage":0,"enemies":"3 Byrds","floor":18,"turns":4},{"damage":7,"enemies":"2 Thieves","floor":20,"turns":4},{"damage":0,"enemies":"Snake Plant","floor":22,"turns":2},{"damage":0,"enemies":"Chosen and Byrds","floor":24,"turns":5},{"damage":0,"enemies":"Snecko","floor":25,"turns":4},{"damage":18,"enemies":"Snake Plant","floor":29,"turns":3},{"damage":2,"enemies":"Centurion and Healer","floor":30,"turns":5},{"damage":23,"enemies":"Champ","floor":33,"turns":10},{"damage":0,"enemies":"3 Shapes","floor":35,"turns":4},{"damage":10,"enemies":"3 Darklings","floor":38,"turns":5},{"damage":4,"enemies":"Giant Head","floor":44,"turns":7},{"damage":0,"enemies":"Sphere and 2 Shapes","floor":46,"turns":3},{"damage":0,"enemies":"Spire Growth","floor":47,"turns":4},{"damage":45,"enemies":"Donu and Deca","floor":50,"turns":10}],"seed_played":"-8307879545007791903","potions_obtained":[{"floor":1,"key":"bronze:BurnAndBuffPotion"},{"floor":3,"key":"Dexterity Potion"},{"floor":4,"key":"BlessingOfTheForge"},{"floor":7,"key":"GamblersBrew"},{"floor":18,"key":"LiquidBronze"},{"floor":20,"key":"Block Potion"},{"floor":25,"key":"FearPotion"},{"floor":30,"key":"SkillPotion"},{"floor":35,"key":"AttackPotion"},{"floor":38,"key":"AttackPotion"}],"is_trial":false,"path_per_floor":["M","M","M","M","M","R","M","M","T","R","?","?","?","M","R","B",null,"M","?","M","?","M","R","M","M","T","$","R","M","M","?","R","B",null,"M","?","?","M","T","R","?","R","T","E","R","M","M","$","R","B",null],"character_chosen":"THE_ANIMATOR","items_purchased":["Bottled Lightning"],"campfire_rested":0,"item_purchase_floors":[48],"current_hp_per_floor":[66,66,55,51,47,47,28,28,28,28,45,45,45,40,40,31,68,69,63,56,56,56,56,56,56,62,62,62,44,42,42,42,19,77,77,77,77,67,67,67,67,67,67,63,63,68,73,73,73,33],"gold":524,"neow_bonus":"RANDOM_COMMON_RELIC","is_daily":false,"chose_seed":false,"campfire_upgraded":10,"win_rate":0.0,"timestamp":1612908644,"path_taken":["M","M","M","M","M","R","M","M","T","R","?","?","?","M","R","BOSS","M","?","M","?","M","R","M","M","T","$","R","M","M","?","R","BOSS","M","?","?","M","?","R","?","R","T","E","R","M","M","$","R","BOSS"],"items_purchased_type":["Relic"],"build_version":"2020-12-22","purchased_purges":0,"victory":true,"max_hp_per_floor":[66,66,66,67,67,67,68,68,68,68,68,68,68,68,68,68,68,70,70,70,70,70,70,70,70,77,77,77,77,77,77,77,77,77,77,77,77,77,77,77,77,77,77,77,77,77,77,77,77,77],"card_choices":[{"not_picked":["animator:YachiyoNanami","animator:MaesHughes"],"picked":"animator:Mikaela","floor":1},{"not_picked":["animator:DwarfShaman","animator:Darkness"],"picked":"animator:HighElfArcher","floor":2},{"not_picked":["animator:Mikaela","animator:Witch"],"picked":"animator:Mitsuba","floor":3},{"not_picked":["animator:Yuuichirou","animator:Shigure"],"picked":"animator:FeridBathory","floor":4},{"not_picked":["animator:Darkness","animator:TsurugaMeisai"],"picked":"animator:CrowleyEusford","floor":5},{"not_picked":["animator:Priestess","animator:Megumin"],"picked":"animator:Shigure","floor":7},{"not_picked":["animator:Greed","animator:Sloth","animator:GuildGirl"],"picked":"SKIP","floor":8},{"not_picked":["animator:Mikaela","animator:CrowleyEusford"],"picked":"animator:Mitsuba","floor":14},{"not_picked":["animator:Greed","animator:Hans"],"picked":"animator:Guren","floor":16},{"not_picked":["animator:Chris","animator:Mitsuba"],"picked":"animator:Yoichi","floor":18},{"not_picked":["animator:Verdia","animator:Mitsurugi"],"picked":"animator:Yoichi","floor":20},{"not_picked":["animator:IrohaTamaki","animator:Verdia"],"picked":"animator:Yoichi","floor":22},{"not_picked":["animator:KrulTepes","animator:Mitsuba"],"picked":"animator:Yoichi","floor":24},{"not_picked":["animator:Kazuma","animator:Evileye","animator:YaoHaDucy"],"picked":"SKIP","floor":25},{"not_picked":["animator:Yoichi","animator:Gluttony"],"picked":"animator:Mitsuba","floor":29},{"not_picked":["animator:DwarfShaman","animator:Priestess","animator:Pride"],"picked":"SKIP","floor":30},{"not_picked":["animator:Biyorigo","animator:Envy"],"picked":"animator:Kyubey","floor":33},{"not_picked":["animator:Mitsuba","animator:Guren"],"picked":"animator:Shinoa","floor":35},{"not_picked":["animator:Togame","animator:Chris"],"picked":"animator:Mitsuba","floor":38},{"not_picked":["animator:Zero","animator:Magilou","animator:Canti"],"picked":"animator:Lelouch","floor":41},{"not_picked":["animator:TsurugaMeisai","animator:Konayuki+1","animator:ItamiYouji"],"picked":"animator:Shuna+1","floor":44},{"not_picked":["animator:SayakaMiki","animator:Shichika","animator:ZankiKiguchi+1"],"picked":"animator:Shinoa","floor":46},{"not_picked":["animator:CrowleyEusford","animator:Mitsuba","animator:Shinoa"],"picked":"animator:Shigure","floor":47}],"player_experience":135472,"relics_obtained":[{"floor":1,"key":"LetterFromLob"},{"floor":9,"key":"Bag of Marbles"},{"floor":26,"key":"Strawberry"},{"floor":39,"key":"Question Card"},{"floor":43,"key":"Oddly Smooth Stone"},{"floor":44,"key":"theSenshi:FeatherClipsRelic"}],"event_choices":[{"damage_healed":17,"gold_gain":0,"player_choice":"Healed","damage_taken":0,"max_hp_gain":0,"max_hp_loss":0,"event_name":"The Cleric","floor":11,"gold_loss":35},{"damage_healed":0,"gold_gain":0,"player_choice":"","damage_taken":6,"max_hp_gain":0,"max_hp_loss":0,"event_name":"Knowing Skull","floor":19,"potions_obtained":[],"gold_loss":0,"cards_obtained":[]},{"damage_healed":0,"gold_gain":0,"player_choice":"Ignored","damage_taken":0,"max_hp_gain":0,"max_hp_loss":0,"event_name":"betterNote:BetterNote","floor":21,"gold_loss":0,"cards_obtained":["animator:Wiz"]},{"damage_healed":0,"gold_gain":0,"player_choice":"Ignored","damage_taken":0,"max_hp_gain":0,"max_hp_loss":0,"event_name":"Tomb of Lord Red Mask","floor":36,"gold_loss":0},{"damage_healed":0,"gold_gain":0,"player_choice":"Ignored","damage_taken":0,"max_hp_gain":0,"max_hp_loss":0,"event_name":"OrinTheCat","floor":37,"gold_loss":0},{"damage_healed":0,"gold_gain":0,"player_choice":"Memory 1","damage_taken":0,"max_hp_gain":0,"max_hp_loss":0,"event_name":"SensoryStone","floor":41,"gold_loss":0}],"is_beta":false,"boss_relics":[{"not_picked":["Philosopher\u0027s Stone","Velvet Choker"],"picked":"LagranYue:SoulBurningRelic"},{"not_picked":["Mark of Pain","Busted Crown"],"picked":"Astrolabe"}],"items_purged_floors":[],"is_endless":false,"potions_floor_spawned":[1,3,4,7,18,20,25,30,35,38],"ascension_level":0}}