{"host":"Aki","time":1612873818,"event":{"mods":["Act Like it!","BaseMod","Custom Start","Minty Spire (QoL Compilation)","Quick Restart","StSLib","noobMod"],"gold_per_floor":[112,112,62,62,86,130,151,151,151,151,170,190,206,231,231,350,350,373,386,311,336,336,379,379,379,403,403,418,25,45,79,79,198,198,212,225,225,244,244,285,285,303,303,303,346,346,360,165,165,165,165,165,15,55,55],"floor_reached":56,"language":"ZHS","playtime":2258,"items_purged":["Strike_B","Turbo","Dualcast","Defend_B"],"score":1729,"play_id":"301501aa-3ae3-481e-a569-3232dd8f761b","local_time":"20210209203018","is_ascension_mode":true,"campfire_choices":[{"data":"Streamline","floor":8.0,"key":"SMITH"},{"data":"Coolheaded","floor":15.0,"key":"SMITH"},{"data":"Defragment","floor":24,"key":"SMITH"},{"data":"Electrodynamics","floor":27,"key":"SMITH"},{"floor":32,"key":"RECALL"},{"data":"Chaos","floor":41,"key":"SMITH"},{"data":"Skim","floor":44,"key":"SMITH"},{"data":"Zap","floor":49,"key":"SMITH"},{"data":"Defend_B","floor":52,"key":"SMITH"}],"circlet_count":0,"master_deck":["Defend_B","Defend_B+1","Zap+1","Turbo+1","Hologram","Coolheaded+1","Electrodynamics+1","Defragment+1","Coolheaded+1","White Noise+1","Chaos+1","Skim+1","Hello World+1","Fusion+1"],"relics":["Cracked Core","ice","NeowsBlessing","Golden Idol","Ornamental Fan","Runic Pyramid","Bag of Marbles","Oddly Smooth Stone","Gambling Chip","White Beast Statue","Calling Bell","MealTicket","Pantograph","Calipers","Frozen Egg 2","Thread and Needle","Shuriken","Whetstone"],"acts_visited":["Exordium","TheCity","TheBeyond","TheEnding"],"potions_floor_usage":[23,31,35,40,40,40,42],"damage_taken":[{"damage":0.0,"enemies":"Small Slimes","floor":1.0,"turns":1.0},{"damage":0.0,"enemies":"Jaw Worm","floor":5.0,"turns":1.0},{"damage":0.0,"enemies":"Lagavulin","floor":6.0,"turns":1.0},{"damage":0.0,"enemies":"2 Louse","floor":7.0,"turns":2.0},{"damage":7.0,"enemies":"2 Fungi Beasts","floor":11.0,"turns":3.0},{"damage":0.0,"enemies":"Red Slaver","floor":12.0,"turns":3.0},{"damage":2.0,"enemies":"Lots of Slimes","floor":13.0,"turns":4.0},{"damage":0.0,"enemies":"3 Louse","floor":14.0,"turns":5.0},{"damage":18.0,"enemies":"Slime Boss","floor":16.0,"turns":10.0},{"damage":0.0,"enemies":"Spheric Guardian","floor":18.0,"turns":3.0},{"damage":5.0,"enemies":"Shell Parasite","floor":19.0,"turns":5.0},{"damage":12.0,"enemies":"Cultist and Chosen","floor":21.0,"turns":8.0},{"damage":58,"enemies":"Book of Stabbing","floor":23,"turns":6},{"damage":34,"enemies":"Snake Plant","floor":28,"turns":3},{"damage":0,"enemies":"Centurion and Healer","floor":30,"turns":3},{"damage":0,"enemies":"Slavers","floor":31,"turns":1},{"damage":0,"enemies":"Collector","floor":33,"turns":5},{"damage":0,"enemies":"3 Shapes","floor":35,"turns":2},{"damage":0,"enemies":"Orb Walker","floor":36,"turns":3},{"damage":38,"enemies":"Maw","floor":38,"turns":10},{"damage":40,"enemies":"Giant Head","floor":40,"turns":13},{"damage":0,"enemies":"3 Darklings","floor":42,"turns":2},{"damage":0,"enemies":"Nemesis","floor":45,"turns":7},{"damage":0,"enemies":"Spire Growth","floor":47,"turns":4},{"damage":0,"enemies":"Time Eater","floor":50,"turns":5},{"damage":110,"enemies":"Shield and Spear","floor":54,"turns":5},{"damage":7,"enemies":"The Heart","floor":55,"turns":3}],"seed_played":"-2085205570592598018","potions_obtained":[{"floor":5.0,"key":"Energy Potion"},{"floor":11.0,"key":"FearPotion"},{"floor":13.0,"key":"Fire Potion"},{"floor":19.0,"key":"PotionOfCapacity"},{"floor":25,"key":"CultistPotion"},{"floor":25,"key":"SneckoOil"},{"floor":28,"key":"DistilledChaos"},{"floor":31,"key":"SkillPotion"},{"floor":35,"key":"PotionOfCapacity"},{"floor":38,"key":"PowerPotion"},{"floor":40,"key":"GamblersBrew"},{"floor":42,"key":"Regen Potion"},{"floor":45,"key":"LiquidMemories"},{"floor":47,"key":"SmokeBomb"},{"floor":54,"key":"EssenceOfDarkness"}],"is_trial":false,"path_per_floor":["M","?","?","?","M","E","M","R","T","?","M","M","M","M","R","B",null,"M","M","$","M","?","E","R","?","T","R","M","$","M","E","R","B",null,"M","M","?","M","?","E","R","M","T","R","E","?","M","$","R","B",null,"R","$","E","B",null],"character_chosen":"DEFECT","items_purchased":["Gambling Chip","Hello World+1"],"campfire_rested":0,"item_purchase_floors":[29,48],"current_hp_per_floor":[75,68,68,68,68,68,68,68,68,68,61,61,59,59,59,41,69,69,64,64,52,52,62,62,62,62,62,28,28,28,28,28,28,79,79,79,81,43,43,3,3,104,104,104,104,104,104,115,115,115,119,119,119,107,201],"gold":55,"neow_bonus":"THREE_ENEMY_KILL","is_daily":false,"chose_seed":false,"campfire_upgraded":8,"win_rate":0.0,"timestamp":1612873818,"path_taken":["M","?","?","?","M","E","M","R","T","?","?","M","M","?","R","BOSS","M","M","$","M","?","E","R","?","T","R","M","$","?","E","R","BOSS","M","M","?","?","?","E","R","M","T","R","E","?","M","$","R","BOSS","R","$","E","BOSS"],"items_purchased_type":["Relic","Card"],"build_version":"2020-12-18","purchased_purges":4,"victory":true,"max_hp_per_floor":[75,75,75,69,69,69,69,69,69,69,69,69,69,69,69,69,69,69,69,69,69,69,70,70,70,70,70,76,76,79,79,79,79,79,79,81,81,93,93,103,103,104,104,104,111,111,115,115,115,119,119,119,119,129,399],"card_choices":[{"not_picked":["Cold Snap","Steam"],"picked":"Turbo","floor":1.0},{"not_picked":["Hologram","Compile Driver"],"picked":"Streamline","floor":5.0},{"not_picked":["Streamline","Hello World"],"picked":"Undo","floor":6.0},{"not_picked":["Rebound","Static Discharge"],"picked":"Hologram","floor":7.0},{"not_picked":["Self Repair","Beam Cell","Rip and Tear"],"picked":"SKIP","floor":11.0},{"not_picked":["Compile Driver","Reprogram","Rebound"],"picked":"SKIP","floor":12.0},{"not_picked":["Reinforced Body","Rebound"],"picked":"Coolheaded","floor":13.0},{"not_picked":["Streamline","Rebound","Blizzard"],"picked":"SKIP","floor":14.0},{"not_picked":["Sunder","Compile Driver+1","Redo"],"picked":"SKIP","floor":18.0},{"not_picked":["Rebound+1","Beam Cell+1","Conserve Battery+1"],"picked":"SKIP","floor":19.0},{"not_picked":["Sweeping Beam","Steam","Leap"],"picked":"SKIP","floor":21.0},{"not_picked":["Glacier","Compile Driver"],"picked":"Defragment","floor":23},{"not_picked":["Gash","Self Repair"],"picked":"Coolheaded+1","floor":28},{"not_picked":["Darkness","Compile Driver+1","Rainbow"],"picked":"SKIP","floor":30},{"not_picked":["Go for the Eyes+1","Sweeping Beam"],"picked":"White Noise+1","floor":31},{"not_picked":["Sweeping Beam+1","Coolheaded"],"picked":"Chaos","floor":35},{"not_picked":["Go for the Eyes+1","Cold Snap+1"],"picked":"Skim","floor":36},{"not_picked":["Genetic Algorithm+1","Coolheaded+1","Stack"],"picked":"SKIP","floor":38},{"not_picked":["Conserve Battery","Gash","Blizzard+1"],"picked":"SKIP","floor":40},{"not_picked":["Go for the Eyes","Consume+1","Darkness"],"picked":"SKIP","floor":42},{"not_picked":["Double Energy","Genetic Algorithm+1","Gash"],"picked":"SKIP","floor":45},{"not_picked":["Barrage+1","Compile Driver","Gash+1"],"picked":"SKIP","floor":47},{"not_picked":["Go for the Eyes+1","Conserve Battery+1"],"picked":"Fusion+1","floor":54}],"player_experience":48406,"relics_obtained":[{"floor":6.0,"key":"Ornamental Fan"},{"floor":23,"key":"Bag of Marbles"},{"floor":26,"key":"Oddly Smooth Stone"},{"floor":31,"key":"White Beast Statue"},{"floor":34,"key":"MealTicket"},{"floor":34,"key":"Pantograph"},{"floor":34,"key":"Calipers"},{"floor":40,"key":"Frozen Egg 2"},{"floor":43,"key":"Thread and Needle"},{"floor":45,"key":"Shuriken"},{"floor":54,"key":"Whetstone"}],"event_choices":[{"cards_removed":["Strike_B"],"damage_healed":0.0,"max_hp_gain":0.0,"max_hp_loss":0.0,"gold_gain":0.0,"event_name":"Golden Wing","player_choice":"Card Removal","floor":2.0,"gold_loss":0.0,"damage_taken":7.0},{"cards_removed":["Strike_B"],"damage_healed":0.0,"max_hp_gain":0.0,"max_hp_loss":0.0,"gold_gain":0.0,"event_name":"The Cleric","player_choice":"Card Removal","floor":3.0,"gold_loss":50.0,"damage_taken":0.0},{"damage_healed":0.0,"max_hp_gain":0.0,"max_hp_loss":6.0,"gold_gain":0.0,"event_name":"Golden Idol","player_choice":"Lose Max HP","floor":4.0,"gold_loss":0.0,"damage_taken":0.0,"relics_obtained":["Golden Idol"]},{"damage_healed":0.0,"max_hp_gain":0.0,"max_hp_loss":0.0,"gold_gain":0.0,"event_name":"Upgrade Shrine","player_choice":"Upgraded","floor":10.0,"gold_loss":0.0,"damage_taken":0.0,"cards_upgraded":["Turbo"]},{"damage_healed":0.0,"max_hp_gain":0.0,"max_hp_loss":0.0,"gold_gain":0.0,"cards_transformed":["Undo","Strike_B"],"event_name":"Drug Dealer","player_choice":"Became Test Subject","floor":22.0,"gold_loss":0.0,"damage_taken":0.0,"cards_obtained":["Electrodynamics","Turbo"]},{"damage_healed":0,"gold_gain":0,"player_choice":"Got Potions","damage_taken":0,"max_hp_gain":0,"max_hp_loss":0,"event_name":"Lab","floor":25,"gold_loss":0},{"cards_removed":["Streamline"],"damage_healed":5,"gold_gain":0,"player_choice":"Offered Common","damage_taken":0,"max_hp_gain":0,"max_hp_loss":0,"event_name":"Bonfire Elementals","floor":37,"gold_loss":0},{"cards_removed":["Streamline"],"damage_healed":5,"gold_gain":0,"player_choice":"Offered Special","damage_taken":0,"max_hp_gain":0,"max_hp_loss":0,"event_name":"Bonfire Elementals","floor":37,"gold_loss":0},{"cards_removed":["Defend_B"],"damage_healed":0,"gold_gain":0,"player_choice":"Removed Skill","damage_taken":0,"max_hp_gain":0,"max_hp_loss":0,"event_name":"Falling","floor":39,"gold_loss":0},{"damage_healed":0,"gold_gain":0,"player_choice":"Ignored","damage_taken":0,"max_hp_gain":0,"max_hp_loss":0,"event_name":"Tomb of Lord Red Mask","floor":46,"gold_loss":0}],"is_beta":true,"boss_relics":[{"not_picked":["Nuclear Battery","Cursed Key"],"picked":"Runic Pyramid"},{"not_picked":["Sozu","SlaversCollar"],"picked":"Calling Bell"}],"items_purged_floors":[20,29,48,53],"is_endless":false,"potions_floor_spawned":[5,11,13,19,28,31,33,35,36,38,40,42,45,47,54],"ascension_level":4}}