{"host":"q7zm4xeotpldz9qq","time":1612898570,"event":{"mods":["ATMod(阿瑾Mod)","BaseMod","Colored Powertips","Marisa（F雨　魔理沙）","Minty Spire (QoL Compilation)","Relic Filter Mod","Relic Stats","StSLib","[功能]功能增强和修复MOD"],"gold_per_floor":[109,109,109,144,144,174,186,156,226,226,260,284,355,374,374,499,499,513,428,418,358,353,366,366,407,407,422,447,447,447,372,372,495,495,519,519,479,479,479,523,823,836,917,930,930,930,945,970,970,970,970,970,970,1004,1004],"floor_reached":56,"language":"ZHS","playtime":3008,"items_purged":["Strike_MRS","Defend_MRS","Strike_MRS","Defend_MRS","Strike_MRS","Defend_MRS","Defend_MRS","Strike_MRS+1","Occultation"],"score":1578,"play_id":"58a26eca-af0b-4708-80b7-1448c37fd406","local_time":"20210210032250","is_ascension_mode":false,"campfire_choices":[{"floor":15,"key":"RECALL"},{"floor":24,"key":"DIG"},{"floor":32,"key":"DIG"},{"floor":49,"key":"DIG"},{"floor":52,"key":"DIG"}],"circlet_count":0,"master_deck":["MasterSpark+1","UpSweep","AT_FamilyPortrait","WitchLeyline","LuminesStrike","Bandage Up","ChargeUpSpray","Flash of Steel","Mayhem","Acceleration","GrandCross","WitchLeyline","DC","SporeBomb","ChargeUpSpray+1","6A","PowerUp","DeepEcoloBomb","DeepEcoloBomb","BlazingStar","6A","Finesse","PowerUp","6A","BlazingStar","Acceleration","Singularity","Bandage Up+1","MeteoricShower","ChargingUp","UnstableBomb+1","6A","NonDirectionalLaser","Dark Shackles","Mayhem","CollectingQuirk","PowerUp","6A","StarDustReverie","DoubleSpark","ManaRampage+1","MachineGunSpark","SporeBomb","Panacea","PowerUp","6A","LuminesStrike","CollectingQuirk","UnstableBomb","WitchLeyline","Dark Shackles","WitchLeyline+1","Singularity+1","GrandCross","BigCrunch","SuperPerseids+1","PowerUp","LuminesStrike","UnstableBomb","GalacticHalo","6A+1","ChargingUp","Sadistic Nature","Trip","Acceleration"],"relics":["MiniHakkero","AT_ATBox","Eternal Feather","Strange Spoon","AmplifyWand","AT_ImmortalShieldbow","HandDrill","HandmadeGrimoire","AT_Manta","SimpleLauncher","Golden Idol","Whetstone","SproutingBranch","AT_TrinityForce","FossilizedHelix","AT_ArchangelStaff","Toolbox","Shuriken","AT_ChloranthyRing","Shovel","Frozen Eye","Ice Cream","AT_SunfireAegis","Lizard Tail","Bronze Scales","ClockworkSouvenir","AT_EbonyIvory","Bottled Flame","ExperimentalFamiliar","Meat on the Bone","Torii","Lee\u0027s Waffle","AT_BellowingDragoncrestRing","War Paint","Chemical X","Singing Bowl","Bottled Lightning","Bottled Tornado","Gremlin Horn","Boot","Orrery","AT_SpeedBoots","Mummified Hand","AT_RedTearstoneRing","TheAbacus","Lantern"],"acts_visited":["Exordium","TheCity","TheBeyond","TheEnding"],"potions_floor_usage":[],"damage_taken":[{"damage":0,"enemies":"Jaw Worm","floor":1,"turns":3},{"damage":0,"enemies":"Cultist","floor":4,"turns":1},{"damage":26,"enemies":"Gremlin Nob","floor":6,"turns":4},{"damage":0,"enemies":"Small Slimes","floor":7,"turns":2},{"damage":11,"enemies":"3 Sentries","floor":11,"turns":3},{"damage":0,"enemies":"Looter","floor":12,"turns":1},{"damage":2,"enemies":"Gremlin Nob","floor":13,"turns":3},{"damage":0,"enemies":"2 Fungi Beasts","floor":14,"turns":1},{"damage":6,"enemies":"Hexaghost","floor":16,"turns":4},{"damage":16,"enemies":"2 Thieves","floor":18,"turns":3},{"damage":0,"enemies":"Chosen","floor":23,"turns":1},{"damage":0,"enemies":"Gremlin Leader","floor":25,"turns":1},{"damage":0,"enemies":"Snecko","floor":27,"turns":1},{"damage":0,"enemies":"Shelled Parasite and Fungi","floor":28,"turns":1},{"damage":0,"enemies":"Automaton","floor":33,"turns":1},{"damage":0,"enemies":"Orb Walker","floor":35,"turns":1},{"damage":1,"enemies":"Reptomancer","floor":40,"turns":1},{"damage":0,"enemies":"3 Shapes","floor":42,"turns":1},{"damage":0,"enemies":"Jaw Worm Horde","floor":44,"turns":1},{"damage":0,"enemies":"Transient","floor":47,"turns":2},{"damage":0,"enemies":"Sphere and 2 Shapes","floor":48,"turns":1},{"damage":0,"enemies":"Time Eater","floor":50,"turns":1},{"damage":0,"enemies":"Shield and Spear","floor":54,"turns":1},{"damage":14,"enemies":"The Heart","floor":55,"turns":3}],"seed_played":"6756669582642157768","potions_obtained":[{"floor":4,"key":"Energy Potion"},{"floor":27,"key":"StarNLove"}],"is_trial":false,"path_per_floor":["M","?","$","M","$","E","M","$","T","?","E","M","?","M","R","B",null,"M","?","$","?","$","M","R","E","T","M","M","$","?","?","R","B",null,"M","$","?","$","T","E","?","M","T","M","$","?","M","M","R","B",null,"R","$","E","B",null],"character_chosen":"MARISA","items_purchased":["Eternal Feather","Strange Spoon","LuminesStrike","AsteroidBelt","Bandage Up","StarNLove","EntropicBrew","Ancient Potion","AmplifyWand","AT_ImmortalShieldbow","HandDrill","Flash of Steel","Mayhem","Acceleration","GrandCross","AT_Manta","SimpleLauncher","SporeBomb","EventHorizon","ChargeUpSpray","6A","AT_ArchangelStaff","Toolbox","Shuriken","Finesse","PowerUp","6A","DC","AT_ChloranthyRing","Shovel","Frozen Eye","Acceleration","Singularity","Bandage Up","MeteoricShower","Bronze Scales","ClockworkSouvenir","AT_EbonyIvory","Dark Shackles","Mayhem","CollectingQuirk","PowerUp","Meat on the Bone","Torii","Lee\u0027s Waffle","ManaRampage","MachineGunSpark","SporeBomb","AT_BellowingDragoncrestRing","War Paint","Chemical X","Panacea","PowerUp","6A","LuminesStrike","Gremlin Horn","Boot","Dark Shackles","Orrery","PowerUp","LuminesStrike","UnstableBomb","GalacticHalo","AT_RedTearstoneRing","Sadistic Nature","Trip","TheAbacus","Acceleration"],"campfire_rested":0,"item_purchase_floors":[3,3,3,3,3,3,3,3,5,5,5,5,5,5,5,8,8,8,8,8,8,20,20,20,20,20,20,20,22,22,22,22,22,22,22,29,29,29,29,29,29,29,36,36,36,36,36,36,38,38,38,38,38,38,38,45,45,45,45,45,45,45,45,53,53,53,53,53],"current_hp_per_floor":[75,68,68,68,68,46,46,46,46,46,43,51,57,65,69,69,69,65,65,65,65,65,69,69,69,69,69,69,69,69,69,69,69,69,69,76,76,76,76,75,75,75,75,75,75,75,76,76,76,76,76,76,76,78,68],"gold":1004,"neow_bonus":"UPGRADE_CARD","is_daily":false,"chose_seed":false,"campfire_upgraded":0,"win_rate":0.0,"timestamp":1612898570,"path_taken":["M","?","$","M","$","E","?","$","T","?","E","M","?","M","R","BOSS","M","?","$","?","$","M","R","E","T","?","M","$","?","?","R","BOSS","M","$","?","$","?","E","?","M","T","?","$","?","?","M","R","BOSS","R","$","E","BOSS"],"items_purchased_type":["Relic","Relic","Card","Card","Card","Potion","Potion","Potion","Relic","Relic","Relic","Card","Card","Card","Card","Relic","Relic","Card","Card","Card","Card","Relic","Relic","Relic","Card","Card","Card","Card","Relic","Relic","Relic","Card","Card","Card","Card","Relic","Relic","Relic","Card","Card","Card","Card","Relic","Relic","Relic","Card","Card","Card","Relic","Relic","Relic","Card","Card","Card","Card","Relic","Relic","Card","Relic","Card","Card","Card","Card","Relic","Card","Card","Relic","Card"],"build_version":"2020-12-22","purchased_purges":9,"victory":true,"max_hp_per_floor":[75,75,75,75,75,75,75,75,75,69,69,69,69,69,69,69,69,69,69,69,69,69,69,69,69,69,69,69,69,69,69,69,69,69,69,76,76,76,76,76,76,76,76,76,76,76,76,76,76,76,76,76,76,78,78],"relic_stats":{"Lee\u0027s Waffle":7,"Torii":10,"Singing Bowl":2,"Gremlin Horn":[1,1],"counters":[24,42],"Golden Idol":194,"Eternal Feather":4,"Whetstone":["ChargeUpSpray","Strike_MRS"],"War Paint":["ManaRampage","Bandage Up"],"Boot":[0],"Strange Spoon":[20],"Lizard Tail":0,"Shovel":4,"TheAbacus":[0],"Shuriken":[5],"Mummified Hand":[2],"Bronze Scales":[39],"HandDrill":[10],"Chemical X":[1],"obtain_stats":[{"AmplifyWand":5,"Ice Cream":24,"Lantern":54,"AT_ATBox":0,"Torii":36,"Singing Bowl":39,"Gremlin Horn":45,"Whetstone":11,"SproutingBranch":13,"Bottled Tornado":43,"AT_ArchangelStaff":20,"Boot":45,"ClockworkSouvenir":29,"Frozen Eye":22,"Lizard Tail":26,"Shovel":22,"TheAbacus":53,"Mummified Hand":52,"AT_TrinityForce":17,"Toolbox":20,"HandDrill":5,"HandmadeGrimoire":6,"Chemical X":38,"SimpleLauncher":8,"AT_ChloranthyRing":22,"Lee\u0027s Waffle":36,"AT_RedTearstoneRing":53,"AT_Manta":8,"Golden Idol":10,"Eternal Feather":3,"AT_EbonyIvory":29,"War Paint":38,"AT_ImmortalShieldbow":5,"Strange Spoon":3,"Bottled Flame":32,"AT_SpeedBoots":49,"AT_BellowingDragoncrestRing":38,"ExperimentalFamiliar":34,"Shuriken":20,"Bronze Scales":29,"Orrery":45,"MiniHakkero":0,"Bottled Lightning":40,"AT_SunfireAegis":25,"FossilizedHelix":19,"Meat on the Bone":36},{"AmplifyWand":2,"Ice Cream":11,"Lantern":23,"AT_ATBox":0,"Torii":16,"Singing Bowl":16,"Gremlin Horn":19,"Whetstone":5,"SproutingBranch":7,"Bottled Tornado":18,"AT_ArchangelStaff":10,"Boot":19,"ClockworkSouvenir":14,"Frozen Eye":10,"Lizard Tail":12,"Shovel":10,"TheAbacus":22,"Mummified Hand":22,"AT_TrinityForce":9,"Toolbox":10,"HandDrill":2,"HandmadeGrimoire":3,"Chemical X":16,"SimpleLauncher":4,"AT_ChloranthyRing":10,"Lee\u0027s Waffle":16,"AT_RedTearstoneRing":22,"AT_Manta":4,"Golden Idol":4,"Eternal Feather":1,"AT_EbonyIvory":14,"War Paint":16,"AT_ImmortalShieldbow":2,"Strange Spoon":1,"Bottled Flame":14,"AT_SpeedBoots":21,"AT_BellowingDragoncrestRing":16,"ExperimentalFamiliar":15,"Shuriken":10,"Bronze Scales":14,"Orrery":19,"MiniHakkero":0,"Bottled Lightning":17,"AT_SunfireAegis":12,"FossilizedHelix":10,"Meat on the Bone":16},{"AmplifyWand":4,"Ice Cream":26,"Lantern":39,"AT_ATBox":0,"Torii":31,"Singing Bowl":31,"Gremlin Horn":34,"Whetstone":13,"SproutingBranch":17,"Bottled Tornado":33,"AT_ArchangelStaff":25,"Boot":34,"ClockworkSouvenir":29,"Frozen Eye":25,"Lizard Tail":27,"Shovel":25,"TheAbacus":38,"Mummified Hand":38,"AT_TrinityForce":22,"Toolbox":25,"HandDrill":4,"HandmadeGrimoire":8,"Chemical X":31,"SimpleLauncher":10,"AT_ChloranthyRing":25,"Lee\u0027s Waffle":31,"AT_RedTearstoneRing":38,"AT_Manta":10,"Golden Idol":10,"Eternal Feather":3,"AT_EbonyIvory":29,"War Paint":31,"AT_ImmortalShieldbow":4,"Strange Spoon":3,"Bottled Flame":29,"AT_SpeedBoots":37,"AT_BellowingDragoncrestRing":31,"ExperimentalFamiliar":30,"Shuriken":25,"Bronze Scales":29,"Orrery":34,"MiniHakkero":0,"Bottled Lightning":32,"AT_SunfireAegis":27,"FossilizedHelix":25,"Meat on the Bone":31}],"Meat on the Bone":0},"card_choices":[{"not_picked":["ShootingEcho","DragonMeteor"],"picked":"WitchLeyline","floor":1},{"not_picked":["DoubleSpark","BlazeAway"],"picked":"ChargeUpSpray","floor":4},{"not_picked":["MachineGunSpark","MilkyWay"],"picked":"WitchLeyline","floor":6},{"not_picked":["MagicChant","NonDirectionalLaser"],"picked":"DC","floor":7},{"not_picked":["LuminesStrike","6A"],"picked":"ShootingEcho","floor":11},{"not_picked":["IllusionStar","EnergyRecoil"],"picked":"PowerUp","floor":12},{"not_picked":["ShootingEcho","IllusionStar"],"picked":"DeepEcoloBomb","floor":13},{"not_picked":["MachineGunSpark","StarlightTyphoon"],"picked":"DeepEcoloBomb","floor":14},{"not_picked":["SuperNova","JA"],"picked":"BlazingStar","floor":16},{"not_picked":["UnstableBomb","LuminesStrike"],"picked":"6A","floor":18},{"not_picked":["WitchOfGreed","Acceleration"],"picked":"ChargingUp","floor":23},{"not_picked":["WitchOfGreed","OortCloud"],"picked":"UnstableBomb+1","floor":25},{"not_picked":["AsteroidBelt","ShootTheMoon"],"picked":"6A","floor":27},{"not_picked":["SporeBomb","ShootingEcho"],"picked":"NonDirectionalLaser","floor":28},{"not_picked":["EscapeVelocity","FinalSpark"],"picked":"StarDustReverie","floor":33},{"not_picked":["MagicChant+1","LuminesStrike+1"],"picked":"DoubleSpark","floor":35},{"not_picked":["PropBag+1","ChargeUpSpray"],"picked":"CollectingQuirk","floor":40},{"not_picked":["DC","DragonMeteor+1"],"picked":"UnstableBomb","floor":42},{"not_picked":["WitchOfGreed+1","Robbery+1"],"picked":"WitchLeyline","floor":44},{"not_picked":["GalacticHalo+1","ChargingUp+1"],"picked":"WitchLeyline+1","floor":45},{"not_picked":["LuminesStrike","AsteroidBelt+1"],"picked":"Singularity+1","floor":45},{"not_picked":["EventHorizon+1","SporeBomb"],"picked":"GrandCross","floor":45},{"not_picked":["SporeBomb","MeteoricShower+1"],"picked":"BigCrunch","floor":45},{"not_picked":["UnstableBomb+1","GrandCross+1"],"picked":"SuperPerseids+1","floor":45},{"not_picked":["WitchOfGreed","BlazeAway+1"],"picked":"6A+1","floor":47},{"not_picked":["Orbital","WitchOfGreed"],"picked":"ChargingUp","floor":48},{"not_picked":["Robbery","BlazeAway","StarBarrage+1"],"picked":"Singing Bowl","floor":54}],"player_experience":78568,"relics_obtained":[{"floor":6,"key":"HandmadeGrimoire"},{"floor":11,"key":"Whetstone"},{"floor":13,"key":"SproutingBranch"},{"floor":24,"key":"Ice Cream"},{"floor":25,"key":"AT_SunfireAegis"},{"floor":26,"key":"Lizard Tail"},{"floor":32,"key":"Bottled Flame"},{"floor":39,"key":"Singing Bowl"},{"floor":40,"key":"Bottled Lightning"},{"floor":43,"key":"Bottled Tornado"},{"floor":49,"key":"AT_SpeedBoots"},{"floor":52,"key":"Mummified Hand"},{"floor":54,"key":"Lantern"}],"event_choices":[{"damage_healed":0,"gold_gain":0,"player_choice":"Damaged","damage_taken":7,"max_hp_gain":0,"max_hp_loss":0,"event_name":"Wheel of Change","floor":2,"gold_loss":0},{"damage_healed":0,"gold_gain":0,"player_choice":"Lose Max HP","damage_taken":0,"relics_obtained":["Golden Idol"],"max_hp_gain":0,"max_hp_loss":6,"event_name":"Golden Idol","floor":10,"gold_loss":0},{"damage_healed":0,"gold_gain":0,"player_choice":"Searched \u00271\u0027 times","damage_taken":0,"max_hp_gain":0,"max_hp_loss":0,"event_name":"Dead Adventurer","floor":13,"gold_loss":0},{"damage_healed":0,"gold_gain":0,"player_choice":"Obtained Relic","damage_taken":0,"relics_obtained":["FossilizedHelix"],"max_hp_gain":0,"max_hp_loss":0,"event_name":"Addict","floor":19,"gold_loss":85},{"damage_healed":0,"gold_gain":0,"cards_transformed":["DC","EventHorizon"],"player_choice":"Transformed Cards","damage_taken":0,"max_hp_gain":0,"max_hp_loss":0,"event_name":"Designer","floor":21,"gold_loss":60,"cards_obtained":["Occultation","BlazingStar"]},{"damage_healed":0,"gold_gain":0,"cards_transformed":["AsteroidBelt","ShootingEcho"],"player_choice":"Became Test Subject","damage_taken":0,"max_hp_gain":0,"max_hp_loss":0,"event_name":"Drug Dealer","floor":30,"gold_loss":0,"cards_obtained":["MaximisePower","6A"]},{"cards_removed":["MaximisePower"],"damage_healed":0,"gold_gain":0,"player_choice":"Gave Gold","damage_taken":0,"max_hp_gain":0,"max_hp_loss":0,"event_name":"Beggar","floor":31,"gold_loss":75},{"damage_healed":0,"gold_gain":0,"player_choice":"Bought 3 Potions","damage_taken":0,"max_hp_gain":0,"max_hp_loss":0,"event_name":"The Woman in Blue","floor":37,"gold_loss":0},{"damage_healed":0,"gold_gain":300,"player_choice":"Gold","damage_taken":0,"max_hp_gain":0,"max_hp_loss":0,"event_name":"Wheel of Change","floor":41,"gold_loss":0},{"damage_healed":0,"gold_gain":0,"player_choice":"Ignored","damage_taken":0,"max_hp_gain":0,"max_hp_loss":0,"event_name":"SecretPortal","floor":46,"gold_loss":0}],"is_beta":false,"boss_relics":[{"not_picked":["SlaversCollar","BewitchedHakkero"],"picked":"AT_TrinityForce"},{"not_picked":["Runic Pyramid","Black Star"],"picked":"ExperimentalFamiliar"}],"items_purged_floors":[8,8,8,8,8,8,20,20,22],"is_endless":false,"potions_floor_spawned":[4,7,11,12,18,27,42,44,47,54],"ascension_level":0}}