{"host":"k5yjj86hwv5qv2gx","time":1612912372,"event":{"mods":["BaseMod","BetterRewards","Minty Spire (QoL Compilation)","StSLib"],"gold_per_floor":[113,126,51,62,76,104,104,115,115,126,159,309,340,357,357,436,436,455,455,36,52,71,71,105,117,117,117,117],"floor_reached":27,"language":"ENG","playtime":1367,"items_purged":["Defend_R","Defend_R"],"score":764,"play_id":"3e151258-cb4a-4065-88e3-32161b836fea","local_time":"20210209151252","is_ascension_mode":true,"campfire_choices":[{"data":"Feel No Pain","floor":7,"key":"SMITH"},{"data":"Uppercut","floor":15,"key":"SMITH"},{"floor":23,"key":"RECALL"}],"circlet_count":0,"master_deck":["AscendersBane","Strike_R","Strike_R","Strike_R","Strike_R","Strike_R","Defend_R","Bash","Barricade","Heavy Blade","True Grit","Feel No Pain+1","Uppercut+1","Headbutt","Doubt","Impervious","Whirlwind","Shrug It Off","Inflame+1"],"relics":["Burning Blood","Turnip","Pear","Unceasing Top","TungstenRod","OrangePellets","Kunai","FossilizedHelix","Pantograph","Ginger","Eternal Feather","Lantern","Bird Faced Urn","ClockworkSouvenir","Blue Candle","InkBottle","Mummified Hand","Fusion Hammer","Charon\u0027s Ashes","Champion Belt","Letter Opener"],"acts_visited":["Exordium","TheCity"],"potions_floor_usage":[5,6,6,11,24,24],"damage_taken":[{"damage":0,"enemies":"Jaw Worm","floor":1,"turns":4},{"damage":0,"enemies":"Small Slimes","floor":2,"turns":2},{"damage":0,"enemies":"2 Louse","floor":4,"turns":3},{"damage":21,"enemies":"Exordium Thugs","floor":5,"turns":4},{"damage":3,"enemies":"3 Sentries","floor":6,"turns":8},{"damage":9,"enemies":"Lots of Slimes","floor":8,"turns":5},{"damage":0,"enemies":"3 Louse","floor":10,"turns":4},{"damage":0,"enemies":"Gremlin Nob","floor":11,"turns":3},{"damage":38,"enemies":"Lagavulin","floor":13,"turns":10},{"damage":19,"enemies":"Large Slime","floor":14,"turns":6},{"damage":45,"enemies":"Slime Boss","floor":16,"turns":19},{"damage":6,"enemies":"3 Byrds","floor":18,"turns":8},{"damage":0,"enemies":"Shell Parasite","floor":21,"turns":5},{"damage":2,"enemies":"Centurion and Healer","floor":22,"turns":9},{"damage":98,"enemies":"Gremlin Leader","floor":24,"turns":7},{"damage":7,"enemies":"Snake Plant","floor":25,"turns":5},{"damage":19,"enemies":"Slavers","floor":27,"turns":1}],"seed_played":"4078936897052168674","potions_obtained":[{"floor":1,"key":"PowerPotion"},{"floor":2,"key":"SkillPotion"},{"floor":5,"key":"Strength Potion"},{"floor":6,"key":"Strength Potion"},{"floor":11,"key":"BloodPotion"},{"floor":19,"key":"ColorlessPotion"}],"is_trial":false,"path_per_floor":["M","M","?","M","M","E","R","M","T","M","E","?","E","M","R","B",null,"M","?","$","M","M","R","E","M","T","E"],"character_chosen":"IRONCLAD","items_purchased":["Pear","Unceasing Top","OrangePellets","Kunai","Pantograph","Eternal Feather","Lantern","ClockworkSouvenir","Whirlwind","Charon\u0027s Ashes"],"campfire_rested":0,"item_purchase_floors":[0,0,0,0,0,0,0,0,20,20],"current_hp_per_floor":[36,42,42,48,37,42,48,47,47,53,61,61,33,24,33,23,70,74,74,74,84,85,85,10,11,11,0,0],"gold":117,"neow_bonus":"","is_daily":false,"chose_seed":false,"campfire_upgraded":2,"win_rate":0.0,"timestamp":1612912372,"path_taken":["M","M","?","M","M","E","R","M","T","M","E","?","E","M","R","BOSS","M","?","?","M","?","R","E","M","T","E"],"items_purchased_type":["Relic","Relic","Relic","Relic","Relic","Relic","Relic","Relic","Card","Relic"],"build_version":"2020-12-22","purchased_purges":2,"victory":false,"max_hp_per_floor":[85,85,85,85,85,85,85,85,85,85,85,85,85,85,85,85,85,85,85,85,85,85,85,85,85,85,85,85],"card_choices":[{"not_picked":["Clothesline","Burning Pact","Heavy Blade"],"picked":"SKIP","floor":1},{"not_picked":["Perfected Strike","Pommel Strike"],"picked":"True Grit","floor":2},{"not_picked":["Burning Pact","Shockwave"],"picked":"Feel No Pain","floor":4},{"not_picked":["Flex","Perfected Strike","Burning Pact"],"picked":"SKIP","floor":5},{"not_picked":["Flex","Inflame","Sentinel"],"picked":"SKIP","floor":6},{"not_picked":["Reckless Charge","Heavy Blade","Havoc"],"picked":"SKIP","floor":8},{"not_picked":["Hemokinesis","Perfected Strike"],"picked":"Uppercut","floor":10},{"not_picked":["Clothesline","Sentinel"],"picked":"Headbutt","floor":11},{"not_picked":["Iron Wave","Perfected Strike","Infernal Blade"],"picked":"SKIP","floor":13},{"not_picked":["Clash","Armaments","Rage"],"picked":"SKIP","floor":14},{"not_picked":["Offering","Juggernaut"],"picked":"Impervious","floor":16},{"not_picked":["Bloodletting","Pommel Strike","Dark Embrace"],"picked":"SKIP","floor":18},{"not_picked":["Flex","Thunderclap","Iron Wave"],"picked":"SKIP","floor":21},{"not_picked":["Pummel","Twin Strike","Sword Boomerang"],"picked":"SKIP","floor":22},{"not_picked":["Infernal Blade","Sword Boomerang"],"picked":"Shrug It Off","floor":24},{"not_picked":["Cleave","Dropkick"],"picked":"Inflame+1","floor":25}],"player_experience":1174802,"relics_obtained":[{"floor":6,"key":"Blue Candle"},{"floor":11,"key":"InkBottle"},{"floor":13,"key":"Mummified Hand"},{"floor":24,"key":"Champion Belt"},{"floor":26,"key":"Letter Opener"}],"event_choices":[{"cards_removed":["Defend_R"],"damage_healed":0,"gold_gain":0,"player_choice":"Card Removal","damage_taken":0,"max_hp_gain":0,"max_hp_loss":0,"event_name":"The Cleric","floor":3,"gold_loss":75},{"damage_healed":0,"gold_gain":150,"player_choice":"AGREE","damage_taken":0,"max_hp_gain":0,"max_hp_loss":0,"event_name":"Liars Game","floor":12,"gold_loss":0,"cards_obtained":["Doubt"]},{"damage_healed":0,"gold_gain":0,"player_choice":"Got Potions","damage_taken":0,"max_hp_gain":0,"max_hp_loss":0,"event_name":"Lab","floor":19,"gold_loss":0}],"is_beta":false,"boss_relics":[{"not_picked":["Sozu","Calling Bell"],"picked":"Fusion Hammer"}],"items_purged_floors":[0,0],"is_endless":false,"potions_floor_spawned":[1,2,5,6,11,21],"killed_by":"Slavers","ascension_level":20}}