{"host":"7h05nr6qm89lgkco","time":1612868427,"event":{"mods":["BaseMod","Bestiary","Block Reminder","ChefMod","Colored Powertips","DeckTracker","Dota2Spire","Downfall","Friendly Minions","Minty Spire (QoL Compilation)","Quick Restart","Rare Cards Sparkle","Relic Stats","StSLib","The Cursed","The Poker Player","Unceasing Turn Reminder"],"gold_per_floor":[112,19,33,53,53,78,92,92,92,153,57,68,101,112,112,215,215,228,228,238,252,167,200,217,252,276,290,6,26,60,83,83,83,83],"floor_reached":33,"language":"ZHS","playtime":3094,"items_purged":["TheCursedMod:HellsGateOpen+1"],"score":324,"play_id":"77f4e222-2883-450c-9cfc-3aea821513da","local_time":"20210209190027","is_ascension_mode":false,"campfire_choices":[{"floor":8.0,"key":"DIG"},{"floor":15.0,"key":"REST"},{"floor":32.0,"key":"REST"}],"circlet_count":0,"master_deck":["TheCursedMod:Defend_TheCursed","TheCursedMod:Defend_TheCursed","TheCursedMod:CursedWand","TheCursedMod:CleanUpWorkshop","TheCursedMod:Dregs","TheCursedMod:Stigma","TheCursedMod:PrepareRite","TheCursedMod:Stigma","TheCursedMod:StunningStrike","TheCursedMod:DemonSword","TheCursedMod:Mangle","TheCursedMod:Torture","TheCursedMod:CursedShiv","TheCursedMod:Wield","TheCursedMod:VoidForm","TheCursedMod:Wield","TheCursedMod:FleshFromBone","TheCursedMod:UltimatePain","TheCursedMod:NeowsMight+1","TheCursedMod:SpitefulPlan+1","TheCursedMod:SpitefulPlan+1","TheCursedMod:Wield","TheCursedMod:BlessingInDisguise","TheCursedMod:CursedBlade+1","TheCursedMod:Hemoplague","TheCursedMod:AshesToAshes","TheCursedMod:CursedMace+1"],"relics":["TheCursedMod:BlackMagic101","NeowsBlessing","FossilizedHelix","Shovel","Ancient Tea Set","Mango","Dream Catcher","Tiny Chest","Astrolabe","PreservedInsect","InkBottle","Dota2Spire:UrnOfShadows","Smiling Mask","Blood Vial","Red Mask","Dota2Spire:PowerTreads"],"acts_visited":["Exordium","TheCity"],"potions_floor_usage":[33],"damage_taken":[{"damage":0.0,"enemies":"Small Slimes","floor":1.0,"turns":1.0},{"damage":0.0,"enemies":"Cultist","floor":3.0,"turns":1.0},{"damage":0.0,"enemies":"2 Louse","floor":4.0,"turns":1.0},{"damage":63.0,"enemies":"3 Sentries","floor":6.0,"turns":8.0},{"damage":0.0,"enemies":"Blue Slaver","floor":7.0,"turns":3.0},{"damage":0.0,"enemies":"Lagavulin Event","floor":10.0,"turns":6.0},{"damage":0.0,"enemies":"Looter","floor":12.0,"turns":3.0},{"damage":7.0,"enemies":"Gremlin Nob","floor":13.0,"turns":4.0},{"damage":4.0,"enemies":"3 Louse","floor":14.0,"turns":3.0},{"damage":16.0,"enemies":"Hexaghost","floor":16.0,"turns":5.0},{"damage":0.0,"enemies":"Chosen","floor":18.0,"turns":4.0},{"damage":4.0,"enemies":"3 Byrds","floor":20.0,"turns":5.0},{"damage":8.0,"enemies":"Cultist and Chosen","floor":21.0,"turns":4.0},{"damage":29.0,"enemies":"Book of Stabbing","floor":23.0,"turns":7.0},{"damage":26.0,"enemies":"3 Cultists","floor":24.0,"turns":5.0},{"damage":27.0,"enemies":"Slavers","floor":25.0,"turns":5.0},{"damage":12.0,"enemies":"Snecko","floor":27.0,"turns":4.0},{"damage":2.0,"enemies":"Sentry and Sphere","floor":29.0,"turns":5.0},{"damage":0.0,"enemies":"Masked Bandits","floor":30.0,"turns":3.0},{"damage":43,"enemies":"Automaton","floor":33,"turns":6}],"seed_played":"-1770451637518797883","potions_obtained":[{"floor":4.0,"key":"TheCursedMod:DregsPotion"},{"floor":7.0,"key":"SpeedPotion"},{"floor":10.0,"key":"Block Potion"},{"floor":12.0,"key":"SneckoOil"},{"floor":16.0,"key":"EntropicBrew"},{"floor":25.0,"key":"EntropicBrew"},{"floor":27.0,"key":"SmokeBomb"},{"floor":29.0,"key":"SkillPotion"},{"floor":30.0,"key":"DuplicationPotion"}],"is_trial":false,"path_per_floor":["M","?","M","M","?","E","M","R","T","?","$","M","E","M","R","B",null,"M","?","M","M","?","E","M","E","T","M","$","M","?","T","R","B"],"character_chosen":"THE_CURSED","items_purchased":["TheCursedMod:Torture","TheCursedMod:CursedShiv","Blood Vial","TheCursedMod:AshesToAshes"],"campfire_rested":2,"item_purchase_floors":[11,11,28,28],"current_hp_per_floor":[75,75,75,75,75,12,12,12,26,26,26,26,19,15,41,25,89,89,89,85,77,77,48,34,7,7,3,3,6,8,8,36,7,7],"gold":83,"neow_bonus":"THREE_ENEMY_KILL","is_daily":false,"chose_seed":false,"campfire_upgraded":0,"win_rate":0.0,"timestamp":1612868427,"path_taken":["M","?","?","M","?","E","M","R","T","?","?","M","E","M","R","BOSS","M","?","M","M","?","E","M","E","T","M","$","M","?","?","R","BOSS"],"items_purchased_type":["Card","Card","Relic","Card"],"build_version":"2020-12-22","purchased_purges":1,"victory":false,"max_hp_per_floor":[75,75,75,75,75,75,75,75,89,89,89,89,89,89,89,89,89,89,89,89,89,89,89,89,89,89,94,94,94,94,94,94,94,94],"relic_stats":{"Blood Vial":6,"Dream Catcher":2,"Shovel":1,"counters":[20,83],"Astrolabe":["TheCursedMod:NeowsMight","TheCursedMod:SpitefulPlan","TheCursedMod:SpitefulPlan"],"Tiny Chest":1,"PreservedInsect":82,"Smiling Mask":25,"obtain_stats":[{"TheCursedMod:BlackMagic101":0,"Dota2Spire:PowerTreads":31,"Dota2Spire:UrnOfShadows":25,"NeowsBlessing":0,"Astrolabe":17,"Mango":9,"PreservedInsect":22,"Ancient Tea Set":8,"Smiling Mask":26,"Blood Vial":28,"Dream Catcher":10,"Shovel":6,"Tiny Chest":13,"Red Mask":30,"FossilizedHelix":2,"InkBottle":23},{"TheCursedMod:BlackMagic101":0,"Dota2Spire:PowerTreads":19,"Dota2Spire:UrnOfShadows":16,"NeowsBlessing":0,"Astrolabe":10,"Mango":5,"PreservedInsect":13,"Ancient Tea Set":5,"Smiling Mask":16,"Blood Vial":17,"Dream Catcher":6,"Shovel":4,"Tiny Chest":8,"Red Mask":19,"FossilizedHelix":1,"InkBottle":14},{"TheCursedMod:BlackMagic101":0,"Dota2Spire:PowerTreads":77,"Dota2Spire:UrnOfShadows":65,"NeowsBlessing":0,"Astrolabe":35,"Mango":14,"PreservedInsect":48,"Ancient Tea Set":14,"Smiling Mask":65,"Blood Vial":69,"Dream Catcher":20,"Shovel":11,"Tiny Chest":27,"Red Mask":77,"FossilizedHelix":1,"InkBottle":55}],"InkBottle":[12]},"card_choices":[{"not_picked":["TheCursedMod:TacticalStrike","TheCursedMod:PrepareRite"],"picked":"TheCursedMod:Stigma","floor":1.0},{"not_picked":["TheCursedMod:RavingStaff","TheCursedMod:BloodBarrier"],"picked":"TheCursedMod:PrepareRite","floor":3.0},{"not_picked":["TheCursedMod:RavingStaff","TheCursedMod:PrepareRite"],"picked":"TheCursedMod:Stigma","floor":4.0},{"not_picked":["TheCursedMod:AbyssShockwave","TheCursedMod:Mangle"],"picked":"TheCursedMod:DemonSword","floor":6.0},{"not_picked":["TheCursedMod:CursedBlade","TheCursedMod:CursedAmulet","TheCursedMod:VitalStrike"],"picked":"SKIP","floor":7.0},{"not_picked":["TheCursedMod:Stigma","TheCursedMod:RapidMovement"],"picked":"TheCursedMod:Mangle","floor":10.0},{"not_picked":["TheCursedMod:Obscuration","TheCursedMod:SoulCrush"],"picked":"TheCursedMod:Wield","floor":12.0},{"not_picked":["TheCursedMod:CursedBoomerang","TheCursedMod:SpitefulStrike"],"picked":"TheCursedMod:VoidForm","floor":13.0},{"not_picked":["TheCursedMod:CircleOfCorruption","TheCursedMod:TacticalStrike"],"picked":"TheCursedMod:Wield","floor":14.0},{"not_picked":["TheCursedMod:CursedMace","TheCursedMod:WearCloak"],"picked":"TheCursedMod:FleshFromBone","floor":15.0},{"not_picked":["TheCursedMod:Neurasthenia","TheCursedMod:DemonicPact"],"picked":"TheCursedMod:UltimatePain","floor":16.0},{"not_picked":["TheCursedMod:CircleOfFlame","TheCursedMod:Obscuration","TheCursedMod:Torture"],"picked":"SKIP","floor":18.0},{"not_picked":["TheCursedMod:CircleOfFlame","TheCursedMod:Grudge"],"picked":"TheCursedMod:HellsGateOpen+1","floor":20.0},{"not_picked":["TheCursedMod:CursedBlade","TheCursedMod:WearCloak","TheCursedMod:VitalStrike"],"picked":"SKIP","floor":21.0},{"not_picked":["TheCursedMod:WearCloak","TheCursedMod:HellsGateOpen","TheCursedMod:Torture"],"picked":"SKIP","floor":23.0},{"not_picked":["TheCursedMod:CircleOfCorruption","TheCursedMod:SmokeScreen+1"],"picked":"TheCursedMod:CursedBlade+1","floor":24.0},{"not_picked":["TheCursedMod:BlessingInDisguise","TheCursedMod:HellfireBreathing","TheCursedMod:Mangle"],"picked":"SKIP","floor":25.0},{"not_picked":["TheCursedMod:DemonicPact","TheCursedMod:SoulCrush+1"],"picked":"TheCursedMod:Hemoplague","floor":27.0},{"not_picked":["TheCursedMod:VitalStrike","TheCursedMod:Obscuration","TheCursedMod:Stigma"],"picked":"SKIP","floor":29.0},{"not_picked":["TheCursedMod:SpitefulStrike","TheCursedMod:VitalStrike+1"],"picked":"TheCursedMod:CursedMace+1","floor":32.0}],"player_experience":897327,"relics_obtained":[{"floor":6.0,"key":"Shovel"},{"floor":8.0,"key":"Ancient Tea Set"},{"floor":9.0,"key":"Mango"},{"floor":10.0,"key":"Dream Catcher"},{"floor":13.0,"key":"Tiny Chest"},{"floor":23.0,"key":"InkBottle"},{"floor":25.0,"key":"Dota2Spire:UrnOfShadows"},{"floor":26.0,"key":"Smiling Mask"},{"floor":30.0,"key":"Red Mask"},{"floor":31.0,"key":"Dota2Spire:PowerTreads"}],"event_choices":[{"damage_healed":0.0,"max_hp_gain":0.0,"max_hp_loss":0.0,"gold_gain":0.0,"event_name":"WeMeetAgain","player_choice":"Paid Gold","floor":2.0,"gold_loss":93.0,"damage_taken":0.0,"relics_obtained":["FossilizedHelix"]},{"damage_healed":0.0,"max_hp_gain":0.0,"max_hp_loss":0.0,"gold_gain":0.0,"cards_transformed":["TheCursedMod:Strike_TheCursed"],"event_name":"Living Wall","player_choice":"Change","floor":5.0,"gold_loss":0.0,"damage_taken":0.0,"cards_obtained":["TheCursedMod:StunningStrike"]},{"damage_healed":0.0,"max_hp_gain":0.0,"max_hp_loss":0.0,"gold_gain":30.0,"event_name":"Dead Adventurer","player_choice":"Searched \u00273\u0027 times","floor":10.0,"gold_loss":0.0,"damage_taken":0.0},{"damage_healed":0.0,"max_hp_gain":0.0,"max_hp_loss":0.0,"gold_gain":0.0,"cards_transformed":["TheCursedMod:Strike_TheCursed","TheCursedMod:Defend_TheCursed"],"event_name":"Drug Dealer","player_choice":"Became Test Subject","floor":19.0,"gold_loss":0.0,"damage_taken":0.0,"cards_obtained":["TheCursedMod:Wield","TheCursedMod:BlessingInDisguise"]},{"damage_healed":0.0,"max_hp_gain":0.0,"max_hp_loss":0.0,"gold_gain":0.0,"event_name":"Addict","player_choice":"Obtained Relic","floor":22.0,"gold_loss":85.0,"damage_taken":0.0,"relics_obtained":["PreservedInsect"]},{"damage_healed":0.0,"max_hp_gain":0.0,"max_hp_loss":0.0,"gold_gain":0.0,"event_name":"Masked Bandits","player_choice":"Fought Bandits","floor":30.0,"gold_loss":0.0,"damage_taken":0.0}],"is_beta":false,"boss_relics":[{"not_picked":["Empty Cage","Runic Dome"],"picked":"Astrolabe"}],"items_purged_floors":[28],"is_endless":false,"potions_floor_spawned":[4,7,10,12,16,20,25,27,29,30],"killed_by":"Automaton","ascension_level":0}}