{"host":"mhzgc0zma59jtmoj","time":1612851140,"event":{"mods":["BaseMod","BetterRewards","Custom Start","Fiend Mod","Glutton Mod","Ironclad Rager","Minty Spire (QoL Compilation)","Replay The Spire","Somnambulant","StSLib","The Cursed","The Hierophant","The Jungle","The Marked","The Necromancer"],"gold_per_floor":[110,125,51,63,77,111,111,142,142,142,160,175,100,100,100,202,202,221,206,106,197,72,72,103,202,202,202,219,219,219,230,230,333,333,352,362,65,76,76,76,76,76,76,76,87,87,97,97,97,97,97,97,97,127,127,127],"floor_reached":55,"language":"ENG","playtime":3579,"items_purged":["somnambulantmod: Defend_Somnambulant","somnambulantmod: SomnambulantStrike","somnambulantmod: SomnambulantStrike","somnambulantmod: Defend_Somnambulant"],"score":990,"play_id":"3c959571-e89c-4f40-bda1-3ea065728ec0","local_time":"20210209011220","is_ascension_mode":false,"campfire_choices":[{"floor":10.0,"key":"REST"},{"floor":15,"key":"REST"},{"floor":23,"key":"REST"},{"floor":29,"key":"REST"},{"floor":32,"key":"REST"},{"floor":40,"key":"REST"},{"floor":42,"key":"RECALL"},{"floor":44,"key":"REST"},{"floor":46,"key":"REST"},{"data":"somnambulantmod: SomnambulantStrike","floor":49,"key":"PURGE"},{"floor":52,"key":"REST"}],"circlet_count":0,"master_deck":["somnambulantmod: SomnambulantStrike+1","somnambulantmod: SomnambulantStrike+1","somnambulantmod: Defend_Somnambulant","somnambulantmod: Defend_Somnambulant+1","somnambulantmod: Defend_Somnambulant+1","somnambulantmod: QuickNap+1","somnambulantmod: PrimingPunch+1","somnambulantmod: LayeredDefense+1","somnambulantmod: LightSleeper+1","somnambulantmod: NightmareFuel+1","somnambulantmod: DarkeningMind+1","somnambulantmod: NewDawn+1","somnambulantmod: Lucidity+1","somnambulantmod: HorrificThought+1"],"relics":["somnambulantmod: DreamJournal","NeowsBlessing","Bronze Scales","Omamori","Replay:Rubber Ducky","Busted Crown","Chameleon Ring","Bottled Tornado","Fiend:Scarf","Guide Book","Ring of Peace","ReplayTheSpireMod:Ring of Exchange","somnambulantmod: MemoirOfAnother"],"acts_visited":["Exordium","TheCity","TheBeyond","TheEnding"],"potions_floor_usage":[30,30,36,55,55],"damage_taken":[{"damage":0.0,"enemies":"2 Louse","floor":1.0,"turns":1.0},{"damage":0.0,"enemies":"Small Slimes","floor":2.0,"turns":1.0},{"damage":0.0,"enemies":"Jaw Worm","floor":4.0,"turns":1.0},{"damage":2.0,"enemies":"2 Fungi Beasts","floor":5.0,"turns":5.0},{"damage":28.0,"enemies":"Lagavulin","floor":6.0,"turns":8.0},{"damage":19.0,"enemies":"3 Sentries","floor":8.0,"turns":6.0},{"damage":7.0,"enemies":"Gremlin Gang","floor":11.0,"turns":3.0},{"damage":12.0,"enemies":"Lots of Slimes","floor":12.0,"turns":3.0},{"damage":31,"enemies":"Slime Boss","floor":16,"turns":9},{"damage":5,"enemies":"Chosen","floor":18,"turns":6},{"damage":27,"enemies":"2 Thieves","floor":19,"turns":4},{"damage":9,"enemies":"Book of Stabbing","floor":24,"turns":4},{"damage":20,"enemies":"Shelled Parasite and Fungi","floor":28,"turns":6},{"damage":17,"enemies":"Gremlin Leader","floor":30,"turns":3},{"damage":4,"enemies":"Centurion and Healer","floor":31,"turns":7},{"damage":0,"enemies":"Pondfish","floor":33,"turns":8},{"damage":5,"enemies":"3 Shapes","floor":35,"turns":2},{"damage":0,"enemies":"3 Darklings","floor":36,"turns":4},{"damage":42,"enemies":"Writhing Mass","floor":38,"turns":6},{"damage":34,"enemies":"Jaw Worm Horde","floor":45,"turns":4},{"damage":0,"enemies":"Maw","floor":47,"turns":6},{"damage":48,"enemies":"Awakened One","floor":50,"turns":8},{"damage":22,"enemies":"Shield and Spear","floor":54,"turns":5},{"damage":63,"enemies":"The Heart","floor":55,"turns":5}],"seed_played":"-6030815653231328498","potions_obtained":[{"floor":1.0,"key":"AttackPotion"},{"floor":5.0,"key":"Regen Potion"},{"floor":8.0,"key":"Milkshake"},{"floor":11.0,"key":"SteroidPotion"},{"floor":18,"key":"SmokeBomb"},{"floor":24,"key":"BlessingOfTheForge"},{"floor":33,"key":"DistilledChaos"},{"floor":36,"key":"AttackPotion"}],"is_trial":false,"path_per_floor":["M","M","$","M","M","E","?","E","T","R","M","M","$","?","R","B",null,"M","M","$","?","$","R","E","?","T","?","M","R","E","M","R","B",null,"M","M","$","M","$","R","?","R","T","R","M","R","M","?","R","B",null,"R","$","E","B"],"character_chosen":"THE_SOMNAMBULANT","items_purchased":["somnambulantmod: LightSleeper","Guide Book"],"campfire_rested":9,"item_purchase_floors":[3,37],"current_hp_per_floor":[70,70,70,70,68,40,26,21,21,44,37,25,25,25,48,17,74,69,42,42,24,24,48,39,39,39,39,19,43,26,22,47,47,80,75,75,75,33,33,59,59,59,59,80,46,72,72,72,72,24,82,84,84,62,0,0],"gold":127,"neow_bonus":"THREE_ENEMY_KILL","is_daily":false,"chose_seed":false,"campfire_upgraded":0,"win_rate":0.0,"timestamp":1612851140,"path_taken":["M","M","$","M","M","E","?","E","T","R","M","M","$","?","R","BOSS","M","M","$","?","$","R","E","?","T","?","M","R","E","M","R","BOSS","M","M","$","?","?","R","?","R","T","R","M","R","M","?","R","BOSS","R","$","E","BOSS"],"items_purchased_type":["Card","Relic"],"build_version":"2020-12-22","purchased_purges":4,"victory":false,"max_hp_per_floor":[70,70,70,70,70,70,70,70,70,72,72,72,72,72,74,74,74,74,74,74,74,74,76,76,76,76,76,76,78,78,78,80,80,80,80,80,80,80,80,82,78,78,78,80,80,82,82,82,82,82,82,84,84,84,84,84],"card_choices":[{"not_picked":["somnambulantmod: Remember","somnambulantmod: SnuggleUp"],"picked":"somnambulantmod: LayeredDefense","floor":1.0},{"not_picked":["somnambulantmod: InLimbo","somnambulantmod: Unknow","somnambulantmod: RecurringDream"],"picked":"SKIP","floor":2.0},{"not_picked":["somnambulantmod: Unknow","somnambulantmod: Bruise"],"picked":"somnambulantmod: NightmareFuel","floor":4.0},{"not_picked":["somnambulantmod: RecurringDream","somnambulantmod: Unknow","somnambulantmod: HeavyLids"],"picked":"SKIP","floor":5.0},{"not_picked":["somnambulantmod: BadIdea","somnambulantmod: Stumble","somnambulantmod: Harden"],"picked":"SKIP","floor":6.0},{"not_picked":["somnambulantmod: HeavyLids","somnambulantmod: MindWave"],"picked":"somnambulantmod: DarkeningMind","floor":8.0},{"not_picked":["somnambulantmod: Cower","somnambulantmod: ImpenetrableMind","somnambulantmod: RacingThoughts"],"picked":"SKIP","floor":11.0},{"not_picked":["somnambulantmod: Unknow","somnambulantmod: Unmake"],"picked":"somnambulantmod: NewDawn","floor":12.0},{"not_picked":["somnambulantmod: NewDawn","somnambulantmod: Refracture"],"picked":"somnambulantmod: Lucidity","floor":16},{"not_picked":["somnambulantmod: Nosebleed+1"],"picked":"SKIP","floor":18},{"not_picked":["somnambulantmod: Nosebleed+1"],"picked":"SKIP","floor":19},{"not_picked":[],"picked":"somnambulantmod: HorrificThought","floor":21},{"not_picked":["somnambulantmod: ViralIdea"],"picked":"SKIP","floor":24},{"not_picked":["somnambulantmod: RecurringDream"],"picked":"SKIP","floor":28},{"not_picked":["somnambulantmod: SickeningSwathe"],"picked":"SKIP","floor":31},{"not_picked":["somnambulantmod: DarkeningMind"],"picked":"SKIP","floor":35},{"not_picked":["somnambulantmod: Pinch+1"],"picked":"SKIP","floor":36},{"not_picked":["somnambulantmod: TimeCompression"],"picked":"SKIP","floor":38},{"not_picked":["somnambulantmod: NightmareFuel+1"],"picked":"SKIP","floor":45},{"not_picked":["somnambulantmod: BadIdea+1"],"picked":"SKIP","floor":47},{"not_picked":["somnambulantmod: HeadSmack"],"picked":"SKIP","floor":54}],"player_experience":271915,"relics_obtained":[{"floor":6.0,"key":"Bronze Scales"},{"floor":8.0,"key":"Omamori"},{"floor":9.0,"key":"Replay:Rubber Ducky"},{"floor":24,"key":"Chameleon Ring"},{"floor":26,"key":"Bottled Tornado"},{"floor":48,"key":"Ring of Peace"},{"floor":48,"key":"ReplayTheSpireMod:Ring of Exchange"},{"floor":54,"key":"somnambulantmod: MemoirOfAnother"}],"event_choices":[{"damage_healed":0.0,"max_hp_gain":0.0,"max_hp_loss":0.0,"gold_gain":0.0,"event_name":"Shining Light","player_choice":"Entered Light","floor":7.0,"gold_loss":0.0,"damage_taken":14.0,"cards_upgraded":["somnambulantmod: QuickNap","somnambulantmod: SomnambulantStrike"]},{"damage_healed":0,"gold_gain":0,"player_choice":"Fled","damage_taken":0,"max_hp_gain":0,"max_hp_loss":0,"event_name":"Scrap Ooze","floor":14,"gold_loss":0},{"damage_healed":0,"gold_gain":99,"player_choice":"Stole From Cult","damage_taken":0,"max_hp_gain":0,"max_hp_loss":0,"event_name":"Nest","floor":25,"gold_loss":0},{"damage_healed":0,"gold_gain":0,"player_choice":"Ignored","damage_taken":0,"max_hp_gain":0,"max_hp_loss":0,"event_name":"N\u0027loth","floor":27,"gold_loss":0},{"damage_healed":0,"gold_gain":0,"player_choice":"Max HP","damage_taken":0,"max_hp_gain":0,"max_hp_loss":4,"event_name":"Winding Halls","floor":41,"gold_loss":0}],"is_beta":false,"boss_relics":[{"not_picked":["Ring of Chaos","SacredBark"],"picked":"Busted Crown"},{"not_picked":["Painkiller Herb","Replay:Cursed D8"],"picked":"Fiend:Scarf"}],"items_purged_floors":[13,20,22,37],"is_endless":false,"potions_floor_spawned":[1,5,8,11,18,24,33,36,54],"killed_by":"The Heart","ascension_level":0}}