{"host":"0cm5wy4nhuju7tij","time":1612912171,"event":{"mods":["100% Spire Juice","2.2 Compatiblity","AchievementEnabler","Aspiration","BaseMod","Better Third Choice","BetterRewards","CCEM2","CapriCore","Colored Powertips","Curses Come First","Displayed Cursed Tome","Downfall","Energized Spire","Evolution","Filter the Spire","Highlight Path","Jess\u0027s Bottle","Minty Spire (QoL Compilation)","Permanent Neow","Poor People Problems","Relic Filter Mod","Relic Stats","Shop Mod","Spicy Shops","StSLib","The Cursed","TheSurvivalist","TheVacant","Weighted Paths"],"gold_per_floor":[117,131,149,62,62,94,23,23,23,48,65,92,110,144,144,245,245,256,267,287,303,303,314,314,342,367,379,404,106,137,152,152,249,249,259,271,291,30,30,30,30],"floor_reached":40,"language":"ENG","playtime":3390,"items_purged":[],"score":845,"play_id":"8df30c60-58d6-4d35-a2f3-5e49f5d1e11a","local_time":"20210209180931","is_ascension_mode":true,"campfire_choices":[{"data":"TheCursedMod:HellsGateOpen","floor":8,"key":"SMITH"},{"floor":15,"key":"REST"},{"floor":24,"key":"REST"},{"floor":32,"key":"REST"}],"circlet_count":0,"master_deck":["TheCursedMod:CleanUpWorkshop","TheCursedMod:CursedAmulet","TheCursedMod:HellfireBreathing","TheCursedMod:HellfireBreathing","TheCursedMod:SpitefulPlan","TheCursedMod:LuckyCharm","TheCursedMod:CursedSpellbook","TheCursedMod:NeowsMight","TheCursedMod:ParallelWorld","TheCursedMod:CircleOfAmplification","TheCursedMod:Obscuration","TheCursedMod:ReleasedStrength","TheCursedMod:Stretching","TheCursedMod:SoulReap","TheCursedMod:CursedBlade","TheCursedMod:HellsGateOpen+1","TheCursedMod:Hemoplague","TheCursedMod:TacticalStrike","TheCursedMod:DemonSword","TheCursedMod:CircleOfAmplification","TheCursedMod:AntiAging","TheCursedMod:RapidMovement+1","TheCursedMod:ManaCirculation","TheCursedMod:HellfireBreathing","TheCursedMod:CircleOfCorruption","TheCursedMod:CursedBlade","TheCursedMod:HellfireBreathing","TheCursedMod:WearCloak","TheCursedMod:CursedRelics","TheCursedMod:Obscuration+1","TheCursedMod:HellsGateOpen","TheCursedMod:Wield+1","TheCursedMod:TroublousMinions"],"relics":["TheCursedMod:BlackMagicAdvanced","EVO:Axolotl","CCEMRelics:Pendulum","Pen Nib","aspiration:StickyExplosives_weak","Centennial Puzzle","Calipers","Strawberry","Busted Crown","CCEMRelics:OldTooth","Ancient Tea Set","CCEMRelics:PorcelainBowl","CCEMRelics:SpiritsEdge","CCEMRelics:CocoNut","Runic Pyramid","aspiration:Nostalgia","Slimebound:AbsorbEndCombat"],"acts_visited":["Exordium","TheCity","TheBeyond"],"potions_floor_usage":[],"damage_taken":[{"damage":6,"enemies":"Cultist","floor":1,"turns":3},{"damage":0,"enemies":"Small Slimes","floor":2,"turns":2},{"damage":1,"enemies":"Jaw Worm","floor":3,"turns":4},{"damage":13,"enemies":"3 Sentries","floor":6,"turns":4},{"damage":14,"enemies":"Gremlin Nob","floor":10,"turns":4},{"damage":22,"enemies":"Lots of Slimes","floor":11,"turns":3},{"damage":8,"enemies":"Lagavulin","floor":12,"turns":4},{"damage":18,"enemies":"Large Slime","floor":13,"turns":4},{"damage":15,"enemies":"Gremlin Nob","floor":14,"turns":4},{"damage":30,"enemies":"The Guardian","floor":16,"turns":7},{"damage":29,"enemies":"2 Thieves","floor":18,"turns":3},{"damage":3,"enemies":"Shell Parasite","floor":19,"turns":6},{"damage":12,"enemies":"3 Cultists","floor":20,"turns":4},{"damage":26,"enemies":"Snake Plant","floor":21,"turns":4},{"damage":14,"enemies":"Centurion and Healer","floor":23,"turns":5},{"damage":12,"enemies":"Gremlin Leader","floor":25,"turns":4},{"damage":5,"enemies":"Snecko","floor":27,"turns":5},{"damage":34,"enemies":"Slavers","floor":28,"turns":4},{"damage":33,"enemies":"Gremlin Leader","floor":30,"turns":5},{"damage":14,"enemies":"Snake Plant","floor":31,"turns":3},{"damage":1,"enemies":"Automaton","floor":33,"turns":7},{"damage":2,"enemies":"Orb Walker","floor":35,"turns":3},{"damage":0,"enemies":"3 Shapes","floor":36,"turns":3},{"damage":49,"enemies":"Sphere and 2 Shapes","floor":37,"turns":6},{"damage":60,"enemies":"Giant Head","floor":40,"turns":6}],"seed_played":"-557640046638858623","potions_obtained":[{"floor":3,"key":"CultistPotion"},{"floor":6,"key":"FearPotion"},{"floor":16,"key":"Fire Potion"}],"is_trial":false,"path_per_floor":["M","M","M","$","?","E","$","R","T","E","M","E","M","E","R","B",null,"M","M","M","M","?","M","R","E","T","M","E","$","E","M","R","B",null,"M","M","M","$","?","E"],"character_chosen":"THE_CURSED","items_purchased":["TheCursedMod:SoulReap","TheCursedMod:CursedBlade","TheCursedMod:Hemoplague","TheCursedMod:HellfireBreathing","CCEMRelics:SpiritsEdge","TheCursedMod:CircleOfCorruption","TheCursedMod:CursedBlade","aspiration:Nostalgia","TheCursedMod:LuckyCharm","TheCursedMod:TroublousMinions"],"campfire_rested":3,"item_purchase_floors":[4,4,7,29,29,29,29,38,38,38],"current_hp_per_floor":[62,62,61,61,54,41,41,41,41,37,17,26,8,10,34,22,67,43,42,30,6,15,14,40,78,78,73,44,44,37,25,54,55,90,88,88,41,41,41,0,0],"gold":30,"neow_bonus":"THREE_CARDS","is_daily":false,"chose_seed":false,"campfire_upgraded":1,"win_rate":0.0,"timestamp":1612912171,"path_taken":["M","M","M","?","?","E","$","R","T","E","M","E","M","E","R","BOSS","M","M","M","M","?","M","R","E","T","M","E","$","E","?","R","BOSS","M","M","M","$","?","E"],"items_purchased_type":["Card","Card","Card","Card","Relic","Card","Card","Relic","Card","Card"],"build_version":"2020-12-22","purchased_purges":0,"victory":false,"max_hp_per_floor":[75,75,75,75,75,75,75,75,75,75,75,75,75,82,82,82,82,82,84,84,86,86,88,88,90,90,90,90,90,97,99,99,101,101,101,101,103,103,103,103,103],"relic_stats":{"Centennial Puzzle":[51],"Busted Crown":28,"counters":[25,101],"Pen Nib":[11],"obtain_stats":[{"CCEMRelics:PorcelainBowl":28,"Calipers":12,"TheCursedMod:BlackMagicAdvanced":0,"aspiration:Nostalgia":38,"CCEMRelics:Pendulum":5,"Pen Nib":6,"CCEMRelics:CocoNut":30,"EVO:Axolotl":0,"Ancient Tea Set":26,"aspiration:StickyExplosives_weak":9,"CCEMRelics:SpiritsEdge":29,"Centennial Puzzle":10,"Busted Crown":17,"CCEMRelics:OldTooth":25,"Strawberry":14,"Slimebound:AbsorbEndCombat":38,"Runic Pyramid":34},{"CCEMRelics:PorcelainBowl":18,"Calipers":7,"TheCursedMod:BlackMagicAdvanced":0,"aspiration:Nostalgia":24,"CCEMRelics:Pendulum":3,"Pen Nib":4,"CCEMRelics:CocoNut":19,"EVO:Axolotl":0,"Ancient Tea Set":16,"aspiration:StickyExplosives_weak":4,"CCEMRelics:SpiritsEdge":18,"Centennial Puzzle":5,"Busted Crown":10,"CCEMRelics:OldTooth":16,"Strawberry":9,"Slimebound:AbsorbEndCombat":24,"Runic Pyramid":21},{"CCEMRelics:PorcelainBowl":69,"Calipers":22,"TheCursedMod:BlackMagicAdvanced":0,"aspiration:Nostalgia":95,"CCEMRelics:Pendulum":9,"Pen Nib":12,"CCEMRelics:CocoNut":73,"EVO:Axolotl":0,"Ancient Tea Set":61,"aspiration:StickyExplosives_weak":12,"CCEMRelics:SpiritsEdge":69,"Centennial Puzzle":16,"Busted Crown":36,"CCEMRelics:OldTooth":61,"Strawberry":30,"Slimebound:AbsorbEndCombat":95,"Runic Pyramid":83}]},"card_choices":[{"not_picked":["TheCursedMod:SmokeScreen","TheCursedMod:Wield"],"picked":"TheCursedMod:Obscuration","floor":0},{"not_picked":["TheCursedMod:RapidMovement","TheCursedMod:Mangle"],"picked":"TheCursedMod:ReleasedStrength","floor":1},{"not_picked":["TheCursedMod:SoulCrush","TheCursedMod:Stigma"],"picked":"TheCursedMod:Stretching","floor":2},{"not_picked":["TheCursedMod:Stigma","TheCursedMod:StingEye","TheCursedMod:Obscuration"],"picked":"SKIP","floor":3},{"not_picked":["TheCursedMod:RapidMovement","TheCursedMod:TacticalStrike"],"picked":"TheCursedMod:HellsGateOpen","floor":6},{"not_picked":["TheCursedMod:CursedMace","TheCursedMod:Stigma"],"picked":"TheCursedMod:TacticalStrike","floor":10},{"not_picked":["TheCursedMod:SaltUponWound","TheCursedMod:AbyssShockwave"],"picked":"TheCursedMod:DemonSword","floor":11},{"not_picked":["TheCursedMod:RavingStaff","TheCursedMod:PrepareRite"],"picked":"TheCursedMod:CircleOfAmplification","floor":12},{"not_picked":["TheCursedMod:AshesToAshes","TheCursedMod:SurpriseAttack","TheCursedMod:BloodBarrier"],"picked":"SKIP","floor":13},{"not_picked":["TheCursedMod:EmpowerCircles","TheCursedMod:SurpriseAttack","TheCursedMod:SpitefulStrike"],"picked":"SKIP","floor":14},{"not_picked":["TheCursedMod:UltimatePain","TheCursedMod:NeowsMight"],"picked":"TheCursedMod:AntiAging","floor":16},{"not_picked":["TheCursedMod:Wield"],"picked":"SKIP","floor":18},{"not_picked":["TheCursedMod:TacticalStrike"],"picked":"SKIP","floor":19},{"not_picked":["TheCursedMod:CursedBlade"],"picked":"SKIP","floor":20},{"not_picked":["TheCursedMod:TacticalStrike"],"picked":"SKIP","floor":21},{"not_picked":[],"picked":"TheCursedMod:RapidMovement+1","floor":23},{"not_picked":["TheCursedMod:CursedMace+1"],"picked":"SKIP","floor":25},{"not_picked":[],"picked":"TheCursedMod:ManaCirculation","floor":27},{"not_picked":["TheCursedMod:SurpriseAttack"],"picked":"SKIP","floor":28},{"not_picked":[],"picked":"TheCursedMod:HellfireBreathing","floor":30},{"not_picked":[],"picked":"TheCursedMod:WearCloak","floor":31},{"not_picked":[],"picked":"TheCursedMod:CursedRelics","floor":33},{"not_picked":[],"picked":"TheCursedMod:Obscuration+1","floor":35},{"not_picked":[],"picked":"TheCursedMod:HellsGateOpen","floor":36},{"not_picked":[],"picked":"TheCursedMod:Wield+1","floor":37}],"player_experience":305700,"relics_obtained":[{"floor":6,"key":"Pen Nib"},{"floor":9,"key":"aspiration:StickyExplosives_weak"},{"floor":10,"key":"Centennial Puzzle"},{"floor":12,"key":"Calipers"},{"floor":14,"key":"Strawberry"},{"floor":25,"key":"CCEMRelics:OldTooth"},{"floor":26,"key":"Ancient Tea Set"},{"floor":28,"key":"CCEMRelics:PorcelainBowl"},{"floor":30,"key":"CCEMRelics:CocoNut"}],"event_choices":[{"damage_healed":0,"gold_gain":1,"player_choice":"Relic ","damage_taken":7,"max_hp_gain":0,"max_hp_loss":0,"event_name":"betterThird:BetterScrap","floor":5,"gold_loss":0,"cards_obtained":["FearNoEvil"]},{"cards_removed":["TheCursedMod:LuckyCharm"],"damage_healed":0,"gold_gain":0,"player_choice":"Removed Power","damage_taken":0,"max_hp_gain":0,"max_hp_loss":0,"event_name":"Falling","floor":39,"gold_loss":0}],"is_beta":false,"boss_relics":[{"not_picked":["energizedSpire:HugeHouse","aspiration:SecretTechniqueScroll"],"picked":"Busted Crown"},{"not_picked":["Calling Bell","Pandora\u0027s Box"],"picked":"Runic Pyramid"}],"items_purged_floors":[],"is_endless":false,"potions_floor_spawned":[3,6,11,16,18,20,23,33,36],"killed_by":"Giant Head","ascension_level":10}}