{"host":"s21r9c1cdih2g0le","time":1612869343,"event":{"mods":["BaseMod","BetterRewards","Colored Map","Conspire","Downfall","Energized Spire","Friendly Minions","GifTheSpireLib","Hubris","Infinite Spire","Ironclad Rager","Mimic Mod","Minty Spire (QoL Compilation)","Replay The Spire","StSLib","Stuff the Spire","SuperFastMode","The Mystic","Wandering Minibosses"],"gold_per_floor":[99,113,113,113,133,152,188,88,104,134,284,304,314,339,358,459,459,259,271,271,281,292,292,292,310,328,354,372,372,372,404,420,519,519,519,532,550,602,602,602,602],"floor_reached":39,"language":"ENG","playtime":2252,"items_purged":[],"score":462,"play_id":"1219031f-2ed5-4608-846e-1c59542e1814","local_time":"20210209121543","is_ascension_mode":false,"campfire_choices":[{"data":"bronze:Replicate","floor":1,"key":"SMITH"},{"floor":8,"key":"RECALL"},{"data":"bronze:InfiniteLoop","floor":18,"key":"SMITH"},{"floor":30,"key":"REST"},{"data":"bronze:BronzeOrb","floor":35,"key":"SMITH"}],"circlet_count":0,"master_deck":["bronze:Strike","bronze:Strike","bronze:Strike","bronze:Strike","bronze:Defend","bronze:Defend","bronze:Defend","bronze:Defend","bronze:Replicate+1","bronze:Goto","Bandage Up","bronze:Branch","bronze:Return","bronze:OilSpill","bronze:BronzeOrb+1","bronze:Separator","bronze:BitShift","bronze:OilSpill","bronze:Overheat","bronze:HardenedForm","bronze:DelayedSlice","bronze:InfiniteLoop+1","bronze:Repulsor","bronze:MaxOutput","bronze:Format","bronze:WhirlingStrike","bronze:DelayedSlice","bronze:Terminator","bronze:ItsAFeature","bronze:MaxOutput","bronze:Format"],"relics":["bronze:BronzeCore","downfall:HeartBlessingBlue","Potion Belt","Dead Branch","ChewingGum","downfall:HeartBlessingRed","downfall:HeartBlessingGreen","Replay:WaspNest","Strawberry","hubris:MysteriousPyramids","energizedSpire:OgreHead","Prayer Wheel"],"acts_visited":["Exordium","TheCity","TheBeyond"],"potions_floor_usage":[9,10,14,16,25,25,33,33,33,33,33,33],"damage_taken":[{"damage":6,"enemies":"Jaw Worm","floor":2,"turns":3},{"damage":0,"enemies":"conspire:RoseBush","floor":5,"turns":4},{"damage":0,"enemies":"Cultist","floor":6,"turns":3},{"damage":19,"enemies":"Lots of Slimes","floor":7,"turns":8},{"damage":0,"enemies":"Lots of Slimes","floor":9,"turns":4},{"damage":17,"enemies":"3 Sentries","floor":10,"turns":7},{"damage":5,"enemies":"Exordium Wildlife","floor":12,"turns":3},{"damage":2,"enemies":"Red Slaver","floor":13,"turns":2},{"damage":21,"enemies":"Replay:BlueRogue","floor":14,"turns":4},{"damage":17,"enemies":"Exordium Thugs","floor":15,"turns":4},{"damage":13,"enemies":"SI_SHIV_ARCHETYPE","floor":16,"turns":6},{"damage":0,"enemies":"Chosen","floor":19,"turns":2},{"damage":0,"enemies":"3 Byrds","floor":21,"turns":3},{"damage":1,"enemies":"Snake Plant","floor":22,"turns":3},{"damage":21,"enemies":"Shelled Parasite and Fungi","floor":25,"turns":7},{"damage":17,"enemies":"Cultist and Chosen","floor":26,"turns":6},{"damage":19,"enemies":"Gremlin Leader","floor":27,"turns":5},{"damage":0,"enemies":"Chosen and Byrds","floor":28,"turns":4},{"damage":25,"enemies":"conspire:SneckoGhost","floor":31,"turns":4},{"damage":5,"enemies":"conspire:HollyBat","floor":32,"turns":5},{"damage":20,"enemies":"DF_ARCHETYPE_CLAW","floor":33,"turns":7},{"damage":8,"enemies":"3 Shapes","floor":36,"turns":4},{"damage":21,"enemies":"3 Darklings","floor":37,"turns":5},{"damage":47,"enemies":"2 Orb Walkers","floor":38,"turns":4},{"damage":31,"enemies":"Writhing Mass","floor":39,"turns":2}],"seed_played":"4697298344667656334","potions_obtained":[{"floor":2,"key":"LiquidMemories"},{"floor":4,"key":"SteroidPotion"},{"floor":4,"key":"infinitespire:BlackPotion"},{"floor":9,"key":"Swift Potion"},{"floor":10,"key":"ColorlessPotion"},{"floor":14,"key":"Strength Potion"},{"floor":15,"key":"bronze:BurnAndBuffPotion"},{"floor":21,"key":"Explosive Potion"},{"floor":22,"key":"Fire Potion"},{"floor":26,"key":"hexamod:SoulburnPotion"},{"floor":31,"key":"Flashbang"},{"floor":32,"key":"champ:CounterPotion"},{"floor":36,"key":"Languid Potion"},{"floor":38,"key":"bronze:BurnAndBuffPotion"}],"is_trial":false,"path_per_floor":["R","M","?","?","M","M","MIM","R","M","E","?","M","M","E","M","B",null,"R","M","?","M","M","?","T","M","M","E","M","?","R","E","M","B",null,"R","M","M","?","M"],"character_chosen":"THE_AUTOMATON","items_purchased":[],"campfire_rested":1,"item_purchase_floors":[],"current_hp_per_floor":[70,68,50,50,54,58,43,53,57,44,44,43,45,28,15,6,80,80,80,80,80,79,79,79,62,49,41,45,45,71,50,49,33,87,87,82,65,22,0,0,0],"gold":602,"neow_bonus":"RANDOM_COLORLESS","is_daily":false,"chose_seed":false,"campfire_upgraded":3,"win_rate":0.0,"timestamp":1612869343,"path_taken":["R","M","?","?","M","?","MIM","R","M","E","?","M","M","E","M","BOSS","R","M","?","M","M","?","T","?","M","E","M","?","R","E","M","BOSS","R","M","M","?","M"],"items_purchased_type":[],"build_version":"2020-12-22","purchased_purges":0,"victory":false,"max_hp_per_floor":[70,70,70,70,70,70,70,80,80,80,80,80,80,80,80,80,80,80,80,80,80,80,80,80,80,80,87,87,87,87,87,87,87,87,87,87,87,87,87,87,87],"card_choices":[{"not_picked":["Survey Options","Replay:Sssssssssstrike"],"picked":"Bandage Up","floor":0},{"not_picked":["bronze:Shield","bronze:BuggyMess"],"picked":"bronze:Branch","floor":2},{"not_picked":["bronze:BugBarrage","bronze:BitShift"],"picked":"bronze:Return","floor":5},{"not_picked":["bronze:DelayedGuard","bronze:Deprecate"],"picked":"bronze:OilSpill","floor":6},{"not_picked":["bronze:WildBeam","bronze:Invalidate"],"picked":"bronze:BronzeOrb","floor":7},{"not_picked":["bronze:DigitalCarnage","bronze:Frontload"],"picked":"bronze:Separator","floor":9},{"not_picked":["bronze:FineTuning","bronze:Allocate"],"picked":"bronze:BitShift","floor":10},{"not_picked":["bronze:Iterate","bronze:HyperBeam"],"picked":"bronze:OilSpill","floor":12},{"not_picked":["bronze:Shell","bronze:Overload"],"picked":"bronze:Overheat","floor":13},{"not_picked":["bronze:BronzeArmor","bronze:Separator"],"picked":"bronze:HardenedForm","floor":14},{"not_picked":["bronze:BugBarrage","bronze:DigitalCarnage"],"picked":"bronze:DelayedSlice","floor":15},{"not_picked":["bronze:ShipIt","bronze:Format"],"picked":"bronze:InfiniteLoop","floor":16},{"not_picked":["bronze:Overheat+1","bronze:Frontload+1","bronze:BuggyMess+1"],"picked":"SKIP","floor":19},{"not_picked":["bronze:Return","bronze:BuggyMess"],"picked":"bronze:Repulsor","floor":21},{"not_picked":["bronze:Iterate","bronze:Allocate"],"picked":"bronze:MaxOutput","floor":22},{"not_picked":["bronze:Invalidate+1","bronze:Iterate"],"picked":"bronze:WhirlingStrike","floor":25},{"not_picked":["bronze:Safeguard","bronze:Philosophize","bronze:Deprecate"],"picked":"SKIP","floor":26},{"not_picked":["bronze:CloningBeam","bronze:WildBeam"],"picked":"bronze:DelayedSlice","floor":27},{"not_picked":["bronze:FineTuning","bronze:BitShift"],"picked":"bronze:Terminator","floor":28},{"not_picked":["bronze:Separator","bronze:BitShift"],"picked":"bronze:ItsAFeature","floor":31},{"not_picked":["bronze:Frontload","bronze:Shield+1"],"picked":"bronze:MaxOutput","floor":32},{"not_picked":["bronze:Iterate+1","bronze:FineTuning","bronze:Branch+1"],"picked":"SKIP","floor":36},{"not_picked":["bronze:WhirlingStrike","bronze:Repulsor","bronze:Iterate+1"],"picked":"SKIP","floor":37},{"not_picked":["bronze:WildBeam","bronze:WhirlingStrike+1"],"picked":"bronze:Format","floor":38}],"player_experience":335033,"relics_obtained":[{"floor":10,"key":"Potion Belt"},{"floor":14,"key":"Dead Branch"},{"floor":24,"key":"Replay:WaspNest"},{"floor":27,"key":"Strawberry"},{"floor":31,"key":"hubris:MysteriousPyramids"},{"floor":38,"key":"Prayer Wheel"}],"event_choices":[{"damage_healed":0,"gold_gain":0,"player_choice":"Success","damage_taken":18,"relics_obtained":["Replay:Accelerometer"],"max_hp_gain":0,"max_hp_loss":0,"event_name":"Scrap Ooze","floor":3,"gold_loss":0},{"damage_healed":0,"gold_gain":0,"player_choice":"Got Potions","damage_taken":0,"max_hp_gain":0,"max_hp_loss":0,"event_name":"Lab","floor":4,"gold_loss":0},{"damage_healed":0,"gold_gain":0,"player_choice":"Read","damage_taken":0,"max_hp_gain":0,"max_hp_loss":0,"event_name":"The Library","floor":23,"gold_loss":0,"cards_obtained":["bronze:Format"]},{"damage_healed":0,"gold_gain":0,"player_choice":"Fight","damage_taken":0,"max_hp_gain":0,"max_hp_loss":0,"event_name":"Mysterious Sphere","floor":38,"gold_loss":0}],"is_beta":false,"boss_relics":[{"not_picked":["ReplayTheSpireMod:SealedPack","Replay:Grab Bag"],"picked":"ChewingGum"},{"not_picked":["Runic Dome","energizedSpire:HugeHouse"],"picked":"energizedSpire:OgreHead"}],"items_purged_floors":[],"is_endless":false,"potions_floor_spawned":[2,9,10,14,15,21,22,26,31,32,36,38],"killed_by":"Writhing Mass","ascension_level":0}}