{"host":"x7u3amoxy3d4heu5","time":1612837842,"event":{"mods":["BaseMod","Colored Map","DeckTracker","Hermit","Hubris","Infinite Spire","Marisa????????","Minty Spire (QoL Compilation)","Quick Restart","Replay The Spire","StSLib","The Cursed","The IronCluck","The Jungle","The Servant 0.9.4","The Wild Card","Unceasing Turn Reminder","slay the spire mod where everything is the same but ironclad has a cowboy hat"],"gold_per_floor":[119,133,133,133,133,174,188,41,41,41,41,216,63,87,87,211,211,236,236,299,319,319,319,342,358,358,372,372,416,430,430,430,559,622,637,637,655,679,679,679,679,698,698,396,416,432,467,485,485,604,604,618,618,631,631,638,670,670,670,697,697,721,733,745,761,773,882,894,924,936,948,681,681,681,679,674,663,662,687,687,686,686,690,702,702,664,664],"floor_reached":86,"language":"ENG","playtime":6655,"items_purged":["hubris:Disease","infinitespire:Pacifist","hermit:Strike_Hermit","hermit:Defend_Hermit","ReplayTheSpireMod:Doomed"],"score":1496,"play_id":"7ec09c74-665b-4907-b0be-57fc208cf84e","local_time":"20210208193042","is_ascension_mode":false,"campfire_choices":[{"floor":10.0,"key":"REST"},{"floor":15.0,"key":"REST"},{"data":"hubris:InfiniteBlow+1","floor":23.0,"key":"SMITH"},{"floor":28.0,"key":"REST"},{"floor":32.0,"key":"DIG"},{"floor":40.0,"key":"REST"},{"floor":49.0,"key":"DIG"},{"floor":58.0,"key":"DIG"},{"floor":63.0,"key":"DIG"},{"floor":66.0,"key":"DIG"},{"floor":80.0,"key":"REST"},{"floor":85,"key":"REST"}],"circlet_count":0,"master_deck":["hermit:Defend_Hermit","hermit:Defend_Hermit","hermit:Defend_Hermit+1","hermit:Snapshot","hermit:Covet","hermit:BodyArmor","hermit:WideOpen+1","Injury","hermit:Misfire","hermit:Quickdraw+1","Doubt","hermit:Grudge","TheCursedMod:AntiAging","TheCursedMod:Dregs","theWildCard:CallToAdventure","hermit:FinalCanter","Finesse","infinitespire:Punishment","hermit:LowProfile+1","Writhe","TheCursedMod:RapidMovement","TheCursedMod:Obscuration","hubris:InfiniteBlow+6","TheCursedMod:SurpriseAttack","TheCursedMod:Obscuration","hermit:Manifest","TheCursedMod:CursedArmor","TheCursedMod:VoidForm+1","hermit:Determination+1","TheCursedMod:LuckyCharm+1","hermit:HoleUp+1","hermit:Grudge+1","hermit:Misfire","Parasite","hermit:LowProfile+1","TheCursedMod:SpitefulPlan+1","TheCursedMod:CursedShiv","TheCursedMod:Hemoplague+1","hermit:EternalForm+1","hermit:HoleUp","Looming Evil","hubris:Rewind+1","hermit:HoleUp","hermit:Desperado","hermit:WideOpen","Regret","hermit:ShadowCloak+1","TheCursedMod:WearCloak","hermit:EternalForm+1","hermit:CursedWeapon+1","hermit:ShadowCloak+1","TheCursedMod:CursedBlade","TheCursedMod:OutForBlood+1","TheCursedMod:CursedBlade","TheCursedMod:RapidMovement","hermit:HoleUp","hermit:LowProfile+1","Bite","Bite","Bite","Bite","Bite","TheCursedMod:SpreadPlague","TheCursedMod:ShockAndAwe","TheCursedMod:CursedShiv"],"relics":["hermit:Momento","hubris:Spice","hubris:DisguiseKit","Golden Idol","Pondfish Scales","hubris:SlimyHat","ReplayTheSpireMod:SealedPack","Shovel","ReplayTheSpireMod:Ninjato","ClockworkSouvenir","Durian","Frozen Egg 2","Tiny House","Gremlin Horn","hubris:Backtick","Ice Cream","infinitespire:CursedDice","Dream Catcher","Pocketwatch","Smiling Mask","ChewingGum","hubris:DeckOfHolding","infinitespire:Eraser","Bottled Lightning","MawBank","infinitespire:FocusingShard","Replay:Accelerometer","Ring of Chaos","hubris:Towel","Strawberry","Mercury Hourglass","Replay:Ringing Soul","Anchor"],"acts_visited":["Exordium","Exordium","TheBeyond","Exordium","TheCity"],"potions_floor_usage":[86],"damage_taken":[{"damage":10.0,"enemies":"Small Slimes","floor":1.0,"turns":3.0},{"damage":0.0,"enemies":"Jaw Worm","floor":2.0,"turns":4.0},{"damage":39.0,"enemies":"3 Sentries","floor":6.0,"turns":12.0},{"damage":6.0,"enemies":"2 Louse","floor":7.0,"turns":4.0},{"damage":3.0,"enemies":"2 Fungi Beasts","floor":14.0,"turns":2.0},{"damage":58.0,"enemies":"Hexaghost","floor":16.0,"turns":12.0},{"damage":0.0,"enemies":"theJungle:Flameango_and_Byrd","floor":18.0,"turns":3.0},{"damage":6.0,"enemies":"theJungle:MUSHROOMGANG","floor":21.0,"turns":5.0},{"damage":9.0,"enemies":"theJungle:2_Snecko_Cultists","floor":24.0,"turns":4.0},{"damage":1.0,"enemies":"theJungle:JungleHuntersEncounter","floor":25.0,"turns":3.0},{"damage":3.0,"enemies":"theJungle:Lyon","floor":27.0,"turns":4.0},{"damage":7.0,"enemies":"theJungle:Cassacara","floor":29.0,"turns":3.0},{"damage":0.0,"enemies":"theJungle:SlimyTreeVines","floor":30.0,"turns":2.0},{"damage":79.0,"enemies":"theJungle:QueenSpyder","floor":33.0,"turns":20.0},{"damage":0.0,"enemies":"Orb Walker","floor":35.0,"turns":4.0},{"damage":20.0,"enemies":"3 Darklings","floor":37.0,"turns":6.0},{"damage":63.0,"enemies":"Transient","floor":38.0,"turns":5.0},{"damage":9.0,"enemies":"Spire Growth","floor":42.0,"turns":3.0},{"damage":43.0,"enemies":"Writhing Mass","floor":45.0,"turns":5.0},{"damage":0.0,"enemies":"Maw","floor":46.0,"turns":7.0},{"damage":41.0,"enemies":"Nightmare","floor":47.0,"turns":8.0},{"damage":2.0,"enemies":"Sphere and 2 Shapes","floor":48.0,"turns":5.0},{"damage":46.0,"enemies":"Time Eater","floor":50.0,"turns":8.0},{"damage":0.0,"enemies":"Small Slimes","floor":52.0,"turns":2.0},{"damage":0.0,"enemies":"Cultist","floor":54.0,"turns":2.0},{"damage":0.0,"enemies":"Jaw Worm","floor":56.0,"turns":3.0},{"damage":0.0,"enemies":"Lagavulin","floor":57.0,"turns":3.0},{"damage":3.0,"enemies":"Looter","floor":62.0,"turns":3.0},{"damage":0.0,"enemies":"Gremlin Gang","floor":65.0,"turns":2.0},{"damage":84.0,"enemies":"Hexaghost","floor":67.0,"turns":6.0},{"damage":0.0,"enemies":"Spheric Guardian","floor":69.0,"turns":2.0},{"damage":14.0,"enemies":"3 Byrds","floor":75.0,"turns":4.0},{"damage":64.0,"enemies":"Slavers","floor":76.0,"turns":6.0},{"damage":28.0,"enemies":"Snecko","floor":77.0,"turns":5.0},{"damage":27.0,"enemies":"Book of Stabbing","floor":78.0,"turns":6.0},{"damage":12.0,"enemies":"Snake Plant","floor":81.0,"turns":4.0},{"damage":11,"enemies":"Sentry and Sphere","floor":83,"turns":4},{"damage":0,"enemies":"Snecko","floor":84,"turns":2},{"damage":175,"enemies":"LordOfAnnihilation","floor":86,"turns":7}],"seed_played":"4204995461648688343","potions_obtained":[{"floor":2.0,"key":"Elixir"},{"floor":14.0,"key":"SpeedPotion"},{"floor":16.0,"key":"SpeedPotion"},{"floor":20.0,"key":"Doom Potion"},{"floor":27.0,"key":"Fruit Juice"},{"floor":29.0,"key":"Reflective Coating"},{"floor":34.0,"key":"Fruit Juice"},{"floor":35.0,"key":"SkillPotion"},{"floor":42.0,"key":"Swift Potion"},{"floor":47.0,"key":"Fire Potion"},{"floor":48.0,"key":"Fire Potion"},{"floor":57.0,"key":"Adrenaline Potion"},{"floor":77.0,"key":"EssenceOfSteel"}],"is_trial":false,"path_per_floor":["M","M","?","?","?","E","M","$","T","R","?","?","$","M","R","B",null,"M","?","?","M","AVR","R","M","M","T","M","R","E","M","?","R_BF","B",null,"M","?","M","M","?","R","AVR","M","T","$","M","M","NM","M","R","B",null,"M","?","M","T","M","E","R","?","T","?","M","R","T","M","R","B",null,"M","?","?","$","PTL","PTL","M","E","M","E","T","R","M","?","M","M","R","B"],"character_chosen":"HERMIT","items_purchased":["hubris:SlimyHat","hermit:Grudge","Dream Catcher","hermit:Misfire","hermit:ShadowCloak+1","Strawberry"],"campfire_rested":6,"item_purchase_floors":[8,13,44,44,72,72],"current_hp_per_floor":[73,73,73,73,73,34,28,28,36,63,45,45,45,42,69,11,91,91,91,55,51,51,51,44,45,50,54,86,81,81,81,81,4,123,125,125,107,44,44,82,82,73,73,73,32,32,78,78,78,34,135,135,135,135,135,135,135,135,135,135,135,134,134,134,136,136,54,141,143,143,143,150,150,150,138,76,51,29,29,81,74,77,73,78,120,0,0],"gold":664,"neow_bonus":"ONE_RARE_RELIC","is_daily":false,"chose_seed":false,"campfire_upgraded":1,"win_rate":0.0,"timestamp":1612837842,"path_taken":["M","M","?","?","?","E","M","$","T","R","?","?","?","?","R","BOSS","M","?","?","M","AVR","R","M","M","T","?","R","E","M","?","R_BF","BOSS","M","?","M","M","?","R","AVR","M","T","$","M","?","NM","M","R","BOSS","M","?","M","?","?","E","R","?","T","?","M","R","?","M","R","BOSS","M","?","?","$","PTL","PTL","M","E","M","E","T","R","M","?","M","M","R","BOSS"],"items_purchased_type":["Relic","Card","Relic","Card","Card","Relic"],"build_version":"2020-12-22","purchased_purges":5,"victory":false,"max_hp_per_floor":[83,83,83,83,83,83,83,83,91,91,91,91,91,91,91,91,91,91,91,91,93,93,93,95,97,102,109,109,111,111,111,111,113,123,125,125,127,127,127,127,127,127,127,127,129,129,131,133,133,135,135,135,135,135,135,135,135,135,135,135,135,137,137,137,139,139,141,141,143,143,143,150,150,150,152,156,159,164,164,167,172,123,128,133,136,138,138],"card_choices":[{"not_picked":["hermit:DeadMansHand","hermit:CalledShot"],"picked":"hermit:BodyArmor","floor":1.0},{"not_picked":["hermit:FullyLoaded","hermit:ItchyTrigger"],"picked":"hermit:WideOpen","floor":2.0},{"not_picked":["hermit:CursedWeapon","hermit:Headshot","TheCursedMod:CursedMace"],"picked":"hermit:Misfire","floor":6.0},{"not_picked":["hermit:ItchyTrigger","hermit:Combo","TheCursedMod:TroublousMinions"],"picked":"hermit:Quickdraw","floor":7.0},{"not_picked":["hermit:CalledShot","hermit:ItchyTrigger","hermit:Feint","TheCursedMod:TacticalStrike"],"picked":"SKIP","floor":14.0},{"not_picked":["hermit:FatalDesire","hermit:Gambit","hermit:Magnum"],"picked":"TheCursedMod:AntiAging","floor":16.0},{"not_picked":["Exchange","Replay:Light Bash","hermit:Snapshot"],"picked":"theWildCard:CallToAdventure","floor":17.0},{"not_picked":["hermit:Magnum","hermit:HighNoon","hermit:HeroicBravado"],"picked":"hermit:FinalCanter","floor":17.0},{"not_picked":["Trip","Replay:BasicMightCard","PanicButton"],"picked":"Finesse","floor":17.0},{"not_picked":["ReplayTheSpireMod:Chaos Vortex","ReplayTheSpireMod:Echoes of Time","infinitespire:DeathsTouch"],"picked":"infinitespire:Punishment","floor":17.0},{"not_picked":["hermit:Showdown+1","hermit:Combo+1","TheCursedMod:RavingStaff"],"picked":"hermit:LowProfile+1","floor":18.0},{"not_picked":["hermit:ItchyTrigger","hermit:GhostlyPresence+1","hubris:SpiceAddiction"],"picked":"TheCursedMod:RapidMovement","floor":20.0},{"not_picked":["hermit:WideOpen","hermit:ItchyTrigger","hermit:Midnight"],"picked":"TheCursedMod:Obscuration","floor":21.0},{"not_picked":["hermit:Manifest","hermit:Maintenance","hubris:SpiceAddiction"],"picked":"TheCursedMod:SurpriseAttack","floor":24.0},{"not_picked":["hermit:Maintenance","hermit:Headshot","hermit:WideOpen","TheCursedMod:TacticalStrike"],"picked":"SKIP","floor":25.0},{"not_picked":["hermit:Vantage","hubris:SpiceAddiction","hermit:LowProfile"],"picked":"TheCursedMod:Obscuration","floor":27.0},{"not_picked":["hermit:Headshot","hermit:HeroicBravado","TheCursedMod:CursedMace"],"picked":"hermit:Manifest","floor":29.0},{"not_picked":["hermit:CalledShot+1","hermit:Dive","hermit:Headshot"],"picked":"TheCursedMod:CursedArmor","floor":30.0},{"not_picked":["hermit:DeadOrAlive","hermit:Adapt+1","hermit:EternalForm+1"],"picked":"TheCursedMod:VoidForm","floor":33.0},{"not_picked":["hermit:Vantage+1","hermit:HighCaliber","TheCursedMod:CircleOfAmplification"],"picked":"hermit:Determination+1","floor":34.0},{"not_picked":["hermit:EyeOfTheStorm","hermit:Maintenance","hermit:FlashPowder"],"picked":"TheCursedMod:LuckyCharm","floor":35.0},{"not_picked":["hermit:GhostlyPresence+1","hermit:Feint","hermit:Gestalt","TheCursedMod:Obscuration"],"picked":"SKIP","floor":37.0},{"not_picked":["hermit:Misfire+1","hermit:PistolWhip","TheCursedMod:VitalStrike"],"picked":"hermit:HoleUp+1","floor":38.0},{"not_picked":["hermit:Combo+1","hermit:HighCaliber+1","TheCursedMod:CursedBlade"],"picked":"hermit:Grudge+1","floor":42.0},{"not_picked":["hermit:Headshot+1","hermit:Dive+1","TheCursedMod:CursedMace"],"picked":"hermit:LowProfile+1","floor":45.0},{"not_picked":["hermit:Combo+1","hermit:TakeCover","hermit:WideOpen"],"picked":"TheCursedMod:SpitefulPlan","floor":46.0},{"not_picked":["hermit:BodyArmor","hermit:Reprieve","hermit:Vantage+1"],"picked":"TheCursedMod:CursedShiv","floor":47.0},{"not_picked":["hermit:Dive","hubris:SpiceAddiction","hermit:BodyArmor+1"],"picked":"TheCursedMod:Hemoplague","floor":48.0},{"not_picked":["hermit:BlackWind","hermit:DeadOrAlive","TheCursedMod:UltimatePain"],"picked":"hermit:EternalForm+1","floor":50.0},{"not_picked":["hermit:Enervate","hermit:Ricochet","TheCursedMod:CursedMace"],"picked":"hermit:HoleUp","floor":52.0},{"not_picked":["hubris:Fate","infinitespire:FinalStrike"],"picked":"hubris:Rewind","floor":53.0},{"not_picked":["hermit:Headshot","hermit:HighCaliber","TheCursedMod:Obscuration"],"picked":"hermit:HoleUp","floor":54.0},{"not_picked":["hermit:NoHoldsBarred","hermit:ItchyTrigger","TheCursedMod:CursedBlade"],"picked":"hermit:Desperado","floor":56.0},{"not_picked":["hermit:HighNoon+1","hermit:Adapt+1","TheCursedMod:CircleOfAmplification"],"picked":"hermit:WideOpen","floor":57.0},{"not_picked":["hermit:Vantage","hermit:Manifest","TheCursedMod:CursedBlade"],"picked":"hermit:ShadowCloak+1","floor":62.0},{"not_picked":["hermit:Quickdraw","hermit:Showdown","hermit:BodyArmor"],"picked":"TheCursedMod:WearCloak","floor":65.0},{"not_picked":["hermit:Reprieve","hermit:FatalDesire+1","TheCursedMod:CircleOfAbyss"],"picked":"hermit:EternalForm+1","floor":67.0},{"not_picked":["hermit:Gestalt","hermit:TakeCover","TheCursedMod:AshesToAshes"],"picked":"hermit:CursedWeapon+1","floor":69.0},{"not_picked":["hermit:Snipe","hermit:BigShot+1","hermit:Quickdraw"],"picked":"TheCursedMod:CursedBlade","floor":75.0},{"not_picked":["hermit:TakeCover+1","hermit:Headshot","hermit:CursedWeapon+1"],"picked":"TheCursedMod:OutForBlood","floor":76.0},{"not_picked":["hermit:Coalescence","hermit:LoneWolf","hermit:EyeOfTheStorm"],"picked":"TheCursedMod:CursedBlade","floor":77.0},{"not_picked":["hermit:HeroicBravado","hermit:Desperado+1","hermit:Quickdraw"],"picked":"TheCursedMod:RapidMovement","floor":78.0},{"not_picked":["hermit:Enervate","hermit:TrackingShot","TheCursedMod:Wield"],"picked":"hermit:HoleUp","floor":80.0},{"not_picked":["hermit:CursedWeapon","hubris:SpiceAddiction","TheCursedMod:Torture"],"picked":"hermit:LowProfile+1","floor":81.0},{"not_picked":["hermit:Snipe","hermit:Gestalt","hermit:BodyArmor"],"picked":"TheCursedMod:SpreadPlague","floor":83},{"not_picked":["hermit:Dive","hermit:Feint+1","hermit:Deadeye"],"picked":"TheCursedMod:ShockAndAwe","floor":84},{"not_picked":["hubris:SpiceAddiction","hermit:SprayPray","hermit:Combo+1"],"picked":"TheCursedMod:CursedShiv","floor":85}],"player_experience":549053,"relics_obtained":[{"floor":6.0,"key":"Pondfish Scales"},{"floor":9.0,"key":"hubris:Spice"},{"floor":20.0,"key":"ReplayTheSpireMod:Ninjato"},{"floor":26.0,"key":"Durian"},{"floor":29.0,"key":"Frozen Egg 2"},{"floor":43.0,"key":"infinitespire:CursedDice"},{"floor":47.0,"key":"Pocketwatch"},{"floor":49.0,"key":"Smiling Mask"},{"floor":55.0,"key":"hubris:DeckOfHolding"},{"floor":57.0,"key":"infinitespire:Eraser"},{"floor":58.0,"key":"Bottled Lightning"},{"floor":63.0,"key":"infinitespire:FocusingShard"},{"floor":64.0,"key":"Replay:Accelerometer"},{"floor":76.0,"key":"Mercury Hourglass"},{"floor":78.0,"key":"Replay:Ringing Soul"},{"floor":79.0,"key":"Anchor"}],"event_choices":[{"damage_healed":0.0,"max_hp_gain":0.0,"max_hp_loss":0.0,"gold_gain":0.0,"event_name":"Golden Idol","player_choice":"Take Wound","floor":5.0,"gold_loss":0.0,"damage_taken":0.0,"relics_obtained":["Golden Idol"],"cards_obtained":["Injury"]},{"damage_healed":0.0,"max_hp_gain":0.0,"max_hp_loss":0.0,"gold_gain":0.0,"event_name":"Shining Light","player_choice":"Entered Light","floor":11.0,"gold_loss":0.0,"damage_taken":18.0,"cards_upgraded":["hermit:Quickdraw","hermit:Strike_Hermit"]},{"damage_healed":0.0,"max_hp_gain":0.0,"max_hp_loss":0.0,"gold_gain":175.0,"event_name":"Liars Game","player_choice":"AGREE","floor":12.0,"gold_loss":0.0,"damage_taken":0.0,"cards_obtained":["Doubt"]},{"damage_healed":0.0,"max_hp_gain":0.0,"max_hp_loss":0.0,"gold_gain":0.0,"event_name":"Tomb of Lord Red Mask","player_choice":"Ignored","floor":36.0,"gold_loss":0.0,"damage_taken":0.0},{"damage_healed":0.0,"max_hp_gain":0.0,"max_hp_loss":0.0,"gold_gain":0.0,"event_name":"NoteForYourself","player_choice":"Ignored","floor":39.0,"gold_loss":0.0,"damage_taken":0.0},{"damage_healed":0.0,"max_hp_gain":0.0,"max_hp_loss":0.0,"gold_gain":0.0,"event_name":"Big Fish","player_choice":"Box","floor":61.0,"gold_loss":0.0,"damage_taken":0.0,"relics_obtained":["MawBank"],"cards_obtained":["Regret"]},{"damage_healed":0.0,"max_hp_gain":0.0,"max_hp_loss":52.0,"gold_gain":0.0,"event_name":"Vampires","player_choice":"Became a vampire","floor":82.0,"gold_loss":0.0,"damage_taken":0.0,"cards_obtained":["Bite","Bite","Bite","Bite","Bite"]}],"is_beta":false,"boss_relics":[{"not_picked":["Fusion Hammer","hubris:RunicObelisk"],"picked":"ReplayTheSpireMod:SealedPack"},{"not_picked":["hubris:Spice","Busted Crown"],"picked":"Tiny House"},{"not_picked":["hubris:Spice","Painkiller Herb"],"picked":"ChewingGum"},{"not_picked":["Fusion Hammer","Kintsugi"],"picked":"Ring of Chaos"}],"items_purged_floors":[13,22,41,44,72],"is_endless":true,"potions_floor_spawned":[2,14,16,24,27,29,35,42,47,48,57,67,69,77,78],"killed_by":"LordOfAnnihilation","ascension_level":0}}