{"host":"1xo5g347e5o4auts","time":1612866031,"event":{"mods":["BaseMod","Minty Spire (QoL Compilation)","Permanent Neow","StSLib"],"gold_per_floor":[118,118,139,159,183,183,214,19,69,81,107,153,165,192,204,312,324,354,416,478,565,596,646,658,62,62,96,120,120,154,52,52,148,148,168,186,236,261,311,352,402,402],"floor_reached":41,"language":"ENG","playtime":1196,"items_purged":["Strike_R","Strike_R"],"score":1082,"play_id":"13a5eab1-b3ff-448c-ae7d-50b73c461cb2","local_time":"20210209122031","is_ascension_mode":true,"campfire_choices":[{"data":"Bash","floor":6.0,"key":"SMITH"},{"data":"Whirlwind","floor":10.0,"key":"SMITH"},{"data":"Disarm","floor":15.0,"key":"SMITH"},{"data":"Limit Break","floor":24.0,"key":"SMITH"},{"data":"Disarm","floor":29.0,"key":"SMITH"},{"data":"Feel No Pain","floor":32.0,"key":"SMITH"}],"circlet_count":0,"master_deck":["AscendersBane","Strike_R","Strike_R","Strike_R","Defend_R","Defend_R","Defend_R","Defend_R","Bash+1","Clothesline","Anger","Whirlwind+1","Disarm+1","Feel No Pain+1","Shockwave","Limit Break+1","Feed","Disarm","Second Wind","Disarm+1","Headbutt","Sword Boomerang","Demon Form+1","Armaments+1"],"relics":["Black Blood","Magic Flower","Golden Idol","Bottled Flame","MawBank","Bag of Preparation","SsserpentHead","MutagenicStrength","Strawberry","ClockworkSouvenir","Pen Nib","Eternal Feather","WingedGreaves","Gremlin Horn","Mark of Pain","Torii"],"acts_visited":["Exordium","TheCity","TheBeyond"],"potions_floor_usage":[33,38],"damage_taken":[{"damage":4.0,"enemies":"2 Louse","floor":1.0,"turns":3.0},{"damage":7.0,"enemies":"Cultist","floor":3.0,"turns":4.0},{"damage":4.0,"enemies":"Jaw Worm","floor":4.0,"turns":3.0},{"damage":19.0,"enemies":"Exordium Thugs","floor":5.0,"turns":6.0},{"damage":26.0,"enemies":"Gremlin Nob","floor":7.0,"turns":4.0},{"damage":10.0,"enemies":"Looter","floor":11.0,"turns":4.0},{"damage":16.0,"enemies":"Lagavulin","floor":12.0,"turns":6.0},{"damage":0.0,"enemies":"Lots of Slimes","floor":14.0,"turns":1.0},{"damage":27.0,"enemies":"The Guardian","floor":16.0,"turns":15.0},{"damage":15.0,"enemies":"3 Byrds","floor":18.0,"turns":6.0},{"damage":29.0,"enemies":"Shell Parasite","floor":21.0,"turns":7.0},{"damage":44.0,"enemies":"Shelled Parasite and Fungi","floor":22.0,"turns":7.0},{"damage":10.0,"enemies":"Gremlin Leader","floor":23.0,"turns":7.0},{"damage":51.0,"enemies":"Slavers","floor":27.0,"turns":4.0},{"damage":3.0,"enemies":"Snake Plant","floor":28.0,"turns":5.0},{"damage":19.0,"enemies":"Gremlin Leader","floor":30.0,"turns":7.0},{"damage":71,"enemies":"Automaton","floor":33,"turns":8},{"damage":17,"enemies":"3 Darklings","floor":35,"turns":6},{"damage":34,"enemies":"Orb Walker","floor":36,"turns":6},{"damage":50,"enemies":"Spire Growth","floor":38,"turns":6},{"damage":25,"enemies":"Reptomancer","floor":40,"turns":7},{"damage":36,"enemies":"3 Darklings","floor":41,"turns":4}],"seed_played":"-8973836632114991917","potions_obtained":[{"floor":1.0,"key":"SpeedPotion"},{"floor":7.0,"key":"AttackPotion"},{"floor":11.0,"key":"LiquidMemories"},{"floor":21.0,"key":"LiquidBronze"},{"floor":22.0,"key":"Fruit Juice"},{"floor":30.0,"key":"CultistPotion"},{"floor":33,"key":"Energy Potion"},{"floor":36,"key":"Block Potion"},{"floor":40,"key":"HeartOfIron"}],"is_trial":false,"path_per_floor":["M","?","M","M","M","R","E","$","T","R","M","E","?","M","R","B",null,"M","?","?","M","M","E","R","$","T","E","M","R","E","$","R","B",null,"M","M","?","M","?","E","M"],"character_chosen":"IRONCLAD","items_purchased":["Disarm","Feel No Pain","Shockwave","ClockworkSouvenir","Pen Nib","Eternal Feather","Sword Boomerang"],"campfire_rested":0,"item_purchase_floors":[8,8,8,25,25,25,31],"current_hp_per_floor":[68,62,62,62,52,52,35,35,35,35,34,27,27,36,36,18,51,59,59,59,53,32,52,52,52,52,32,52,64,68,68,80,27,78,84,68,68,36,36,35,0,0],"gold":402,"neow_bonus":"ONE_RARE_RELIC","is_daily":false,"chose_seed":false,"campfire_upgraded":6,"win_rate":0.0,"timestamp":1612866031,"path_taken":["M","?","M","M","M","R","E","$","T","R","M","E","?","M","R","BOSS","M","?","?","?","M","E","R","?","T","E","M","R","E","?","R","BOSS","M","M","?","M","?","E","?"],"items_purchased_type":["Card","Card","Card","Relic","Relic","Relic","Card"],"build_version":"2020-12-22","purchased_purges":2,"victory":false,"max_hp_per_floor":[68,62,62,62,62,62,62,62,62,62,62,62,62,62,62,62,62,65,65,65,68,71,81,81,81,81,89,92,92,95,95,95,95,95,98,98,93,93,93,97,97,97],"card_choices":[{"not_picked":["Rupture","Iron Wave"],"picked":"Clothesline","floor":1.0},{"not_picked":["Body Slam","Sword Boomerang"],"picked":"Anger","floor":3.0},{"not_picked":["Barricade","Sword Boomerang"],"picked":"Whirlwind","floor":4.0},{"not_picked":["Flex","Thunderclap","Warcry"],"picked":"SKIP","floor":5.0},{"not_picked":["Flex","Thunderclap","Warcry"],"picked":"SKIP","floor":5.0},{"not_picked":["Reckless Charge","Dual Wield","Sever Soul"],"picked":"SKIP","floor":7.0},{"not_picked":["Flex","Pommel Strike","Cleave"],"picked":"SKIP","floor":11.0},{"not_picked":["Shrug It Off","Flex"],"picked":"Limit Break","floor":12.0},{"not_picked":["Twin Strike","Body Slam","Cleave"],"picked":"SKIP","floor":14.0},{"not_picked":["Juggernaut","Reaper"],"picked":"Feed","floor":16.0},{"not_picked":["Armaments","Anger","Fire Breathing+1"],"picked":"SKIP","floor":18.0},{"not_picked":["Uppercut","Entrench","Wild Strike"],"picked":"SKIP","floor":21.0},{"not_picked":["Flex","Iron Wave"],"picked":"Second Wind","floor":22.0},{"not_picked":["Rupture","Twin Strike+1"],"picked":"Disarm","floor":23.0},{"not_picked":["True Grit","Body Slam+1","Clothesline+1"],"picked":"SKIP","floor":27.0},{"not_picked":["Headbutt","Cleave","Twin Strike"],"picked":"SKIP","floor":28.0},{"not_picked":["Pommel Strike","Wild Strike"],"picked":"Headbutt","floor":30.0},{"not_picked":["Feed","Juggernaut"],"picked":"Demon Form","floor":33},{"not_picked":["Cleave","Intimidate","Headbutt"],"picked":"SKIP","floor":35},{"not_picked":["Power Through","Sever Soul","Armaments"],"picked":"SKIP","floor":36},{"not_picked":["True Grit","Clothesline"],"picked":"Armaments+1","floor":38},{"not_picked":["Clash","Anger+1","Headbutt"],"picked":"SKIP","floor":40}],"player_experience":1466168,"relics_obtained":[{"floor":7.0,"key":"Bottled Flame"},{"floor":9.0,"key":"MawBank"},{"floor":12.0,"key":"Bag of Preparation"},{"floor":23.0,"key":"Strawberry"},{"floor":27.0,"key":"WingedGreaves"},{"floor":30.0,"key":"Gremlin Horn"},{"floor":40,"key":"Torii"}],"event_choices":[{"damage_healed":0.0,"max_hp_gain":0.0,"max_hp_loss":6.0,"gold_gain":0.0,"event_name":"Golden Idol","player_choice":"Lose Max HP","floor":2.0,"gold_loss":0.0,"damage_taken":0.0,"relics_obtained":["Golden Idol"]},{"damage_healed":0.0,"max_hp_gain":0.0,"max_hp_loss":0.0,"gold_gain":0.0,"event_name":"FaceTrader","player_choice":"Trade","floor":13.0,"gold_loss":0.0,"damage_taken":0.0,"relics_obtained":["SsserpentHead"]},{"damage_healed":0.0,"max_hp_gain":0.0,"max_hp_loss":0.0,"gold_gain":0.0,"event_name":"The Library","player_choice":"Read","floor":19.0,"gold_loss":0.0,"damage_taken":0.0,"cards_obtained":["Disarm"]},{"damage_healed":0.0,"max_hp_gain":0.0,"max_hp_loss":0.0,"gold_gain":0.0,"event_name":"Drug Dealer","player_choice":"Inject Mutagens","floor":20.0,"gold_loss":0.0,"damage_taken":0.0,"relics_obtained":["MutagenicStrength"]},{"damage_healed":0,"gold_gain":0,"player_choice":"Max HP","damage_taken":0,"max_hp_gain":0,"max_hp_loss":5,"event_name":"Winding Halls","floor":37,"gold_loss":0},{"damage_healed":0,"gold_gain":0,"player_choice":"Upgraded","damage_taken":0,"max_hp_gain":0,"max_hp_loss":0,"event_name":"Upgrade Shrine","floor":39,"gold_loss":0,"cards_upgraded":["Demon Form"]}],"is_beta":false,"boss_relics":[{"not_picked":["Runic Dome","Ectoplasm"],"picked":"Black Blood"},{"not_picked":["Empty Cage","Tiny House"],"picked":"Mark of Pain"}],"items_purged_floors":[25,31],"is_endless":false,"potions_floor_spawned":[1,7,11,12,14,21,22,30,33,36,40],"killed_by":"3 Darklings","ascension_level":20}}