{"host":"fhyqvp7txwl2j5aw","time":1612849952,"event":{"mods":["AchievementEnabler","BaseMod","Better Altar","Better Match","Better Note","Better Sensory Stone","Better Skull","Better Third Choice","Card Forge","Colored Map","Colored Powertips","Highlight Path","Minty Spire (QoL Compilation)","Rare Cards Sparkle","Relic Filter Mod","StSLib","Transform Curses"],"gold_per_floor":[114,114,289,361,361,361,395,407,407,150,163,175,190,222,222,327,327,347,358,358,358,368,401,419,419,419,447,461,461,164,164,164,268,268,288,288,306,306,134,134,187,206,229,278,289,289,300,350,350,350],"floor_reached":51,"language":"JPN","playtime":4409,"items_purged":[],"score":870,"play_id":"6ae5ed20-d1ff-4f4d-85bf-2bd11a108ae3","local_time":"20210209145232","is_ascension_mode":false,"campfire_choices":[{"floor":6,"key":"REST"},{"floor":15,"key":"REST"},{"floor":29,"key":"REST"},{"floor":32,"key":"REST"},{"floor":40,"key":"REST"},{"floor":49,"key":"REST"}],"circlet_count":0,"master_deck":["Zap+1","Dualcast+1","Hello World+1","White Noise+1","White Noise+1","Leap+1","Streamline+1","Creative AI+1","Conserve Battery+1","Amplify+1","Seek+1","Seek+1","Darkness+1","Seek+1","Self Repair+1","Reinforced Body+1","Fusion+1","Genetic Algorithm+1","Creative AI+1","Force Field+1","Double Energy+1","Recycle+1","Conserve Battery+1","Glacier+1","Leap+1","Reboot+1","Thunder Strike+1","Ball Lightning+1","Madness+1","Madness+1","Mayhem+1","Transmutation+1"],"relics":["Cracked Core","Hammer of Thor","Seething Fire","Anvil of the Gods","NeowsBlessing","Darkstone Periapt","Pantograph","betterAltar:BloodRelic","Mummified Hand","Blue Candle","Bronze Scales","Black Star","Calipers","Pen Nib","WingedGreaves","Ice Cream","MealTicket","Centennial Puzzle","ClockworkSouvenir","Omamori","Cursed Key","Anchor","Happy Flower","Gambling Chip","StoneCalendar"],"acts_visited":["Exordium","TheCity","TheBeyond"],"potions_floor_usage":[14,14,13027,27],"damage_taken":[{"damage":0,"enemies":"Cultist","floor":1,"turns":1},{"damage":0,"enemies":"Lagavulin","floor":7,"turns":1},{"damage":0,"enemies":"Jaw Worm","floor":8,"turns":1},{"damage":2,"enemies":"Small Slimes","floor":11,"turns":2},{"damage":18,"enemies":"Exordium Wildlife","floor":12,"turns":3},{"damage":7,"enemies":"3 Louse","floor":13,"turns":2},{"damage":0,"enemies":"Gremlin Nob","floor":14,"turns":3},{"damage":33,"enemies":"Hexaghost","floor":16,"turns":5},{"damage":0,"enemies":"3 Byrds","floor":18,"turns":2},{"damage":0,"enemies":"2 Thieves","floor":19,"turns":2},{"damage":32,"enemies":"Snake Plant","floor":22,"turns":2},{"damage":23,"enemies":"Book of Stabbing","floor":23,"turns":4},{"damage":0,"enemies":"Centurion and Healer","floor":24,"turns":7},{"damage":27,"enemies":"Slavers","floor":27,"turns":7},{"damage":0,"enemies":"3 Cultists","floor":28,"turns":4},{"damage":0,"enemies":"Collector","floor":33,"turns":6},{"damage":0,"enemies":"Orb Walker","floor":35,"turns":2},{"damage":16,"enemies":"3 Shapes","floor":37,"turns":3},{"damage":0,"enemies":"Sphere and 2 Shapes","floor":42,"turns":4},{"damage":0,"enemies":"2 Orb Walkers","floor":44,"turns":3},{"damage":17,"enemies":"Transient","floor":45,"turns":5},{"damage":0,"enemies":"Jaw Worm Horde","floor":47,"turns":4},{"damage":4,"enemies":"Mind Bloom Boss Battle","floor":48,"turns":5},{"damage":11,"enemies":"Awakened One","floor":50,"turns":8}],"seed_played":"-1650840271249922224","potions_obtained":[{"floor":7,"key":"EntropicBrew"},{"floor":11,"key":"Explosive Potion"},{"floor":12,"key":"Fire Potion"},{"floor":14,"key":"Energy Potion"},{"floor":19,"key":"BlessingOfTheForge"},{"floor":33,"key":"GamblersBrew"}],"is_trial":false,"path_per_floor":["M","T","?","T","$","R","E","M","T","$","M","M","M","E","R","B",null,"M","M","?","?","M","E","M","?","T","E","M","R","$","T","R","B",null,"M","?","M","?","$","R","T","M","T","?","M","?","M","?","R","B",null],"character_chosen":"DEFECT","items_purchased":["Blue Candle","Centennial Puzzle","ClockworkSouvenir","Mayhem"],"campfire_rested":6,"item_purchase_floors":[10,30,30,39],"current_hp_per_floor":[75,75,81,81,81,81,81,81,81,81,79,63,58,60,81,48,81,81,81,81,81,49,38,50,27,27,41,55,79,81,81,81,81,81,81,78,75,65,80,81,81,81,81,81,64,64,69,81,81,80],"gold":350,"neow_bonus":"THREE_ENEMY_KILL","is_daily":false,"chose_seed":false,"campfire_upgraded":0,"win_rate":0.0,"timestamp":1612849952,"path_taken":["M","?","?","?","$","R","E","M","T","$","M","M","?","E","R","BOSS","M","M","?","?","M","E","M","?","T","E","M","R","$","?","R","BOSS","M","?","?","?","$","R","?","?","T","?","M","?","M","?","R","BOSS"],"items_purchased_type":["Relic","Relic","Relic","Card"],"build_version":"2020-12-22","purchased_purges":0,"victory":true,"max_hp_per_floor":[75,75,81,81,81,81,81,81,81,81,81,81,81,81,81,81,81,81,81,81,81,81,81,81,81,81,81,81,81,81,81,81,81,81,81,81,81,81,81,81,81,81,81,81,81,81,81,81,81,81],"card_choices":[{"not_picked":["Cold Snap","Stack"],"picked":"Hello World","floor":1},{"not_picked":["Stack","Barrage"],"picked":"Leap","floor":7},{"not_picked":["Scrape","Steam Power"],"picked":"Streamline","floor":8},{"not_picked":["Streamline","Leap","Hologram"],"picked":"SKIP","floor":11},{"not_picked":["Lockon","Go for the Eyes"],"picked":"Rip and Tear","floor":12},{"not_picked":["Fusion","Stack"],"picked":"Conserve Battery","floor":13},{"not_picked":["Beam Cell","Darkness"],"picked":"Amplify","floor":14},{"not_picked":["Rainbow","Electrodynamics"],"picked":"Seek","floor":16},{"not_picked":["Self Repair+1","Chaos+1"],"picked":"Fusion+1","floor":18},{"not_picked":["Blizzard","Gash"],"picked":"Genetic Algorithm","floor":19},{"not_picked":["Redo","Cold Snap+1"],"picked":"Sweeping Beam","floor":22},{"not_picked":["Barrage","Tempest","Fusion+1"],"picked":"SKIP","floor":23},{"not_picked":["Gash","Blizzard","Cold Snap+1"],"picked":"SKIP","floor":24},{"not_picked":["Undo","Go for the Eyes"],"picked":"Reboot","floor":27},{"not_picked":["Hologram","Go for the Eyes","Darkness"],"picked":"SKIP","floor":28},{"not_picked":["Reboot","Echo Form"],"picked":"Thunder Strike","floor":33},{"not_picked":["Redo","Cold Snap"],"picked":"Ball Lightning+1","floor":35},{"not_picked":["Rip and Tear+1","Cold Snap+1","Coolheaded"],"picked":"SKIP","floor":37},{"not_picked":["Ball Lightning+1","Rip and Tear","Rebound"],"picked":"SKIP","floor":42},{"not_picked":["Self Repair","Cold Snap+1","Glacier+1"],"picked":"SKIP","floor":45},{"not_picked":["Enlightenment","Discovery"],"picked":"Transmutation","floor":46},{"not_picked":["Barrage","Hologram+1","Capacitor+1"],"picked":"SKIP","floor":47}],"player_experience":27818,"relics_obtained":[{"floor":2,"key":"Darkstone Periapt"},{"floor":4,"key":"Pantograph"},{"floor":7,"key":"Blood Vial"},{"floor":9,"key":"Mummified Hand"},{"floor":14,"key":"Bronze Scales"},{"floor":23,"key":"Calipers"},{"floor":23,"key":"Pen Nib"},{"floor":26,"key":"WingedGreaves"},{"floor":27,"key":"Ice Cream"},{"floor":27,"key":"MealTicket"},{"floor":31,"key":"Omamori"},{"floor":41,"key":"Anchor"},{"floor":43,"key":"Happy Flower"},{"floor":44,"key":"Gambling Chip"},{"floor":48,"key":"StoneCalendar"}],"event_choices":[{"damage_healed":0,"gold_gain":175,"player_choice":"AGREE","damage_taken":114,"max_hp_gain":0,"max_hp_loss":0,"event_name":"betterThird:BetterSerpent","floor":3,"gold_loss":0},{"damage_healed":0,"gold_gain":0,"player_choice":"Take","damage_taken":0,"max_hp_gain":0,"max_hp_loss":0,"event_name":"betterNote:BetterNote","floor":20,"gold_loss":0,"cards_obtained":["Creative AI"]},{"damage_healed":0,"gold_gain":0,"player_choice":"Ignored","damage_taken":0,"max_hp_gain":0,"max_hp_loss":0,"event_name":"Beggar","floor":21,"gold_loss":0},{"damage_healed":0,"gold_gain":0,"player_choice":" RottenVial Potion ","damage_taken":23,"relics_obtained":["betterAltar:BloodRelic"],"max_hp_gain":50,"max_hp_loss":27,"event_name":"betterAltar:BetterAltar","floor":25,"potions_obtained":["betterAltar:AltarPotion"],"relics_lost":["Blood Vial"],"gold_loss":0},{"damage_healed":0,"gold_gain":0,"player_choice":"Punched","damage_taken":3,"max_hp_gain":0,"max_hp_loss":0,"event_name":"Designer","floor":36,"gold_loss":0},{"damage_healed":0,"gold_gain":0,"player_choice":"Embrace Madness","damage_taken":10,"max_hp_gain":0,"max_hp_loss":0,"event_name":"Winding Halls","floor":38,"gold_loss":0,"cards_obtained":["Madness","Madness"]},{"damage_healed":0,"gold_gain":0,"player_choice":"Fight","damage_taken":0,"max_hp_gain":0,"max_hp_loss":0,"event_name":"Mysterious Sphere","floor":44,"gold_loss":0},{"damage_healed":0,"gold_gain":3,"player_choice":"1","damage_taken":0,"max_hp_gain":0,"max_hp_loss":0,"event_name":"betterStone:BetterStone","floor":46,"gold_loss":0},{"damage_healed":0,"gold_gain":0,"player_choice":"Fight","damage_taken":0,"max_hp_gain":0,"max_hp_loss":0,"event_name":"MindBloom","floor":48,"gold_loss":0}],"is_beta":false,"boss_relics":[{"not_picked":["FrozenCore","Calling Bell"],"picked":"Black Star"},{"not_picked":["Runic Pyramid","Busted Crown"],"picked":"Cursed Key"}],"items_purged_floors":[],"is_endless":false,"potions_floor_spawned":[7,11,12,14,19,24,27,28,33,37,42,48],"ascension_level":0}}