{"host":"sav7uxregyirlf69","time":1612856468,"event":{"mods":["AchievementEnabler","BaseMod","Colored Map","DeckTracker","Keyboard Shortcuts","Minty Spire (QoL Compilation)","READ ME - Guardian Mod","StSLib","SuperFastMode"],"gold_per_floor":[114,189,189,114,129,157,168,168,168,5,37,37,48,63,63,135,135,151,166,166,6,17,17,44,60,86,86,36,36,36,52,52,130,130,149,149,167,167,192,192,204,230,275,275,306,317,345,345,345,345,345,345,345,123,149,149,149],"floor_reached":56,"language":"KOR","playtime":2301,"items_purged":["Strike_G","Strike_G+1"],"score":2201,"play_id":"91912ad0-e305-47c5-a6b8-f5c4c2f15141","local_time":"20210209164108","is_ascension_mode":true,"campfire_choices":[{"data":"Crippling Poison","floor":12.0,"key":"SMITH"},{"data":"Neutralize","floor":15.0,"key":"SMITH"},{"data":"Calculated Gamble","floor":23.0,"key":"SMITH"},{"floor":27.0,"key":"REST"},{"data":"Tactician","floor":32.0,"key":"SMITH"},{"data":"Prepared","floor":40.0,"key":"SMITH"},{"floor":49.0,"key":"RECALL"},{"data":"Wraith Form v2","floor":53.0,"key":"SMITH"}],"circlet_count":0,"master_deck":["AscendersBane","Defend_G","Defend_G","Defend_G","Defend_G","Defend_G+1","Survivor","Quick Slash","Calculated Gamble+1","Dagger Throw","Crippling Poison+1","Grand Finale","Tactician+1","Footwork+1","Prepared+1","Distraction","Footwork","Wraith Form v2+1","Acrobatics","Blur+1"],"relics":["Ring of the Snake","NeowsBlessing","White Beast Statue","Ninja Scroll","ClockworkSouvenir","Pocketwatch","Runic Pyramid","TheAbacus","Lantern","Coffee Dripper","CaptainsWheel","Incense Burner","Boot","Calipers","Bird Faced Urn","Membership Card","Bronze Scales"],"acts_visited":["Exordium","TheCity","TheBeyond","TheEnding"],"potions_floor_usage":[55,56,56],"damage_taken":[{"damage":0.0,"enemies":"Small Slimes","floor":1.0,"turns":1.0},{"damage":0.0,"enemies":"Jaw Worm","floor":5.0,"turns":1.0},{"damage":0.0,"enemies":"Lagavulin","floor":6.0,"turns":1.0},{"damage":0.0,"enemies":"Cultist","floor":7.0,"turns":4.0},{"damage":6.0,"enemies":"Gremlin Nob","floor":11.0,"turns":3.0},{"damage":7.0,"enemies":"Exordium Thugs","floor":13.0,"turns":4.0},{"damage":0.0,"enemies":"Exordium Wildlife","floor":14.0,"turns":2.0},{"damage":20.0,"enemies":"Hexaghost","floor":16.0,"turns":10.0},{"damage":7.0,"enemies":"Shell Parasite","floor":18.0,"turns":4.0},{"damage":11.0,"enemies":"2 Thieves","floor":19.0,"turns":3.0},{"damage":0.0,"enemies":"Snake Plant","floor":22.0,"turns":3.0},{"damage":22.0,"enemies":"Book of Stabbing","floor":24.0,"turns":6.0},{"damage":1.0,"enemies":"Chosen and Byrds","floor":25.0,"turns":4.0},{"damage":0.0,"enemies":"3 Cultists","floor":31.0,"turns":3.0},{"damage":0.0,"enemies":"Automaton","floor":33.0,"turns":14.0},{"damage":0.0,"enemies":"3 Shapes","floor":35.0,"turns":4.0},{"damage":0.0,"enemies":"3 Darklings","floor":37.0,"turns":4.0},{"damage":0.0,"enemies":"Mind Bloom Boss Battle","floor":39.0,"turns":16.0},{"damage":14.0,"enemies":"Transient","floor":41.0,"turns":6.0},{"damage":0.0,"enemies":"Reptomancer","floor":42.0,"turns":7.0},{"damage":0.0,"enemies":"Giant Head","floor":45.0,"turns":11.0},{"damage":0.0,"enemies":"Jaw Worm Horde","floor":46.0,"turns":3.0},{"damage":18.0,"enemies":"Nemesis","floor":47.0,"turns":18.0},{"damage":5.0,"enemies":"Awakened One","floor":50.0,"turns":26.0},{"damage":2.0,"enemies":"Donu and Deca","floor":51.0,"turns":16.0},{"damage":0,"enemies":"Shield and Spear","floor":55,"turns":9},{"damage":75,"enemies":"The Heart","floor":56,"turns":14}],"seed_played":"-7655832810734192583","potions_obtained":[{"floor":6.0,"key":"Swift Potion"},{"floor":7.0,"key":"Strength Potion"},{"floor":11.0,"key":"ColorlessPotion"},{"floor":13.0,"key":"CultistPotion"},{"floor":14.0,"key":"SpeedPotion"},{"floor":16.0,"key":"Strength Potion"},{"floor":18.0,"key":"Energy Potion"},{"floor":22.0,"key":"Fire Potion"},{"floor":24.0,"key":"FearPotion"},{"floor":25.0,"key":"Energy Potion"},{"floor":31.0,"key":"Dexterity Potion"},{"floor":41.0,"key":"Dexterity Potion"},{"floor":42.0,"key":"Explosive Potion"},{"floor":47.0,"key":"GhostInAJar"},{"floor":55,"key":"Weak Potion"}],"is_trial":false,"path_per_floor":["M","?","?","$","M","E","M","?","T","$","E","R","M","M","R","B",null,"M","M","?","$","M","R","E","M","T","R","$","$","?","M","R","B",null,"M","?","M","?","?","R","M","E","T","?","E","M","E","?","R","B","B",null,"R","$","E","B"],"character_chosen":"THE_SILENT","items_purchased":["ClockworkSouvenir","TheAbacus","Prepared","Membership Card"],"campfire_rested":1,"item_purchase_floors":[10,21,28,54],"current_hp_per_floor":[59,48,28,28,28,28,28,50,50,50,44,44,37,37,37,17,54,47,36,36,36,36,36,14,13,13,32,32,32,32,32,32,32,58,58,58,58,58,58,58,44,44,44,44,44,44,26,26,26,25,29,55,55,55,61,0,0],"gold":149,"neow_bonus":"THREE_ENEMY_KILL","is_daily":false,"chose_seed":false,"campfire_upgraded":6,"win_rate":0.0,"timestamp":1612856468,"path_taken":["M","?","?","?","?","E","M","?","T","?","E","R","M","M","R","BOSS","M","M","?","$","?","R","E","M","T","R","?","$","?","M","R","BOSS","M","?","M","?","?","R","?","E","T","?","E","M","E","?","R","BOSS","BOSS","R","$","E","BOSS"],"items_purchased_type":["Relic","Relic","Card","Relic"],"build_version":"2020-12-22","purchased_purges":2,"victory":false,"max_hp_per_floor":[66,66,66,66,66,66,66,66,66,66,66,66,66,66,66,66,66,66,66,66,66,66,66,66,66,66,66,66,66,66,66,66,66,66,66,66,66,66,66,66,66,66,66,63,63,63,63,63,63,63,63,63,63,63,63,63,63],"card_choices":[{"not_picked":["Slice","Backflip"],"picked":"Quick Slash","floor":1.0},{"not_picked":["Flying Knee","Setup","Leg Sweep"],"picked":"SKIP","floor":5.0},{"not_picked":["Venomology","Distraction"],"picked":"Calculated Gamble","floor":6.0},{"not_picked":["Quick Slash","Setup"],"picked":"Dagger Throw","floor":7.0},{"not_picked":["Sucker Punch","Outmaneuver"],"picked":"Crippling Poison","floor":11.0},{"not_picked":["Phantasmal Killer","Choke","Skewer"],"picked":"SKIP","floor":13.0},{"not_picked":["Cloak And Dagger","Skewer","Dodge and Roll"],"picked":"SKIP","floor":14.0},{"not_picked":["Envenom","After Image"],"picked":"Grand Finale","floor":16.0},{"not_picked":["Bane+1","Dash","Noxious Fumes"],"picked":"SKIP","floor":18.0},{"not_picked":["Footwork","Deflect"],"picked":"Tactician","floor":19.0},{"not_picked":["Quick Slash","Blade Dance","Well Laid Plans"],"picked":"SKIP","floor":22.0},{"not_picked":["Storm of Steel","Skewer","Noxious Fumes"],"picked":"SKIP","floor":24.0},{"not_picked":["Poisoned Stab","Catalyst"],"picked":"Footwork+1","floor":25.0},{"not_picked":["Underhanded Strike","Slice","Flying Knee"],"picked":"SKIP","floor":31.0},{"not_picked":["Storm of Steel","Venomology"],"picked":"Wraith Form v2","floor":33.0},{"not_picked":["Distraction+1","Dagger Throw"],"picked":"Acrobatics","floor":35.0},{"not_picked":["Skewer","Blade Dance"],"picked":"Blur+1","floor":37.0},{"not_picked":["Caltrops+1","Flying Knee","Leg Sweep"],"picked":"SKIP","floor":41.0},{"not_picked":["Choke","Eviscerate","Crippling Poison"],"picked":"SKIP","floor":42.0},{"not_picked":["Quick Slash","Slice","Corpse Explosion"],"picked":"SKIP","floor":45.0},{"not_picked":["Heel Hook","PiercingWail","Underhanded Strike"],"picked":"SKIP","floor":46.0},{"not_picked":["Slice","Riddle With Holes","Bouncing Flask+1"],"picked":"SKIP","floor":47.0},{"not_picked":["Footwork","Sucker Punch","Doppelganger"],"picked":"SKIP","floor":55}],"player_experience":1538097,"relics_obtained":[{"floor":6.0,"key":"White Beast Statue"},{"floor":9.0,"key":"Ninja Scroll"},{"floor":11.0,"key":"Pocketwatch"},{"floor":24.0,"key":"Lantern"},{"floor":39.0,"key":"CaptainsWheel"},{"floor":42.0,"key":"Incense Burner"},{"floor":43.0,"key":"Boot"},{"floor":45.0,"key":"Calipers"},{"floor":47.0,"key":"Bird Faced Urn"},{"floor":55,"key":"Bronze Scales"}],"event_choices":[{"damage_healed":0.0,"max_hp_gain":0.0,"max_hp_loss":0.0,"gold_gain":75.0,"event_name":"World of Goop","player_choice":"Gather Gold","floor":2.0,"gold_loss":0.0,"damage_taken":11.0},{"damage_healed":0.0,"max_hp_gain":0.0,"max_hp_loss":0.0,"gold_gain":0.0,"event_name":"Shining Light","player_choice":"Entered Light","floor":3.0,"gold_loss":0.0,"damage_taken":20.0,"cards_upgraded":["Strike_G","Defend_G"]},{"damage_healed":22.0,"max_hp_gain":0.0,"max_hp_loss":0.0,"gold_gain":0.0,"event_name":"Big Fish","player_choice":"Banana","floor":8.0,"gold_loss":0.0,"damage_taken":0.0},{"cards_removed":["Strike_G"],"damage_healed":0.0,"max_hp_gain":0.0,"max_hp_loss":0.0,"gold_gain":0.0,"event_name":"Bonfire Elementals","player_choice":"Offered Basic","floor":20.0,"gold_loss":0.0,"damage_taken":0.0},{"damage_healed":0.0,"max_hp_gain":0.0,"max_hp_loss":0.0,"gold_gain":0.0,"cards_transformed":["Strike_G","Strike_G"],"event_name":"Drug Dealer","player_choice":"Became Test Subject","floor":30.0,"gold_loss":0.0,"damage_taken":0.0,"cards_obtained":["Distraction","Footwork"]},{"cards_removed":["Neutralize"],"damage_healed":0.0,"max_hp_gain":0.0,"max_hp_loss":0.0,"gold_gain":0.0,"event_name":"Falling","player_choice":"Removed Attack","floor":36.0,"gold_loss":0.0,"damage_taken":0.0},{"damage_healed":0.0,"max_hp_gain":0.0,"max_hp_loss":0.0,"gold_gain":0.0,"event_name":"Tomb of Lord Red Mask","player_choice":"Ignored","floor":38.0,"gold_loss":0.0,"damage_taken":0.0},{"damage_healed":0.0,"max_hp_gain":0.0,"max_hp_loss":0.0,"gold_gain":0.0,"event_name":"MindBloom","player_choice":"Fight","floor":39.0,"gold_loss":0.0,"damage_taken":0.0},{"damage_healed":0.0,"max_hp_gain":0.0,"max_hp_loss":3.0,"gold_gain":0.0,"event_name":"Winding Halls","player_choice":"Max HP","floor":44.0,"gold_loss":0.0,"damage_taken":0.0},{"damage_healed":0.0,"max_hp_gain":0.0,"max_hp_loss":0.0,"gold_gain":0.0,"event_name":"The Moai Head","player_choice":"Ignored","floor":48.0,"gold_loss":0.0,"damage_taken":0.0}],"is_beta":false,"boss_relics":[{"not_picked":["WristBlade","Snecko Eye"],"picked":"Runic Pyramid"},{"not_picked":["Runic Dome","SacredBark"],"picked":"Coffee Dripper"}],"items_purged_floors":[4,54],"is_endless":false,"potions_floor_spawned":[6,7,11,13,14,16,18,19,22,24,25,31,33,35,37,39,41,42,45,46,47,55],"killed_by":"The Heart","ascension_level":20}}