{"host":"11728qvdvolffudn","time":1612911989,"event":{"mods":["BaseMod","Block Reminder","Colored Powertips","Curses Come First","Custom Start","Displayed Cursed Tome","Highlight Path","Minty Spire (QoL Compilation)","Permanent Neow","Quick Restart","Rare Cards Sparkle","Relic Stats","StSLib","Weighted Paths"],"gold_per_floor":[110,110,121,9,23,23,23,123,197,212,387,419,419,437,437,437,437],"floor_reached":16,"language":"ENG","playtime":686,"items_purged":["Strike_R"],"score":115,"play_id":"8e8b6914-bbe6-4df4-93e7-5bacd6e811c6","local_time":"20210209230629","is_ascension_mode":true,"campfire_choices":[{"data":"Defend_R","floor":6,"key":"SMITH"},{"data":"Infernal Blade","floor":13,"key":"SMITH"},{"data":"Rupture","floor":15,"key":"SMITH"}],"circlet_count":0,"master_deck":["Strike_R","Strike_R","Strike_R","Strike_R","Defend_R","Defend_R","Defend_R","Defend_R+1","Bash","Injury","Regret","Rupture+1","Hemokinesis","Combust","Doubt","Infernal Blade+1"],"relics":["Burning Blood","Du-Vu Doll","Torii","Question Card","Strawberry"],"acts_visited":["Exordium"],"potions_floor_usage":[],"damage_taken":[{"damage":8,"enemies":"Jaw Worm","floor":1,"turns":4},{"damage":3,"enemies":"Cultist","floor":3,"turns":3},{"damage":11,"enemies":"Small Slimes","floor":5,"turns":3},{"damage":2,"enemies":"2 Fungi Beasts","floor":10,"turns":3},{"damage":40,"enemies":"Gremlin Nob","floor":12,"turns":5},{"damage":13,"enemies":"Blue Slaver","floor":14,"turns":2},{"damage":48,"enemies":"The Guardian","floor":16,"turns":5}],"seed_played":"4865320492822181942","potions_obtained":[{"floor":1,"key":"GamblersBrew"},{"floor":3,"key":"SneckoOil"},{"floor":10,"key":"Explosive Potion"},{"floor":14,"key":"Explosive Potion"}],"is_trial":false,"path_per_floor":["M","?","M","$","M","R","$","?","T","M","?","E","R","M","R","B"],"character_chosen":"IRONCLAD","items_purchased":["Hemokinesis"],"campfire_rested":0,"item_purchase_floors":[4],"current_hp_per_floor":[78,78,80,80,75,75,75,75,75,79,79,52,52,45,45,0,0],"gold":437,"neow_bonus":"ONE_RARE_RELIC","is_daily":false,"chose_seed":false,"campfire_upgraded":3,"win_rate":0.0,"timestamp":1612911989,"path_taken":["M","?","M","$","M","R","$","?","T","?","?","E","R","M","R","BOSS"],"items_purchased_type":["Card"],"build_version":"2020-12-22","purchased_purges":1,"victory":false,"max_hp_per_floor":[80,80,80,80,80,80,80,80,80,80,80,87,87,87,87,87,87],"relic_stats":{"Torii":5,"counters":[7,25],"Question Card":3,"obtain_stats":[{"Du-Vu Doll":0,"Torii":2,"Strawberry":12,"Question Card":9,"Burning Blood":0},{"Du-Vu Doll":0,"Torii":1,"Strawberry":5,"Question Card":3,"Burning Blood":0},{"Du-Vu Doll":0,"Torii":4,"Strawberry":18,"Question Card":10,"Burning Blood":0}],"Burning Blood":35},"card_choices":[{"not_picked":["True Grit","Body Slam","Perfected Strike"],"picked":"SKIP","floor":1},{"not_picked":["Feel No Pain","Anger"],"picked":"Rupture","floor":3},{"not_picked":["Rupture","Warcry","Dropkick"],"picked":"SKIP","floor":5},{"not_picked":["Pommel Strike","Pummel","Havoc"],"picked":"Combust","floor":10},{"not_picked":["Seeing Red","Heavy Blade","Havoc"],"picked":"Infernal Blade","floor":12},{"not_picked":["Iron Wave","Uppercut","Headbutt","True Grit"],"picked":"SKIP","floor":14}],"player_experience":187885,"relics_obtained":[{"floor":9,"key":"Question Card"},{"floor":12,"key":"Strawberry"}],"event_choices":[{"damage_healed":0,"gold_gain":0,"player_choice":"Box","damage_taken":0,"relics_obtained":["Torii"],"max_hp_gain":0,"max_hp_loss":0,"event_name":"Big Fish","floor":2,"gold_loss":0,"cards_obtained":["Regret"]},{"damage_healed":0,"gold_gain":100,"player_choice":"Pray","damage_taken":0,"max_hp_gain":0,"max_hp_loss":0,"event_name":"Golden Shrine","floor":8,"gold_loss":0},{"damage_healed":0,"gold_gain":175,"player_choice":"AGREE","damage_taken":0,"max_hp_gain":0,"max_hp_loss":0,"event_name":"Liars Game","floor":11,"gold_loss":0,"cards_obtained":["Doubt"]}],"is_beta":false,"boss_relics":[],"items_purged_floors":[4],"is_endless":false,"potions_floor_spawned":[1,3,10,14],"killed_by":"The Guardian","ascension_level":3}}