{"host":"2pmmafybkq7zb6na","time":1612877751,"event":{"mods":["AchievementEnabler","BaseMod","Colored Map","Highlight Path","Keyboard Shortcuts","Minty Spire (QoL Compilation)","Quick Restart","StSLib","SuperFastMode"],"gold_per_floor":[114,125,137,137,137,137,156,3,3,30,50,64,64,75,75,180,180,191,37,56,69,69,69,86,86,137,62,62,91,91,42,42,42],"floor_reached":32,"language":"KOR","playtime":1689,"items_purged":["Strike_B"],"score":314,"play_id":"f10e2b84-fca7-47f1-a5e0-b40a047e3981","local_time":"20210209223551","is_ascension_mode":true,"campfire_choices":[{"data":"Dualcast","floor":6,"key":"SMITH"},{"floor":13,"key":"REST"},{"floor":15,"key":"REST"},{"floor":23,"key":"REST"},{"data":"Hologram","floor":28,"key":"SMITH"},{"data":"Biased Cognition","floor":30,"key":"SMITH"},{"floor":32,"key":"RECALL"}],"circlet_count":0,"master_deck":["Defend_B","Defend_B","Defend_B","Defend_B","Zap","Dualcast+1","Beam Cell","Go for the Eyes","Capacitor","Coolheaded","Fusion","Hologram+1","Tempest","Conserve Battery","Recycle","Electrodynamics","Conserve Battery","Biased Cognition+1","Glacier","Compile Driver+1","Turbo"],"relics":["Cracked Core","CaptainsWheel","Torii","Inserter","Orichalcum","Turnip"],"acts_visited":["Exordium","TheCity"],"potions_floor_usage":[11,16,16,16,21],"damage_taken":[{"damage":1,"enemies":"Cultist","floor":1,"turns":3},{"damage":0,"enemies":"Small Slimes","floor":2,"turns":3},{"damage":9,"enemies":"2 Louse","floor":3,"turns":2},{"damage":1,"enemies":"Blue Slaver","floor":7,"turns":3},{"damage":20,"enemies":"Lagavulin","floor":10,"turns":7},{"damage":21,"enemies":"Lots of Slimes","floor":11,"turns":4},{"damage":1,"enemies":"Looter","floor":12,"turns":4},{"damage":8,"enemies":"2 Fungi Beasts","floor":14,"turns":5},{"damage":32,"enemies":"Hexaghost","floor":16,"turns":13},{"damage":26,"enemies":"2 Thieves","floor":18,"turns":4},{"damage":9,"enemies":"3 Byrds","floor":20,"turns":3},{"damage":1,"enemies":"3 Cultists","floor":21,"turns":4},{"damage":3,"enemies":"Chosen and Byrds","floor":24,"turns":4},{"damage":37,"enemies":"Book of Stabbing","floor":29,"turns":11}],"seed_played":"4191743866429293967","potions_obtained":[{"floor":2,"key":"Strength Potion"},{"floor":7,"key":"EssenceOfSteel"},{"floor":10,"key":"Weak Potion"},{"floor":14,"key":"DuplicationPotion"},{"floor":16,"key":"SpeedPotion"},{"floor":18,"key":"Dexterity Potion"},{"floor":24,"key":"FearPotion"}],"is_trial":false,"path_per_floor":["M","M","M","?","?","R","M","$","T","E","M","M","R","M","R","B",null,"M","$","M","M","?","R","M","?","T","?","R","E","R","$","R"],"character_chosen":"DEFECT","items_purchased":["Tempest","Orichalcum","Turbo"],"campfire_rested":3,"item_purchase_floors":[8,19,31],"current_hp_per_floor":[74,74,65,65,70,70,69,69,69,49,28,27,51,43,67,35,80,54,54,45,44,29,54,51,51,51,51,51,14,14,14,14,14],"gold":42,"neow_bonus":"THREE_CARDS","is_daily":false,"chose_seed":false,"campfire_upgraded":3,"win_rate":0.0,"timestamp":1612877751,"path_taken":["M","?","?","?","?","R","M","?","T","E","M","?","R","M","R","BOSS","M","$","M","M","?","R","M","?","T","?","R","E","R","$","R"],"items_purchased_type":["Card","Relic","Card"],"build_version":"2020-12-22","purchased_purges":1,"victory":false,"max_hp_per_floor":[75,75,75,75,80,80,80,80,80,80,80,80,80,80,80,80,80,80,80,80,80,85,85,85,85,85,85,85,85,85,85,85,85],"card_choices":[{"not_picked":["Recycle","Hologram"],"picked":"Beam Cell","floor":0},{"not_picked":["White Noise","Beam Cell"],"picked":"Go for the Eyes","floor":1},{"not_picked":["Beam Cell","Go for the Eyes"],"picked":"Capacitor","floor":2},{"not_picked":["Rip and Tear","Steam"],"picked":"Coolheaded","floor":3},{"not_picked":["Beam Cell","Barrage"],"picked":"Hologram","floor":7},{"not_picked":["Chill","Darkness"],"picked":"Conserve Battery","floor":10},{"not_picked":["Barrage","Auto Shields","Blizzard"],"picked":"SKIP","floor":11},{"not_picked":["Go for the Eyes","Cold Snap"],"picked":"Recycle","floor":12},{"not_picked":["Sweeping Beam","Streamline","Machine Learning"],"picked":"SKIP","floor":14},{"not_picked":["Fission","Meteor Strike"],"picked":"Electrodynamics","floor":16},{"not_picked":["Rebound+1","Streamline"],"picked":"Conserve Battery","floor":18},{"not_picked":["Compile Driver","Steam+1","Leap"],"picked":"SKIP","floor":20},{"not_picked":["Streamline","Leap"],"picked":"Biased Cognition","floor":21},{"not_picked":["Reprogram","Static Discharge"],"picked":"Glacier","floor":24},{"not_picked":["Leap+1","Melter"],"picked":"Compile Driver+1","floor":29}],"player_experience":130294,"relics_obtained":[{"floor":9,"key":"CaptainsWheel"},{"floor":10,"key":"Torii"},{"floor":29,"key":"Turnip"}],"event_choices":[{"damage_healed":0,"gold_gain":0,"cards_transformed":["Strike_B"],"player_choice":"Change","damage_taken":0,"max_hp_gain":0,"max_hp_loss":0,"event_name":"Living Wall","floor":4,"gold_loss":0,"cards_obtained":["Fusion"]},{"damage_healed":0,"gold_gain":0,"player_choice":"Donut","damage_taken":0,"max_hp_gain":5,"max_hp_loss":0,"event_name":"Big Fish","floor":5,"gold_loss":0},{"damage_healed":0,"gold_gain":0,"player_choice":"Shed Blood","damage_taken":20,"max_hp_gain":5,"max_hp_loss":0,"event_name":"Forgotten Altar","floor":22,"gold_loss":0},{"cards_removed":["Strike_B"],"damage_healed":0,"gold_gain":0,"player_choice":"Elegance","damage_taken":0,"max_hp_gain":0,"max_hp_loss":0,"event_name":"Back to Basics","floor":25,"gold_loss":0},{"cards_removed":["Strike_B"],"damage_healed":0,"gold_gain":0,"player_choice":"Gave Gold","damage_taken":0,"max_hp_gain":0,"max_hp_loss":0,"event_name":"Beggar","floor":27,"gold_loss":75}],"is_beta":false,"boss_relics":[{"not_picked":["Black Star","Coffee Dripper"],"picked":"Inserter"}],"items_purged_floors":[8],"is_endless":false,"potions_floor_spawned":[2,7,10,14,16,18,24],"ascension_level":4}}