{"host":"coame8l8goqx0svj","time":1612890163,"event":{"mods":["BaseMod","Downfall","Minty Spire (QoL Compilation)","StSLib"],"gold_per_floor":[99,99,99,99,99,99,99,112,146,246,346,363,263,263,282,387,387,387,402,416,416,516,529,529,529,540,540,540,540],"floor_reached":27,"language":"ENG","playtime":1797,"items_purged":[],"score":230,"play_id":"32dd47ee-59dd-49d9-87e5-617cdf0a6620","local_time":"20210209180243","is_ascension_mode":true,"campfire_choices":[{"data":"bronze:Replicate","floor":1,"key":"SMITH"},{"floor":13,"key":"REST"},{"data":"bronze:ThunderWave","floor":18,"key":"SMITH"},{"floor":25,"key":"REST"}],"circlet_count":0,"master_deck":["bronze:Defend","bronze:Defend","bronze:Defend","bronze:Replicate+1","bronze:Goto+1","bronze:Fortify+1","bronze:InfiniteBeams","bronze:InfiniteBeams","bronze:ForceShield+1","bronze:BugBarrage","Parasite","bronze:ThunderWave+1","bronze:BitShift+1","bronze:Backtrace+1","bronze:Mutator+1","bronze:Invalidate+1","bronze:BronzeOrb","bronze:BronzeOrb+1"],"relics":["bronze:BronzeCore","downfall:HeartsMalice","Nunchaku","Gremlin Horn","downfall:HeartBlessingGreen","Astrolabe","The Courier"],"acts_visited":["Exordium","TheCity"],"potions_floor_usage":[11,20,23,23],"damage_taken":[{"damage":0,"enemies":"Small Slimes","floor":2,"turns":1},{"damage":0,"enemies":"2 Louse","floor":5,"turns":1},{"damage":0,"enemies":"Cultist","floor":6,"turns":1},{"damage":6,"enemies":"Large Slime","floor":8,"turns":5},{"damage":10,"enemies":"Lagavulin","floor":9,"turns":7},{"damage":12,"enemies":"downfall:Heads","floor":11,"turns":6},{"damage":13,"enemies":"Blue Slaver","floor":12,"turns":3},{"damage":0,"enemies":"2 Fungi Beasts","floor":15,"turns":3},{"damage":23,"enemies":"IC_STATUS_ARCHETYPE","floor":16,"turns":7},{"damage":26,"enemies":"Shell Parasite","floor":19,"turns":5},{"damage":28,"enemies":"Centurion and Healer","floor":20,"turns":4},{"damage":35,"enemies":"Snecko","floor":23,"turns":4},{"damage":0,"enemies":"Cultist and Chosen","floor":26,"turns":6},{"damage":30,"enemies":"Shelled Parasite and Fungi","floor":27,"turns":3}],"seed_played":"-7661468280187292797","potions_obtained":[{"floor":9,"key":"Dexterity Potion"},{"floor":11,"key":"Fire Potion"},{"floor":12,"key":"EssenceOfSteel"},{"floor":15,"key":"sneckomod:MuddlingPotion"},{"floor":16,"key":"champ:CounterPotion"},{"floor":20,"key":"ColorlessPotion"},{"floor":23,"key":"hexamod:SoulburnPotion"}],"is_trial":false,"path_per_floor":["R","M","?","?","M","M","T","M","E","?","?","M","R","?","M","B",null,"R","M","M","?","?","M","T","R","M","M"],"character_chosen":"THE_AUTOMATON","items_purchased":[],"campfire_rested":2,"item_purchase_floors":[],"current_hp_per_floor":[70,70,70,70,70,70,70,64,54,54,42,29,50,67,67,44,70,70,44,16,39,39,4,4,25,25,0,0,0],"gold":540,"neow_bonus":"THREE_ENEMY_KILL","is_daily":false,"chose_seed":false,"campfire_upgraded":2,"win_rate":0.0,"timestamp":1612890163,"path_taken":["R","M","?","?","M","?","T","M","E","?","?","M","R","?","M","BOSS","R","M","M","?","?","M","T","R","?","M"],"items_purchased_type":[],"build_version":"2020-12-22","purchased_purges":0,"victory":false,"max_hp_per_floor":[70,70,70,70,70,70,70,70,70,70,70,70,70,70,70,70,70,70,70,70,70,70,70,70,70,70,70,70,70],"card_choices":[{"not_picked":["bronze:BuggyMess","bronze:Return"],"picked":"bronze:Fortify","floor":2},{"not_picked":["bronze:Constructor","bronze:WildBeam"],"picked":"bronze:InfiniteBeams","floor":5},{"not_picked":["bronze:Refactor","bronze:Overload"],"picked":"bronze:InfiniteBeams","floor":6},{"not_picked":["bronze:Turbo","bronze:Overload","bronze:NullPointer"],"picked":"SKIP","floor":8},{"not_picked":["bronze:AlphaBuild","bronze:CutThrough"],"picked":"bronze:ForceShield","floor":9},{"not_picked":["bronze:Fortify","bronze:CutThrough","bronze:BugBarrage"],"picked":"SKIP","floor":12},{"not_picked":["bronze:Separator","bronze:CloningBeam","bronze:DelayedSlice"],"picked":"SKIP","floor":15},{"not_picked":["bronze:Break","bronze:HyperBeam"],"picked":"bronze:ThunderWave","floor":16},{"not_picked":["bronze:Safeguard","bronze:BitShift+1"],"picked":"bronze:Invalidate+1","floor":19},{"not_picked":["bronze:Turbo","bronze:Deprecate+1","bronze:OilSpill"],"picked":"SKIP","floor":20},{"not_picked":["bronze:Separator+1","bronze:Shell"],"picked":"bronze:BronzeOrb","floor":23},{"not_picked":["bronze:Philosophize","bronze:FineTuning"],"picked":"bronze:BronzeOrb+1","floor":26}],"player_experience":1765646,"relics_obtained":[{"floor":7,"key":"Nunchaku"},{"floor":9,"key":"Gremlin Horn"},{"floor":24,"key":"The Courier"}],"event_choices":[{"damage_healed":17,"gold_gain":0,"player_choice":"Healed and dodged fight","damage_taken":0,"max_hp_gain":0,"max_hp_loss":0,"event_name":"Mushrooms","floor":14,"gold_loss":0,"cards_obtained":["Parasite"]},{"damage_healed":23,"gold_gain":0,"player_choice":"Heal","damage_taken":0,"max_hp_gain":0,"max_hp_loss":0,"event_name":"The Library","floor":21,"gold_loss":0}],"is_beta":false,"boss_relics":[{"not_picked":["Fusion Hammer","Velvet Choker"],"picked":"Astrolabe"}],"items_purged_floors":[],"is_endless":false,"potions_floor_spawned":[9,11,12,15,16,20,23],"killed_by":"Shelled Parasite and Fungi","ascension_level":2}}