{"host":"e5u7qs1emxzejr12","time":1612886569,"event":{"mods":["100% Spire Juice","2.2 Compatiblity","Act Like it!","Arknights","Ascension Unlocker","BaseMod","CapriCore","Card Forge","Colored Powertips","Custom Start","GifTheSpireLib","Highlight Path","Marisa（F雨　魔理沙）","Minty Spire (QoL Compilation)","Monster B Gone","MostiFishMod","Quick Restart","Relic Filter Mod","Reliquary","Replay The Spire","StSLib","SuperFastMode","The Animator","The Blackbeard","WarShipGirlsR/战舰少女R mod","篝火指南"],"gold_per_floor":[129,144,183,202,202,233,233,262,262,273,286,286,321,321,30,130,192,206,206,481,506,516,527,559,577,577,589,330,346,374,396,248,353,353,366,366,385,385,385,441,131,142,194,214,228,35,35,35,35,35,35,35,35,35,66,66],"floor_reached":57,"language":"ZHS","playtime":3217,"items_purged":[],"score":1313,"play_id":"bb6204c2-6bd1-41cb-9dd6-f84bdbb84493","local_time":"20210210000249","is_ascension_mode":false,"campfire_choices":[{"floor":12.0,"key":"RECALL"}],"circlet_count":0,"master_deck":["animator:DolaSchwi+1","animator:LeleiLaLalena+1","animator:TukaLunaMarceau+1","animator:Arpeggio+1","animator:Boros+1","animator:DolaSchwi+1","animator:Arpeggio+1","animator:DolaStephanie+1","animator:Aisha+1","animator:LeleiLaLalena+1","animator:Arpeggio+1","animator:Eve+1","animator:DolaStephanie+1","animator:ChlammyZell+1","animator:FielNirvalen+1","animator:Jibril+1","animator:Elesis+2","animator:Emilia+1","animator:Kagari+1","animator:Magilou+1"],"relics":["animator:LivingPicture","animator:TheMissingPiece","Hammer of Thor","Seething Fire","Anvil of the Gods","DaveBox","animator:PurgingStone","Anchor","Civilization","SynthV:TestCard","Quantum Egg","Dream Catcher","Replay:Ringing Soul","Potion Belt","Calipers","Tiny House","HornCleat","reliquary:SilkGlove","Matryoshka","Mummified Hand","reliquary:JackalopeAntler","reliquary:PartyBalloon","GreenFoldingFan","ThornShield","Torii","Frozen Egg 2","Replay:Wax Seal","Frozen Eye","Bag of Preparation","ReplayTheSpireMod:Shallot","Golden Egg"],"acts_visited":["Exordium","TheCity","TheBeyond","TheEnding"],"potions_floor_usage":[],"damage_taken":[{"damage":1.0,"enemies":"Jaw Worm","floor":1.0,"turns":3.0},{"damage":0.0,"enemies":"2 Louse","floor":2.0,"turns":3.0},{"damage":0.0,"enemies":"Small Slimes","floor":4.0,"turns":1.0},{"damage":0.0,"enemies":"Gremlin Nob","floor":6.0,"turns":3.0},{"damage":0.0,"enemies":"Exordium Thugs","floor":8.0,"turns":3.0},{"damage":0.0,"enemies":"Looter","floor":10.0,"turns":2.0},{"damage":0.0,"enemies":"Gremlin Gang","floor":11.0,"turns":2.0},{"damage":9.0,"enemies":"Lagavulin","floor":13.0,"turns":3.0},{"damage":11.0,"enemies":"Hexaghost","floor":16.0,"turns":6.0},{"damage":0.0,"enemies":"Spheric Guardian","floor":18.0,"turns":3.0},{"damage":0.0,"enemies":"Chosen","floor":21.0,"turns":3.0},{"damage":0.0,"enemies":"Centurion and Healer","floor":22.0,"turns":5.0},{"damage":0.0,"enemies":"Snecko","floor":23.0,"turns":3.0},{"damage":20.0,"enemies":"Slavers","floor":24.0,"turns":4.0},{"damage":0.0,"enemies":"Sentry and Sphere","floor":25.0,"turns":3.0},{"damage":0.0,"enemies":"3 Cultists","floor":27.0,"turns":4.0},{"damage":0.0,"enemies":"Chosen and Byrds","floor":29.0,"turns":3.0},{"damage":0.0,"enemies":"ERROR","floor":30.0,"turns":1.0},{"damage":0.0,"enemies":"Snake Plant","floor":31.0,"turns":1.0},{"damage":0.0,"enemies":"Champ","floor":33.0,"turns":3.0},{"damage":4.0,"enemies":"3 Shapes","floor":35.0,"turns":2.0},{"damage":2.0,"enemies":"3 Darklings","floor":37.0,"turns":3.0},{"damage":4.0,"enemies":"Reptomancer","floor":40.0,"turns":2.0},{"damage":2.0,"enemies":"Sphere and 2 Shapes","floor":42.0,"turns":2.0},{"damage":2.0,"enemies":"Writhing Mass","floor":44.0,"turns":2.0},{"damage":2.0,"enemies":"3 Darklings","floor":45.0,"turns":2.0},{"damage":8,"enemies":"Replay:Hell Engine","floor":50,"turns":4},{"damage":2,"enemies":"Shield and Spear","floor":55,"turns":2},{"damage":4,"enemies":"The Heart","floor":56,"turns":4}],"seed_played":"-7961575054527541170","potions_obtained":[{"floor":2.0,"key":"Fire Potion"},{"floor":13.0,"key":"Weak Potion"},{"floor":16.0,"key":"Ancient Potion"},{"floor":17.0,"key":"Flashbang"},{"floor":21.0,"key":"SpeedPotion"},{"floor":22.0,"key":"Milkshake"}],"is_trial":false,"path_per_floor":["M","M","?","M","?","E","?","M","T","M","M","R","E","?","R","B",null,"M","?","?","M","M","M","E","M","T","M","$","M","E","M","R","B",null,"M","?","M","?","?","E","R","M","T","M","M","R","?","T","R","B",null,"R","??","$","E","B",null],"character_chosen":"THE_ANIMATOR","items_purchased":["Calipers","Mummified Hand","reliquary:PartyBalloon","Torii","Replay:Wax Seal","Frozen Eye"],"campfire_rested":0,"item_purchase_floors":[15,28,32,41,46,46],"current_hp_per_floor":[66,69,69,74,74,79,76,81,81,89,97,97,96,96,96,94,126,134,121,124,132,140,149,137,145,145,153,153,161,169,177,177,185,218,226,226,235,235,235,243,243,248,248,255,263,263,256,256,276,281,281,281,281,281,286,291],"gold":66,"neow_bonus":"RANDOM_COMMON_RELIC","is_daily":false,"chose_seed":false,"campfire_upgraded":0,"win_rate":0.0,"timestamp":1612886569,"path_taken":["M","M","?","M","?","E","?","M","T","M","M","R","E","?","R","BOSS","M","?","?","?","M","M","E","M","T","?","$","M","E","M","R","BOSS","M","?","M","?","?","E","R","M","T","?","M","R","?","?","R","BOSS","R","??","$","E","BOSS"],"items_purchased_type":["Relic","Relic","Relic","Relic","Relic","Relic"],"build_version":"2020-12-22","purchased_purges":0,"victory":true,"max_hp_per_floor":[67,70,70,75,75,80,80,85,85,93,101,101,109,109,109,118,126,134,134,137,145,153,162,170,178,178,186,186,194,202,210,210,218,218,226,226,235,235,235,243,243,248,248,255,263,263,266,266,276,281,281,281,281,281,286,291],"card_choices":[{"not_picked":["animator:DwarfShaman","animator:Witch"],"picked":"animator:Geryuganshoop","floor":1.0},{"not_picked":["animator:DolaCouronne","animator:Tyuule","animator:Rena","animator:Benimaru"],"picked":"animator:LeleiLaLalena","floor":2.0},{"not_picked":["animator:Laby","animator:ChlammyZell","animator:RinTohsaka","animator:TsurugaMeisai"],"picked":"animator:TukaLunaMarceau","floor":4.0},{"not_picked":["animator:Nanami","animator:Rena","animator:Vesta","animator:Berserker"],"picked":"animator:Tet","floor":8.0},{"not_picked":["animator:Vesta","animator:Millim","animator:Saber","animator:Souei"],"picked":"animator:YaoHaDucy","floor":10.0},{"not_picked":["animator:RinTohsaka","animator:Evileye","animator:Geryuganshoop","animator:EmiyaShirou"],"picked":"animator:TsurugaMeisai","floor":11.0},{"not_picked":["animator:Tyuule","animator:TukaLunaMarceau","animator:YaoHaDucy","animator:RoryMercury"],"picked":"animator:Arpeggio","floor":13.0},{"not_picked":["animator:Shizu","animator:GoblinSlayer","animator:PinaCoLada","animator:Albedo"],"picked":"animator:Boros","floor":16.0},{"not_picked":["animator:Raven","animator:EmiyaShirou","animator:LizardPriest","animator:ShinjiMatou"],"picked":"animator:MumenRider","floor":17.0},{"not_picked":["animator:Ciel+1","animator:UneriGinkaku","animator:IzunaHatsuse","animator:RoryMercury"],"picked":"animator:DolaSchwi","floor":18.0},{"not_picked":["animator:Kaijin","animator:YaoHaDucy","animator:Jibril","animator:Chung"],"picked":"animator:HighElfArcher","floor":21.0},{"not_picked":["animator:Vesta","animator:Rider","animator:SilverFang","animator:Aisha"],"picked":"animator:Arpeggio","floor":22.0},{"not_picked":["animator:Jibril","animator:ChlammyZell","animator:Tet","animator:DolaCouronne"],"picked":"animator:DolaStephanie","floor":23.0},{"not_picked":["animator:GuildGirl","animator:Elsword","animator:Rider","animator:Boros"],"picked":"animator:Aisha","floor":24.0},{"not_picked":["animator:Tet","animator:Rider","animator:Konayuki","animator:Ara"],"picked":"animator:RinTohsaka+1","floor":25.0},{"not_picked":["animator:Ain+1","animator:Rider","animator:DolaCouronne","animator:SilverFang"],"picked":"animator:LeleiLaLalena","floor":27.0},{"not_picked":["animator:TukaLunaMarceau","animator:LeleiLaLalena","animator:YaoHaDucy","animator:RoryMercury"],"picked":"animator:Arpeggio","floor":29.0},{"not_picked":["animator:Sora","animator:TukaLunaMarceau","animator:MumenRider","animator:Archer"],"picked":"animator:Eve","floor":30.0},{"not_picked":["animator:Priestess","animator:UneriGinkaku","animator:Ara","animator:Alexander"],"picked":"animator:DolaCouronne","floor":31.0},{"not_picked":["animator:ItamiYouji","animator:Eve","animator:Shiro","animator:SwordMaiden"],"picked":"animator:HigakiRinne","floor":33.0},{"not_picked":["animator:TsurugaMeisai+1","animator:RinTohsaka+1","animator:UneriGinkaku","animator:Benimaru+1"],"picked":"animator:DolaStephanie","floor":35.0},{"not_picked":["animator:Jibril","animator:IzunaHatsuse","animator:DolaSchwi","animator:DolaStephanie"],"picked":"animator:ChlammyZell","floor":37.0},{"not_picked":["animator:Cocytus+1","animator:Geryuganshoop+1","animator:ChlammyZell+1","animator:RoryMercury"],"picked":"animator:FielNirvalen+1","floor":40.0},{"not_picked":["animator:Azekura","animator:Shuna+1","animator:Geryuganshoop","animator:MumenRider","animator:Aisha"],"picked":"SKIP","floor":42.0},{"not_picked":["animator:Shalltear+1","animator:Demiurge+1","animator:UneriGinkaku+1","animator:LeleiLaLalena+1"],"picked":"animator:Jibril","floor":44.0},{"not_picked":["animator:Elsword","animator:Ciel","animator:Aisha","animator:Add"],"picked":"animator:Elesis","floor":45},{"not_picked":["animator:Shimakaze","animator:Urushihara","animator:HarukoHaruhara","animator:NononJakuzure"],"picked":"animator:Emilia","floor":47},{"not_picked":["animator:Kira","animator:TanyaDegurechaff","animator:LimeBell","animator:MamizouFutatsuiwa"],"picked":"animator:Kagari+1","floor":47},{"not_picked":["animator:NononJakuzure","animator:Shimakaze","animator:Cirno","animator:HououinKyouma"],"picked":"animator:Magilou","floor":47},{"not_picked":["animator:Elsword+1","animator:ZankiKiguchi","animator:Lancer","animator:Illya+1","animator:Cocytus"],"picked":"SKIP","floor":55}],"player_experience":110652,"relics_obtained":[{"floor":1.0,"key":"SynthV:TestCard"},{"floor":6.0,"key":"Quantum Egg"},{"floor":9.0,"key":"Replay:Ringing Soul"},{"floor":13.0,"key":"Potion Belt"},{"floor":24.0,"key":"reliquary:SilkGlove"},{"floor":26.0,"key":"Matryoshka"},{"floor":30.0,"key":"reliquary:JackalopeAntler"},{"floor":40.0,"key":"ThornShield"},{"floor":43.0,"key":"Frozen Egg 2"},{"floor":48,"key":"Bag of Preparation"},{"floor":48,"key":"ReplayTheSpireMod:Shallot"},{"floor":55,"key":"Golden Egg"}],"event_choices":[{"damage_healed":0.0,"max_hp_gain":0.0,"max_hp_loss":0.0,"gold_gain":0.0,"event_name":"The Cleric","player_choice":"Leave","floor":5.0,"gold_loss":0.0,"damage_taken":0.0},{"damage_healed":0.0,"max_hp_gain":0.0,"max_hp_loss":0.0,"gold_gain":0.0,"event_name":"Scrap Ooze","player_choice":"Success","floor":7.0,"gold_loss":0.0,"damage_taken":3.0,"relics_obtained":["Dream Catcher"]},{"damage_healed":0.0,"max_hp_gain":0.0,"max_hp_loss":0.0,"gold_gain":0.0,"event_name":"The Woman in Blue","player_choice":"Bought 0 Potions","floor":14.0,"gold_loss":0.0,"damage_taken":0.0},{"damage_healed":0.0,"max_hp_gain":0.0,"max_hp_loss":0.0,"gold_gain":0.0,"event_name":"blackbeard:ShipwreckEvent","player_choice":"HornCleat","floor":19.0,"gold_loss":0.0,"damage_taken":0.0,"relics_obtained":["HornCleat"]},{"damage_healed":0.0,"max_hp_gain":0.0,"max_hp_loss":0.0,"gold_gain":275.0,"event_name":"Golden Shrine","player_choice":"Desecrate","floor":20.0,"gold_loss":0.0,"damage_taken":0.0,"cards_obtained":["Regret"]},{"damage_healed":0.0,"max_hp_gain":0.0,"max_hp_loss":0.0,"gold_gain":0.0,"event_name":"Tomb of Lord Red Mask","player_choice":"Ignored","floor":38.0,"gold_loss":0.0,"damage_taken":0.0},{"damage_healed":0.0,"max_hp_gain":0.0,"max_hp_loss":0.0,"gold_gain":0.0,"event_name":"SecretPortal","player_choice":"Ignored","floor":39.0,"gold_loss":0.0,"damage_taken":0.0},{"damage_healed":0,"gold_gain":0,"player_choice":"Memory 3","damage_taken":10,"max_hp_gain":0,"max_hp_loss":0,"event_name":"SensoryStone","floor":47,"gold_loss":0},{"cards_removed":["animator:HigakiRinne"],"damage_healed":10,"gold_gain":0,"player_choice":"Offered Rare","damage_taken":0,"max_hp_gain":10,"max_hp_loss":0,"event_name":"Bonfire Elementals","floor":49,"gold_loss":0}],"is_beta":false,"boss_relics":[{"not_picked":["Snecko Heart","RhineFirstAidKit"],"picked":"Tiny House"},{"not_picked":["Pandora\u0027s Box","EE1DDrone"],"picked":"GreenFoldingFan"}],"items_purged_floors":[],"is_endless":false,"potions_floor_spawned":[2,13,16,21,22,25,27,31,35,37,44,45,55],"ascension_level":0}}