{"host":"d744ndivyohnro60","time":1612839658,"event":{"mods":["BaseMod","Bestiary","Colored Powertips","Minty Spire (QoL Compilation)","Relic Stats"],"gold_per_floor":[119,6,21,33,33,33,64,77,77,77,77,111,123,7,7,107,107,120,70,70,89,100,100,111,141,141,141,141,141,141,18,18,114,114,129,29,41,41,41,41,57,57,125,125,139,159,159,176,176,176,176],"floor_reached":50,"language":"ENG","playtime":2326,"items_purged":["Strike_B","Defend_B"],"score":611,"play_id":"7c64fba3-ff77-49cc-b574-0b4fe2b84c89","local_time":"20210208220058","is_ascension_mode":true,"campfire_choices":[{"data":"Streamline","floor":6,"key":"SMITH"},{"floor":10,"key":"REST"},{"floor":15,"key":"REST"},{"data":"Consume","floor":23,"key":"SMITH"},{"floor":28,"key":"REST"},{"data":"Fission","floor":29,"key":"SMITH"},{"data":"Capacitor","floor":30,"key":"SMITH"},{"data":"Defragment","floor":32,"key":"SMITH"},{"floor":40,"key":"REST"},{"floor":49,"key":"REST"}],"circlet_count":0,"master_deck":["Strike_B","Defend_B","Defend_B","Zap","Dualcast+1","CurseOfTheBell","Streamline+1","Melter+1","Blizzard","Chill","Capacitor+1","Coolheaded+1","Consume+1","Sweeping Beam","Core Surge","Chill","Cold Snap","Compile Driver","Sweeping Beam+1","Ball Lightning","Fission+1","Defragment+1","Seek","Streamline+1","Fusion+1","Machine Learning+1","Cold Snap","Barrage","Parasite","Beam Cell","Multi-Cast"],"relics":["Calling Bell","WingedGreaves","Mercury Hourglass","Akabeko","FossilizedHelix","Kunai","Eternal Feather","Black Star","Ancient Tea Set","War Paint","Sundial","Tiny Chest","Turnip","Astrolabe","Darkstone Periapt","HornCleat"],"acts_visited":["Exordium","TheCity","TheBeyond"],"potions_floor_usage":[16,16,22,24,25,25,33,33,50,50],"damage_taken":[{"damage":1,"enemies":"Cultist","floor":1,"turns":3},{"damage":0,"enemies":"2 Louse","floor":3,"turns":1},{"damage":9,"enemies":"Small Slimes","floor":4,"turns":2},{"damage":29,"enemies":"Gremlin Nob","floor":7,"turns":4},{"damage":0,"enemies":"Blue Slaver","floor":8,"turns":2},{"damage":17,"enemies":"Lagavulin","floor":12,"turns":8},{"damage":0,"enemies":"Gremlin Gang","floor":13,"turns":3},{"damage":21,"enemies":"Hexaghost","floor":16,"turns":11},{"damage":13,"enemies":"Spheric Guardian","floor":18,"turns":4},{"damage":10,"enemies":"Shell Parasite","floor":21,"turns":4},{"damage":19,"enemies":"Snecko","floor":22,"turns":5},{"damage":9,"enemies":"Centurion and Healer","floor":24,"turns":3},{"damage":29,"enemies":"Book of Stabbing","floor":25,"turns":4},{"damage":61,"enemies":"Automaton","floor":33,"turns":10},{"damage":21,"enemies":"3 Shapes","floor":35,"turns":3},{"damage":30,"enemies":"3 Darklings","floor":37,"turns":5},{"damage":45,"enemies":"Spire Growth","floor":41,"turns":5},{"damage":25,"enemies":"Writhing Mass","floor":45,"turns":8},{"damage":14,"enemies":"3 Darklings","floor":46,"turns":6},{"damage":29,"enemies":"Maw","floor":48,"turns":9},{"damage":48,"enemies":"Donu and Deca","floor":50,"turns":7}],"seed_played":"-3612181559517515708","potions_obtained":[{"floor":4,"key":"PotionOfCapacity"},{"floor":7,"key":"SteroidPotion"},{"floor":13,"key":"SkillPotion"},{"floor":16,"key":"FearPotion"},{"floor":21,"key":"LiquidBronze"},{"floor":22,"key":"PowerPotion"},{"floor":25,"key":"Weak Potion"},{"floor":41,"key":"BlessingOfTheForge"},{"floor":48,"key":"AttackPotion"}],"is_trial":false,"path_per_floor":["M","$","M","M","?","R","E","M","T","R","?","E","M","$","R","B",null,"M","$","?","M","M","R","M","E","T","T","R","R","R","$","R","B",null,"M","$","M","$","?","R","M","?","T","T","M","M","?","M","R","B"],"character_chosen":"DEFECT","items_purchased":["Melter","Consume","Sweeping Beam","Cold Snap","Defragment","Block Potion"],"campfire_rested":5,"item_purchase_floors":[2,14,14,19,31,31],"current_hp_per_floor":[67,67,67,58,63,63,34,34,34,58,42,25,25,25,61,40,70,57,57,57,47,28,40,31,2,2,2,41,56,71,71,80,19,65,44,44,14,14,14,53,8,70,70,70,51,37,37,8,48,0,0],"gold":176,"neow_bonus":"BOSS_RELIC","is_daily":false,"chose_seed":false,"campfire_upgraded":5,"win_rate":0.0,"timestamp":1612839658,"path_taken":["M","$","?","M","?","R","E","M","T","R","?","E","M","$","R","BOSS","M","$","?","M","M","R","?","E","T","?","R","R","R","$","R","BOSS","M","$","M","$","?","R","M","?","T","?","?","M","?","M","R","BOSS"],"items_purchased_type":["Card","Card","Card","Card","Card","Potion"],"build_version":"2020-12-22","purchased_purges":2,"victory":false,"max_hp_per_floor":[75,75,75,75,80,80,80,80,80,80,80,80,80,80,80,80,80,80,80,80,80,80,80,80,80,80,80,80,80,80,80,80,80,80,80,80,80,80,80,80,80,70,70,70,76,76,76,76,76,76,76],"relic_stats":{"Darkstone Periapt":6,"counters":[21,106],"Sundial":[6],"Astrolabe":["Streamline","Fusion","Machine Learning"],"Eternal Feather":111,"Tiny Chest":1,"Turnip":[3],"Black Star":1,"Kunai":[29],"War Paint":["Coolheaded","Dualcast"],"obtain_stats":[{"Darkstone Periapt":43,"Astrolabe":34,"Eternal Feather":12,"War Paint":25,"Ancient Tea Set":20,"Akabeko":0,"Mercury Hourglass":0,"Calling Bell":0,"HornCleat":44,"Sundial":25,"Tiny Chest":26,"WingedGreaves":0,"Turnip":27,"Black Star":17,"Kunai":9,"Cracked Core":0,"FossilizedHelix":7},{"Darkstone Periapt":17,"Astrolabe":14,"Eternal Feather":6,"War Paint":13,"Ancient Tea Set":9,"Akabeko":0,"Mercury Hourglass":0,"Calling Bell":0,"HornCleat":17,"Sundial":13,"Tiny Chest":13,"WingedGreaves":0,"Turnip":13,"Black Star":8,"Kunai":5,"Cracked Core":0,"FossilizedHelix":4},{"Darkstone Periapt":77,"Astrolabe":64,"Eternal Feather":20,"War Paint":54,"Ancient Tea Set":38,"Akabeko":0,"Mercury Hourglass":0,"Calling Bell":0,"HornCleat":77,"Sundial":54,"Tiny Chest":54,"WingedGreaves":0,"Turnip":54,"Black Star":34,"Kunai":12,"Cracked Core":0,"FossilizedHelix":10}],"Mercury Hourglass":[369]},"card_choices":[{"not_picked":["Hologram","Steam Power"],"picked":"Streamline","floor":1},{"not_picked":["White Noise","Ball Lightning"],"picked":"Turbo","floor":3},{"not_picked":["Auto Shields","Cold Snap"],"picked":"Blizzard","floor":4},{"not_picked":["Storm","Lockon"],"picked":"Chill","floor":7},{"not_picked":["Hologram","Amplify"],"picked":"Capacitor","floor":8},{"not_picked":["Biased Cognition","Ball Lightning"],"picked":"Conserve Battery","floor":12},{"not_picked":["Gash","Genetic Algorithm"],"picked":"Coolheaded","floor":13},{"not_picked":["Amplify","Machine Learning"],"picked":"Core Surge","floor":16},{"not_picked":["Tempest","Doom and Gloom+1"],"picked":"Chill","floor":18},{"not_picked":["Sweeping Beam","Fusion"],"picked":"Compile Driver","floor":21},{"not_picked":["Gash","Storm+1"],"picked":"Sweeping Beam+1","floor":22},{"not_picked":["Chaos","Gash"],"picked":"Ball Lightning","floor":24},{"not_picked":["Recycle","Beam Cell+1"],"picked":"Fission","floor":25},{"not_picked":["Meteor Strike","Rainbow"],"picked":"Seek","floor":33},{"not_picked":["Chaos+1","Steam+1"],"picked":"Cold Snap","floor":35},{"not_picked":["Rebound+1","Compile Driver+1"],"picked":"Barrage","floor":37},{"not_picked":["Steam Power+1","Force Field+1","Rebound"],"picked":"SKIP","floor":41},{"not_picked":["Compile Driver","Steam","Gash+1"],"picked":"SKIP","floor":45},{"not_picked":["Compile Driver","Force Field+1"],"picked":"Beam Cell","floor":46},{"not_picked":["Barrage+1","Ball Lightning"],"picked":"Multi-Cast","floor":48}],"player_experience":223420,"relics_obtained":[{"floor":0,"key":"WingedGreaves"},{"floor":0,"key":"Mercury Hourglass"},{"floor":0,"key":"Akabeko"},{"floor":7,"key":"FossilizedHelix"},{"floor":9,"key":"Kunai"},{"floor":12,"key":"Eternal Feather"},{"floor":25,"key":"War Paint"},{"floor":25,"key":"Sundial"},{"floor":26,"key":"Tiny Chest"},{"floor":27,"key":"Turnip"},{"floor":43,"key":"Darkstone Periapt"},{"floor":44,"key":"HornCleat"}],"event_choices":[{"damage_healed":0,"gold_gain":0,"player_choice":"Donut","damage_taken":0,"max_hp_gain":5,"max_hp_loss":0,"event_name":"Big Fish","floor":5,"gold_loss":0},{"damage_healed":0,"gold_gain":0,"player_choice":"Entered Light","damage_taken":16,"max_hp_gain":0,"max_hp_loss":0,"event_name":"Shining Light","floor":11,"gold_loss":0,"cards_upgraded":["Turbo","Melter"]},{"cards_removed":["Conserve Battery"],"damage_healed":0,"gold_gain":0,"player_choice":"Gave Card","damage_taken":0,"relics_obtained":["Ancient Tea Set"],"max_hp_gain":0,"max_hp_loss":0,"event_name":"WeMeetAgain","floor":20,"gold_loss":0},{"damage_healed":0,"gold_gain":0,"player_choice":"Ignored","damage_taken":0,"max_hp_gain":0,"max_hp_loss":0,"event_name":"Mysterious Sphere","floor":39,"gold_loss":0},{"damage_healed":70,"gold_gain":0,"player_choice":"Heal","damage_taken":0,"max_hp_gain":0,"max_hp_loss":10,"event_name":"The Moai Head","floor":42,"gold_loss":0},{"cards_removed":["Turbo"],"damage_healed":0,"gold_gain":0,"player_choice":"Removed Skill","damage_taken":0,"max_hp_gain":0,"max_hp_loss":0,"event_name":"Falling","floor":47,"gold_loss":0}],"is_beta":false,"boss_relics":[{"not_picked":["Velvet Choker","Coffee Dripper"],"picked":"Black Star"},{"not_picked":["Runic Dome","SlaversCollar"],"picked":"Astrolabe"}],"items_purged_floors":[2,36],"is_endless":false,"potions_floor_spawned":[4,7,13,16,21,22,25,41,48],"killed_by":"Donu and Deca","ascension_level":6}}