{"host":"ubyp1yuphwcqvn8x","time":1612915127,"event":{"mods":["BaseMod","Colored Map","Minty Spire (QoL Compilation)","Permanent Neow","Replay The Spire","StSLib","SuperFastMode","The Construct"],"gold_per_floor":[110,110,185,185,195,195,206,61,61,61,71,101,116,150,162,274,286,318,330,342,354,377,419,431,69,93,93,93,93,18,36,63,74,74,177,177,193,193,207,223,223,223,256,256,279,40,40,40,40,68,68,68],"floor_reached":53,"language":"ENG","playtime":3165,"items_purged":["Defend_G","Injury"],"score":1006,"play_id":"a8e3fcde-847d-41b6-a0e5-10193fd9672d","local_time":"20210209185847","is_ascension_mode":true,"campfire_choices":[{"data":"Neutralize","floor":6.0,"key":"SMITH"},{"data":"Cloak And Dagger","floor":10.0,"key":"SMITH"},{"data":"Tools of the Trade","floor":15.0,"key":"SMITH"},{"data":"Storm of Steel","floor":24.0,"key":"SMITH"},{"data":"Madness","floor":29.0,"key":"SMITH"},{"data":"Calculated Gamble","floor":42,"key":"SMITH"},{"data":"Malaise","floor":44,"key":"SMITH"},{"data":"Envenom","floor":47,"key":"SMITH"},{"data":"Amnesia","floor":51,"key":"PURGE"}],"circlet_count":0,"master_deck":["Survivor","Neutralize+1","Blade Dance","ReplayTheSpireMod:Speed Training","Cloak And Dagger+1","Blade Dance","ReplayTheSpireMod:Scrap Shanks","Tools of the Trade+1","Storm of Steel+1","ReplayTheSpireMod:Exploit Weakness","Bite+1","Bite","Bite","Calculated Gamble+1","Underhanded Strike","Sneak Up+1","Panache","Madness+1","ReplayTheSpireMod:Scrap Shanks","Hidden Blade+1","Malaise+1","Finisher","Sneak Up+1","Heel Hook","Envenom+1","Madness","Madness"],"relics":["ReplayTheSpireMod:DimensionalGlitch","PreservedInsect","Snake Skull","MawBank","Empty Cage","Unceasing Top","Kunai","ReplayTheSpireMod:ShopPack","Happy Flower","Strawberry","Kintsugi","InkBottle","Nunchaku","Potion Belt","Bag of Preparation"],"acts_visited":["Exordium","TheCity","TheBeyond"],"potions_floor_usage":[],"damage_taken":[{"damage":0.0,"enemies":"Cultist","floor":1.0,"turns":5.0},{"damage":0.0,"enemies":"Small Slimes","floor":5.0,"turns":3.0},{"damage":2.0,"enemies":"Jaw Worm","floor":7.0,"turns":5.0},{"damage":0.0,"enemies":"Large Slime","floor":11.0,"turns":7.0},{"damage":20.0,"enemies":"Lagavulin","floor":12.0,"turns":8.0},{"damage":0.0,"enemies":"Blue Slaver","floor":13.0,"turns":2.0},{"damage":12.0,"enemies":"3 Sentries","floor":14.0,"turns":5.0},{"damage":17.0,"enemies":"Slime Boss","floor":16.0,"turns":7.0},{"damage":15.0,"enemies":"Spheric Guardian","floor":18.0,"turns":5.0},{"damage":13.0,"enemies":"Shell Parasite","floor":22.0,"turns":5.0},{"damage":10.0,"enemies":"Replay:Snechameleon","floor":23.0,"turns":3.0},{"damage":20.0,"enemies":"Cultist and Chosen","floor":31.0,"turns":5.0},{"damage":4.0,"enemies":"Book of Stabbing","floor":32.0,"turns":4.0},{"damage":15.0,"enemies":"Snake Plant","floor":33.0,"turns":3.0},{"damage":9.0,"enemies":"Pondfish","floor":35.0,"turns":10.0},{"damage":16,"enemies":"3 Darklings","floor":37,"turns":4},{"damage":2,"enemies":"Orb Walker","floor":39,"turns":3},{"damage":1,"enemies":"Jaw Worm Horde","floor":40,"turns":3},{"damage":1,"enemies":"R_Hoarder","floor":43,"turns":4},{"damage":1,"enemies":"Giant Head","floor":50,"turns":4},{"damage":21,"enemies":"Time Eater","floor":52,"turns":9}],"seed_played":"-486090708840443044","potions_obtained":[{"floor":5.0,"key":"Strength Potion"},{"floor":11.0,"key":"Poison Potion"},{"floor":13.0,"key":"FearPotion"},{"floor":14.0,"key":"AttackPotion"},{"floor":18.0,"key":"BlessingOfTheForge"},{"floor":31.0,"key":"Toxic Potion"},{"floor":33.0,"key":"ColorlessPotion"},{"floor":35.0,"key":"Reflective Coating"},{"floor":37,"key":"Energy Potion"},{"floor":40,"key":"CunningPotion"}],"is_trial":false,"path_per_floor":["M","?","?","?","M","R","M","$","T","R","M","E","M","E","R","B",null,"M","$","?","?","M","E","R","$","T","PTL","PTL","R","$","M","E","M","R_BF","B",null,"M","?","M","M","T","R","E","R","T","$","R","$","?","E","R_BF","B",null],"character_chosen":"THE_SILENT","items_purchased":["PreservedInsect","Kunai","ReplayTheSpireMod:ShopPack","Envenom"],"campfire_rested":0,"item_purchase_floors":[8,25,25,46],"current_hp_per_floor":[70,70,59,59,59,59,57,57,57,57,57,37,37,25,25,8,70,55,55,49,49,41,32,32,32,32,32,32,32,32,18,26,15,31,43,56,45,45,46,47,47,47,49,49,49,49,49,49,42,43,43,33],"gold":68,"neow_bonus":"BOSS_RELIC","is_daily":false,"chose_seed":false,"campfire_upgraded":8,"win_rate":0.0,"timestamp":1612915127,"path_taken":["M","?","?","?","M","R","M","$","T","R","M","E","?","E","R","BOSS","M","?","?","?","M","E","R","$","T","PTL","PTL","R","?","M","E","M","R_BF","BOSS","M","?","?","M","?","R","E","R","T","$","R","$","?","E","R_BF","BOSS"],"items_purchased_type":["Relic","Relic","Relic","Card"],"build_version":"2020-12-22","purchased_purges":2,"victory":true,"max_hp_per_floor":[70,70,70,70,70,70,70,70,70,70,70,70,70,70,70,70,70,70,70,49,49,49,49,49,49,49,49,49,49,49,49,56,56,56,56,56,56,56,56,56,56,56,56,56,56,56,56,56,56,56,56,56],"card_choices":[{"not_picked":["Slice","Bane"],"picked":"Blade Dance","floor":1.0},{"not_picked":["Dagger Spray","Bouncing Flask"],"picked":"ReplayTheSpireMod:Speed Training","floor":5.0},{"not_picked":["Dagger Throw","Outmaneuver"],"picked":"Cloak And Dagger","floor":7.0},{"not_picked":["Dagger Throw","Bane"],"picked":"Blade Dance","floor":11.0},{"not_picked":["Dodge and Roll","Dagger Throw"],"picked":"ReplayTheSpireMod:Scrap Shanks","floor":12.0},{"not_picked":["Setup","Blade Dance","Flechettes"],"picked":"SKIP","floor":13.0},{"not_picked":["All Out Attack","Dodge and Roll"],"picked":"Tools of the Trade","floor":14.0},{"not_picked":["Poison Darts","Bullet Time"],"picked":"Storm of Steel","floor":16.0},{"not_picked":["Poisoned Stab","Quick Slash"],"picked":"ReplayTheSpireMod:Exploit Weakness","floor":18.0},{"not_picked":["All Out Attack","Quick Slash"],"picked":"Underhanded Strike","floor":22.0},{"not_picked":["Deflect","Fluid Movement+1"],"picked":"Sneak Up+1","floor":23.0},{"not_picked":["Panacea","Secret Weapon"],"picked":"Panache","floor":25.0},{"not_picked":["Bandage Up","ReplayTheSpireMod:Private Reserves"],"picked":"Madness","floor":25.0},{"not_picked":["Hidden Blade","Underhanded Strike"],"picked":"ReplayTheSpireMod:Scrap Shanks","floor":31.0},{"not_picked":["Dodge and Roll","Grand Finale"],"picked":"Hidden Blade+1","floor":32.0},{"not_picked":["Dagger Throw+1","Underhanded Strike","Flying Knee"],"picked":"SKIP","floor":33.0},{"not_picked":["Wraith Form v2","ReplayTheSpireMod:From All Sides"],"picked":"Malaise","floor":35.0},{"not_picked":["Footwork","Bane"],"picked":"Finisher","floor":37},{"not_picked":["Poisoned Stab","Deflect+1","Acrobatics+1"],"picked":"SKIP","floor":39},{"not_picked":["Outmaneuver","Bane","Predator"],"picked":"SKIP","floor":40},{"not_picked":["Quick Slash","Underhanded Strike"],"picked":"Heel Hook","floor":43},{"not_picked":["Dagger Throw+1","Finisher","Predator"],"picked":"SKIP","floor":50}],"player_experience":1107898,"relics_obtained":[{"floor":12.0,"key":"Snake Skull"},{"floor":14.0,"key":"MawBank"},{"floor":23.0,"key":"Unceasing Top"},{"floor":26.0,"key":"Happy Flower"},{"floor":32.0,"key":"Strawberry"},{"floor":41,"key":"InkBottle"},{"floor":43,"key":"Nunchaku"},{"floor":45,"key":"Potion Belt"},{"floor":50,"key":"Bag of Preparation"}],"event_choices":[{"damage_healed":0.0,"max_hp_gain":0.0,"max_hp_loss":0.0,"gold_gain":0.0,"event_name":"Liars Game","player_choice":"Ignored","floor":2.0,"gold_loss":0.0,"damage_taken":0.0},{"damage_healed":0.0,"max_hp_gain":0.0,"max_hp_loss":0.0,"gold_gain":75.0,"event_name":"World of Goop","player_choice":"Gather Gold","floor":3.0,"gold_loss":0.0,"damage_taken":11.0},{"damage_healed":0.0,"max_hp_gain":0.0,"max_hp_loss":0.0,"gold_gain":0.0,"event_name":"NoteForYourself","player_choice":"Ignored","floor":4.0,"gold_loss":0.0,"damage_taken":0.0},{"damage_healed":0.0,"max_hp_gain":0.0,"max_hp_loss":21.0,"gold_gain":0.0,"event_name":"Vampires","player_choice":"Became a vampire","floor":20.0,"gold_loss":0.0,"damage_taken":0.0,"cards_obtained":["Bite","Bite","Bite","Bite","Bite"]},{"damage_healed":0.0,"max_hp_gain":0.0,"max_hp_loss":0.0,"gold_gain":0.0,"event_name":"The Library","player_choice":"Read","floor":21.0,"gold_loss":0.0,"damage_taken":0.0,"cards_obtained":["Calculated Gamble"]},{"damage_healed":0,"gold_gain":0,"player_choice":"Copied","damage_taken":0,"max_hp_gain":0,"max_hp_loss":0,"event_name":"Duplicator","floor":38,"gold_loss":0,"cards_obtained":["Sneak Up"]},{"damage_healed":0,"gold_gain":0,"player_choice":"Embrace Madness","damage_taken":7,"max_hp_gain":0,"max_hp_loss":0,"event_name":"Winding Halls","floor":49,"gold_loss":0,"cards_obtained":["Madness","Madness"]}],"is_beta":false,"boss_relics":[{"not_picked":["Replay:Ancient Bell","Sozu"],"picked":"Empty Cage"},{"not_picked":["Snecko Eye","construct:ClawGrip"],"picked":"Kintsugi"}],"items_purged_floors":[30,46],"is_endless":false,"potions_floor_spawned":[5,11,13,14,18,31,32,33,35,37,40],"ascension_level":1}}