{"host":"uv5ws9rdk87e8i5k","time":1612833657,"event":{"mods":["AchievementEnabler","BaseMod","Colored Map","Minty Spire (QoL Compilation)","Permanent Neow","Quick Restart","StSLib","SuperFastMode","The Necromancer"],"gold_per_floor":[17,32,307,318,20,20,51,51,51,51,83,94,94,94],"floor_reached":13,"language":"ENG","playtime":233,"items_purged":["Regret"],"score":144,"play_id":"25385381-9d34-4576-9762-3159afb15572","local_time":"20210208192057","is_ascension_mode":true,"campfire_choices":[{"data":"Glass Knife","floor":6.0,"key":"SMITH"},{"data":"Deadly Poison","floor":8.0,"key":"SMITH"},{"floor":10.0,"key":"REST"}],"circlet_count":0,"master_deck":["AscendersBane","Strike_G","Strike_G","Strike_G","Strike_G","Strike_G","Defend_G","Defend_G","Defend_G","Defend_G","Defend_G","Survivor","Neutralize","Glass Knife+1","Deadly Poison","Deadly Poison+1","Footwork","Die Die Die"],"relics":["Ring of the Snake","Bag of Preparation","The Courier","Regal Pillow","Dead Branch"],"acts_visited":["Exordium"],"potions_floor_usage":[13],"damage_taken":[{"damage":0.0,"enemies":"2 Louse","floor":1.0,"turns":2.0},{"damage":6.0,"enemies":"Cultist","floor":2.0,"turns":3.0},{"damage":5.0,"enemies":"Small Slimes","floor":4.0,"turns":3.0},{"damage":16.0,"enemies":"3 Sentries","floor":7.0,"turns":7.0},{"damage":29.0,"enemies":"Lagavulin","floor":11.0,"turns":6.0},{"damage":5.0,"enemies":"Gremlin Gang","floor":12.0,"turns":4.0},{"damage":10,"enemies":"3 Sentries","floor":13,"turns":2}],"seed_played":"-8350014746975283643","potions_obtained":[{"floor":1.0,"key":"EssenceOfSteel"},{"floor":4.0,"key":"Fire Potion"},{"floor":12.0,"key":"ColorlessPotion"}],"is_trial":false,"path_per_floor":["M","M","?","M","$","R","E","R","T","R","E","M","E"],"character_chosen":"THE_SILENT","items_purchased":["Bag of Preparation","Footwork"],"campfire_rested":1,"item_purchase_floors":[5,5],"current_hp_per_floor":[63,57,57,52,52,52,36,36,36,70,41,36,26,26],"gold":94,"neow_bonus":"THREE_RARE_CARDS","is_daily":false,"chose_seed":false,"campfire_upgraded":2,"win_rate":0.0,"timestamp":1612833657,"path_taken":["M","M","?","M","$","R","E","R","T","R","E","?","E"],"items_purchased_type":["Relic","Card"],"build_version":"2020-12-22","purchased_purges":1,"victory":false,"max_hp_per_floor":[70,70,70,70,70,70,70,70,70,70,70,70,70,70],"card_choices":[{"not_picked":["Venomology","Adrenaline"],"picked":"Glass Knife","floor":0.0},{"not_picked":["Leg Sweep","Dash"],"picked":"Deadly Poison","floor":1.0},{"not_picked":["Dagger Spray","Outmaneuver","Deflect"],"picked":"SKIP","floor":2.0},{"not_picked":["Dagger Spray","Slice"],"picked":"Deadly Poison","floor":4.0},{"not_picked":["Predator","Heel Hook","Dodge and Roll"],"picked":"SKIP","floor":7.0},{"not_picked":["Well Laid Plans","Choke","Flying Knee"],"picked":"SKIP","floor":11.0},{"not_picked":["Outmaneuver","Dash"],"picked":"Die Die Die","floor":12.0}],"player_experience":272871,"relics_obtained":[{"floor":7.0,"key":"The Courier"},{"floor":9.0,"key":"Regal Pillow"},{"floor":11.0,"key":"Dead Branch"}],"event_choices":[{"damage_healed":0.0,"max_hp_gain":0.0,"max_hp_loss":0.0,"gold_gain":275.0,"event_name":"Golden Shrine","player_choice":"Desecrate","floor":3.0,"gold_loss":0.0,"damage_taken":0.0,"cards_obtained":["Regret"]}],"is_beta":false,"boss_relics":[],"items_purged_floors":[5],"is_endless":false,"potions_floor_spawned":[1,4,12],"killed_by":"3 Sentries","ascension_level":11}}