{"host":"0xlcnu2w4h2ggn6b","time":1612839004,"event":{"mods":["BaseMod","Colored Map","Custom Start","Minty Spire (QoL Compilation)","StSLib"],"gold_per_floor":[113,113,188,57,57,57,57,57,109,38,38,81,101,10,10,138,138,159,359,400,435,451,451,451,485,485,485,246,7,48,66,66,190,190,209,227,265,33,366,366,366,385,436,467,484,484,56,91,91,91],"floor_reached":51,"language":"ENG","playtime":2565,"items_purged":[],"score":953,"play_id":"8d236c02-ad30-490f-be95-6efb5214c489","local_time":"20210208215004","daily_mods":["Flight","DeadlyEvents","Binary"],"is_ascension_mode":false,"campfire_choices":[{"data":"Injury","floor":6,"key":"PURGE"},{"data":"Strike_P","floor":7,"key":"PURGE"},{"data":"Vigilance","floor":8,"key":"SMITH"},{"data":"Defend_P","floor":11,"key":"PURGE"},{"data":"Strike_P","floor":15,"key":"PURGE"},{"data":"Vigilance+1","floor":23,"key":"PURGE"},{"data":"Strike_P","floor":24,"key":"PURGE"},{"data":"Strike_P","floor":27,"key":"PURGE"},{"data":"Defend_P","floor":32,"key":"PURGE"},{"data":"Defend_P","floor":40,"key":"PURGE"},{"data":"Defend_P","floor":41,"key":"PURGE"},{"data":"Pain","floor":46,"key":"PURGE"},{"data":"FlyingSleeves+1","floor":49,"key":"PURGE"}],"circlet_count":0,"master_deck":["FlyingSleeves+1","Perseverance+1","Consecrate+1","Fasting2+1","FlyingSleeves+1","LikeWater+1","JustLucky+1","FollowUp+1","InnerPeace+1","LikeWater+1","The Bomb+1","Establishment+1","Sanctity+1","LikeWater+1","Fasting2+1","BattleHymn+1","MasterReality+1","Protect+1"],"relics":["PureWater","Singing Bowl","Toxic Egg 2","Frozen Egg 2","Molten Egg 2","Peace Pipe","Bag of Preparation","StoneCalendar","Philosopher\u0027s Stone","Letter Opener","TeardropLocket","Du-Vu Doll","InkBottle","Mercury Hourglass","Pen Nib","Cursed Key","Orichalcum","DollysMirror","Lantern","HornCleat","Blue Candle","Pocketwatch"],"acts_visited":["Exordium","TheCity","TheBeyond"],"potions_floor_usage":[44,50,50],"damage_taken":[{"damage":4,"enemies":"Small Slimes","floor":1,"turns":7},{"damage":27,"enemies":"Gremlin Nob","floor":12,"turns":4},{"damage":0,"enemies":"2 Louse","floor":13,"turns":1},{"damage":6,"enemies":"The Guardian","floor":16,"turns":8},{"damage":0,"enemies":"Spheric Guardian","floor":18,"turns":4},{"damage":1,"enemies":"Gremlin Leader","floor":20,"turns":6},{"damage":9,"enemies":"Book of Stabbing","floor":21,"turns":5},{"damage":3,"enemies":"Chosen","floor":22,"turns":3},{"damage":18,"enemies":"Slavers","floor":25,"turns":5},{"damage":0,"enemies":"Gremlin Leader","floor":30,"turns":3},{"damage":0,"enemies":"Snecko","floor":31,"turns":3},{"damage":4,"enemies":"Collector","floor":33,"turns":7},{"damage":0,"enemies":"3 Darklings","floor":35,"turns":3},{"damage":0,"enemies":"Orb Walker","floor":36,"turns":2},{"damage":0,"enemies":"Giant Head","floor":37,"turns":5},{"damage":0,"enemies":"Maw","floor":42,"turns":4},{"damage":17,"enemies":"Nemesis","floor":44,"turns":5},{"damage":4,"enemies":"Spire Growth","floor":45,"turns":3},{"damage":0,"enemies":"Reptomancer","floor":48,"turns":4},{"damage":10,"enemies":"Donu and Deca","floor":50,"turns":5}],"seed_played":"-9211717926668126536","potions_obtained":[{"floor":13,"key":"SpeedPotion"},{"floor":21,"key":"Energy Potion"},{"floor":25,"key":"Block Potion"},{"floor":30,"key":"LiquidMemories"},{"floor":37,"key":"EntropicBrew"}],"is_trial":true,"path_per_floor":["M","?","?","$","?","R","R","R","T","$","R","E","M","$","R","B",null,"M","?","E","E","M","R","R","E","T","R","$","$","E","M","R","B",null,"M","M","E","$","?","R","R","M","T","E","M","R","$","E","R","B",null],"character_chosen":"WATCHER","items_purchased":["Perseverance+1","Consecrate+1","Fasting2+1","LikeWater+1","JustLucky+1","Mercury Hourglass","LikeWater+1","The Bomb+1","LikeWater+1","DollysMirror","Blue Candle","MasterReality+1","Protect+1"],"campfire_rested":0,"item_purchase_floors":[4,4,10,14,14,28,29,29,38,38,47,47,47],"current_hp_per_floor":[68,61,50,50,50,50,50,50,50,50,50,23,23,23,23,19,74,74,74,75,68,65,65,65,49,49,49,49,49,51,53,53,49,84,86,86,88,88,88,88,88,90,90,73,71,71,71,73,73,63],"gold":91,"neow_bonus":"","is_daily":false,"chose_seed":false,"campfire_upgraded":1,"win_rate":0.0,"timestamp":1612839004,"path_taken":["M","?","?","$","?","R","R","R","T","$","R","E","?","?","R","BOSS","M","?","?","?","?","R","R","E","T","R","$","$","E","M","R","BOSS","M","?","?","$","?","R","R","?","T","?","M","R","$","E","R","BOSS"],"items_purchased_type":["Card","Card","Card","Card","Card","Relic","Card","Card","Card","Relic","Relic","Card","Card"],"build_version":"2020-12-22","purchased_purges":0,"victory":true,"max_hp_per_floor":[72,72,72,72,72,72,72,72,72,72,72,72,72,72,72,74,74,74,74,76,78,78,78,78,80,80,80,80,80,82,84,84,84,84,86,86,88,88,88,88,88,90,90,90,92,92,92,94,94,94],"card_choices":[{"not_picked":["Collect+1"],"picked":"FlyingSleeves+1","floor":1},{"not_picked":["FollowUp+1"],"picked":"FlyingSleeves+1","floor":12},{"not_picked":["Halt+1"],"picked":"FlyingSleeves+1","floor":13},{"not_picked":["Ragnarok+1","Scrawl+1"],"picked":"Singing Bowl","floor":16},{"not_picked":["FearNoEvil+1"],"picked":"FollowUp+1","floor":18},{"not_picked":["WreathOfFlame+1","Nirvana+1"],"picked":"Singing Bowl","floor":20},{"not_picked":["Evaluate+1","BowlingBash+1"],"picked":"Singing Bowl","floor":21},{"not_picked":["Halt+1"],"picked":"InnerPeace+1","floor":22},{"not_picked":["Study+1","DevaForm+1"],"picked":"Singing Bowl","floor":25},{"not_picked":["WreathOfFlame+1","ReachHeaven+1"],"picked":"Singing Bowl","floor":30},{"not_picked":["Evaluate+1","Crescendo+1"],"picked":"Singing Bowl","floor":31},{"not_picked":["Blasphemy+1"],"picked":"Establishment+1","floor":33},{"not_picked":["ForeignInfluence+1","Weave+1"],"picked":"Singing Bowl","floor":35},{"not_picked":["EmptyBody+1"],"picked":"Sanctity+1","floor":36},{"not_picked":["EmptyMind+1","FearNoEvil+1"],"picked":"Singing Bowl","floor":37},{"not_picked":["ThirdEye+1","CutThroughFate+1"],"picked":"Singing Bowl","floor":42},{"not_picked":["ClearTheMind+1"],"picked":"BattleHymn+1","floor":44},{"not_picked":["CutThroughFate+1","ClearTheMind+1"],"picked":"Singing Bowl","floor":45},{"not_picked":["Prostrate+1","Omniscience+1"],"picked":"Singing Bowl","floor":48}],"player_experience":542155,"relics_obtained":[{"floor":9,"key":"Bag of Preparation"},{"floor":12,"key":"StoneCalendar"},{"floor":20,"key":"Letter Opener"},{"floor":21,"key":"TeardropLocket"},{"floor":25,"key":"Du-Vu Doll"},{"floor":26,"key":"InkBottle"},{"floor":30,"key":"Pen Nib"},{"floor":37,"key":"Orichalcum"},{"floor":43,"key":"Lantern"},{"floor":44,"key":"HornCleat"},{"floor":48,"key":"Pocketwatch"}],"event_choices":[{"cards_removed":["Eruption"],"damage_healed":0,"gold_gain":0,"player_choice":"Card Removal","damage_taken":7,"max_hp_gain":0,"max_hp_loss":0,"event_name":"Golden Wing","floor":2,"gold_loss":0},{"damage_healed":0,"gold_gain":75,"player_choice":"Gather Gold","damage_taken":11,"max_hp_gain":0,"max_hp_loss":0,"event_name":"World of Goop","floor":3,"gold_loss":0},{"damage_healed":0,"gold_gain":0,"player_choice":"Take Wound","damage_taken":0,"relics_obtained":["Golden Idol"],"max_hp_gain":0,"max_hp_loss":0,"event_name":"Golden Idol","floor":5,"gold_loss":0,"cards_obtained":["Injury"]},{"damage_healed":0,"gold_gain":250,"player_choice":"Bet on Owner","damage_taken":0,"max_hp_gain":0,"max_hp_loss":0,"event_name":"The Joust","floor":19,"gold_loss":50},{"damage_healed":0,"gold_gain":333,"player_choice":"Gave Idol","damage_taken":0,"max_hp_gain":0,"max_hp_loss":0,"event_name":"The Moai Head","floor":39,"relics_lost":["Golden Idol"],"gold_loss":0}],"is_beta":false,"boss_relics":[{"not_picked":["Velvet Choker","Empty Cage"],"picked":"Philosopher\u0027s Stone"},{"not_picked":["Black Star","Runic Dome"],"picked":"Cursed Key"}],"items_purged_floors":[],"is_endless":false,"potions_floor_spawned":[13,21,25,30,37,42],"ascension_level":0}}