{"host":"c6u7e77myxvw4d0m","time":1612882897,"event":{"mods":["AchievementEnabler","BaseMod","Bestiary","Colored Map","Colored Powertips","Minty Spire (QoL Compilation)","Rare Cards Sparkle","Relic Stats","everything is the same but u backflip on backflip"],"gold_per_floor":[115,115,125,137,154,154,187,202,202,221,236,236,267,58,58,132,132,150,150,163,178,196,223,239,259,284,284,284],"floor_reached":27,"language":"ENG","playtime":2094,"items_purged":["Strike_G"],"score":602,"play_id":"f80d4840-47d4-4665-b4f4-a27523e60595","local_time":"20210209170137","is_ascension_mode":true,"campfire_choices":[{"data":"Dash","floor":6,"key":"SMITH"},{"data":"Blade Dance","floor":12,"key":"SMITH"},{"data":"Blade Dance","floor":15,"key":"SMITH"}],"circlet_count":0,"master_deck":["AscendersBane","Defend_G","Defend_G","Defend_G","Defend_G","Defend_G","Survivor","Neutralize","Finisher+1","Tactician+1","Bane+1","Footwork+1","Dagger Throw","Dash+1","Blade Dance+1","Bullet Time","Blade Dance+1","Infinite Blades","Blur+1","Calculated Gamble+1","Cloak And Dagger+1","Quick Slash","Tools of the Trade","Prepared+1","Blade Dance+1","Choke","Bullet Time+1","Cloak And Dagger+1","Malaise+1","Backflip+1"],"relics":["Astrolabe","Dead Branch","Toxic Egg 2","Snake Skull","Sozu","Eternal Feather","Nunchaku"],"acts_visited":["Exordium","TheCity"],"potions_floor_usage":[7,8,13,16,23],"damage_taken":[{"damage":2,"enemies":"Jaw Worm","floor":1,"turns":4},{"damage":0,"enemies":"Cultist","floor":3,"turns":4},{"damage":5,"enemies":"Small Slimes","floor":4,"turns":4},{"damage":0,"enemies":"Blue Slaver","floor":5,"turns":4},{"damage":6,"enemies":"Gremlin Nob","floor":7,"turns":3},{"damage":8,"enemies":"Exordium Thugs","floor":8,"turns":4},{"damage":3,"enemies":"Red Slaver","floor":10,"turns":4},{"damage":0,"enemies":"Lots of Slimes","floor":11,"turns":2},{"damage":0,"enemies":"Lagavulin","floor":13,"turns":5},{"damage":21,"enemies":"The Guardian","floor":16,"turns":9},{"damage":0,"enemies":"Chosen","floor":18,"turns":3},{"damage":0,"enemies":"2 Thieves","floor":20,"turns":3},{"damage":0,"enemies":"Chosen and Byrds","floor":21,"turns":3},{"damage":0,"enemies":"Cultist and Chosen","floor":22,"turns":3},{"damage":28,"enemies":"Slavers","floor":23,"turns":6},{"damage":23,"enemies":"Shelled Parasite and Fungi","floor":24,"turns":5},{"damage":0,"enemies":"Centurion and Healer","floor":25,"turns":3},{"damage":2,"enemies":"Gremlin Leader","floor":27,"turns":1}],"seed_played":"7608547967384717135","potions_obtained":[{"floor":4,"key":"Swift Potion"},{"floor":7,"key":"SteroidPotion"},{"floor":10,"key":"LiquidBronze"},{"floor":11,"key":"AttackPotion"},{"floor":13,"key":"DuplicationPotion"}],"is_trial":false,"path_per_floor":["M","?","M","M","M","R","E","M","T","M","M","R","E","$","R","B",null,"M","?","M","M","M","E","M","M","T","E"],"character_chosen":"THE_SILENT","items_purchased":["Cloak And Dagger+1","Quick Slash","SkillPotion"],"campfire_rested":0,"item_purchase_floors":[14,14,14],"current_hp_per_floor":[57,57,57,52,52,52,46,38,38,35,35,35,35,35,35,14,53,53,53,53,53,53,25,2,2,2,0,0],"gold":284,"neow_bonus":"BOSS_RELIC","is_daily":false,"chose_seed":false,"campfire_upgraded":3,"win_rate":0.0,"timestamp":1612882897,"path_taken":["M","?","M","M","M","R","E","M","T","M","?","R","E","$","R","BOSS","M","?","M","M","M","E","M","M","T","E"],"items_purchased_type":["Card","Card","Potion"],"build_version":"2020-12-22","purchased_purges":1,"victory":false,"max_hp_per_floor":[66,66,66,66,66,66,66,66,66,66,66,66,66,66,66,66,66,66,66,66,66,66,66,66,66,66,66,66],"relic_stats":{"Sozu":2,"Nunchaku":[0],"counters":[18,70],"Astrolabe":["Finisher","Tactician","Bane"],"Dead Branch":[144],"Eternal Feather":0,"Snake Skull":[4],"obtain_stats":[{"Sozu":17,"Nunchaku":26,"Astrolabe":0,"Dead Branch":7,"Eternal Feather":23,"Snake Skull":13,"Toxic Egg 2":9,"Ring of the Snake":0},{"Sozu":10,"Nunchaku":17,"Astrolabe":0,"Dead Branch":5,"Eternal Feather":15,"Snake Skull":9,"Toxic Egg 2":6,"Ring of the Snake":0},{"Sozu":43,"Nunchaku":69,"Astrolabe":0,"Dead Branch":19,"Eternal Feather":61,"Snake Skull":34,"Toxic Egg 2":23,"Ring of the Snake":0}]},"card_choices":[{"not_picked":["Flying Knee","Backflip"],"picked":"Footwork","floor":1},{"not_picked":["Concentrate","Backflip"],"picked":"Dagger Throw","floor":3},{"not_picked":["Predator","Quick Slash"],"picked":"Dash","floor":4},{"not_picked":["Cloak And Dagger","Escape Plan"],"picked":"Blade Dance","floor":5},{"not_picked":["Deflect","Bane"],"picked":"Bullet Time","floor":7},{"not_picked":["Deflect","Caltrops"],"picked":"Blade Dance","floor":8},{"not_picked":["Quick Slash","Outmaneuver+1"],"picked":"Infinite Blades","floor":10},{"not_picked":["Predator","Quick Slash"],"picked":"Blur+1","floor":11},{"not_picked":["Poisoned Stab","Acrobatics+1"],"picked":"Calculated Gamble+1","floor":13},{"not_picked":["Unload","A Thousand Cuts"],"picked":"Tools of the Trade","floor":16},{"not_picked":["Bouncing Flask+1","Sucker Punch"],"picked":"Prepared+1","floor":18},{"not_picked":["Endless Agony","Underhanded Strike"],"picked":"Blade Dance+1","floor":20},{"not_picked":["Outmaneuver+1","Backflip+1"],"picked":"Choke","floor":21},{"not_picked":["Expertise+1","Outmaneuver+1"],"picked":"Bullet Time+1","floor":22},{"not_picked":["Flying Knee","Sucker Punch"],"picked":"Cloak And Dagger+1","floor":23},{"not_picked":["Slice+1","Dagger Spray"],"picked":"Malaise+1","floor":24},{"not_picked":["Underhanded Strike","Bane"],"picked":"Backflip+1","floor":25}],"player_experience":754774,"relics_obtained":[{"floor":7,"key":"Dead Branch"},{"floor":9,"key":"Toxic Egg 2"},{"floor":13,"key":"Snake Skull"},{"floor":23,"key":"Eternal Feather"},{"floor":26,"key":"Nunchaku"}],"event_choices":[{"damage_healed":0,"gold_gain":0,"player_choice":"Forge","damage_taken":0,"max_hp_gain":0,"max_hp_loss":0,"event_name":"Accursed Blacksmith","floor":2,"gold_loss":0,"cards_upgraded":["Footwork"]},{"cards_removed":["Strike_G"],"damage_healed":0,"gold_gain":0,"player_choice":"Purged","damage_taken":0,"max_hp_gain":0,"max_hp_loss":0,"event_name":"Purifier","floor":19,"gold_loss":0}],"is_beta":false,"boss_relics":[{"not_picked":["Black Star","SlaversCollar"],"picked":"Sozu"}],"items_purged_floors":[14],"is_endless":false,"potions_floor_spawned":[4,7,10,11,13,21,23],"killed_by":"Gremlin Leader","ascension_level":20}}