{"host":"nwd160me4iqdtr8u","time":1612870709,"event":{"mods":["AchievementEnabler","Act Like it!","BaseMod","Colored Map","DeckTracker","Keyboard Shortcuts","Minty Spire (QoL Compilation)","Quick Restart","Rare Cards Sparkle","Smile Girya","StSLib","SuperFastMode","everything is the same but u backflip on backflip"],"gold_per_floor":[113,38,113,113,113,113,143,143,168,178,191,207,207,36,36,133,133,146,61,61,61,71,71,71,90,114,126,126],"floor_reached":27,"language":"KOR","playtime":604,"items_purged":[],"score":350,"play_id":"feb4dea7-fa92-4c4c-a75c-1180d1af638b","local_time":"20210209203829","is_ascension_mode":true,"campfire_choices":[{"data":"Defragment","floor":6,"key":"SMITH"},{"floor":8,"key":"REST"},{"data":"Zap","floor":13,"key":"SMITH"},{"floor":15,"key":"REST"},{"data":"Coolheaded","floor":23,"key":"SMITH"}],"circlet_count":0,"master_deck":["Strike_B","Strike_B","Defend_B","Defend_B","Defend_B","Defend_B","Zap+1","Dualcast","Conserve Battery","Defragment+1","Aggregate","Skim","Reinforced Body","Seek+1","Ball Lightning","Electrodynamics+1","Loop+1","Capacitor+1","Coolheaded+1","Heatsinks+1","Capacitor+1","Storm+1","FTL"],"relics":["Cracked Core","Du-Vu Doll","Frozen Egg 2","Pen Nib","Coffee Dripper","MawBank"],"acts_visited":["Exordium","TheCity"],"potions_floor_usage":[12,16,25,25,25],"damage_taken":[{"damage":2,"enemies":"2 Louse","floor":1,"turns":3},{"damage":37,"enemies":"Lagavulin","floor":7,"turns":7},{"damage":3,"enemies":"Small Slimes","floor":10,"turns":4},{"damage":1,"enemies":"Cultist","floor":11,"turns":4},{"damage":13,"enemies":"Gremlin Gang","floor":12,"turns":5},{"damage":0,"enemies":"Slime Boss","floor":16,"turns":4},{"damage":26,"enemies":"2 Thieves","floor":18,"turns":4},{"damage":2,"enemies":"Spheric Guardian","floor":22,"turns":3},{"damage":3,"enemies":"Snake Plant","floor":25,"turns":3},{"damage":39,"enemies":"Slavers","floor":27,"turns":2}],"seed_played":"4882826132663127619","potions_obtained":[{"floor":7,"key":"LiquidBronze"},{"floor":12,"key":"SneckoOil"},{"floor":16,"key":"SpeedPotion"},{"floor":18,"key":"Fire Potion"}],"is_trial":false,"path_per_floor":["M","$","?","?","?","R","E","R","T","M","M","M","R","$","R","B",null,"M","$","?","?","M","R","?","M","T","E"],"character_chosen":"DEFECT","items_purchased":["Defragment","Seek","Ball Lightning","FocusPotion","Capacitor+1","Coolheaded"],"campfire_rested":2,"item_purchase_floors":[2,14,14,14,19,19],"current_hp_per_floor":[66,66,55,55,55,55,18,40,40,37,36,23,23,23,45,45,68,42,42,42,42,40,40,40,37,37,0,0],"gold":126,"neow_bonus":"ONE_RARE_RELIC","is_daily":false,"chose_seed":false,"campfire_upgraded":3,"win_rate":0.0,"timestamp":1612870709,"path_taken":["M","$","?","?","?","R","E","R","T","M","M","M","R","$","R","BOSS","M","$","?","?","M","R","?","M","T","E"],"items_purchased_type":["Card","Card","Card","Potion","Card","Card"],"build_version":"2020-12-22","purchased_purges":0,"victory":false,"max_hp_per_floor":[75,75,75,75,75,75,75,75,75,75,75,75,75,75,75,75,75,75,75,75,75,75,75,75,75,75,75,75],"card_choices":[{"not_picked":["Compile Driver","Gash"],"picked":"Conserve Battery","floor":1},{"not_picked":["Storm+1","Recycle"],"picked":"Aggregate","floor":7},{"not_picked":["Auto Shields","Beam Cell","Heatsinks+1"],"picked":"SKIP","floor":10},{"not_picked":["Go for the Eyes","Double Energy"],"picked":"Skim","floor":11},{"not_picked":["Chill","Recycle"],"picked":"Reinforced Body","floor":12},{"not_picked":["Seek","Buffer+1"],"picked":"Electrodynamics+1","floor":16},{"not_picked":["Cold Snap","Streamline"],"picked":"Loop+1","floor":18},{"not_picked":["Coolheaded","Streamline"],"picked":"Storm+1","floor":22},{"not_picked":["Turbo","Ball Lightning"],"picked":"FTL","floor":25}],"player_experience":409507,"relics_obtained":[{"floor":7,"key":"Frozen Egg 2"},{"floor":9,"key":"Pen Nib"},{"floor":26,"key":"MawBank"}],"event_choices":[{"damage_healed":0,"gold_gain":75,"player_choice":"Gather Gold","damage_taken":11,"max_hp_gain":0,"max_hp_loss":0,"event_name":"World of Goop","floor":3,"gold_loss":0},{"cards_removed":["Normality"],"damage_healed":0,"gold_gain":0,"player_choice":"Forget","damage_taken":0,"max_hp_gain":0,"max_hp_loss":0,"event_name":"Living Wall","floor":4,"gold_loss":0},{"damage_healed":0,"gold_gain":0,"player_choice":"Ignored","damage_taken":0,"max_hp_gain":0,"max_hp_loss":0,"event_name":"Liars Game","floor":5,"gold_loss":0},{"damage_healed":0,"gold_gain":0,"cards_transformed":["Strike_B","Strike_B"],"player_choice":"Became Test Subject","damage_taken":0,"max_hp_gain":0,"max_hp_loss":0,"event_name":"Drug Dealer","floor":21,"gold_loss":0,"cards_obtained":["Heatsinks","Capacitor"]},{"damage_healed":0,"gold_gain":0,"player_choice":"Forge","damage_taken":0,"max_hp_gain":0,"max_hp_loss":0,"event_name":"Accursed Blacksmith","floor":24,"gold_loss":0,"cards_upgraded":["Seek"]}],"is_beta":false,"boss_relics":[{"not_picked":["Fusion Hammer","Runic Dome"],"picked":"Coffee Dripper"}],"items_purged_floors":[],"is_endless":false,"potions_floor_spawned":[7,12,16,18],"killed_by":"Slavers","ascension_level":7}}