{"host":"rlwsj8oje50c4na7","time":1612870319,"event":{"mods":["2.2 Compatiblity","Act Like it!","Arknights","Aspiration","BaseMod","Beaked The Cultist","Bestiary","Better Altar","Better Match","Better Note","Better Sensory Stone","Better Skull","Better Third Choice","Better Vampires","BetterRewards","Bossed Relics","Colored Map","Colored Powertips","Conspire","Defuse TimeMaze Blight","Energized Spire","Friendly Minions","Gensokyo","GifTheSpireLib","GungeonMod","Halation","Hallownest","Hermit","Highlight Path","Hubris","Infinite Spire","Ironclad Rager","Jedi Mod","JesterMod","Jorbs\u0027s Wanderer Trilogy","Mad Scientist","Minty Spire (QoL Compilation)","Pale of the Ancients","Quick Restart","Random Character Button","Relic Filter","Relic Stats","Reliquary","Reorder Act Four","Replay The Spire","Retaliation","Shade Mod","Shop Mod","Spicy Shops","StSLib","Stuff the Spire","The Administrix","The Blackbeard","The Bladedancer","The Blue Laboratory","The Bug Knight","The Construct","The Cursed","The Exalted","The Hierophant","The IronCluck","The Judge","The Kombatant","The Marked","The Mystic","The Necromancer","The Runesmith","The Servant 0.9.4","TheSwordswoman","Waifu the Spire","everything is the same but u backflip on backflip","slay the spire mod where everything is the same but ironclad has a cowboy hat"],"gold_per_floor":[119,119,134,148,167,195,195,229,305,316,316,341,355,355,355,355,355,452,452,472,472,432,451,451,485,5,21,21,21,21,40,40,40,40,142,142,155,155,168,183,201,234,252,265,265,265,265,282,311,311,311,311,311,97,97,124,124],"floor_reached":58,"language":"ENG","playtime":6548,"items_purged":["hermit:Strike_Hermit","hermit:Defend_Hermit"],"score":1286,"play_id":"a6c14844-6943-4fcd-87e6-688043c41a17","local_time":"20210209133159","is_ascension_mode":false,"campfire_choices":[{"floor":11.0,"key":"REST"},{"floor":17.0,"key":"RECALL"},{"data":"hermit:HeroicBravado","floor":30.0,"key":"SMITH"},{"data":"hermit:HighCaliber","floor":32.0,"key":"SMITH"},{"data":"hermit:EyeOfTheStorm","floor":34.0,"key":"SMITH"},{"data":"hermit:Glare","floor":46.0,"key":"SMITH"},{"floor":51.0,"key":"DIG"},{"data":"StuffTheSpire:BrainWave","floor":55.0,"key":"SMITH"}],"circlet_count":0,"master_deck":["hermit:Strike_Hermit","hermit:Strike_Hermit","hermit:Strike_Hermit","hermit:Defend_Hermit","hermit:Defend_Hermit","hermit:Snapshot","hermit:Covet","hermit:Vantage","hermit:EyeOfTheStorm+1","hermit:HeroicBravado+1","hermit:Headshot","hermit:TrackingShot","hermit:GhostlyPresence","hermit:Brawl","hermit:HighCaliber+1","hermit:RoundhouseKick","hermit:Dive+1","hermit:PistolWhip","Injury","hermit:Snipe","hermit:HighNoon+1","hermit:Glare+1","StuffTheSpire:BrainWave+1","hermit:Dive+1","hermit:Misfire+1","hermit:BigShot","Decay"],"relics":["hermit:Momento","hubris:Zylophone","reliquary:RosewoodLute","Mercury Hourglass","aspiration:RitualDagger","aspiration:MobileForge","hubris:BundleOfHerbs","Medical Kit","Runesmith:AutoHammer","jedi:heavyjacket","halation:WeightlessCrab","halation:EternalFortune","Sozu","DemoMod:PoisonVial","StuffTheSpire:Gunfinga","ReplayTheSpireMod:TigerMarble","reliquary:Stiletto","reliquary:Aerogel","reliquary:Bookmark","halation:AfternoonTea"],"acts_visited":["Exordium","TheCity","TheBeyond","TheEnding"],"potions_floor_usage":[],"damage_taken":[{"damage":2.0,"enemies":"2 Louse","floor":1.0,"turns":3.0},{"damage":1.0,"enemies":"Cultist","floor":3.0,"turns":3.0},{"damage":10.0,"enemies":"Small Slimes","floor":4.0,"turns":3.0},{"damage":5.0,"enemies":"Looter","floor":5.0,"turns":4.0},{"damage":22.0,"enemies":"HollowMod:MossKnight","floor":6.0,"turns":11.0},{"damage":2.0,"enemies":"HollowMod:MossKnight","floor":7.0,"turns":5.0},{"damage":10.0,"enemies":"3 Sentries","floor":8.0,"turns":10.0},{"damage":1.0,"enemies":"3 Louse","floor":10.0,"turns":3.0},{"damage":2.0,"enemies":"HollowMod:MossKnight","floor":12.0,"turns":11.0},{"damage":8.0,"enemies":"Looter","floor":13.0,"turns":3.0},{"damage":4.0,"enemies":"Slime Boss","floor":18.0,"turns":8.0},{"damage":55.0,"enemies":"Spheric Guardian","floor":20.0,"turns":6.0},{"damage":19.0,"enemies":"Chosen","floor":23.0,"turns":5.0},{"damage":46.0,"enemies":"HollowMod:Nosk","floor":25.0,"turns":6.0},{"damage":41.0,"enemies":"Shelled Parasite and Fungi","floor":27.0,"turns":7.0},{"damage":18.0,"enemies":"Snake Plant","floor":31.0,"turns":3.0},{"damage":39.0,"enemies":"hubris:MusketHawk","floor":35.0,"turns":7.0},{"damage":12.0,"enemies":"Orb Walker","floor":37.0,"turns":3.0},{"damage":17.0,"enemies":"3 Shapes","floor":39.0,"turns":3.0},{"damage":24.0,"enemies":"Sphere and 2 Shapes","floor":40.0,"turns":4.0},{"damage":26.0,"enemies":"Maw","floor":41.0,"turns":8.0},{"damage":32.0,"enemies":"Giant Head","floor":42.0,"turns":10.0},{"damage":25.0,"enemies":"Jaw Worm Horde","floor":43.0,"turns":5.0},{"damage":29.0,"enemies":"Spire Growth","floor":44.0,"turns":5.0},{"damage":3.0,"enemies":"Maw","floor":47.0,"turns":1.0},{"damage":16.0,"enemies":"Transient","floor":48.0,"turns":5.0},{"damage":24.0,"enemies":"Nemesis","floor":49.0,"turns":8.0},{"damage":40.0,"enemies":"Time Eater","floor":52.0,"turns":8.0},{"damage":57.0,"enemies":"Shield and Spear","floor":56.0,"turns":7.0},{"damage":143,"enemies":"The Heart","floor":57,"turns":9}],"seed_played":"792766409635959805","potions_obtained":[{"floor":6.0,"key":"blueLaboratory:LouseDecoction"},{"floor":7.0,"key":"Explosive Potion"},{"floor":12.0,"key":"Fruit Juice"},{"floor":13.0,"key":"SmokeBomb"},{"floor":20.0,"key":"Toxic Potion"},{"floor":25.0,"key":"blueLaboratory:HorrorPotion"},{"floor":31.0,"key":"Adrenaline Potion"}],"is_trial":false,"path_per_floor":["M","?","M","M","M","E","?","E","T","M","R","E","M","PTL","PTL","?","R","B",null,"M","?","?","M","AVR","E","$","M","T","$","R","M","R","?","R","B",null,"M","?","M","M","M","E","M","M","T","R","M","M","E","?","R_BF","B",null,"$","R","E","B",null],"character_chosen":"HERMIT","items_purchased":["Medical Kit","Runesmith:AutoHammer","jedi:heavyjacket","reliquary:Aerogel","reliquary:Bookmark"],"campfire_rested":1,"item_purchase_floors":[26,26,26,54,54],"current_hp_per_floor":[80,80,79,69,64,42,40,30,30,29,53,51,43,43,43,43,43,39,82,27,27,27,13,13,72,72,43,43,43,43,38,38,41,41,36,90,89,81,72,60,66,82,83,69,69,69,74,79,73,73,73,82,82,82,82,41,79],"gold":124,"neow_bonus":"TEN_PERCENT_HP_BONUS","is_daily":false,"chose_seed":false,"campfire_upgraded":5,"win_rate":0.0,"timestamp":1612870319,"path_taken":["M","?","M","M","?","E","?","E","T","M","R","E","M","PTL","PTL","?","R","BOSS","M","?","?","M","AVR","E","$","?","T","$","R","M","R","?","R","BOSS","M","?","M","M","M","E","M","M","T","R","M","M","E","?","R_BF","BOSS","$","R","E","BOSS"],"items_purchased_type":["Relic","Relic","Relic","Relic","Relic"],"build_version":"2020-12-22","purchased_purges":2,"victory":true,"max_hp_per_floor":[82,82,82,82,82,82,82,82,82,82,82,82,82,82,82,82,82,82,82,82,82,82,87,87,87,87,87,87,87,87,87,87,90,90,90,90,90,81,81,81,84,84,84,84,84,84,84,84,84,84,84,82,82,82,82,80,80],"relic_stats":{"Sozu":4,"counters":[30,173],"Medical Kit":[12],"obtain_stats":[{"DemoMod:PoisonVial":42,"reliquary:Aerogel":54,"DemoMod:GlassGuonStoneRelic":4,"halation:WeightlessCrab":28,"reliquary:RosewoodLute":8,"Medical Kit":26,"Mercury Hourglass":12,"hubris:Zylophone":6,"Sozu":36,"reliquary:Bookmark":54,"jedi:heavyjacket":26,"StuffTheSpire:Gunfinga":45,"aspiration:MobileForge":24,"halation:EternalFortune":33,"hubris:BundleOfHerbs":25,"reliquary:Stiletto":51,"ReplayTheSpireMod:TigerMarble":49,"aspiration:RitualDagger":19,"Runesmith:AutoHammer":26,"halation:AfternoonTea":56,"hermit:Momento":0},{"DemoMod:PoisonVial":22,"reliquary:Aerogel":28,"DemoMod:GlassGuonStoneRelic":3,"halation:WeightlessCrab":15,"reliquary:RosewoodLute":7,"Medical Kit":14,"Mercury Hourglass":9,"hubris:Zylophone":5,"Sozu":17,"reliquary:Bookmark":28,"jedi:heavyjacket":14,"StuffTheSpire:Gunfinga":24,"aspiration:MobileForge":13,"halation:EternalFortune":16,"hubris:BundleOfHerbs":14,"reliquary:Stiletto":27,"ReplayTheSpireMod:TigerMarble":27,"aspiration:RitualDagger":11,"Runesmith:AutoHammer":14,"halation:AfternoonTea":29,"hermit:Momento":0},{"DemoMod:PoisonVial":125,"reliquary:Aerogel":157,"DemoMod:GlassGuonStoneRelic":9,"halation:WeightlessCrab":87,"reliquary:RosewoodLute":39,"Medical Kit":80,"Mercury Hourglass":53,"hubris:Zylophone":24,"Sozu":97,"reliquary:Bookmark":157,"jedi:heavyjacket":80,"StuffTheSpire:Gunfinga":135,"aspiration:MobileForge":74,"halation:EternalFortune":90,"hubris:BundleOfHerbs":80,"reliquary:Stiletto":149,"ReplayTheSpireMod:TigerMarble":149,"aspiration:RitualDagger":63,"Runesmith:AutoHammer":80,"halation:AfternoonTea":164,"hermit:Momento":0}],"Mercury Hourglass":[360]},"card_choices":[{"not_picked":["hermit:Headshot","hermit:Quickdraw"],"picked":"hermit:Vantage","floor":1.0},{"not_picked":["hermit:LoneWolf","hermit:Brawl"],"picked":"hermit:EyeOfTheStorm","floor":3.0},{"not_picked":["hermit:SprayPray","hermit:HighCaliber"],"picked":"hermit:HeroicBravado","floor":4.0},{"not_picked":["hermit:CalledShot","hermit:Virtue"],"picked":"hermit:Headshot","floor":5.0},{"not_picked":["hermit:HighCaliber","hermit:BigShot"],"picked":"hermit:TrackingShot","floor":6.0},{"not_picked":["hermit:Ricochet","hermit:Cheat","hermit:Roulette"],"picked":"SKIP","floor":8.0},{"not_picked":["hermit:DeadOrAlive","hermit:GoldenBullet"],"picked":"hermit:GhostlyPresence","floor":10.0},{"not_picked":["hermit:Misfire","hermit:CalledShot"],"picked":"hermit:Brawl","floor":12.0},{"not_picked":["hermit:EyeOfTheStorm","hermit:LowProfile"],"picked":"hermit:HighCaliber","floor":13.0},{"not_picked":["hermit:HighNoon","hermit:Reprieve"],"picked":"hermit:RoundhouseKick","floor":18.0},{"not_picked":["hermit:Roulette","hermit:Quickdraw"],"picked":"hermit:Dive","floor":20.0},{"not_picked":["hermit:Roulette","hermit:Coalescence"],"picked":"hermit:PistolWhip","floor":23.0},{"not_picked":["hermit:Magnum","hermit:Spite","hermit:LowProfile+1"],"picked":"SKIP","floor":25.0},{"not_picked":["hermit:Horror","hermit:SprayPray"],"picked":"hermit:Snipe","floor":27.0},{"not_picked":["hermit:BodyArmor","hermit:Feint","hermit:Ricochet"],"picked":"SKIP","floor":31.0},{"not_picked":["hermit:Magnum","hermit:Reprieve"],"picked":"hermit:HighNoon","floor":35.0},{"not_picked":["hermit:Roulette+1","hermit:Vantage+1"],"picked":"hermit:Glare","floor":37.0},{"not_picked":["hermit:Feint","hermit:SprayPray+1"],"picked":"hermit:Dive+1","floor":39.0},{"not_picked":["hermit:BodyArmor+1","hermit:FullyLoaded+1"],"picked":"hermit:Misfire+1","floor":40.0},{"not_picked":["hermit:SprayPray+1","hermit:OverwhelmingPower","hermit:Grudge"],"picked":"SKIP","floor":41.0},{"not_picked":["hermit:SprayPray","hermit:LowProfile+1"],"picked":"hermit:BigShot","floor":42.0},{"not_picked":["hermit:Snipe+1","hermit:GoldenBullet","hermit:GhostlyPresence"],"picked":"SKIP","floor":43.0},{"not_picked":["hermit:LowProfile","hermit:Coalescence+1","hermit:Feint+1"],"picked":"SKIP","floor":44.0},{"not_picked":["hermit:CursedWeapon+1","hermit:TakeCover","hermit:Spite+1"],"picked":"SKIP","floor":48.0},{"not_picked":["hermit:TrackingShot","hermit:LuckOfTheDraw","hermit:Adapt"],"picked":"SKIP","floor":49.0},{"not_picked":["hermit:EyeOfTheStorm+1","hermit:DeadMansHand","hermit:GhostlyPresence"],"picked":"SKIP","floor":56.0}],"player_experience":1068999,"relics_obtained":[{"floor":6.0,"key":"hubris:Zylophone"},{"floor":8.0,"key":"reliquary:RosewoodLute"},{"floor":12.0,"key":"Mercury Hourglass"},{"floor":25.0,"key":"hubris:BundleOfHerbs"},{"floor":28.0,"key":"halation:WeightlessCrab"},{"floor":41.0,"key":"halation:EternalFortune"},{"floor":42.0,"key":"DemoMod:PoisonVial"},{"floor":45.0,"key":"StuffTheSpire:Gunfinga"},{"floor":49.0,"key":"ReplayTheSpireMod:TigerMarble"},{"floor":51.0,"key":"reliquary:Stiletto"},{"floor":56.0,"key":"halation:AfternoonTea"}],"event_choices":[{"cards_removed":["hermit:Defend_Hermit"],"damage_healed":0.0,"max_hp_gain":0.0,"max_hp_loss":0.0,"gold_gain":0.0,"event_name":"Bonfire Elementals","player_choice":"Offered Basic","floor":2.0,"gold_loss":0.0,"damage_taken":0.0},{"cards_removed":["hermit:GhostlyPresence"],"damage_healed":0.0,"max_hp_gain":0.0,"max_hp_loss":0.0,"gold_gain":0.0,"event_name":"betterNote:BetterNote","player_choice":"Give","floor":21.0,"gold_loss":0.0,"damage_taken":0.0,"cards_obtained":["None"]},{"damage_healed":0.0,"max_hp_gain":0.0,"max_hp_loss":0.0,"gold_gain":0.0,"event_name":"Designer","player_choice":"Upgrade","floor":22.0,"gold_loss":40.0,"damage_taken":0.0,"cards_upgraded":["hermit:Dive"]}],"is_beta":false,"boss_relics":[{"not_picked":["Honey Jar","jesterMod:MachoBrace"],"picked":"aspiration:RitualDagger"},{"not_picked":["aspiration:BeakedSkillbook","aspiration:PoetsPen"],"picked":"Sozu"}],"items_purged_floors":[24,26],"is_endless":false,"potions_floor_spawned":[6,7,12,13,20,25,31,37,41,42,44,47],"ascension_level":0}}