{"host":"l1sklxv2xf0eyui2","time":1612834395,"event":{"mods":["Act Like it!","BaseMod","Better Third Choice","BetterRewards","Marisa????????","Minty Spire (QoL Compilation)","Relic Sorter","Replay The Spire","Shade Mod","StSLib"],"gold_per_floor":[144,144,144,164,164,164,197,445,493,533,556,556,609,622,622,770,770,818,818,924,974,567,598,648,704,704,732,732,782,782,802,802,923,923,959,475,588,623,673,728,740,783,783,581,631,676,726,741,741,741],"floor_reached":51,"language":"ENG","playtime":2800,"items_purged":["SuperNova+1"],"score":1168,"play_id":"d700d6c7-e05b-4f10-a44b-195f578b85cb","local_time":"20210209013315","is_ascension_mode":true,"campfire_choices":[{"floor":6,"key":"REST"},{"data":"Apotheosis","floor":15,"key":"SMITH"},{"data":"SuperNova","floor":28,"key":"SMITH"},{"floor":30,"key":"DIG"},{"data":"SprinkleStarSeal","floor":32,"key":"SMITH"},{"floor":49,"key":"DIG"}],"circlet_count":0,"master_deck":["Strike_MRS+1","Strike_MRS","Strike_MRS","Defend_MRS","Defend_MRS","Defend_MRS","Defend_MRS","MasterSpark","UpSweep","Replay:Parry","ManaConvection+1","WitchOfGreed","Apotheosis+1","MilkyWay","ChargeUpSpray","FinalSpark+1","MagicAbsorber","SprinkleStarSeal+1","Reaper","DeepEcoloBomb","GasGiant+1","Insight","CasketOfStar","OrrerysSun+1","Deep Breath+1","Deep Breath+1","Poisoned Strike","Parasite","Parasite"],"relics":["BewitchedHakkero","Bloody Idol","Bottled Flame","Pet Ghost","SsserpentHead","SproutingBranch","Shovel","HandmadeGrimoire","Blue Doll","Chameleon Ring","Busted Crown","Letter Opener","Toolbox","Frozen Egg 2","Replay:Wax Seal","Toxic Egg 2","Pen Nib","Centennial Puzzle","ShroomBag"],"acts_visited":["Exordium","TheCity","TheBeyond"],"potions_floor_usage":[7,14,16,16,23,23,38,50,50,50],"damage_taken":[{"damage":4.0,"enemies":"Jaw Worm","floor":1.0,"turns":5.0},{"damage":6.0,"enemies":"2 Louse","floor":4.0,"turns":2.0},{"damage":4,"enemies":"3 Sentries","floor":7,"turns":4},{"damage":0,"enemies":"Small Slimes","floor":10,"turns":4},{"damage":15,"enemies":"Looter","floor":11,"turns":4},{"damage":13,"enemies":"Exordium Wildlife","floor":13,"turns":7},{"damage":14,"enemies":"3 Louse","floor":14,"turns":3},{"damage":19,"enemies":"Slime Boss","floor":16,"turns":6},{"damage":24,"enemies":"Shell Parasite","floor":18,"turns":6},{"damage":38,"enemies":"3 Byrds","floor":20,"turns":8},{"damage":25,"enemies":"Book of Stabbing","floor":23,"turns":6},{"damage":6,"enemies":"Replay:Snechameleon","floor":25,"turns":7},{"damage":52,"enemies":"Snecko","floor":27,"turns":12},{"damage":16,"enemies":"Cultist and Chosen","floor":31,"turns":6},{"damage":26,"enemies":"Champ","floor":33,"turns":11},{"damage":7,"enemies":"Orb Walker","floor":35,"turns":4},{"damage":3,"enemies":"3 Shapes","floor":37,"turns":4},{"damage":20,"enemies":"Jaw Worm Horde","floor":38,"turns":4},{"damage":14,"enemies":"R_Hoarder","floor":40,"turns":10},{"damage":21,"enemies":"Sphere and 2 Shapes","floor":41,"turns":4},{"damage":10,"enemies":"Reptomancer","floor":42,"turns":5},{"damage":9,"enemies":"Giant Head","floor":46,"turns":8},{"damage":7,"enemies":"Writhing Mass","floor":48,"turns":4},{"damage":6,"enemies":"Donu and Deca","floor":50,"turns":5}],"seed_played":"-6126940655686043854","potions_obtained":[{"floor":1.0,"key":"LiquidMemories"},{"floor":7,"key":"Strength Potion"},{"floor":10,"key":"SkillPotion"},{"floor":10,"key":"SneckoOil"},{"floor":13,"key":"BottledSpark"},{"floor":14,"key":"BottledSpark"},{"floor":18,"key":"BlessingOfTheForge"},{"floor":20,"key":"LifebloodPotion"},{"floor":25,"key":"Fire Potion"},{"floor":27,"key":"BlessingOfTheForge"},{"floor":33,"key":"Dexterity Potion"},{"floor":37,"key":"Dexterity Potion"},{"floor":38,"key":"LiquidMemories"}],"is_trial":false,"path_per_floor":["M","?","?","M","?","R","E","?","T","M","M","?","M","M","R","B",null,"M","?","M","?","$","E","?","E","T","M","R","?","R","M","R","B",null,"M","$","M","M","?","E","M","E","T","$","?","E","?","M","R","B",null],"character_chosen":"MARISA","items_purchased":["Replay:Parry","GalacticHalo","ManaConvection","WitchOfGreed","SproutingBranch","Letter Opener","Toolbox","Pen Nib","Deep Breath+1"],"campfire_rested":1,"item_purchase_floors":[0,0,0,0,22,36,36,44,44],"current_hp_per_floor":[52,38,38,32,32,51,47,31,31,31,16,14,35,33,33,24,65,41,41,18,18,18,8,8,32,32,28,28,33,33,44,44,38,65,65,65,65,53,58,62,56,65,65,65,62,58,52,62,62,61],"gold":741,"neow_bonus":"","is_daily":false,"chose_seed":false,"campfire_upgraded":3,"win_rate":0.0,"timestamp":1612834395,"path_taken":["M","?","?","M","?","R","E","?","T","?","M","?","M","M","R","BOSS","M","?","?","?","$","E","?","E","T","M","R","?","R","M","R","BOSS","M","$","?","M","?","E","M","E","T","$","?","E","?","M","R","BOSS"],"items_purchased_type":["Card","Card","Card","Card","Relic","Relic","Relic","Relic","Card"],"build_version":"2020-12-22","purchased_purges":1,"victory":true,"max_hp_per_floor":[70,70,65,65,65,65,65,65,65,65,65,65,65,65,65,65,65,65,65,65,65,65,65,65,65,65,65,65,65,65,65,65,65,65,65,65,65,65,65,65,65,65,65,65,62,62,62,62,62,62],"card_choices":[{"not_picked":["DarkMatter","RefractionSpark"],"picked":"MilkyWay","floor":1.0},{"not_picked":["Singularity","MysteriousBeam"],"picked":"ChargeUpSpray","floor":4.0},{"not_picked":["IllusionStar","Occultation","EnergyRecoil"],"picked":"SKIP","floor":7},{"not_picked":["PowerUp","6A"],"picked":"MagicAbsorber","floor":8},{"not_picked":["MysteriousBeam","SporeBomb","GravityBeat"],"picked":"SKIP","floor":10},{"not_picked":["MagicChant","PowerUp"],"picked":"SprinkleStarSeal","floor":11},{"not_picked":["IllusionStar","WitchLeyline","AsteroidBelt"],"picked":"SKIP","floor":13},{"not_picked":["GrandCross","NonDirectionalLaser","OpenUniverse"],"picked":"SKIP","floor":14},{"not_picked":["StarDustReverie","TreasureHunter"],"picked":"SuperNova","floor":16},{"not_picked":["GrandCross","DC"],"picked":"DeepEcoloBomb","floor":18},{"not_picked":["Occultation","GravityBeat"],"picked":"GasGiant+1","floor":20},{"not_picked":["NonDirectionalLaser","StarBarrage","TreasureHunter"],"picked":"SKIP","floor":23},{"not_picked":["SporeBomb+1","AsteroidBelt+1","Acceleration"],"picked":"SKIP","floor":25},{"not_picked":["NonDirectionalLaser","OneTimeOff","DC"],"picked":"SKIP","floor":27},{"not_picked":["GrandCross","DC","SporeBomb"],"picked":"SKIP","floor":31},{"not_picked":["FinalSpark","SuperNova"],"picked":"CasketOfStar","floor":33},{"not_picked":["MysteriousBeam"],"picked":"SKIP","floor":35},{"not_picked":["GrandCross"],"picked":"SKIP","floor":37},{"not_picked":["PowerUp"],"picked":"SKIP","floor":38},{"not_picked":[],"picked":"OrrerysSun+1","floor":40},{"not_picked":["MysteriousBeam"],"picked":"SKIP","floor":41},{"not_picked":["EnergyRecoil"],"picked":"SKIP","floor":42},{"not_picked":["OpenUniverse+1"],"picked":"SKIP","floor":46},{"not_picked":[],"picked":"Poisoned Strike","floor":47},{"not_picked":["PowerUp+1"],"picked":"SKIP","floor":48}],"player_experience":270901,"relics_obtained":[{"floor":7,"key":"Bottled Flame"},{"floor":9,"key":"Pet Ghost"},{"floor":23,"key":"Shovel"},{"floor":25,"key":"HandmadeGrimoire"},{"floor":26,"key":"Blue Doll"},{"floor":30,"key":"Chameleon Ring"},{"floor":40,"key":"Frozen Egg 2"},{"floor":42,"key":"Replay:Wax Seal"},{"floor":43,"key":"Toxic Egg 2"},{"floor":46,"key":"Centennial Puzzle"},{"floor":49,"key":"ShroomBag"}],"event_choices":[{"damage_healed":52.0,"max_hp_gain":0.0,"max_hp_loss":70.0,"gold_gain":0.0,"event_name":"betterThird:BetterShining","player_choice":"Upgrade","floor":2.0,"gold_loss":0.0,"damage_taken":14.0,"cards_upgraded":["Strike_MRS","ManaConvection"]},{"damage_healed":0.0,"max_hp_gain":0.0,"max_hp_loss":5.0,"gold_gain":0.0,"event_name":"Golden Idol","player_choice":"Lose Max HP","floor":3.0,"gold_loss":0.0,"damage_taken":0.0,"relics_obtained":["Golden Idol"]},{"damage_healed":0,"gold_gain":1,"player_choice":"Card ","damage_taken":2,"max_hp_gain":0,"max_hp_loss":0,"event_name":"betterThird:BetterScrap","floor":12,"gold_loss":0,"cards_obtained":["Reaper","A Thousand Cuts"]},{"damage_healed":0,"gold_gain":0,"player_choice":"Trade","damage_taken":0,"relics_obtained":["SsserpentHead"],"max_hp_gain":0,"max_hp_loss":0,"event_name":"FaceTrader","floor":19,"gold_loss":0},{"damage_healed":0,"gold_gain":0,"player_choice":"Insight","damage_taken":0,"max_hp_gain":0,"max_hp_loss":0,"event_name":"betterThird:BetterWriting","floor":21,"gold_loss":0,"cards_obtained":["Insight"]},{"damage_healed":0,"gold_gain":0,"player_choice":"Gave Idol","damage_taken":0,"relics_obtained":["Bloody Idol"],"max_hp_gain":0,"max_hp_loss":0,"event_name":"Forgotten Altar","floor":24,"relics_lost":["Golden Idol"],"gold_loss":0},{"cards_removed":["Strike_MRS"],"damage_healed":0,"gold_gain":0,"player_choice":"Purged","damage_taken":0,"max_hp_gain":0,"max_hp_loss":0,"event_name":"Purifier","floor":29,"gold_loss":0},{"damage_healed":0,"gold_gain":0,"player_choice":"Ignored","damage_taken":0,"max_hp_gain":0,"max_hp_loss":0,"event_name":"Tomb of Lord Red Mask","floor":39,"gold_loss":0},{"damage_healed":0,"gold_gain":0,"player_choice":"Max HP","damage_taken":0,"max_hp_gain":0,"max_hp_loss":3,"event_name":"Winding Halls","floor":45,"gold_loss":0},{"damage_healed":0,"gold_gain":0,"player_choice":"Memory 3","damage_taken":10,"max_hp_gain":0,"max_hp_loss":0,"event_name":"SensoryStone","floor":47,"gold_loss":0}],"is_beta":false,"boss_relics":[{"not_picked":["Calling Bell","Ectoplasm"],"picked":"BewitchedHakkero"},{"not_picked":["Tiny House","Velvet Choker"],"picked":"Busted Crown"}],"items_purged_floors":[36],"is_endless":false,"potions_floor_spawned":[7,10,13,14,25,33,37,46,48],"ascension_level":3}}