{"host":"it04jaz8eul1eh3d","time":1612876876,"event":{"mods":["AchievementEnabler","BaseMod","Colored Map","DeckTracker","Keyboard Shortcuts","Minty Spire (QoL Compilation)","SuperFastMode"],"gold_per_floor":[116,134,134,144,155,180,180,33,33,43,53,71,71,88,88,190,190,200,218,218,317,336,336,336],"floor_reached":23,"language":"KOR","playtime":1042,"items_purged":["Strike_R"],"score":197,"play_id":"5aa95cbb-000b-4c29-a824-ea06f5b4b735","local_time":"20210209222116","is_ascension_mode":false,"campfire_choices":[{"floor":7,"key":"REST"},{"floor":13,"key":"REST"},{"data":"Dual Wield","floor":15,"key":"SMITH"}],"circlet_count":0,"master_deck":["Strike_R","Defend_R","Defend_R","Defend_R","Defend_R","Bash","Body Slam","Shrug It Off","Heavy Blade","Body Slam","Dual Wield+1","Inflame","Shrug It Off","Metallicize","Feed","Feed+1","Sword Boomerang+1","Metallicize+1","Heavy Blade+1","Uppercut+1"],"relics":["Burning Blood","NeowsBlessing","Omamori","Oddly Smooth Stone","Astrolabe"],"acts_visited":["Exordium","TheCity"],"potions_floor_usage":[16],"damage_taken":[{"damage":0,"enemies":"Small Slimes","floor":1,"turns":1},{"damage":0,"enemies":"Cultist","floor":2,"turns":1},{"damage":0,"enemies":"Jaw Worm","floor":4,"turns":1},{"damage":29,"enemies":"Large Slime","floor":5,"turns":9},{"damage":68,"enemies":"Lagavulin","floor":6,"turns":11},{"damage":6,"enemies":"3 Louse","floor":10,"turns":4},{"damage":24,"enemies":"Gremlin Gang","floor":11,"turns":7},{"damage":27,"enemies":"Exordium Thugs","floor":12,"turns":7},{"damage":3,"enemies":"3 Louse","floor":14,"turns":3},{"damage":47,"enemies":"Slime Boss","floor":16,"turns":11},{"damage":11,"enemies":"Spheric Guardian","floor":18,"turns":10},{"damage":34,"enemies":"Chosen","floor":19,"turns":9},{"damage":21,"enemies":"Shelled Parasite and Fungi","floor":22,"turns":11},{"damage":77,"enemies":"Slavers","floor":23,"turns":6}],"seed_played":"-6893180435346297478","potions_obtained":[{"floor":2,"key":"Fire Potion"},{"floor":3,"key":"FearPotion"},{"floor":3,"key":"BloodPotion"},{"floor":3,"key":"FairyPotion"},{"floor":4,"key":"FairyPotion"},{"floor":10,"key":"Dexterity Potion"},{"floor":16,"key":"SneckoOil"}],"is_trial":false,"path_per_floor":["M","M","?","M","M","E","R","$","T","M","M","M","R","M","R","B",null,"M","M","?","?","M","E"],"character_chosen":"IRONCLAD","items_purchased":["Dual Wield"],"campfire_rested":2,"item_purchase_floors":[8],"current_hp_per_floor":[80,80,80,80,57,30,54,54,54,54,36,15,39,42,42,17,80,78,50,50,50,39,0,0],"gold":336,"neow_bonus":"THREE_ENEMY_KILL","is_daily":false,"chose_seed":false,"campfire_upgraded":1,"win_rate":0.0,"timestamp":1612876876,"path_taken":["M","M","?","?","M","E","R","?","T","M","M","M","R","M","R","BOSS","M","M","?","?","M","E"],"items_purchased_type":["Card"],"build_version":"2020-12-22","purchased_purges":1,"victory":false,"max_hp_per_floor":[80,80,80,80,80,80,80,80,80,80,80,80,80,80,80,80,80,83,83,83,83,87,87,87],"card_choices":[{"not_picked":["Clash","Iron Wave","Combust"],"picked":"SKIP","floor":1},{"not_picked":["Cleave","Anger"],"picked":"Body Slam","floor":2},{"not_picked":["Searing Blow","Anger"],"picked":"Shrug It Off","floor":4},{"not_picked":["Bloodletting","Thunderclap"],"picked":"Heavy Blade","floor":5},{"not_picked":["Carnage","Shrug It Off"],"picked":"Body Slam","floor":6},{"not_picked":["Evolve","True Grit","Wild Strike"],"picked":"SKIP","floor":10},{"not_picked":["Havoc","Headbutt"],"picked":"Inflame","floor":11},{"not_picked":["Flex","Combust"],"picked":"Shrug It Off","floor":12},{"not_picked":["Perfected Strike","Clash"],"picked":"Metallicize","floor":14},{"not_picked":["Exhume","Corruption"],"picked":"Feed","floor":16},{"not_picked":["Pommel Strike","Warcry","Reckless Charge+1"],"picked":"SKIP","floor":18},{"not_picked":["Pommel Strike","Havoc"],"picked":"Heavy Blade+1","floor":19},{"not_picked":["Twin Strike+1","Iron Wave"],"picked":"Uppercut+1","floor":22}],"player_experience":145553,"relics_obtained":[{"floor":6,"key":"Omamori"},{"floor":9,"key":"Oddly Smooth Stone"}],"event_choices":[{"damage_healed":0,"gold_gain":0,"player_choice":"Got Potions","damage_taken":0,"max_hp_gain":0,"max_hp_loss":0,"event_name":"Lab","floor":3,"gold_loss":0},{"damage_healed":0,"gold_gain":0,"player_choice":"Smashed Altar","damage_taken":0,"max_hp_gain":0,"max_hp_loss":0,"event_name":"Forgotten Altar","floor":20,"gold_loss":0,"cards_obtained":["Decay"]},{"damage_healed":0,"gold_gain":99,"player_choice":"Stole From Cult","damage_taken":0,"max_hp_gain":0,"max_hp_loss":0,"event_name":"Nest","floor":21,"gold_loss":0}],"is_beta":false,"boss_relics":[{"not_picked":["Coffee Dripper","Velvet Choker"],"picked":"Astrolabe"}],"items_purged_floors":[8],"is_endless":false,"potions_floor_spawned":[2,4,10,11,16],"killed_by":"Slavers","ascension_level":0}}