{"host":"d73an99q9oevilk5","time":1612868595,"event":{"mods":["2.2 Compatiblity","AchievementEnabler","Act Like it!","Aspiration","BaseMod","Beaked The Cultist","Better Third Choice","BetterRewards","Colored Map","Colored Powertips","Conspire","Downfall","GifTheSpireLib","GungeonMod","Halation","Hubris","Infinite Spire","Marisa????????","Mimic Mod","Minty Spire (QoL Compilation)","Quick Restart","Relic Sorter","Reliquary","Replay The Spire","Shop Mod","Spikes Relics","StSLib","Stuff the Spire","The Cursed","The Jungle","The Necromancer","The Saiyan","Waifu the Spire","egg","slay the spire mod where everything is the same but ironclad has a cowboy hat"],"gold_per_floor":[122,122,122,47,72,112,126,126,165,165,194,222,222,249,249,358,358,380,405,405,405,405,447,473,473,518,543,586,586,637,637,737,846,946,957,957,1002,1002,1002,1042,1042,1071,1097,1127,1127,515,541,601,601,615],"floor_reached":51,"language":"ENG","playtime":2757,"items_purged":["Regret","ReplayTheSpireMod:Doomed"],"score":1268,"play_id":"74a626e3-a806-4b10-9f76-ed7f1bb7f0ac","local_time":"20210209040315","is_ascension_mode":false,"campfire_choices":[{"data":"beaked:Ceremony","floor":8.0,"key":"SMITH"},{"data":"beaked:BloodRitual","floor":10.0,"key":"SMITH"},{"data":"beaked:Brace","floor":13.0,"key":"SMITH"},{"data":"beaked:CrazyRituals","floor":15.0,"key":"SMITH"},{"data":"beaked:CrazyRituals","floor":25.0,"key":"SMITH"},{"data":"ReplayUltimateDefense","floor":41.0,"key":"SMITH"},{"data":"beaked:CrazyRituals","floor":49,"key":"SMITH"}],"circlet_count":0,"master_deck":["beaked:Strike_Y","beaked:Strike_Y","beaked:Strike_Y","beaked:Strike_Y","beaked:Strike_Y","beaked:Strike_Y","beaked:Defend_Y","beaked:Defend_Y","beaked:Defend_Y","beaked:Defend_Y","beaked:Ceremony+1","beaked:CrazyRituals+1","beaked:CrazyRituals+1","beaked:Brace+1","beaked:CrazyRituals+1","beaked:BloodRitual+1","beaked:HuntressSpirit","beaked:MachineSpirit","beaked:Foresight+1","beaked:CrazyRituals","beaked:WarriorEssence","hubris:Fate","Shame","beaked:MachineEssence","beaked:Evade+1","Poisoned Strike","ReplayUltimateDefense+1","Feint","beaked:BloodRitual+1","beaked:BounceBack+1","StuffTheSpire:GnomedCurse","beaked:MachineSpirit+1","beaked:Strike_Y","beaked:Strike_Y","beaked:Strike_Y","beaked:Strike_Y","beaked:Strike_Y","beaked:Strike_Y","beaked:Defend_Y","beaked:Defend_Y","beaked:Defend_Y","beaked:Defend_Y","beaked:Ceremony+1","beaked:CrazyRituals","beaked:CrazyRituals+1","beaked:Brace+1","beaked:CrazyRituals+1","beaked:BloodRitual+1","beaked:HuntressSpirit","beaked:MachineSpirit","beaked:Foresight+1","beaked:CrazyRituals","beaked:WarriorEssence","hubris:Fate","Shame","beaked:MachineEssence","beaked:Evade+1","Poisoned Strike","ReplayUltimateDefense+1","Feint","beaked:BloodRitual+1","beaked:BounceBack+1","StuffTheSpire:GnomedCurse","ReplayTheSpireMod:Doomed","beaked:MachineSpirit+1"],"relics":["beaked:MendingPlumage","DemoMod:MonsterBlood","CherryCoatedStake","Replay:Bandana","reliquary:OuijaBoard","aspiration:ChemicalBlood","reliquary:TridentHead","ReplayFunnel","Toy Ornithopter","Replay:PocketPolymizer","BrokenLever","Replay:Winged Headress","Dream Catcher","StuffTheSpire:MayFlowers","Pet Ghost","theJungle:PaperFaux","Replay:Wanted Poster","halation:PinkSoulGem","downfall:ExtraCursedKey","Replay:Baseball","Blue Doll","hubris:TenFootPole","StuffTheSpire:EmeraldSignet","ReplayTheSpireMod:Ninjato","infinitespire:Joker Card"],"acts_visited":["Exordium","Exordium","TheBeyond"],"potions_floor_usage":[48,50,50,50,50,50,50,50],"damage_taken":[{"damage":1.0,"enemies":"2 Louse","floor":1.0,"turns":2.0},{"damage":6.0,"enemies":"conspire:RoseBush","floor":5.0,"turns":4.0},{"damage":33.0,"enemies":"3 Sentries","floor":6.0,"turns":7.0},{"damage":4.0,"enemies":"Jaw Worm","floor":7.0,"turns":4.0},{"damage":22.0,"enemies":"Exordium Wildlife","floor":9.0,"turns":6.0},{"damage":9.0,"enemies":"Exordium Wildlife","floor":11.0,"turns":3.0},{"damage":12.0,"enemies":"Replay:BlueRogue","floor":12.0,"turns":6.0},{"damage":8.0,"enemies":"Lots of Slimes","floor":14.0,"turns":3.0},{"damage":64.0,"enemies":"The Guardian","floor":16.0,"turns":9.0},{"damage":26.0,"enemies":"theJungle:MUSHROOMGANG","floor":18.0,"turns":5.0},{"damage":25.0,"enemies":"theJungle:GiantWrat","floor":19.0,"turns":7.0},{"damage":34.0,"enemies":"theJungle:MamaSnecko","floor":23.0,"turns":7.0},{"damage":15.0,"enemies":"Snake Plant","floor":24.0,"turns":5.0},{"damage":19.0,"enemies":"theJungle:SlimyTreeVines","floor":27.0,"turns":7.0},{"damage":29.0,"enemies":"theJungle:2_Phrogs","floor":28.0,"turns":11.0},{"damage":13.0,"enemies":"theJungle:Cassacara","floor":30.0,"turns":6.0},{"damage":23.0,"enemies":"theJungle:FunGuy","floor":33.0,"turns":8.0},{"damage":0.0,"enemies":"Orb Walker","floor":35.0,"turns":1.0},{"damage":50.0,"enemies":"3 Shapes","floor":37.0,"turns":4.0},{"damage":75.0,"enemies":"Reptomancer","floor":40.0,"turns":6.0},{"damage":25.0,"enemies":"Transient","floor":42.0,"turns":5.0},{"damage":38.0,"enemies":"Sphere and 2 Shapes","floor":44.0,"turns":9.0},{"damage":37.0,"enemies":"3 Darklings","floor":47.0,"turns":5.0},{"damage":13,"enemies":"Mind Bloom Boss Battle","floor":48,"turns":7},{"damage":57,"enemies":"infinitespire:MassOfShapes","floor":50,"turns":10}],"seed_played":"317487611903965375","potions_obtained":[{"floor":5.0,"key":"FearPotion"},{"floor":11.0,"key":"Reflective Coating"},{"floor":14.0,"key":"Guardian:BlockOnCardUsePotion"},{"floor":16.0,"key":"LiquidMemories"},{"floor":18.0,"key":"DemoMod:LeadSkinPotion"},{"floor":27.0,"key":"LifebloodPotion"},{"floor":27.0,"key":"ColorlessPotion"},{"floor":30.0,"key":"Regen Potion"},{"floor":33.0,"key":"Doom Potion"},{"floor":37.0,"key":"Strength Potion"},{"floor":37.0,"key":"DuplicationPotion"},{"floor":40.0,"key":"Explosive Potion"},{"floor":40.0,"key":"AttackPotion"},{"floor":40.0,"key":"Block Potion"},{"floor":42.0,"key":"Weak Potion"},{"floor":47.0,"key":"PowerPotion"},{"floor":50,"key":"Elixir"},{"floor":50,"key":"champ:CounterPotion"}],"is_trial":false,"path_per_floor":["M","$","?","$","M","E","M","R","MIM","R","M","E","R","M","R","B",null,"M","M","AVR","?","T","E","M","R","T","M","E","?","E","?","R_BF","B",null,"M","?","M","?","?","E","R","M","T","M","?","$","M","?","R","B",null],"character_chosen":"BEAKED_THE_CULTIST","items_purchased":["DemoMod:MonsterBlood","Replay:Bandana","StuffTheSpire:EmeraldSignet","ReplayTheSpireMod:Ninjato"],"campfire_rested":0,"item_purchase_floors":[0,0,46,46],"current_hp_per_floor":[52,52,52,52,49,47,52,52,47,47,45,52,52,52,52,14,52,43,44,44,44,44,52,42,42,42,52,49,35,52,52,49,52,52,52,42,38,38,38,48,48,52,52,52,52,52,51,52,52,52],"gold":615,"neow_bonus":"","is_daily":false,"chose_seed":false,"campfire_upgraded":7,"win_rate":0.0,"timestamp":1612868595,"path_taken":["M","$","?","$","M","E","M","R","MIM","R","M","E","R","M","R","BOSS","M","M","AVR","?","?","E","M","R","T","?","E","?","E","?","R_BF","BOSS","M","?","M","?","?","E","R","M","T","M","?","$","?","?","R","BOSS"],"items_purchased_type":["Relic","Relic","Relic","Relic"],"build_version":"2020-12-22","purchased_purges":2,"victory":true,"max_hp_per_floor":[52,52,52,52,52,52,52,52,52,52,52,52,52,52,52,52,52,52,52,52,52,52,52,52,52,52,52,52,52,52,52,52,52,52,52,52,52,52,52,52,52,52,52,52,52,52,52,52,52,52],"card_choices":[{"not_picked":["beaked:FeelMyPain","beaked:BraceForImpact"],"picked":"beaked:Brace","floor":1.0},{"not_picked":["beaked:Struggle","beaked:Daydream"],"picked":"beaked:CrazyRituals","floor":5.0},{"not_picked":["beaked:Redirect","beaked:BraceForImpact","beaked:Overexert"],"picked":"SKIP","floor":6.0},{"not_picked":["beaked:Windmill","beaked:Daydream"],"picked":"beaked:BloodRitual","floor":7.0},{"not_picked":["beaked:DigDeep","beaked:Flinch"],"picked":"beaked:HuntressSpirit","floor":9.0},{"not_picked":["beaked:Roost","beaked:MaddeningMurmurs"],"picked":"beaked:MachineSpirit","floor":11.0},{"not_picked":["beaked:MachineSpirit","beaked:MimicMachine","beaked:StunningBlow"],"picked":"SKIP","floor":12.0},{"not_picked":["beaked:DigDeep","beaked:Molting","beaked:FeelMyPain"],"picked":"SKIP","floor":14.0},{"not_picked":["beaked:Evade+1","beaked:Recite"],"picked":"beaked:Foresight+1","floor":18.0},{"not_picked":["beaked:Daydream","beaked:Tradeoff+1","beaked:Brace+1"],"picked":"SKIP","floor":19.0},{"not_picked":["beaked:Insight","beaked:Brace"],"picked":"beaked:CrazyRituals","floor":23.0},{"not_picked":["beaked:BraceForImpact","beaked:Struggle+1"],"picked":"beaked:WarriorEssence","floor":24.0},{"not_picked":["beaked:Insight","beaked:Flinch","beaked:BraceForImpact"],"picked":"SKIP","floor":27.0},{"not_picked":["beaked:Tradeoff","beaked:BraceForImpact","beaked:HuntressEssence"],"picked":"SKIP","floor":28.0},{"not_picked":["infinitespire:Menacing","infinitespire:UltimateForm"],"picked":"hubris:Fate","floor":29.0},{"not_picked":["beaked:Redirect+1","beaked:DesperateSwing+1","beaked:Brace"],"picked":"SKIP","floor":30.0},{"not_picked":["beaked:CheekyTricks","beaked:FullHouse"],"picked":"beaked:MachineEssence","floor":33.0},{"not_picked":["beaked:MimicMachine+1","beaked:VigorBurst+1"],"picked":"beaked:Evade+1","floor":35.0},{"not_picked":["DemoMod:Spice","Replay:Bootleg Shield Generator"],"picked":"Poisoned Strike","floor":36.0},{"not_picked":["StuffTheSpire:PlasmaPunch","PlatinumSkin"],"picked":"ReplayUltimateDefense","floor":36.0},{"not_picked":["Violence","Thinking Ahead"],"picked":"Feint","floor":36.0},{"not_picked":["beaked:Flinch+1","beaked:Struggle+1","beaked:Windmill+1"],"picked":"SKIP","floor":37.0},{"not_picked":["beaked:FeelMyPain","beaked:Flinch"],"picked":"beaked:BloodRitual+1","floor":40.0},{"not_picked":["beaked:SurvivalInstinct+1","beaked:Windmill"],"picked":"beaked:BounceBack+1","floor":42.0},{"not_picked":["beaked:Evade+1","beaked:Tweet"],"picked":"beaked:MachineSpirit+1","floor":44.0},{"not_picked":["beaked:BraceForImpact","beaked:StickSmack+1","beaked:DigDeep"],"picked":"SKIP","floor":47.0}],"player_experience":1870427,"relics_obtained":[{"floor":6.0,"key":"aspiration:ChemicalBlood"},{"floor":9.0,"key":"reliquary:TridentHead"},{"floor":12.0,"key":"ReplayFunnel"},{"floor":19.0,"key":"ReplayFunnel"},{"floor":22.0,"key":"Replay:PocketPolymizer"},{"floor":23.0,"key":"BrokenLever"},{"floor":26.0,"key":"Replay:Winged Headress"},{"floor":28.0,"key":"Dream Catcher"},{"floor":28.0,"key":"StuffTheSpire:MayFlowers"},{"floor":30.0,"key":"Pet Ghost"},{"floor":40.0,"key":"Replay:Baseball"},{"floor":43.0,"key":"Blue Doll"},{"floor":44.0,"key":"hubris:TenFootPole"},{"floor":48,"key":"infinitespire:Joker Card"}],"event_choices":[{"damage_healed":0.0,"max_hp_gain":0.0,"max_hp_loss":0.0,"gold_gain":0.0,"event_name":"Big Fish","player_choice":"Box","floor":3.0,"gold_loss":0.0,"damage_taken":0.0,"relics_obtained":["reliquary:OuijaBoard"],"cards_obtained":["Regret"]},{"damage_healed":0.0,"max_hp_gain":0.0,"max_hp_loss":0.0,"gold_gain":0.0,"event_name":"SensoryStone","player_choice":"Memory 3","floor":36.0,"gold_loss":0.0,"damage_taken":10.0},{"damage_healed":0,"gold_gain":0,"player_choice":"Fight","damage_taken":0,"max_hp_gain":0,"max_hp_loss":0,"event_name":"MindBloom","floor":48,"gold_loss":0}],"is_beta":false,"boss_relics":[{"not_picked":["hubris:CrackedHourglass","Velvet Choker","halation:PinkAlligatorPlush"]},{"not_picked":["aspiration:RunicSpoon","hubris:ScarierMask"],"picked":"Replay:Wanted Poster"}],"items_purged_floors":[4,46],"is_endless":false,"potions_floor_spawned":[5,11,14,23,24,27,37,40,47],"ascension_level":0}}