{"host":"uv5ws9rdk87e8i5k","time":1612831991,"event":{"mods":["AchievementEnabler","BaseMod","Colored Map","Minty Spire (QoL Compilation)","Permanent Neow","Quick Restart","StSLib","SuperFastMode","The Necromancer"],"gold_per_floor":[20,20,43,64,64,64,64],"floor_reached":6,"language":"ENG","playtime":96,"items_purged":[],"score":56,"play_id":"11c3a044-7a5a-44ee-b6b6-7f3fe61d8680","local_time":"20210208185311","is_ascension_mode":true,"campfire_choices":[],"circlet_count":0,"master_deck":["AscendersBane","Strike_G","Strike_G","Strike_G","Strike_G","Strike_G","Defend_G","Defend_G","Defend_G+1","Defend_G+1","Defend_G","Survivor","Neutralize","Glass Knife","PiercingWail","PiercingWail","Quick Slash"],"relics":["Ring of the Snake","Golden Idol"],"acts_visited":["Exordium"],"potions_floor_usage":[],"damage_taken":[{"damage":0.0,"enemies":"2 Louse","floor":1.0,"turns":3.0},{"damage":0.0,"enemies":"Small Slimes","floor":3.0,"turns":2.0},{"damage":7.0,"enemies":"Jaw Worm","floor":4.0,"turns":6.0},{"damage":0,"enemies":"Gremlin Nob","floor":6,"turns":1}],"seed_played":"-6600096138318927404","potions_obtained":[],"is_trial":false,"path_per_floor":["M","?","M","M","?","E"],"character_chosen":"THE_SILENT","items_purchased":[],"campfire_rested":0,"item_purchase_floors":[],"current_hp_per_floor":[63,63,63,56,43,43,43],"gold":64,"neow_bonus":"THREE_RARE_CARDS","is_daily":false,"chose_seed":false,"campfire_upgraded":0,"win_rate":0.0,"timestamp":1612831991,"path_taken":["M","?","M","M","?","E"],"items_purchased_type":[],"build_version":"2020-12-22","purchased_purges":0,"victory":false,"max_hp_per_floor":[70,65,65,65,65,65,65],"card_choices":[{"not_picked":["Phantasmal Killer","Wraith Form v2"],"picked":"Glass Knife","floor":0.0},{"not_picked":["Flying Knee","Slice"],"picked":"PiercingWail","floor":1.0},{"not_picked":["Blade Dance","Riddle With Holes"],"picked":"PiercingWail","floor":3.0},{"not_picked":["Acrobatics","Prepared"],"picked":"Quick Slash","floor":4.0}],"player_experience":272871,"relics_obtained":[],"event_choices":[{"damage_healed":0.0,"max_hp_gain":0.0,"max_hp_loss":5.0,"gold_gain":0.0,"event_name":"Golden Idol","player_choice":"Lose Max HP","floor":2.0,"gold_loss":0.0,"damage_taken":0.0,"relics_obtained":["Golden Idol"]},{"damage_healed":0.0,"max_hp_gain":0.0,"max_hp_loss":0.0,"gold_gain":0.0,"event_name":"Shining Light","player_choice":"Entered Light","floor":5.0,"gold_loss":0.0,"damage_taken":13.0,"cards_upgraded":["Defend_G","Defend_G"]}],"is_beta":false,"boss_relics":[],"items_purged_floors":[],"is_endless":false,"potions_floor_spawned":[],"killed_by":"Gremlin Nob","ascension_level":11}}