{"host":"t1puqh5lxz8sp6fn","time":1612832245,"event":{"mods":["AchievementEnabler","BaseMod","Colored Powertips","Minty Spire (QoL Compilation)","Rare Cards Sparkle","Relic Stats","StSLib"],"gold_per_floor":[211,224,239,42,42,42,42,81,81,100,100,133,133,153,153,246,246,260,281,317,51,51,51,69,84,137,137,161,161,261,299,299,392,392,408,408,432,457,457,457,457,457],"floor_reached":41,"playtime":1271,"items_purged":["Strike_R"],"score":755,"play_id":"6065e5d2-455f-4d8e-9807-140e46d50dae","local_time":"20210208215725","is_ascension_mode":true,"campfire_choices":[{"data":"Armaments","floor":6.0,"key":"SMITH"},{"floor":11.0,"key":"REST"},{"data":"Spot Weakness","floor":15.0,"key":"SMITH"},{"floor":23.0,"key":"REST"},{"floor":27.0,"key":"REST"},{"floor":29.0,"key":"REST"},{"data":"Flex","floor":32.0,"key":"SMITH"},{"floor":40.0,"key":"RECALL"}],"circlet_count":0,"master_deck":["AscendersBane","Strike_R","Strike_R","Strike_R","Strike_R","Defend_R","Defend_R","Defend_R","Defend_R","Bash","Headbutt","Armaments+1","Whirlwind","Flex+1","Cleave","Spot Weakness+1","Carnage","Ghostly Armor","Berserk+1","Metallicize+1","Combust+1","Flame Barrier","Demon Form+1","True Grit+1","Writhe"],"relics":["Burning Blood","Sling","Golden Idol","Champion Belt","Frozen Egg 2","Pocketwatch","Mercury Hourglass","NlothsMask","Velvet Choker","Red Mask","Membership Card","Tiny Chest","Nilry\u0027s Codex","Unceasing Top","Runic Cube","Centennial Puzzle"],"acts_visited":["Exordium","TheCity","TheBeyond"],"potions_floor_usage":[],"damage_taken":[{"damage":11.0,"enemies":"2 Louse","floor":1.0,"turns":3.0},{"damage":18.0,"enemies":"Jaw Worm","floor":2.0,"turns":4.0},{"damage":1.0,"enemies":"Cultist","floor":3.0,"turns":3.0},{"damage":17.0,"enemies":"3 Sentries","floor":8.0,"turns":6.0},{"damage":11.0,"enemies":"Looter","floor":10.0,"turns":2.0},{"damage":12.0,"enemies":"Lagavulin","floor":12.0,"turns":5.0},{"damage":8.0,"enemies":"Red Slaver","floor":14.0,"turns":3.0},{"damage":24.0,"enemies":"Hexaghost","floor":16.0,"turns":8.0},{"damage":19.0,"enemies":"Shell Parasite","floor":18.0,"turns":5.0},{"damage":0.0,"enemies":"Spheric Guardian","floor":19.0,"turns":3.0},{"damage":23.0,"enemies":"Masked Bandits","floor":20.0,"turns":3.0},{"damage":14.0,"enemies":"3 Cultists","floor":24.0,"turns":3.0},{"damage":16.0,"enemies":"Snake Plant","floor":25.0,"turns":4.0},{"damage":11.0,"enemies":"Snecko","floor":28.0,"turns":4.0},{"damage":0.0,"enemies":"Gremlin Leader","floor":31.0,"turns":4.0},{"damage":33.0,"enemies":"Champ","floor":33.0,"turns":9.0},{"damage":43.0,"enemies":"3 Darklings","floor":35.0,"turns":3.0},{"damage":24.0,"enemies":"3 Shapes","floor":38.0,"turns":3.0},{"damage":40,"enemies":"Writhing Mass","floor":41,"turns":3}],"seed_played":"1195993723620572364","potions_obtained":[{"floor":3.0,"key":"SteroidPotion"},{"floor":10.0,"key":"Weak Potion"},{"floor":12.0,"key":"SteroidPotion"},{"floor":14.0,"key":"SteroidPotion"},{"floor":16.0,"key":"DuplicationPotion"},{"floor":19.0,"key":"Strength Potion"},{"floor":20.0,"key":"Ancient Potion"},{"floor":25.0,"key":"Strength Potion"},{"floor":28.0,"key":"BloodPotion"}],"is_trial":false,"path_per_floor":["M","M","M","$","?","R","?","E","T","M","R","E","?","M","R","B",null,"M","M","?","$","?","R","M","M","T","R","M","R","?","E","R","B",null,"M","T","T","M","?","R","M"],"character_chosen":"IRONCLAD","items_purchased":["Sling","Flex","Membership Card","Tiny Chest"],"campfire_rested":4,"item_purchase_floors":[4,4,21,21],"current_hp_per_floor":[63,51,56,56,38,38,35,24,24,19,41,35,35,33,33,15,60,47,53,36,36,20,42,34,24,24,46,41,63,63,69,69,42,67,30,30,30,12,31,31,0,0],"gold":457,"neow_bonus":"HUNDRED_GOLD","is_daily":false,"chose_seed":false,"campfire_upgraded":3,"win_rate":0.0,"timestamp":1612832245,"path_taken":["M","M","M","$","?","R","?","E","T","M","R","E","?","M","R","BOSS","M","M","?","$","?","R","M","M","T","R","M","R","?","E","R","BOSS","M","?","?","?","?","R","M"],"items_purchased_type":["Relic","Card","Relic","Relic"],"build_version":"2020-12-13","purchased_purges":1,"victory":false,"max_hp_per_floor":[75,75,75,75,75,75,75,75,75,75,75,75,75,75,75,75,75,75,75,75,75,75,75,75,75,75,75,75,75,75,75,75,75,75,75,75,75,75,75,75,75,75],"relic_stats":{"Centennial Puzzle":[6],"counters":[19,77],"Golden Idol":103,"Tiny Chest":1,"Champion Belt":[11],"obtain_stats":[{"Golden Idol":5,"Nilry\u0027s Codex":22,"Velvet Choker":17,"Frozen Egg 2":8,"Sling":4,"Burning Blood":0,"Mercury Hourglass":12,"Centennial Puzzle":37,"Tiny Chest":21,"Red Mask":20,"Champion Belt":7,"Membership Card":21,"Unceasing Top":31,"Pocketwatch":9,"NlothsMask":13,"Runic Cube":34},{"Golden Idol":3,"Nilry\u0027s Codex":11,"Velvet Choker":8,"Frozen Egg 2":4,"Sling":3,"Burning Blood":0,"Mercury Hourglass":6,"Centennial Puzzle":17,"Tiny Chest":11,"Red Mask":11,"Champion Belt":3,"Membership Card":11,"Unceasing Top":15,"Pocketwatch":4,"NlothsMask":6,"Runic Cube":16},{"Golden Idol":10,"Nilry\u0027s Codex":45,"Velvet Choker":34,"Frozen Egg 2":16,"Sling":10,"Burning Blood":0,"Mercury Hourglass":23,"Centennial Puzzle":71,"Tiny Chest":45,"Red Mask":45,"Champion Belt":10,"Membership Card":45,"Unceasing Top":59,"Pocketwatch":16,"NlothsMask":23,"Runic Cube":68}],"Burning Blood":108,"Unceasing Top":[5],"Pocketwatch":[69],"Mercury Hourglass":[191],"Runic Cube":[18]},"card_choices":[{"not_picked":["Havoc","Searing Blow"],"picked":"Headbutt","floor":1.0},{"not_picked":["Entrench","Havoc"],"picked":"Armaments","floor":2.0},{"not_picked":["Perfected Strike","Pommel Strike"],"picked":"Whirlwind","floor":3.0},{"not_picked":["Wild Strike","Headbutt"],"picked":"Cleave","floor":8.0},{"not_picked":["Clash","Second Wind"],"picked":"Spot Weakness","floor":10.0},{"not_picked":["Clash","Flex"],"picked":"Carnage","floor":12.0},{"not_picked":["Havoc","Sentinel"],"picked":"Ghostly Armor","floor":14.0},{"not_picked":["Limit Break","Immolate"],"picked":"Berserk+1","floor":16.0},{"not_picked":["Heavy Blade","Thunderclap"],"picked":"Metallicize+1","floor":18.0},{"not_picked":["Sword Boomerang","Clothesline"],"picked":"Combust+1","floor":19.0},{"not_picked":["Flex","Warcry"],"picked":"Flame Barrier","floor":20.0},{"not_picked":["Clothesline","Body Slam","Pommel Strike"],"picked":"SKIP","floor":24.0},{"not_picked":["Clothesline","Evolve+1","Combust+1"],"picked":"SKIP","floor":25.0},{"not_picked":["Anger","Brutality+1","Body Slam"],"picked":"SKIP","floor":28.0},{"not_picked":["Cleave","Wild Strike","Clothesline+1"],"picked":"SKIP","floor":31.0},{"not_picked":["Bludgeon","Brutality+1"],"picked":"Demon Form+1","floor":33.0},{"not_picked":["Body Slam","Anger"],"picked":"True Grit+1","floor":35.0},{"not_picked":["Fire Breathing+1","Havoc","Clash+1"],"picked":"SKIP","floor":38.0}],"player_experience":492369,"relics_obtained":[{"floor":8.0,"key":"Frozen Egg 2"},{"floor":9.0,"key":"Pocketwatch"},{"floor":12.0,"key":"Mercury Hourglass"},{"floor":20.0,"key":"Red Mask"},{"floor":22.0,"key":"Nilry\u0027s Codex"},{"floor":31.0,"key":"Unceasing Top"},{"floor":37.0,"key":"Centennial Puzzle"}],"event_choices":[{"damage_healed":0.0,"max_hp_gain":0.0,"max_hp_loss":0.0,"gold_gain":0.0,"event_name":"Golden Idol","player_choice":"Take Damage","floor":5.0,"gold_loss":0.0,"damage_taken":18.0,"relics_obtained":["Golden Idol"]},{"damage_healed":0.0,"max_hp_gain":0.0,"max_hp_loss":0.0,"gold_gain":0.0,"event_name":"Scrap Ooze","player_choice":"Success","floor":7.0,"gold_loss":0.0,"damage_taken":3.0,"relics_obtained":["Champion Belt"]},{"damage_healed":0.0,"max_hp_gain":0.0,"max_hp_loss":0.0,"gold_gain":0.0,"event_name":"FaceTrader","player_choice":"Trade","floor":13.0,"gold_loss":0.0,"damage_taken":0.0,"relics_obtained":["NlothsMask"]},{"damage_healed":0.0,"max_hp_gain":0.0,"max_hp_loss":0.0,"gold_gain":0.0,"event_name":"Masked Bandits","player_choice":"Fought Bandits","floor":20.0,"gold_loss":0.0,"damage_taken":0.0},{"damage_healed":0.0,"max_hp_gain":0.0,"max_hp_loss":0.0,"gold_gain":0.0,"event_name":"Cursed Tome","player_choice":"Obtained Book","floor":22.0,"gold_loss":0.0,"damage_taken":16.0},{"damage_healed":0.0,"max_hp_gain":0.0,"max_hp_loss":0.0,"gold_gain":100.0,"event_name":"Golden Shrine","player_choice":"Pray","floor":30.0,"gold_loss":0.0,"damage_taken":0.0},{"damage_healed":19.0,"max_hp_gain":0.0,"max_hp_loss":0.0,"gold_gain":0.0,"event_name":"Winding Halls","player_choice":"Writhe","floor":39.0,"gold_loss":0.0,"damage_taken":0.0,"cards_obtained":["Writhe"]}],"is_beta":false,"boss_relics":[{"not_picked":["Ectoplasm","Pandora\u0027s Box"],"picked":"Velvet Choker"},{"not_picked":["Philosopher\u0027s Stone","Fusion Hammer"],"picked":"Runic Cube"}],"items_purged_floors":[21],"is_endless":false,"potions_floor_spawned":[3,10,12,14,16,19,20,25,28],"killed_by":"Writhing Mass","ascension_level":14}}