{"host":"epc8efk9vrywpcsw","time":1612877303,"event":{"mods":["BaseMod","Minty Spire (QoL Compilation)","Relic Stats","StSLib"],"gold_per_floor":[111,111,57,70,70,70,98,98,98,98,116,131,159,171,171,248,248,259,259,269,139,189,189,189],"floor_reached":23,"language":"ENG","playtime":589,"items_purged":[],"score":448,"play_id":"3aef6163-61dc-40a0-8d90-745b7bf039d9","local_time":"20210209142823","is_ascension_mode":true,"campfire_choices":[{"data":"Neutralize","floor":6.0,"key":"SMITH"},{"data":"Underhanded Strike","floor":8.0,"key":"SMITH"},{"floor":10.0,"key":"REST"},{"floor":15.0,"key":"REST"}],"circlet_count":0,"master_deck":["AscendersBane","Strike_G","Strike_G","Strike_G","Strike_G","Strike_G","Defend_G","Defend_G","Defend_G","Defend_G","Defend_G","Survivor","Neutralize+1","Underhanded Strike+1","Acrobatics","Flying Knee","PiercingWail","Flying Knee","Quick Slash","Tactician","After Image","CurseOfTheBell","Slice+1","Cloak And Dagger","Accuracy","Dramatic Entrance"],"relics":["Ring of the Snake","NeowsBlessing","Orichalcum","Akabeko","Pen Nib","Regal Pillow","Blood Vial","Question Card","Calling Bell","Bag of Preparation","Ninja Scroll","FossilizedHelix"],"acts_visited":["Exordium","TheCity"],"potions_floor_usage":[16,18,18],"damage_taken":[{"damage":0.0,"enemies":"Small Slimes","floor":1.0,"turns":1.0},{"damage":0.0,"enemies":"Jaw Worm","floor":4.0,"turns":1.0},{"damage":5.0,"enemies":"3 Sentries","floor":7.0,"turns":2.0},{"damage":0.0,"enemies":"Cultist","floor":11.0,"turns":2.0},{"damage":1.0,"enemies":"Large Slime","floor":12.0,"turns":6.0},{"damage":20.0,"enemies":"Gremlin Nob","floor":13.0,"turns":4.0},{"damage":13.0,"enemies":"Blue Slaver","floor":14.0,"turns":2.0},{"damage":49,"enemies":"Slime Boss","floor":16,"turns":12},{"damage":0,"enemies":"3 Byrds","floor":18,"turns":6},{"damage":0,"enemies":"Chosen","floor":20,"turns":4},{"damage":43,"enemies":"Book of Stabbing","floor":23,"turns":5}],"seed_played":"-6522570965424599590","potions_obtained":[{"floor":4.0,"key":"Energy Potion"},{"floor":11.0,"key":"AttackPotion"},{"floor":13.0,"key":"Fire Potion"},{"floor":16,"key":"Poison Potion"}],"is_trial":false,"path_per_floor":["M","?","?","M","?","R","E","R","T","R","M","M","E","M","R","B",null,"M","?","M","$","?","E"],"character_chosen":"THE_SILENT","items_purchased":["Accuracy","Dramatic Entrance"],"campfire_rested":2,"item_purchase_floors":[21,21],"current_hp_per_floor":[59,59,59,59,14,14,9,9,9,43,45,46,28,17,51,4,51,53,53,55,55,55,14,14],"gold":189,"neow_bonus":"THREE_ENEMY_KILL","is_daily":false,"chose_seed":false,"campfire_upgraded":2,"win_rate":0.0,"timestamp":1612877303,"path_taken":["M","?","?","?","?","R","E","R","T","R","M","M","E","M","R","BOSS","M","?","?","$","?","E"],"items_purchased_type":["Card","Card"],"build_version":"2020-12-22","purchased_purges":0,"victory":false,"max_hp_per_floor":[66,66,66,66,66,66,66,66,66,66,66,66,66,66,66,66,66,66,66,66,66,66,66,66],"relic_stats":{"Blood Vial":16,"Regal Pillow":30,"counters":[11,45],"Pen Nib":[10],"Bag of Preparation":[0],"Orichalcum":[96],"Question Card":5,"obtain_stats":[{"Blood Vial":9,"Calling Bell":17,"Regal Pillow":7,"NeowsBlessing":0,"Ninja Scroll":17,"Pen Nib":5,"Bag of Preparation":17,"Orichalcum":2,"Question Card":13,"Akabeko":3,"FossilizedHelix":17,"Ring of the Snake":0},{"Blood Vial":3,"Calling Bell":8,"Regal Pillow":3,"NeowsBlessing":0,"Ninja Scroll":8,"Pen Nib":2,"Bag of Preparation":8,"Orichalcum":1,"Question Card":6,"Akabeko":1,"FossilizedHelix":8,"Ring of the Snake":0},{"Blood Vial":4,"Calling Bell":30,"Regal Pillow":4,"NeowsBlessing":0,"Ninja Scroll":30,"Pen Nib":2,"Bag of Preparation":30,"Orichalcum":1,"Question Card":16,"Akabeko":1,"FossilizedHelix":30,"Ring of the Snake":0}],"Ring of the Snake":[22]},"card_choices":[{"not_picked":["Poisoned Stab","Slice"],"picked":"Underhanded Strike","floor":1.0},{"not_picked":["Slice","Well Laid Plans"],"picked":"Acrobatics","floor":4.0},{"not_picked":["Deflect","Choke"],"picked":"Flying Knee","floor":7.0},{"not_picked":["Deflect","Noxious Fumes"],"picked":"PiercingWail","floor":11.0},{"not_picked":["Noxious Fumes","Caltrops"],"picked":"Flying Knee","floor":12.0},{"not_picked":["Accuracy","Deadly Poison"],"picked":"Quick Slash","floor":13.0},{"not_picked":["Predator","Blade Dance","Sucker Punch"],"picked":"Tactician","floor":14.0},{"not_picked":["Storm of Steel","Envenom","Die Die Die"],"picked":"After Image","floor":16},{"not_picked":["Masterful Stab","Catalyst","Bane"],"picked":"Slice+1","floor":18},{"not_picked":["Deadly Poison","Dagger Spray","Prepared"],"picked":"Cloak And Dagger","floor":20}],"player_experience":502336,"relics_obtained":[{"floor":7.0,"key":"Regal Pillow"},{"floor":9.0,"key":"Blood Vial"},{"floor":13.0,"key":"Question Card"},{"floor":17,"key":"Bag of Preparation"},{"floor":17,"key":"Ninja Scroll"},{"floor":17,"key":"FossilizedHelix"}],"event_choices":[{"damage_healed":0.0,"max_hp_gain":0.0,"max_hp_loss":0.0,"gold_gain":0.0,"event_name":"Big Fish","player_choice":"Box","floor":2.0,"gold_loss":0.0,"damage_taken":0.0,"relics_obtained":["Orichalcum"],"cards_obtained":["Regret"]},{"damage_healed":0.0,"max_hp_gain":0.0,"max_hp_loss":0.0,"gold_gain":0.0,"event_name":"WeMeetAgain","player_choice":"Paid Gold","floor":3.0,"gold_loss":54.0,"damage_taken":0.0,"relics_obtained":["Akabeko"]},{"damage_healed":0.0,"max_hp_gain":0.0,"max_hp_loss":0.0,"gold_gain":0.0,"event_name":"Scrap Ooze","player_choice":"Success","floor":5.0,"gold_loss":0.0,"damage_taken":45.0,"relics_obtained":["Pen Nib"]},{"cards_removed":["Regret"],"damage_healed":0,"gold_gain":0,"player_choice":"Purged","damage_taken":0,"max_hp_gain":0,"max_hp_loss":0,"event_name":"Purifier","floor":19,"gold_loss":0},{"damage_healed":0,"gold_gain":50,"player_choice":"Stole From Cult","damage_taken":0,"max_hp_gain":0,"max_hp_loss":0,"event_name":"Nest","floor":22,"gold_loss":0}],"is_beta":false,"boss_relics":[{"not_picked":["HoveringKite","Runic Dome"],"picked":"Calling Bell"}],"items_purged_floors":[],"is_endless":false,"potions_floor_spawned":[4,11,13,16],"killed_by":"Book of Stabbing","ascension_level":20}}