{"host":"36qke0usa4c48kdx","time":1612855048,"event":{"mods":["AchievementEnabler","BaseMod","Colored Map","Downfall","Hermit","Marisa????????","Minty Spire (QoL Compilation)","READ ME - Guardian Mod","Replay The Spire","StSLib","The Bug Knight","The Cursed","The Disciple","The Jungle","The Servant 0.9.4"],"gold_per_floor":[113,123,298,392,667,695,695,728,728,740,740,740],"floor_reached":11,"language":"ENG","playtime":719,"items_purged":[],"score":122,"play_id":"68ec9526-8a43-4095-92d2-d1c06bd15148","local_time":"20210209081728","is_ascension_mode":true,"campfire_choices":[{"data":"KidneyShot","floor":7,"key":"SMITH"}],"circlet_count":0,"master_deck":["Strike_S","Strike_S","Strike_S","Strike_S","Defend_S","Defend_S","Defend_S","Defend_S","KidneyShot+1","Exchange","SilverBlades","Comet","Doubt","Defy","SurpressingFire","Regret","Rearm","DualDimension"],"relics":["Uniform","NeowsBlessing","Blood Vial","Replay:Bottled Steam","Lantern","Omamori"],"acts_visited":["Exordium"],"potions_floor_usage":[11],"damage_taken":[{"damage":0,"enemies":"Cultist","floor":1,"turns":1},{"damage":0,"enemies":"Jaw Worm","floor":2,"turns":1},{"damage":0,"enemies":"Lagavulin","floor":6,"turns":1},{"damage":37,"enemies":"Replay:BlueRogue","floor":8,"turns":10},{"damage":5,"enemies":"Small Slimes","floor":10,"turns":3},{"damage":16,"enemies":"HollowMod:MossKnight","floor":11,"turns":13}],"seed_played":"2150487284886090088","potions_obtained":[{"floor":10,"key":"EssenceOfSteel"}],"is_trial":false,"path_per_floor":["M","M","?","?","?","E","R","E","T","M","E"],"character_chosen":"THE_SERVANT","items_purchased":[],"campfire_rested":0,"item_purchase_floors":[],"current_hp_per_floor":[65,65,65,49,49,51,51,16,16,13,0,0],"gold":740,"neow_bonus":"THREE_ENEMY_KILL","is_daily":false,"chose_seed":false,"campfire_upgraded":1,"win_rate":0.0,"timestamp":1612855048,"path_taken":["M","M","?","?","?","E","R","E","T","M","E"],"items_purchased_type":[],"build_version":"2020-12-22","purchased_purges":0,"victory":false,"max_hp_per_floor":[65,65,65,65,65,65,65,65,65,65,65,65],"card_choices":[{"not_picked":["Potential","Defy"],"picked":"SilverBlades","floor":1},{"not_picked":["Potential","Moonlight"],"picked":"Comet","floor":2},{"not_picked":["ShiftingGears","Replace"],"picked":"Defy","floor":4},{"not_picked":["Shuttle","Unruled"],"picked":"SurpressingFire","floor":4},{"not_picked":["Alleviate","Luminosity","TimeWarp"],"picked":"SKIP","floor":6},{"not_picked":["Defy","ForgedInTime"],"picked":"Rearm","floor":8},{"not_picked":["Rewind","Comet"],"picked":"DualDimension","floor":10}],"player_experience":748509,"relics_obtained":[{"floor":4,"key":"Blood Vial"},{"floor":6,"key":"Replay:Bottled Steam"},{"floor":8,"key":"Lantern"},{"floor":9,"key":"Omamori"}],"event_choices":[{"damage_healed":0,"gold_gain":175,"player_choice":"AGREE","damage_taken":0,"max_hp_gain":0,"max_hp_loss":0,"event_name":"Liars Game","floor":3,"gold_loss":0,"cards_obtained":["Doubt"]},{"damage_healed":0,"gold_gain":275,"player_choice":"Desecrate","damage_taken":0,"max_hp_gain":0,"max_hp_loss":0,"event_name":"Golden Shrine","floor":5,"gold_loss":0,"cards_obtained":["Regret"]}],"is_beta":false,"boss_relics":[],"items_purged_floors":[],"is_endless":false,"potions_floor_spawned":[10],"killed_by":"HollowMod:MossKnight","ascension_level":3}}