{"host":"vhvubw4jk4f204qs","time":1612894455,"event":{"mods":["AchievementEnabler","BaseMod","DeckTracker","GifTheSpireLib","Googly Eyes","Minty Spire (QoL Compilation)","Permanent Neow","Quick Restart","StSLib","SuperFastMode","The IronCluck","slay the spire mod where everything is the same but ironclad has a cowboy hat"],"gold_per_floor":[19,36,46,64,25,50,63,97,97,97,115,115,149,161,161,161,161],"floor_reached":16,"language":"ENG","playtime":795,"items_purged":[],"score":174,"play_id":"db1bdfb6-8162-4261-94e4-acf09a200737","local_time":"20210209131415","is_ascension_mode":true,"campfire_choices":[{"data":"Limit Break","floor":15,"key":"SMITH"}],"circlet_count":0,"master_deck":["Strike_R","Strike_R","Strike_R","Defend_R","Defend_R","Defend_R","Defend_R","Bash","Pommel Strike","Immolate","Wild Strike","True Grit+1","Battle Trance","Cleave","Hemokinesis","Burning Pact","Feel No Pain","Burning Pact","Spot Weakness","Limit Break+1"],"relics":["Burning Blood","Kunai","Pear","Blue Candle","Unceasing Top"],"acts_visited":["Exordium"],"potions_floor_usage":[8,13,16],"damage_taken":[{"damage":2,"enemies":"Jaw Worm","floor":1,"turns":4},{"damage":0,"enemies":"Small Slimes","floor":2,"turns":2},{"damage":0,"enemies":"Cultist","floor":3,"turns":2},{"damage":0,"enemies":"2 Fungi Beasts","floor":4,"turns":2},{"damage":28,"enemies":"3 Sentries","floor":6,"turns":5},{"damage":0,"enemies":"3 Louse","floor":7,"turns":3},{"damage":40,"enemies":"Gremlin Nob","floor":8,"turns":4},{"damage":0,"enemies":"Gremlin Gang","floor":11,"turns":2},{"damage":31,"enemies":"Lagavulin","floor":13,"turns":6},{"damage":28,"enemies":"Large Slime","floor":14,"turns":5},{"damage":24,"enemies":"Hexaghost","floor":16,"turns":9}],"seed_played":"-8646143417294599844","potions_obtained":[{"floor":6,"key":"CultistPotion"},{"floor":8,"key":"BlessingOfTheForge"},{"floor":13,"key":"GamblersBrew"},{"floor":14,"key":"DuplicationPotion"}],"is_trial":false,"path_per_floor":["M","M","M","M","$","E","M","E","T","?","M","?","E","M","R","B"],"character_chosen":"IRONCLAD","items_purchased":["Hemokinesis"],"campfire_rested":0,"item_purchase_floors":[5],"current_hp_per_floor":[76,80,80,80,80,58,64,40,40,70,76,76,51,29,29,5,5],"gold":161,"neow_bonus":"TRANSFORM_TWO_CARDS","is_daily":false,"chose_seed":false,"campfire_upgraded":1,"win_rate":0.0,"timestamp":1612894455,"path_taken":["M","M","M","M","$","E","M","E","T","?","M","?","E","M","R","BOSS"],"items_purchased_type":["Card"],"build_version":"2020-12-22","purchased_purges":0,"victory":false,"max_hp_per_floor":[80,80,80,80,80,80,80,90,90,90,90,90,90,90,90,90,90],"card_choices":[{"not_picked":["Iron Wave","True Grit"],"picked":"Wild Strike","floor":1},{"not_picked":["Twin Strike","Heavy Blade"],"picked":"True Grit","floor":2},{"not_picked":["Pummel","Headbutt"],"picked":"Battle Trance","floor":3},{"not_picked":["Bloodletting","Thunderclap"],"picked":"Cleave","floor":4},{"not_picked":["Rampage","Feel No Pain"],"picked":"Burning Pact","floor":6},{"not_picked":["Blood for Blood","Pommel Strike"],"picked":"Feel No Pain","floor":7},{"not_picked":["Armaments","Metallicize"],"picked":"Burning Pact","floor":8},{"not_picked":["Thunderclap","True Grit","Sever Soul"],"picked":"SKIP","floor":11},{"not_picked":["Armaments","Pommel Strike"],"picked":"Spot Weakness","floor":13},{"not_picked":["Twin Strike","Infernal Blade"],"picked":"Limit Break","floor":14}],"player_experience":781701,"relics_obtained":[{"floor":6,"key":"Kunai"},{"floor":8,"key":"Pear"},{"floor":9,"key":"Blue Candle"},{"floor":13,"key":"Unceasing Top"}],"event_choices":[{"damage_healed":30,"gold_gain":0,"player_choice":"Banana","damage_taken":0,"max_hp_gain":0,"max_hp_loss":0,"event_name":"Big Fish","floor":10,"gold_loss":0},{"damage_healed":0,"gold_gain":0,"player_choice":"Grow","damage_taken":0,"max_hp_gain":0,"max_hp_loss":0,"event_name":"Living Wall","floor":12,"gold_loss":0,"cards_upgraded":["True Grit"]}],"is_beta":false,"boss_relics":[],"items_purged_floors":[],"is_endless":false,"potions_floor_spawned":[6,8,13,14],"killed_by":"Hexaghost","ascension_level":8}}