{"host":"42037lo9e0pj78nv","time":1612860909,"event":{"mods":["AchievementEnabler","BaseMod","Downfall","Hermit","Highlight Path","Minty Spire (QoL Compilation)","Replay The Spire","Robot Space Explorer","Shop Mod","StSLib","The Marked","The Necromancer"],"gold_per_floor":[115,115,115,133,43,43,69,69,94,107,127,144,161,161,161,265,265,281,297,314,331,331,331,341,341,341,352,367,367,378,293,293,293,293],"floor_reached":33,"language":"ENG","playtime":3733,"items_purged":[],"score":253,"play_id":"a9974592-14e6-475e-915e-c8756c311c3c","local_time":"20210209005509","is_ascension_mode":false,"campfire_choices":[{"floor":6.0,"key":"REST"},{"floor":15.0,"key":"REST"},{"floor":23,"key":"REST"},{"floor":29,"key":"REST"},{"floor":32,"key":"REST"}],"circlet_count":0,"master_deck":["theMarked:Strike","theMarked:Strike","theMarked:Strike","theMarked:Strike","theMarked:Defend","theMarked:Defend","theMarked:Defend","theMarked:SoldierOfQuellstein+1","theMarked:BanishingStrike","theMarked:ParalyzingBlade","theMarked:ResourceFulStrike","Finesse","theMarked:WastefulAttack","theMarked:OneWithTheBlade","theMarked:HeightenedSenses","theMarked:Static","theMarked:WardOff","theMarked:TwofoldDefense","theMarked:Defy","theMarked:EmpowerWeapon","theMarked:Frustration+1","theMarked:HeightenedSenses+1","theMarked:WardOff","theMarked:Opportunist","ReplayTheSpireMod:Splinters","theMarked:TunnelVision","downfall:Icky","ReplayTheSpireMod:Splinters","theMarked:Reabsorb+1","theMarked:RepellingDischarge","theMarked:EmpowerWeapon"],"relics":["theMarked:ArtifactOfAir","Replay:Wax Seal","Ancient Tea Set","WarpedTongs","Velvet Choker","downfall:ExtraCursedKey","Ice Cream","theMarked:DemonDagger"],"acts_visited":["Exordium","TheCity"],"potions_floor_usage":[],"damage_taken":[{"damage":2.0,"enemies":"Small Slimes","floor":1.0,"turns":3.0},{"damage":0.0,"enemies":"Cultist","floor":4.0,"turns":3.0},{"damage":27.0,"enemies":"3 Sentries","floor":7.0,"turns":8.0},{"damage":5.0,"enemies":"2 Louse","floor":10.0,"turns":3.0},{"damage":3.0,"enemies":"Red Slaver","floor":11.0,"turns":4.0},{"damage":3.0,"enemies":"Looter","floor":12.0,"turns":2.0},{"damage":8.0,"enemies":"Gremlin Gang","floor":13.0,"turns":5.0},{"damage":40.0,"enemies":"Fading Forest","floor":16.0,"turns":11.0},{"damage":3.0,"enemies":"Chosen","floor":18.0,"turns":4.0},{"damage":9.0,"enemies":"3 Byrds","floor":19.0,"turns":7.0},{"damage":17.0,"enemies":"3 Cultists","floor":20.0,"turns":6.0},{"damage":19.0,"enemies":"Cultist and Chosen","floor":21.0,"turns":7.0},{"damage":4,"enemies":"Snecko","floor":24,"turns":4},{"damage":16,"enemies":"3 Cultists","floor":27,"turns":5},{"damage":19,"enemies":"Cultist and Chosen","floor":28,"turns":8},{"damage":24,"enemies":"Snake Plant","floor":30,"turns":4},{"damage":22,"enemies":"Pondfish","floor":33,"turns":3}],"seed_played":"715568096058950135","potions_obtained":[{"floor":10.0,"key":"Elixir"},{"floor":12.0,"key":"GamblersBrew"},{"floor":19.0,"key":"hexamod:SoulburnPotion"},{"floor":21.0,"key":"SpeedPotion"}],"is_trial":false,"path_per_floor":["M","?","?","M","$","R","E","?","T","M","M","M","M","?","R","B",null,"M","M","M","M","?","R","M","?","T","M","M","R","M","?","R","B"],"character_chosen":"THE_DEFAULT","items_purchased":["Finesse"],"campfire_rested":5,"item_purchase_floors":[5],"current_hp_per_floor":[68,50,50,50,50,70,43,43,43,38,35,32,24,24,45,30,70,67,58,41,22,22,43,39,39,39,23,4,25,1,1,22,0,0],"gold":293,"neow_bonus":"THREE_CARDS","is_daily":false,"chose_seed":false,"campfire_upgraded":0,"win_rate":0.0,"timestamp":1612860909,"path_taken":["M","?","?","?","$","R","E","?","T","M","M","M","?","?","R","BOSS","M","M","M","?","?","R","M","?","T","M","M","R","M","?","R","BOSS"],"items_purchased_type":["Card"],"build_version":"2020-12-22","purchased_purges":0,"victory":false,"max_hp_per_floor":[70,70,70,70,70,70,70,70,70,70,70,70,70,70,70,70,70,70,70,70,70,70,70,70,70,70,70,70,70,70,70,70,70,70],"card_choices":[{"not_picked":["theMarked:Frustration","theMarked:ResourceFulStrike"],"picked":"theMarked:BanishingStrike","floor":0.0},{"not_picked":["theMarked:Improvise","theMarked:TwofoldDefense"],"picked":"theMarked:ParalyzingBlade","floor":1.0},{"not_picked":["theMarked:ContemptForTheProud","theMarked:Electrify"],"picked":"theMarked:ResourceFulStrike","floor":4.0},{"not_picked":["theMarked:Reabsorb","theMarked:ParalyzingBlade"],"picked":"theMarked:WastefulAttack","floor":7.0},{"not_picked":["theMarked:ChainLightning","theMarked:ThrowWeapon"],"picked":"theMarked:HeightenedSenses","floor":10.0},{"not_picked":["theMarked:WastefulAttack","theMarked:HeightenedSenses"],"picked":"theMarked:Static","floor":11.0},{"not_picked":["theMarked:TakeCover","theMarked:BanishingStrike"],"picked":"theMarked:WardOff","floor":12.0},{"not_picked":["theMarked:EmpowerWeapon","theMarked:Indomitable"],"picked":"theMarked:TwofoldDefense","floor":13.0},{"not_picked":["theMarked:FavorableWinds","theMarked:ThrowWeapon"],"picked":"theMarked:Defy","floor":16.0},{"not_picked":["theMarked:TunnelVision+1","theMarked:Parkour"],"picked":"theMarked:EmpowerWeapon","floor":18.0},{"not_picked":["theMarked:TakeCover","theMarked:TwofoldDefense"],"picked":"theMarked:Frustration+1","floor":19.0},{"not_picked":["theMarked:Frustration","theMarked:Snap"],"picked":"theMarked:HeightenedSenses+1","floor":20.0},{"not_picked":["theMarked:Frustration","theMarked:Improvise"],"picked":"theMarked:WardOff","floor":21.0},{"not_picked":["theMarked:Convert","theMarked:WastefulAttack"],"picked":"theMarked:Opportunist","floor":24},{"not_picked":["theMarked:Electrify+1","theMarked:Overthink"],"picked":"theMarked:Reabsorb+1","floor":27},{"not_picked":["theMarked:TwofoldDefense+1","theMarked:Memento+1"],"picked":"theMarked:RepellingDischarge","floor":28},{"not_picked":["theMarked:WastefulAttack+1","theMarked:Parkour"],"picked":"theMarked:EmpowerWeapon","floor":30}],"player_experience":86984,"relics_obtained":[{"floor":7.0,"key":"Ancient Tea Set"},{"floor":26,"key":"Ice Cream"}],"event_choices":[{"damage_healed":0.0,"max_hp_gain":0.0,"max_hp_loss":0.0,"gold_gain":0.0,"event_name":"Scrap Ooze","player_choice":"Success","floor":2.0,"gold_loss":0.0,"damage_taken":18.0,"relics_obtained":["Replay:Wax Seal"]},{"damage_healed":0.0,"max_hp_gain":0.0,"max_hp_loss":0.0,"gold_gain":0.0,"event_name":"Upgrade Shrine","player_choice":"Upgraded","floor":3.0,"gold_loss":0.0,"damage_taken":0.0,"cards_upgraded":["theMarked:SoldierOfQuellstein"]},{"damage_healed":0.0,"max_hp_gain":0.0,"max_hp_loss":0.0,"gold_gain":0.0,"cards_transformed":["theMarked:Strike"],"event_name":"Transmorgrifier","player_choice":"Transformed","floor":8.0,"gold_loss":0.0,"damage_taken":0.0,"cards_obtained":["theMarked:OneWithTheBlade"]},{"damage_healed":0.0,"max_hp_gain":0.0,"max_hp_loss":0.0,"gold_gain":0.0,"event_name":"Accursed Blacksmith","player_choice":"Rummage","floor":14.0,"gold_loss":0.0,"damage_taken":0.0,"relics_obtained":["WarpedTongs"],"cards_obtained":["Pain"]},{"damage_healed":0,"gold_gain":0,"cards_transformed":["Pain","theMarked:Defend"],"player_choice":"Became Test Subject","damage_taken":0,"max_hp_gain":0,"max_hp_loss":0,"event_name":"Drug Dealer","floor":25,"gold_loss":0,"cards_obtained":["ReplayTheSpireMod:Splinters","theMarked:TunnelVision"]},{"damage_healed":0,"gold_gain":0,"player_choice":"Obtained Relic","damage_taken":0,"relics_obtained":["theMarked:DemonDagger"],"max_hp_gain":0,"max_hp_loss":0,"event_name":"Addict","floor":31,"gold_loss":85}],"is_beta":false,"boss_relics":[{"not_picked":["Empty Cage","Calling Bell"],"picked":"Velvet Choker"}],"items_purged_floors":[],"is_endless":false,"potions_floor_spawned":[10,12,19,21,28],"killed_by":"Pondfish","ascension_level":0}}