{"host":"684z1xpuwaoqmmh1","time":1612887412,"event":{"mods":["A Magickal Journey","BaseMod","Downfall","Hermit","Jorbs\u0027s Wanderer Trilogy","Marisa????????","Minty Spire (QoL Compilation)","Robot Space Explorer","Shade Mod","StSLib","The Bug Knight","The Dragon Tamer","The Elementalist","The Hayseed","The Hierophant","The Marked","The Mystic","The Runesmith","The Saiyan","The Senshi","The Spell Scribe","The Vixen","TheBandit","TheFirefly"],"gold_per_floor":[213,213,230,240,0,0,0,18,18,32,49,77,77,102,102,204,204,223,223,204,18,35,69,69,7,7,25,25,39,39,58,58,154,154,169,169,169,169],"floor_reached":37,"language":"ENG","playtime":1659,"items_purged":["theMarked:Strike","Decay"],"score":541,"play_id":"078ad853-c09f-431a-aa08-bc330a9ab331","local_time":"20210209181652","is_ascension_mode":true,"campfire_choices":[{"data":"theMarked:SoldierOfQuellstein","floor":7,"key":"SMITH"},{"floor":13,"key":"REST"},{"floor":15,"key":"REST"},{"floor":24,"key":"REST"},{"floor":28,"key":"REST"},{"data":"theMarked:Toughness","floor":30,"key":"SMITH"},{"data":"theMarked:ThrowWeapon","floor":32,"key":"SMITH"}],"circlet_count":0,"master_deck":["theMarked:Strike","theMarked:Strike","theMarked:Strike","theMarked:Defend","theMarked:Defend","theMarked:Defend","theMarked:Defend","theMarked:SoldierOfQuellstein+1","theMarked:Opportunist","theMarked:HeightenedSenses","theMarked:TwofoldDefense","theMarked:BanishingStrike","theMarked:Toughness+1","theMarked:TakeCover","theMarked:Memento","theMarked:MuscleMemory","theMarked:KeepCalmAndFight","theMarked:ThrowWeapon+1","theMarked:Levitate","theMarked:HeightenedSenses","theMarked:Parry","theMarked:WastefulAttack","theMarked:WardOff","theMarked:Indomitable","theMarked:BindingBlade","The Bomb"],"relics":["theMarked:ArtifactOfAir","Letter Opener","InkBottle","Lantern","Juzu Bracelet","Busted Crown","theSenshi:SuperSailorFukuRelic","Toy Ornithopter","Question Card","sneckomod:SneckoTalon"],"acts_visited":["Exordium","TheCity","TheBeyond"],"potions_floor_usage":[12,12,16,20,29,37],"damage_taken":[{"damage":0,"enemies":"2 Louse","floor":1,"turns":2},{"damage":2,"enemies":"Jaw Worm","floor":3,"turns":3},{"damage":0,"enemies":"Small Slimes","floor":4,"turns":4},{"damage":10,"enemies":"Gremlin Gang","floor":8,"turns":6},{"damage":9,"enemies":"Red Slaver","floor":10,"turns":4},{"damage":0,"enemies":"Exordium Wildlife","floor":11,"turns":5},{"damage":12,"enemies":"Gremlin Nob","floor":12,"turns":4},{"damage":20,"enemies":"3 Sentries","floor":14,"turns":7},{"damage":37,"enemies":"The Guardian","floor":16,"turns":12},{"damage":6,"enemies":"Shell Parasite","floor":18,"turns":5},{"damage":3,"enemies":"2 Thieves","floor":20,"turns":4},{"damage":5,"enemies":"3 Cultists","floor":22,"turns":5},{"damage":34,"enemies":"Book of Stabbing","floor":23,"turns":8},{"damage":0,"enemies":"Centurion and Healer","floor":27,"turns":9},{"damage":0,"enemies":"Sentry and Sphere","floor":29,"turns":4},{"damage":3,"enemies":"Snecko","floor":31,"turns":4},{"damage":15,"enemies":"Collector","floor":33,"turns":8},{"damage":0,"enemies":"Orb Walker","floor":35,"turns":3},{"damage":67,"enemies":"Orin","floor":37,"turns":7}],"seed_played":"4051288347755890327","potions_obtained":[{"floor":3,"key":"Weak Potion"},{"floor":4,"key":"FearPotion"},{"floor":12,"key":"GamblersBrew"},{"floor":18,"key":"DuplicationPotion"},{"floor":23,"key":"Energy Potion"},{"floor":27,"key":"AttackPotion"},{"floor":35,"key":"Strength Potion"}],"is_trial":false,"path_per_floor":["M","?","M","M","$","?","R","M","T","M","M","E","R","E","R","B",null,"M","?","M","$","M","E","R","?","T","M","R","M","R","M","R","B",null,"M","?","?"],"character_chosen":"THE_DEFAULT","items_purchased":["theMarked:BanishingStrike","theMarked:Toughness","theMarked:Parry","theMarked:WastefulAttack"],"campfire_rested":4,"item_purchase_floors":[5,5,21,21],"current_hp_per_floor":[63,56,54,54,54,47,47,37,37,28,28,16,37,17,38,1,53,47,47,44,44,39,5,26,26,26,26,47,52,52,49,49,34,61,61,61,0,0],"gold":169,"neow_bonus":"HUNDRED_GOLD","is_daily":false,"chose_seed":false,"campfire_upgraded":3,"win_rate":0.0,"timestamp":1612887412,"path_taken":["M","?","M","M","$","?","R","M","T","M","M","E","R","E","R","BOSS","M","?","M","$","M","E","R","?","T","M","R","M","R","M","R","BOSS","M","?","?"],"items_purchased_type":["Card","Card","Card","Card"],"build_version":"2020-12-22","purchased_purges":2,"victory":false,"max_hp_per_floor":[70,70,70,70,70,70,70,70,70,70,70,70,70,70,70,70,70,70,70,70,70,70,70,70,70,70,70,70,70,70,70,70,70,70,70,70,70,70],"card_choices":[{"not_picked":["theMarked:Aftermath","theMarked:Electrify"],"picked":"theMarked:Opportunist","floor":1},{"not_picked":["theMarked:Electrocute","theMarked:ResourceFulStrike"],"picked":"theMarked:HeightenedSenses","floor":3},{"not_picked":["theMarked:BanishingStrike","theMarked:Frustration"],"picked":"theMarked:TwofoldDefense","floor":4},{"not_picked":["theMarked:Memento","theMarked:ResourceFulStrike"],"picked":"theMarked:TakeCover","floor":8},{"not_picked":["theMarked:ElectricStrings","theMarked:UnarmedFury"],"picked":"theMarked:Memento","floor":10},{"not_picked":["theMarked:Electrocute","theMarked:HeightenedSenses"],"picked":"theMarked:MuscleMemory","floor":11},{"not_picked":["theMarked:HeightenedSenses","theMarked:Heritage"],"picked":"theMarked:KeepCalmAndFight","floor":12},{"not_picked":["theMarked:EmpowerWeapon","theMarked:Panic"],"picked":"theMarked:ThrowWeapon","floor":14},{"not_picked":["theMarked:EternalStudent","theMarked:SuspiciousRaven"],"picked":"theMarked:Levitate","floor":16},{"not_picked":[],"picked":"theMarked:HeightenedSenses","floor":18},{"not_picked":["theMarked:ResourceFulStrike+1"],"picked":"SKIP","floor":20},{"not_picked":[],"picked":"theMarked:WardOff","floor":22},{"not_picked":["theMarked:Parkour"],"picked":"SKIP","floor":23},{"not_picked":["theMarked:ResourceFulStrike","theMarked:EmpowerWeapon"],"picked":"SKIP","floor":27},{"not_picked":["theMarked:Electrify"],"picked":"theMarked:Indomitable","floor":29},{"not_picked":["theMarked:TwofoldDefense+1","theMarked:ElectricStrings"],"picked":"SKIP","floor":31},{"not_picked":["theMarked:TurnInvisible"],"picked":"theMarked:BindingBlade","floor":33},{"not_picked":["theMarked:ResourceFulStrike","theMarked:HeightenedSenses"],"picked":"SKIP","floor":35},{"not_picked":["Mind Blast"],"picked":"The Bomb","floor":36}],"player_experience":3229075,"relics_obtained":[{"floor":9,"key":"InkBottle"},{"floor":12,"key":"Lantern"},{"floor":14,"key":"Juzu Bracelet"},{"floor":23,"key":"theSenshi:SuperSailorFukuRelic"},{"floor":26,"key":"Question Card"}],"event_choices":[{"cards_removed":["theMarked:Strike"],"damage_healed":0,"gold_gain":0,"player_choice":"Card Removal","damage_taken":7,"max_hp_gain":0,"max_hp_loss":0,"event_name":"Golden Wing","floor":2,"gold_loss":0},{"damage_healed":0,"gold_gain":0,"player_choice":"Success","damage_taken":7,"relics_obtained":["Letter Opener"],"max_hp_gain":0,"max_hp_loss":0,"event_name":"Scrap Ooze","floor":6,"gold_loss":0},{"damage_healed":0,"gold_gain":0,"player_choice":"Cursed","damage_taken":0,"max_hp_gain":0,"max_hp_loss":0,"event_name":"Wheel of Change","floor":19,"gold_loss":0,"cards_obtained":["Decay"]},{"damage_healed":0,"gold_gain":0,"player_choice":"Paid Gold","damage_taken":0,"relics_obtained":["Toy Ornithopter"],"max_hp_gain":0,"max_hp_loss":0,"event_name":"WeMeetAgain","floor":25,"gold_loss":62},{"damage_healed":0,"gold_gain":0,"player_choice":"Memory 1","damage_taken":0,"max_hp_gain":0,"max_hp_loss":0,"event_name":"SensoryStone","floor":36,"gold_loss":0},{"damage_healed":0,"gold_gain":0,"player_choice":"Fight","damage_taken":0,"max_hp_gain":0,"max_hp_loss":0,"event_name":"OrinTheCat","floor":37,"gold_loss":0}],"is_beta":false,"boss_relics":[{"not_picked":["theMarked:BronzeBlade","SlaversCollar"],"picked":"Busted Crown"},{"not_picked":["Calling Bell","Philosopher\u0027s Stone"],"picked":"sneckomod:SneckoTalon"}],"items_purged_floors":[5,21],"is_endless":false,"potions_floor_spawned":[3,4,12,18,23,27,35],"killed_by":"Orin","ascension_level":7}}