{"host":"19r1ww88x2tc73i0","time":1612875252,"event":{"mods":["BaseMod","BetterRewards","Colored Map","Minty Spire (QoL Compilation)","Relic Stats","StSLib","SuperFastMode","slay the spire mod where everything is the same but ironclad has a cowboy hat"],"gold_per_floor":[112,125,200,200,210,210,210,210],"floor_reached":7,"language":"ENG","playtime":768,"items_purged":["Strike_B"],"score":82,"play_id":"ae11ddbd-c4ee-426a-8983-673f5b19c96b","local_time":"25640209195412","is_ascension_mode":true,"campfire_choices":[{"data":"Reprogram","floor":6,"key":"SMITH"}],"circlet_count":0,"master_deck":["AscendersBane","Strike_B","Strike_B","Strike_B","Defend_B","Defend_B","Defend_B","Defend_B","Zap","Dualcast","Reprogram+1","Fusion","Sweeping Beam","Hologram","Leap"],"relics":["Cracked Core","Bag of Preparation","Frozen Egg 2","Medical Kit"],"acts_visited":["Exordium"],"potions_floor_usage":[7,7],"damage_taken":[{"damage":0,"enemies":"2 Louse","floor":1,"turns":3},{"damage":7,"enemies":"Jaw Worm","floor":2,"turns":4},{"damage":5,"enemies":"Cultist","floor":5,"turns":6},{"damage":11,"enemies":"Gremlin Nob","floor":7,"turns":3}],"seed_played":"5129868282154376716","potions_obtained":[{"floor":1,"key":"EssenceOfDarkness"},{"floor":4,"key":"LiquidMemories"},{"floor":5,"key":"BlessingOfTheForge"}],"is_trial":false,"path_per_floor":["M","M","?","?","M","R","E"],"character_chosen":"DEFECT","items_purchased":["Reprogram","Fusion","Bag of Preparation","Frozen Egg 2","Medical Kit","Sweeping Beam"],"campfire_rested":0,"item_purchase_floors":[0,0,0,0,0,0],"current_hp_per_floor":[64,57,46,46,41,41,30,30],"gold":210,"neow_bonus":"","is_daily":false,"chose_seed":false,"campfire_upgraded":1,"win_rate":0.0,"timestamp":1612875252,"path_taken":["M","M","?","?","M","R","E"],"items_purchased_type":["Card","Card","Relic","Relic","Relic","Card"],"build_version":"2020-12-22","purchased_purges":1,"victory":false,"max_hp_per_floor":[71,71,71,71,71,71,71,71],"relic_stats":{"counters":[18,69],"Bag of Preparation":[8],"Medical Kit":[0],"obtain_stats":[{"Lantern":0,"Golden Idol":2,"StoneCalendar":0,"Bag of Preparation":0,"Frozen Egg 2":0,"Smiling Mask":12,"Medical Kit":0,"Mercury Hourglass":9,"FrozenCore":17,"Anchor":9,"Matryoshka":0,"Ornamental Fan":14,"Pandora\u0027s Box":0,"Cracked Core":0,"Pocketwatch":0},{"Lantern":1,"Golden Idol":7,"StoneCalendar":1,"Bag of Preparation":14,"Frozen Egg 2":6,"Smiling Mask":10,"Medical Kit":14,"Mercury Hourglass":9,"FrozenCore":12,"Anchor":9,"Matryoshka":6,"Ornamental Fan":11,"Pandora\u0027s Box":0,"Cracked Core":0,"Pocketwatch":1},{"Lantern":4,"Golden Idol":21,"StoneCalendar":4,"Bag of Preparation":53,"Frozen Egg 2":18,"Smiling Mask":32,"Medical Kit":53,"Mercury Hourglass":27,"FrozenCore":45,"Anchor":27,"Matryoshka":18,"Ornamental Fan":36,"Pandora\u0027s Box":0,"Cracked Core":0,"Pocketwatch":4}]},"card_choices":[{"not_picked":["Chill","Steam"],"picked":"Hologram","floor":1},{"not_picked":["Redo","Storm+1"],"picked":"Leap","floor":2},{"not_picked":["Undo","Coolheaded","Leap"],"picked":"SKIP","floor":5},{"not_picked":["Undo","Coolheaded","Leap"],"picked":"SKIP","floor":5}],"player_experience":1034112,"relics_obtained":[],"event_choices":[{"damage_healed":0,"gold_gain":75,"player_choice":"Gather Gold","damage_taken":11,"max_hp_gain":0,"max_hp_loss":0,"event_name":"World of Goop","floor":3,"gold_loss":0},{"damage_healed":0,"gold_gain":0,"player_choice":"Got Potions","damage_taken":0,"max_hp_gain":0,"max_hp_loss":0,"event_name":"Lab","floor":4,"gold_loss":0}],"is_beta":false,"boss_relics":[],"items_purged_floors":[0],"is_endless":false,"potions_floor_spawned":[1,5],"killed_by":"Gremlin Nob","ascension_level":20}}