{"host":"p7cjtxxrilhp4dw7","time":1612844521,"event":{"mods":["BaseMod","Block Reminder","Colored Map","Curses Come First","Highlight Path","Minty Spire (QoL Compilation)","Replay The Spire","StSLib"],"gold_per_floor":[117,152,152,77,77,105,105,105,105,105,37,65,81,110,110,182,182,200,210,210,210,135,165,165,183,183,183,183,183,197,223,223,298,398,412,422,473,473,473,501,501,501,547,547,547,547,547,563,563,563],"floor_reached":51,"language":"ENG","playtime":2042,"items_purged":["Strike_G"],"score":1350,"play_id":"e27b953d-9e34-4459-b809-171736f44637","local_time":"20210208212201","is_ascension_mode":true,"campfire_choices":[{"data":"Neutralize","floor":8,"key":"SMITH"},{"data":"A Thousand Cuts","floor":10,"key":"SMITH"},{"floor":15,"key":"REST"},{"data":"Burst","floor":24,"key":"SMITH"},{"floor":28,"key":"REST"},{"data":"Replay:Bag of Tricks","floor":32,"key":"SMITH"},{"data":"Storm of Steel","floor":42,"key":"SMITH"},{"data":"Cloak And Dagger","floor":44,"key":"SMITH"},{"data":"Blade Dance","floor":47,"key":"SMITH"},{"data":"Cloak And Dagger","floor":49,"key":"SMITH"}],"circlet_count":0,"master_deck":["AscendersBane","Strike_G","Strike_G","Strike_G","Defend_G","Defend_G","Defend_G","Defend_G","Defend_G","Neutralize+1","Sucker Punch+1","A Thousand Cuts+1","Blade Dance+1","Infinite Blades","Deflect","Flying Knee+1","Burst+1","Replay:Bag of Tricks+1","Endless Agony","Escape Plan","Finisher","Heel Hook","Slice","Storm of Steel+1","Cloak And Dagger+1","Distraction+1","Cloak And Dagger+1"],"relics":["Ring of the Snake","NeowsBlessing","TungstenRod","MealTicket","Replay:Rubber Ducky","Bronze Scales","PreservedInsect","Ancient Tea Set","WristBlade","Gremlin Food","Shuriken","MutagenicStrength","ReplayFunnel","Replay:Wanted Poster","The Specimen","Mirror","Blood Vial"],"acts_visited":["Exordium","TheCity","TheBeyond"],"potions_floor_usage":[16,23,31,33,36,50],"damage_taken":[{"damage":0,"enemies":"Jaw Worm","floor":1,"turns":1},{"damage":0,"enemies":"Replay:BlueRogue","floor":6,"turns":1},{"damage":0,"enemies":"Gremlin Nob","floor":12,"turns":1},{"damage":0,"enemies":"Small Slimes","floor":13,"turns":3},{"damage":0,"enemies":"3 Sentries","floor":14,"turns":3},{"damage":4,"enemies":"Slime Boss","floor":16,"turns":8},{"damage":0,"enemies":"Spheric Guardian","floor":18,"turns":3},{"damage":0,"enemies":"Chosen","floor":19,"turns":3},{"damage":2,"enemies":"Gremlin Leader","floor":23,"turns":5},{"damage":0,"enemies":"Sentry and Sphere","floor":25,"turns":1},{"damage":3,"enemies":"Snake Plant","floor":30,"turns":3},{"damage":5,"enemies":"Slavers","floor":31,"turns":3},{"damage":22,"enemies":"Champ","floor":33,"turns":7},{"damage":0,"enemies":"Orb Walker","floor":35,"turns":3},{"damage":0,"enemies":"3 Shapes","floor":36,"turns":3},{"damage":9,"enemies":"2 Orb Walkers","floor":37,"turns":2},{"damage":0,"enemies":"Nemesis","floor":40,"turns":3},{"damage":0,"enemies":"Maw","floor":48,"turns":5},{"damage":27,"enemies":"Donu and Deca","floor":50,"turns":5}],"seed_played":"-8017215844353929802","potions_obtained":[{"floor":1,"key":"DistilledChaos"},{"floor":16,"key":"AttackPotion"},{"floor":25,"key":"CultistPotion"},{"floor":30,"key":"Venom Potion"},{"floor":33,"key":"Adrenaline Potion"},{"floor":35,"key":"Strength Potion"},{"floor":48,"key":"Weak Potion"}],"is_trial":false,"path_per_floor":["M","?","?","$","?","E","?","R","T","R","$","E","M","E","R","B",null,"M","M","?","?","?","E","R","M","T","?","R","?","M","E","R","B",null,"M","M","?","$","?","E","$","R","T","R","?","$","R","M","R","B",null],"character_chosen":"THE_SILENT","items_purchased":["Infinite Blades"],"campfire_rested":2,"item_purchase_floors":[11],"current_hp_per_floor":[63,46,46,46,41,41,41,41,41,41,56,56,56,56,70,66,69,69,69,69,57,57,55,55,55,55,55,75,75,72,67,67,45,68,68,68,59,74,74,74,75,75,75,75,75,75,75,75,75,48],"gold":563,"neow_bonus":"THREE_ENEMY_KILL","is_daily":false,"chose_seed":false,"campfire_upgraded":8,"win_rate":0.0,"timestamp":1612844521,"path_taken":["M","?","?","$","?","E","?","R","T","R","$","E","?","E","R","BOSS","M","M","?","?","?","E","R","?","T","?","R","?","M","E","R","BOSS","M","M","?","$","?","E","$","R","T","R","?","?","R","M","R","BOSS"],"items_purchased_type":["Card"],"build_version":"2020-12-22","purchased_purges":1,"victory":true,"max_hp_per_floor":[70,70,70,70,70,70,70,70,70,70,70,70,70,70,70,70,70,70,70,70,75,75,75,75,75,75,75,75,75,75,75,75,75,75,75,75,75,75,75,75,75,75,75,75,75,75,75,75,75,75],"card_choices":[{"not_picked":["Slice","Hidden Blade","Acrobatics"],"picked":"SKIP","floor":1},{"not_picked":["Underhanded Strike","Fluid Movement"],"picked":"Sucker Punch","floor":2},{"not_picked":["Prepared","Deadly Poison","Bane"],"picked":"SKIP","floor":6},{"not_picked":["Outmaneuver","Reflex"],"picked":"Deflect","floor":12},{"not_picked":["Infinite Blades","Dagger Spray"],"picked":"Flying Knee","floor":13},{"not_picked":["Outmaneuver","Acrobatics"],"picked":"Burst","floor":14},{"not_picked":["Die Die Die","Malaise"],"picked":"Replay:Bag of Tricks","floor":16},{"not_picked":["Riddle With Holes","Flying Knee","Sucker Punch+1"],"picked":"SKIP","floor":18},{"not_picked":["Quick Slash","Prepared","Sucker Punch"],"picked":"SKIP","floor":19},{"not_picked":["Quick Slash","Prepared","Sucker Punch"],"picked":"SKIP","floor":19},{"not_picked":["Bane","Crippling Poison"],"picked":"Endless Agony","floor":23},{"not_picked":["Predator","Blade Dance"],"picked":"Escape Plan","floor":25},{"not_picked":["Calculated Gamble","Dagger Spray"],"picked":"Heel Hook","floor":30},{"not_picked":["Deadly Poison","Concentrate"],"picked":"Slice","floor":31},{"not_picked":["Unload","Malaise"],"picked":"Storm of Steel","floor":33},{"not_picked":["Underhanded Strike","Deadly Poison","Blade Dance"],"picked":"SKIP","floor":35},{"not_picked":["Infinite Blades","ReplayTheSpireMod:Exploit Weakness"],"picked":"Cloak And Dagger","floor":36},{"not_picked":["Deflect","Poisoned Stab"],"picked":"Distraction+1","floor":37},{"not_picked":["Eviscerate","Draining Mist+1","Prepared"],"picked":"SKIP","floor":40},{"not_picked":["Eviscerate","Draining Mist+1","Prepared"],"picked":"SKIP","floor":40},{"not_picked":["Noxious Fumes+1","Calculated Gamble"],"picked":"Cloak And Dagger","floor":48}],"player_experience":587801,"relics_obtained":[{"floor":2,"key":"TungstenRod"},{"floor":6,"key":"Replay:Rubber Ducky"},{"floor":9,"key":"Bronze Scales"},{"floor":12,"key":"PreservedInsect"},{"floor":14,"key":"Ancient Tea Set"},{"floor":23,"key":"Gremlin Food"},{"floor":26,"key":"Shuriken"},{"floor":31,"key":"ReplayFunnel"},{"floor":37,"key":"The Specimen"},{"floor":40,"key":"Mirror"},{"floor":43,"key":"Blood Vial"}],"event_choices":[{"damage_healed":0,"gold_gain":0,"player_choice":"Grow","damage_taken":0,"max_hp_gain":0,"max_hp_loss":0,"event_name":"Living Wall","floor":3,"gold_loss":0,"cards_upgraded":["Sucker Punch"]},{"damage_healed":0,"gold_gain":0,"player_choice":"Success","damage_taken":7,"relics_obtained":["MealTicket"],"max_hp_gain":0,"max_hp_loss":0,"event_name":"Scrap Ooze","floor":5,"gold_loss":0},{"damage_healed":0,"gold_gain":0,"player_choice":"2 cards matched","damage_taken":0,"max_hp_gain":0,"max_hp_loss":0,"event_name":"Match and Keep!","floor":7,"gold_loss":0,"cards_obtained":["A Thousand Cuts","Blade Dance"]},{"damage_healed":0,"gold_gain":0,"player_choice":"Ignored","damage_taken":0,"max_hp_gain":0,"max_hp_loss":0,"event_name":"Ghosts","floor":20,"gold_loss":0},{"damage_healed":0,"gold_gain":0,"player_choice":"Shed Blood","damage_taken":18,"max_hp_gain":5,"max_hp_loss":0,"event_name":"Forgotten Altar","floor":21,"gold_loss":0},{"cards_removed":["Strike_G"],"damage_healed":0,"gold_gain":0,"player_choice":"Gave Gold","damage_taken":0,"max_hp_gain":0,"max_hp_loss":0,"event_name":"Beggar","floor":22,"gold_loss":75},{"damage_healed":0,"gold_gain":0,"player_choice":"Read","damage_taken":0,"max_hp_gain":0,"max_hp_loss":0,"event_name":"The Library","floor":27,"gold_loss":0,"cards_obtained":["Finisher"]},{"damage_healed":0,"gold_gain":0,"player_choice":"Inject Mutagens","damage_taken":0,"relics_obtained":["MutagenicStrength"],"max_hp_gain":0,"max_hp_loss":0,"event_name":"Drug Dealer","floor":29,"gold_loss":0},{"damage_healed":0,"gold_gain":0,"player_choice":"Fight","damage_taken":0,"max_hp_gain":0,"max_hp_loss":0,"event_name":"Mysterious Sphere","floor":37,"gold_loss":0},{"cards_removed":["Survivor"],"damage_healed":0,"gold_gain":0,"player_choice":"Removed Skill","damage_taken":0,"max_hp_gain":0,"max_hp_loss":0,"event_name":"Falling","floor":39,"gold_loss":0},{"damage_healed":0,"gold_gain":0,"player_choice":"Ignored","damage_taken":0,"max_hp_gain":0,"max_hp_loss":0,"event_name":"Tomb of Lord Red Mask","floor":45,"gold_loss":0}],"is_beta":false,"boss_relics":[{"not_picked":["Painkiller Herb","Astrolabe"],"picked":"WristBlade"},{"not_picked":["Velvet Choker","Sozu"],"picked":"Replay:Wanted Poster"}],"items_purged_floors":[4],"is_endless":false,"potions_floor_spawned":[1,16,25,30,33,35,48],"ascension_level":13}}