{"host":"684z1xpuwaoqmmh1","time":1612878534,"event":{"mods":["A Magickal Journey","BaseMod","Downfall","Hermit","Jorbs\u0027s Wanderer Trilogy","Marisa????????","Minty Spire (QoL Compilation)","Robot Space Explorer","Shade Mod","StSLib","The Bug Knight","The Dragon Tamer","The Elementalist","The Hayseed","The Hierophant","The Marked","The Mystic","The Runesmith","The Saiyan","The Senshi","The Spell Scribe","The Vixen","TheBandit","TheFirefly"],"gold_per_floor":[118,118,168,13,13,48,48,68,92,125,138,162,162,179,179,179,179],"floor_reached":16,"language":"ENG","playtime":561,"items_purged":[],"score":160,"play_id":"0836f02e-3419-4051-a23f-9c6222ebc88a","local_time":"20210209154854","is_ascension_mode":true,"campfire_choices":[{"data":"Shade:Brains","floor":7,"key":"SMITH"},{"data":"Shade:LoseControl","floor":13,"key":"SMITH"},{"data":"Shade:AnimateDead","floor":15,"key":"SMITH"}],"circlet_count":0,"master_deck":["Shade:Strike_Shade","Shade:Strike_Shade","Shade:Strike_Shade","Shade:Defend_Shade","Shade:Defend_Shade","Shade:Defend_Shade","Shade:Defend_Shade","Shade:AnimateDead+1","Shade:CarefulCut","Shade:Brains+1","Shade:CommandSoldier","Shade:CloudOfShrapnel","Shade:LoseControl+1","Shade:CoffinDance"],"relics":["Shade:YorickSkull","NeowsBlessing","Bag of Preparation","Bronze Scales","Lantern","Omamori","PreservedInsect"],"acts_visited":["Exordium"],"potions_floor_usage":[],"damage_taken":[{"damage":0,"enemies":"Jaw Worm","floor":1,"turns":1},{"damage":0,"enemies":"Gremlin Nob","floor":6,"turns":1},{"damage":0,"enemies":"Small Slimes","floor":8,"turns":1},{"damage":15,"enemies":"3 Sentries","floor":10,"turns":6},{"damage":0,"enemies":"Cultist","floor":11,"turns":3},{"damage":0,"enemies":"Exordium Thugs","floor":14,"turns":3},{"damage":58,"enemies":"Slime Boss","floor":16,"turns":12}],"seed_played":"-2134903069120669098","potions_obtained":[{"floor":6,"key":"Swift Potion"}],"is_trial":false,"path_per_floor":["M","?","?","$","?","E","R","M","T","E","M","T","R","M","R","B"],"character_chosen":"SHADE","items_purchased":["Bag of Preparation"],"campfire_rested":0,"item_purchase_floors":[4],"current_hp_per_floor":[65,70,70,70,70,70,70,70,70,55,55,55,55,55,55,0,0],"gold":179,"neow_bonus":"THREE_ENEMY_KILL","is_daily":false,"chose_seed":false,"campfire_upgraded":3,"win_rate":0.0,"timestamp":1612878534,"path_taken":["M","?","?","?","?","E","R","M","T","E","?","?","R","M","R","BOSS"],"items_purchased_type":["Relic"],"build_version":"2020-12-22","purchased_purges":0,"victory":false,"max_hp_per_floor":[65,70,70,70,70,70,70,70,70,70,70,70,70,70,70,70,70],"card_choices":[{"not_picked":["Shade:FeralStrike","Shade:PotionOfRestlessness"],"picked":"Shade:Brains","floor":1},{"not_picked":["Shade:SpectralStrikes","Shade:SoulToxin"],"picked":"Shade:CommandSoldier","floor":6},{"not_picked":["Shade:TouchOfTheGrave","Shade:DangerousRitual"],"picked":"Shade:CloudOfShrapnel","floor":8},{"not_picked":["Shade:Brains","Shade:StitchTogether"],"picked":"Shade:LoseControl","floor":10},{"not_picked":["Shade:ExtraLimbs","Shade:ClawBack"],"picked":"Shade:CoffinDance","floor":11},{"not_picked":["Shade:Frenzy","Shade:FingerOfDeath","Shade:ClawBack"],"picked":"SKIP","floor":14}],"player_experience":3221696,"relics_obtained":[{"floor":6,"key":"Bronze Scales"},{"floor":9,"key":"Lantern"},{"floor":10,"key":"Omamori"},{"floor":12,"key":"PreservedInsect"}],"event_choices":[{"damage_healed":0,"gold_gain":0,"player_choice":"Donut","damage_taken":0,"max_hp_gain":5,"max_hp_loss":0,"event_name":"Big Fish","floor":2,"gold_loss":0},{"cards_removed":["Shade:Strike_Shade"],"damage_healed":0,"gold_gain":0,"player_choice":"Offered Basic","damage_taken":0,"max_hp_gain":0,"max_hp_loss":0,"event_name":"Bonfire Elementals","floor":5,"gold_loss":0}],"is_beta":false,"boss_relics":[],"items_purged_floors":[],"is_endless":false,"potions_floor_spawned":[6],"killed_by":"Slime Boss","ascension_level":4}}