{"host":"5jyeqch4fosnsiz2","time":1612905725,"event":{"mods":["BaseMod","Bestiary","Colored Map","Colored Powertips","Filter the Spire","Minty Spire (QoL Compilation)","Relic Stats","StSLib","The Bug Knight","Waifu the Spire","ojb\u0027s Better Paths Mod","ojb\u0027s Info Mod"],"gold_per_floor":[11,11,11,25,25,25,60,72,108,148,160,192,238,274,286,298,298],"floor_reached":16,"language":"ENG","playtime":927,"items_purged":[],"score":116,"play_id":"497b36f6-149b-4250-8998-860217905b92","local_time":"20210209162205","is_ascension_mode":false,"campfire_choices":[{"data":"HollowMod:SoulVessel","floor":6,"key":"SMITH"},{"data":"HollowMod:DungDefenderAura","floor":8,"key":"SMITH"},{"floor":15,"key":"REST"}],"circlet_count":0,"master_deck":["HollowMod:NailStrikeStart","HollowMod:NailStrikeStart","HollowMod:NailStrikeStart+1","HollowMod:QuickDashStart","HollowMod:QuickDashStart","HollowMod:FocusHealStart+1","HollowMod:PogoStrike","HollowMod:WraithStrike","HollowMod:HeavyBlow","HollowMod:DungDefenderAura+1","HollowMod:SoulVessel+1","HollowMod:CrystalDash","HollowMod:HowlingWraiths","HollowMod:Weaversong"],"relics":["HollowMod:VesselMask","MawBank","Blood Vial","WingedGreaves","Vajra","Boot"],"acts_visited":["Exordium"],"potions_floor_usage":[10,10],"damage_taken":[{"damage":1,"enemies":"Small Slimes","floor":1,"turns":3},{"damage":1,"enemies":"Cultist","floor":4,"turns":5},{"damage":30,"enemies":"Gremlin Nob","floor":7,"turns":5},{"damage":27,"enemies":"Lagavulin","floor":10,"turns":11},{"damage":11,"enemies":"Jaw Worm","floor":12,"turns":6},{"damage":32,"enemies":"3 Sentries","floor":13,"turns":9},{"damage":57,"enemies":"HollowMod:FalseKnight","floor":16,"turns":13}],"seed_played":"-6744207943222371399","potions_obtained":[{"floor":1,"key":"SkillPotion"},{"floor":10,"key":"Fruit Juice"}],"is_trial":false,"path_per_floor":["M","?","$","M","?","R","E","R","T","E","?","M","E","T","R","B"],"character_chosen":"THE_BUGKNIGHT","items_purchased":[],"campfire_rested":1,"item_purchase_floors":[],"current_hp_per_floor":[74,67,67,72,57,57,37,37,37,29,29,32,8,8,32,0,0],"gold":298,"neow_bonus":"TRANSFORM_TWO_CARDS","is_daily":false,"chose_seed":false,"campfire_upgraded":2,"win_rate":0.0,"timestamp":1612905725,"path_taken":["M","?","$","?","?","R","E","R","T","E","?","?","E","?","R","BOSS"],"items_purchased_type":[],"build_version":"2020-12-22","purchased_purges":0,"victory":false,"max_hp_per_floor":[75,75,75,75,75,75,75,75,75,80,80,80,80,80,80,80,80],"relic_stats":{"Blood Vial":8,"counters":[7,52],"MawBank":108,"Boot":[0],"obtain_stats":[{"Blood Vial":9,"Vajra":13,"HollowMod:VesselMask":0,"WingedGreaves":10,"MawBank":7,"Boot":14},{"Blood Vial":3,"Vajra":6,"HollowMod:VesselMask":0,"WingedGreaves":4,"MawBank":3,"Boot":6},{"Blood Vial":13,"Vajra":39,"HollowMod:VesselMask":0,"WingedGreaves":24,"MawBank":13,"Boot":39}]},"card_choices":[{"not_picked":["HollowMod:MawleksShell","HollowMod:FallenFury"],"picked":"HollowMod:DungDefenderAura","floor":1},{"not_picked":["HollowMod:MantisMark","HollowMod:DashSlash"],"picked":"HollowMod:SoulVessel","floor":4},{"not_picked":["HollowMod:BrokenVessel","HollowMod:SoulStrike"],"picked":"HollowMod:CrystalDash","floor":7},{"not_picked":["HollowMod:TaintedHusks","HollowMod:InfectedCysts","HollowMod:NewJinnsSoul"],"picked":"SKIP","floor":10},{"not_picked":["HollowMod:SharpenedNail","HollowMod:DoubleDash"],"picked":"HollowMod:HowlingWraiths","floor":12},{"not_picked":["HollowMod:NewJinnsSoul","HollowMod:PureNailStrike"],"picked":"HollowMod:Weaversong","floor":13}],"player_experience":397509,"relics_obtained":[{"floor":7,"key":"MawBank"},{"floor":9,"key":"Blood Vial"},{"floor":10,"key":"WingedGreaves"},{"floor":13,"key":"Vajra"},{"floor":14,"key":"Boot"}],"event_choices":[{"damage_healed":0,"gold_gain":0,"player_choice":"Damaged","damage_taken":7,"max_hp_gain":0,"max_hp_loss":0,"event_name":"Wheel of Change","floor":2,"gold_loss":0},{"damage_healed":0,"gold_gain":0,"player_choice":"Entered Light","damage_taken":15,"max_hp_gain":0,"max_hp_loss":0,"event_name":"Shining Light","floor":5,"gold_loss":0,"cards_upgraded":["HollowMod:FocusHealStart","HollowMod:NailStrikeStart"]},{"cards_removed":["HollowMod:QuickDashStart"],"damage_healed":0,"gold_gain":0,"player_choice":"Purged","damage_taken":0,"max_hp_gain":0,"max_hp_loss":0,"event_name":"Purifier","floor":11,"gold_loss":0}],"is_beta":false,"boss_relics":[],"items_purged_floors":[],"is_endless":false,"potions_floor_spawned":[1,10],"killed_by":"HollowMod:FalseKnight","ascension_level":0}}