{"host":"52lujqhsyicpcskq","time":1612886817,"event":{"mods":["BaseMod","Colored Map","Minty Spire (QoL Compilation)","Permanent Neow","StSLib","SuperFastMode","everything is the same but u backflip on backflip"],"gold_per_floor":[114,129,147,3,13,13,13,32,32,52,63,63,76,105,105,182,182,167,167,187,22,37,37,37,37,37,55,55,55,75,85,85,159,159,177,187,187,137,137,137],"floor_reached":39,"language":"KOR","playtime":2063,"items_purged":["Strike_G"],"score":667,"play_id":"3082d7b7-6ecc-4ede-bd11-2448fc7c879e","local_time":"20210210010657","is_ascension_mode":true,"campfire_choices":[{"data":"Glass Knife","floor":6,"key":"SMITH"},{"data":"Adrenaline","floor":12,"key":"SMITH"},{"floor":15,"key":"REST"},{"data":"Burst","floor":23,"key":"SMITH"},{"data":"Cloak And Dagger","floor":25,"key":"SMITH"},{"floor":29,"key":"REST"},{"floor":32,"key":"REST"}],"circlet_count":0,"master_deck":["AscendersBane","Strike_G","Strike_G","Strike_G","Defend_G","Defend_G","Defend_G","Defend_G","Defend_G","Survivor","Neutralize","Adrenaline+1","Dagger Spray","Predator","Cloak And Dagger+1","Footwork","Glass Knife+1","Slice","Escape Plan","Backflip","Backflip","Escape Plan","Burst+1","Dagger Spray+1","Blade Dance","PiercingWail","Blur","Well Laid Plans","Dagger Throw","Grand Finale","Leg Sweep","Acrobatics","Envenom","PiercingWail"],"relics":["Ring of the Snake","FaceOfCleric","Bottled Lightning","Potion Belt","HoveringKite","Eternal Feather","Philosopher\u0027s Stone"],"acts_visited":["Exordium","TheCity","TheBeyond"],"potions_floor_usage":[14,14,16,28,33,33,33,33,36],"damage_taken":[{"damage":0,"enemies":"2 Louse","floor":1,"turns":2},{"damage":1,"enemies":"Cultist","floor":2,"turns":4},{"damage":12,"enemies":"Small Slimes","floor":3,"turns":3},{"damage":4,"enemies":"Gremlin Gang","floor":5,"turns":5},{"damage":4,"enemies":"Lots of Slimes","floor":8,"turns":2},{"damage":0,"enemies":"Blue Slaver","floor":10,"turns":3},{"damage":1,"enemies":"Large Slime","floor":11,"turns":4},{"damage":0,"enemies":"Gremlin Gang","floor":13,"turns":3},{"damage":20,"enemies":"Lagavulin","floor":14,"turns":5},{"damage":29,"enemies":"Slime Boss","floor":16,"turns":7},{"damage":0,"enemies":"2 Thieves","floor":18,"turns":4},{"damage":0,"enemies":"Chosen","floor":20,"turns":4},{"damage":18,"enemies":"Shelled Parasite and Fungi","floor":22,"turns":6},{"damage":40,"enemies":"Snake Plant","floor":27,"turns":6},{"damage":0,"enemies":"Chosen and Byrds","floor":28,"turns":4},{"damage":13,"enemies":"Snecko","floor":30,"turns":5},{"damage":15,"enemies":"Centurion and Healer","floor":31,"turns":8},{"damage":50,"enemies":"Collector","floor":33,"turns":13},{"damage":6,"enemies":"3 Darklings","floor":35,"turns":6},{"damage":12,"enemies":"Orb Walker","floor":36,"turns":4},{"damage":34,"enemies":"Sphere and 2 Shapes","floor":39,"turns":4}],"seed_played":"8959664570859426169","potions_obtained":[{"floor":3,"key":"Swift Potion"},{"floor":5,"key":"Ancient Potion"},{"floor":14,"key":"CultistPotion"},{"floor":27,"key":"SmokeBomb"},{"floor":30,"key":"EntropicBrew"},{"floor":33,"key":"SpeedPotion"},{"floor":35,"key":"FearPotion"}],"is_trial":false,"path_per_floor":["M","M","M","$","M","R","?","M","T","M","M","R","M","E","R","B",null,"M","?","M","$","M","R","?","R","T","M","M","R","M","M","R","B",null,"M","M","?","$","M"],"character_chosen":"THE_SILENT","items_purchased":["Footwork","PiercingWail","Blur","Well Laid Plans","Strength Potion"],"campfire_rested":3,"item_purchase_floors":[4,21,21,21,38],"current_hp_per_floor":[63,62,50,50,46,46,46,43,43,44,44,44,45,26,48,20,62,63,57,58,58,41,41,41,41,41,2,3,45,33,19,61,12,66,61,50,50,50,16,16],"gold":137,"neow_bonus":"TRANSFORM_CARD","is_daily":false,"chose_seed":false,"campfire_upgraded":4,"win_rate":0.0,"timestamp":1612886817,"path_taken":["M","M","M","$","M","R","?","?","T","M","M","R","M","E","R","BOSS","M","?","?","?","M","R","?","R","T","M","M","R","M","M","R","BOSS","M","M","?","$","?"],"items_purchased_type":["Card","Card","Card","Card","Potion"],"build_version":"2020-12-22","purchased_purges":1,"victory":false,"max_hp_per_floor":[70,70,70,70,70,70,70,71,71,72,73,73,74,75,75,76,76,77,77,78,78,79,79,79,79,79,80,81,81,82,83,83,84,84,85,86,86,86,86,86],"card_choices":[{"not_picked":["Dagger Throw","Slice"],"picked":"Dagger Spray","floor":1},{"not_picked":["Sucker Punch","Expertise"],"picked":"Predator","floor":2},{"not_picked":["Deadly Poison","Underhanded Strike"],"picked":"Cloak And Dagger","floor":3},{"not_picked":["Outmaneuver","Blade Dance"],"picked":"Glass Knife","floor":5},{"not_picked":["Bane","Prepared"],"picked":"Slice","floor":8},{"not_picked":["Acrobatics","Terror"],"picked":"Escape Plan","floor":10},{"not_picked":["Finisher","Poisoned Stab"],"picked":"Backflip","floor":11},{"not_picked":["Heel Hook","Catalyst"],"picked":"Backflip","floor":13},{"not_picked":["Setup","Quick Slash"],"picked":"Escape Plan","floor":14},{"not_picked":["Unload","Venomology"],"picked":"Burst","floor":16},{"not_picked":["Outmaneuver","Slice"],"picked":"Dagger Spray+1","floor":18},{"not_picked":["Prepared","Masterful Stab"],"picked":"Blade Dance","floor":20},{"not_picked":["Backflip","Concentrate"],"picked":"Dagger Throw","floor":22},{"not_picked":["Slice","Prepared+1"],"picked":"Grand Finale","floor":27},{"not_picked":["Flechettes+1","Underhanded Strike"],"picked":"Leg Sweep","floor":30},{"not_picked":["Blur","Calculated Gamble+1"],"picked":"Acrobatics","floor":31},{"not_picked":["Tools of the Trade","Adrenaline"],"picked":"Envenom","floor":33},{"not_picked":["All Out Attack+1","Masterful Stab"],"picked":"PiercingWail","floor":35},{"not_picked":["Prepared","Concentrate","Bane+1"],"picked":"SKIP","floor":36}],"player_experience":773380,"relics_obtained":[{"floor":9,"key":"Bottled Lightning"},{"floor":14,"key":"Potion Belt"},{"floor":26,"key":"Eternal Feather"}],"event_choices":[{"damage_healed":0,"gold_gain":0,"player_choice":"Trade","damage_taken":0,"relics_obtained":["FaceOfCleric"],"max_hp_gain":0,"max_hp_loss":0,"event_name":"FaceTrader","floor":7,"gold_loss":0},{"damage_healed":0,"gold_gain":0,"player_choice":"","damage_taken":6,"max_hp_gain":0,"max_hp_loss":0,"event_name":"Knowing Skull","floor":19,"potions_obtained":[],"gold_loss":0,"cards_obtained":[]},{"damage_healed":0,"gold_gain":0,"player_choice":"Ignored","damage_taken":0,"max_hp_gain":0,"max_hp_loss":0,"event_name":"Vampires","floor":24,"gold_loss":0},{"damage_healed":0,"gold_gain":0,"player_choice":"Ignored","damage_taken":0,"max_hp_gain":0,"max_hp_loss":0,"event_name":"SecretPortal","floor":37,"gold_loss":0}],"is_beta":false,"boss_relics":[{"not_picked":["Busted Crown","Velvet Choker"],"picked":"HoveringKite"},{"not_picked":["Pandora\u0027s Box","Coffee Dripper"],"picked":"Philosopher\u0027s Stone"}],"items_purged_floors":[4],"is_endless":false,"potions_floor_spawned":[3,5,14,27,30,33,35],"killed_by":"Sphere and 2 Shapes","ascension_level":13}}