{"host":"i70yit5z0kpl303k","time":1612832758,"event":{"mods":["2.2 Compatiblity","Act Like it!","BaseMod","BetterRewards","Evolution","Gensokyo","Infinite Spire","Ironclad Rager","Koishi","Marked Mod","Minty Spire (QoL Compilation)","Relic Stats","Reliquary","Replay The Spire","StSLib","The Blue Laboratory","The Marked","The Servant 0.9.4","TheSwordswoman"],"gold_per_floor":[118,83,98,98,116,116,141,159,159,159,198,198,237,10,10,129,129,166,192,45,82,82,131,131,149,149],"floor_reached":25,"language":"ENG","playtime":1066,"items_purged":[],"score":275,"play_id":"6fd9a69b-8b3b-404e-9de7-4d172bef1cf9","local_time":"20210208170558","is_ascension_mode":true,"campfire_choices":[{"floor":6,"key":"REST"},{"floor":10,"key":"REST"},{"data":"Gash","floor":12,"key":"SMITH"},{"floor":15,"key":"REST"}],"circlet_count":0,"master_deck":["Strike_B+1","Strike_B","Strike_B+1","Strike_B","Defend_B","Defend_B","Defend_B","Zap","Scrape+1","Ball Lightning","Cold Snap","Ball Lightning","Scrape","Gash+1","Conserve Battery","FIFO Queue","Genetic Algorithm","All For One+1","Turbo","Stack","Beam Cell","Blizzard+1"],"relics":["Cracked Core","EVO:Axolotl","Potion Belt","Replay:Bandana","Odd Mushroom","reliquary:ShortFuse","Dream Catcher","infinitespire:Cupcake","Guide Book","Black Star","Pen Nib","infinitespire:SolderingIron","Molten Egg 2"],"acts_visited":["Exordium","TheCity"],"potions_floor_usage":[16,23,25,25],"damage_taken":[{"damage":3,"enemies":"Jaw Worm","floor":1,"turns":4},{"damage":12,"enemies":"Small Slimes","floor":3,"turns":3},{"damage":3,"enemies":"2 Louse","floor":5,"turns":2},{"damage":13,"enemies":"Gremlin Nob","floor":7,"turns":4},{"damage":11,"enemies":"Looter","floor":8,"turns":2},{"damage":17,"enemies":"The Mushroom Lair","floor":11,"turns":3},{"damage":19,"enemies":"3 Sentries","floor":13,"turns":5},{"damage":11,"enemies":"Slime Boss","floor":16,"turns":9},{"damage":14,"enemies":"3 Byrds","floor":18,"turns":6},{"damage":7,"enemies":"Chosen","floor":19,"turns":5},{"damage":0,"enemies":"Snecko","floor":21,"turns":4},{"damage":21,"enemies":"Slavers","floor":23,"turns":4},{"damage":37,"enemies":"Gremlin Leader","floor":25,"turns":5}],"seed_played":"7840009657865528920","potions_obtained":[{"floor":3,"key":"BlessingOfTheForge"},{"floor":5,"key":"SkillPotion"},{"floor":21,"key":"blueLaboratory:TeslaPotion"},{"floor":23,"key":"EssenceOfDarkness"}],"is_trial":false,"path_per_floor":["M","?","M","?","M","R","E","M","T","R","?","R","E","$","R","B",null,"M","M","$","M","AVR","E","?","E"],"character_chosen":"DEFECT","items_purchased":["Dream Catcher","FIFO Queue","Guide Book"],"campfire_rested":3,"item_purchase_floors":[14,14,20],"current_hp_per_floor":[51,69,57,42,39,61,48,37,37,59,42,42,23,23,45,34,75,61,54,54,54,54,33,33,0,0],"gold":149,"neow_bonus":"REMOVE_TWO","is_daily":false,"chose_seed":false,"campfire_upgraded":1,"win_rate":0.0,"timestamp":1612832758,"path_taken":["M","?","M","?","M","R","E","M","T","R","?","R","E","?","R","BOSS","M","?","$","M","AVR","E","?","E"],"items_purchased_type":["Relic","Card","Relic"],"build_version":"2020-12-22","purchased_purges":0,"victory":false,"max_hp_per_floor":[75,75,75,75,75,75,75,75,75,75,75,75,75,75,75,75,75,75,75,75,75,75,75,75,75,75],"relic_stats":{"Dream Catcher":1,"counters":[13,56],"Pen Nib":[2],"Black Star":1,"obtain_stats":[{"Potion Belt":7,"Guide Book":20,"Pen Nib":22,"EVO:Axolotl":0,"Odd Mushroom":11,"Replay:Bandana":9,"Dream Catcher":14,"infinitespire:SolderingIron":23,"Molten Egg 2":23,"Black Star":22,"Cracked Core":0,"reliquary:ShortFuse":13,"infinitespire:Cupcake":17},{"Potion Belt":4,"Guide Book":10,"Pen Nib":11,"EVO:Axolotl":0,"Odd Mushroom":6,"Replay:Bandana":5,"Dream Catcher":7,"infinitespire:SolderingIron":12,"Molten Egg 2":12,"Black Star":11,"Cracked Core":0,"reliquary:ShortFuse":7,"infinitespire:Cupcake":8},{"Potion Belt":13,"Guide Book":43,"Pen Nib":47,"EVO:Axolotl":0,"Odd Mushroom":18,"Replay:Bandana":15,"Dream Catcher":23,"infinitespire:SolderingIron":51,"Molten Egg 2":51,"Black Star":47,"Cracked Core":0,"reliquary:ShortFuse":23,"infinitespire:Cupcake":32}]},"card_choices":[{"not_picked":["Lockon","Turbo"],"picked":"Scrape","floor":1},{"not_picked":["Sweeping Beam","Leap"],"picked":"Ball Lightning","floor":3},{"not_picked":["Time Bomb","Steam"],"picked":"Cold Snap","floor":5},{"not_picked":["ReplayTheSpireMod:GoodbyeWorld","Leap"],"picked":"Ball Lightning","floor":7},{"not_picked":["Conserve Battery","ReplaySolidLightProjector"],"picked":"Scrape","floor":8},{"not_picked":["Stack","Hello World"],"picked":"Gash","floor":11},{"not_picked":["Sweeping Beam","Skim"],"picked":"Conserve Battery","floor":13},{"not_picked":["Barrage","Streamline"],"picked":"Genetic Algorithm","floor":15},{"not_picked":["Buffer","Thunder Strike"],"picked":"All For One","floor":16},{"not_picked":["BasicCrystalCard","Compile Driver"],"picked":"Turbo","floor":18},{"not_picked":["Reinforced Body","Go for the Eyes"],"picked":"Stack","floor":19},{"not_picked":["Ball Lightning","Tempest+1"],"picked":"Beam Cell","floor":21},{"not_picked":["Steam","White Noise"],"picked":"Blizzard+1","floor":23}],"player_experience":280101,"relics_obtained":[{"floor":7,"key":"Potion Belt"},{"floor":9,"key":"Replay:Bandana"},{"floor":11,"key":"Odd Mushroom"},{"floor":13,"key":"reliquary:ShortFuse"},{"floor":23,"key":"infinitespire:SolderingIron"},{"floor":23,"key":"Molten Egg 2"}],"event_choices":[{"damage_healed":18,"gold_gain":0,"player_choice":"Healed","damage_taken":0,"max_hp_gain":0,"max_hp_loss":0,"event_name":"The Cleric","floor":2,"gold_loss":35},{"damage_healed":0,"gold_gain":0,"player_choice":"Entered Light","damage_taken":15,"max_hp_gain":0,"max_hp_loss":0,"event_name":"Shining Light","floor":4,"gold_loss":0,"cards_upgraded":["Strike_B","Strike_B"]},{"damage_healed":0,"gold_gain":0,"player_choice":"Fought Mushrooms","damage_taken":0,"max_hp_gain":0,"max_hp_loss":0,"event_name":"Mushrooms","floor":11,"gold_loss":0},{"damage_healed":0,"gold_gain":0,"player_choice":"Ignored","damage_taken":0,"max_hp_gain":0,"max_hp_loss":0,"event_name":"Ghosts","floor":24,"gold_loss":0}],"is_beta":false,"boss_relics":[{"not_picked":["Busted Crown","Replay:Bronze Core"],"picked":"infinitespire:Cupcake"}],"items_purged_floors":[],"is_endless":false,"potions_floor_spawned":[3,5,21,23],"killed_by":"Gremlin Leader","ascension_level":4}}