{"host":"ishme5wb80o83upk","time":1612891400,"event":{"mods":["BaseMod","HololiveMod","Minty Spire (QoL Compilation)","StSLib"],"gold_per_floor":[91,112,147,178,178,234,271,308,380,423,423,452,481,512,512,601,601,636,672,705,745,807,807,869,869,918,918,1009,1043,1067,1067],"floor_reached":30,"language":"KOR","playtime":1593,"items_purged":[],"score":971,"play_id":"f60a7e86-a7c3-4ca5-abf5-7b4c0d6e0fa0","local_time":"20210210022320","is_ascension_mode":true,"campfire_choices":[{"data":"Hololive_CallSakuraMiko","floor":11,"key":"SMITH"},{"data":"Hololive_RevenueBasedLive","floor":15,"key":"SMITH"},{"data":"Hololive_RevenueBasedLive","floor":23,"key":"SMITH"},{"data":"Hololive_Teleport","floor":25,"key":"SMITH"}],"circlet_count":0,"master_deck":["AscendersBane","Hololive_Strike+1","Hololive_Sequa","Hololive_CallRosalyn","Hololive_CallSakuraMiko+1","Hololive_CallShiranuiFlare","Hololive_CallAiraniIofifteen+1","Hololive_CallShirakamiFubuki","Hololive_CallYuzukiChoco","Hololive_CallTsunomakiWatame","Hololive_ILoveYou","Hololive_CallAyundaRisu","Hololive_CallShiroganeNoel","Hololive_CallArtia","Hololive_RevenueBasedLive+1","Hololive_CallFriendA","Hololive_RevenueBasedLive","Hololive_Recruit","Hololive_CallNakiriAyame","Hololive_RevenueBasedLive+1","Hololive_CallMurasakiShion","Hololive_Rebirth","Hololive_CallTokinoSora+1","Hololive_Teleport+1","Hololive_SoulCatcher+1","Hololive_CallMoonaHoshinova","Hololive_StarCraft"],"relics":["Hololive_TheStar","Pear","Happy Flower","Molten Egg 2","Shovel","Coffee Dripper","Smiling Mask","Bronze Scales","Letter Opener"],"acts_visited":["Exordium","TheCity"],"potions_floor_usage":[8,8,16,24],"damage_taken":[{"damage":0,"enemies":"Jaw Worm","floor":1,"turns":5},{"damage":0,"enemies":"Small Slimes","floor":2,"turns":3},{"damage":0,"enemies":"Cultist","floor":3,"turns":3},{"damage":0,"enemies":"2 Fungi Beasts","floor":4,"turns":4},{"damage":0,"enemies":"Lagavulin","floor":6,"turns":6},{"damage":0,"enemies":"Gremlin Gang","floor":7,"turns":6},{"damage":0,"enemies":"3 Sentries","floor":8,"turns":6},{"damage":0,"enemies":"Gremlin Nob","floor":10,"turns":4},{"damage":0,"enemies":"Exordium Thugs","floor":12,"turns":3},{"damage":0,"enemies":"Lots of Slimes","floor":13,"turns":4},{"damage":0,"enemies":"2 Fungi Beasts","floor":14,"turns":4},{"damage":0,"enemies":"The Guardian","floor":16,"turns":9},{"damage":0,"enemies":"Shell Parasite","floor":18,"turns":4},{"damage":0,"enemies":"Chosen","floor":19,"turns":3},{"damage":4,"enemies":"Shelled Parasite and Fungi","floor":20,"turns":4},{"damage":0,"enemies":"3 Cultists","floor":21,"turns":4},{"damage":0,"enemies":"Snake Plant","floor":22,"turns":5},{"damage":0,"enemies":"Slavers","floor":24,"turns":4},{"damage":0,"enemies":"Gremlin Leader","floor":28,"turns":6},{"damage":5,"enemies":"Shelled Parasite and Fungi","floor":29,"turns":3},{"damage":45,"enemies":"Slavers","floor":30,"turns":3}],"seed_played":"-8869616307572950363","potions_obtained":[{"floor":2,"key":"SmokeBomb"},{"floor":4,"key":"LiquidMemories"},{"floor":7,"key":"Regen Potion"},{"floor":13,"key":"DistilledChaos"},{"floor":18,"key":"PowerPotion"},{"floor":28,"key":"Strength Potion"},{"floor":29,"key":"BlessingOfTheForge"}],"is_trial":false,"path_per_floor":["M","M","M","M","?","E","M","E","T","E","R","M","M","M","R","B",null,"M","M","M","M","M","R","E","R","T","?","E","M","E"],"character_chosen":"Hololive_HololiveCharacter","items_purchased":[],"campfire_rested":0,"item_purchase_floors":[],"current_hp_per_floor":[21,21,21,21,12,22,22,36,36,36,36,36,36,36,36,36,39,39,39,35,35,35,35,35,35,35,35,35,33,0,0],"gold":1067,"neow_bonus":"REMOVE_TWO","is_daily":false,"chose_seed":false,"campfire_upgraded":4,"win_rate":0.0,"timestamp":1612891400,"path_taken":["M","M","M","M","?","E","M","E","T","E","R","M","M","M","R","BOSS","M","M","M","M","M","R","E","R","T","?","E","M","E"],"items_purchased_type":[],"build_version":"2020-12-22","purchased_purges":0,"victory":false,"max_hp_per_floor":[30,30,30,30,30,40,40,40,40,40,40,40,40,40,40,40,40,40,40,40,40,40,40,40,40,40,40,40,43,46,46],"card_choices":[{"not_picked":["Hololive_Sequa","Hololive_HuntDinosaur","Hololive_Trident"],"picked":"Hololive_CallYuzukiChoco","floor":1},{"not_picked":["Hololive_Trident","Hololive_LuckPotion","Hololive_Rebound"],"picked":"Hololive_CallTsunomakiWatame","floor":2},{"not_picked":["Hololive_StrengthChampion","Hololive_CocoNews","Hololive_CallShishiroBotan"],"picked":"Hololive_ILoveYou","floor":3},{"not_picked":["Hololive_OvertimeWork","Hololive_CocoNews","Hololive_Breathe"],"picked":"Hololive_CallAyundaRisu","floor":4},{"not_picked":["Hololive_Thief","Hololive_Breathe","Hololive_StrengthChampion"],"picked":"Hololive_CallShiroganeNoel","floor":6},{"not_picked":["Hololive_HuntDinosaur","Hololive_Rebound","Hololive_Sequa","Hololive_OvertimeWork"],"picked":"SKIP","floor":7},{"not_picked":["Hololive_OpenUp","Hololive_CallDoris","Hololive_CocoNews"],"picked":"Hololive_CallArtia","floor":8},{"not_picked":["Hololive_FlyingPonyTail","Hololive_OvertimeWork+1","Hololive_CallAZKi"],"picked":"Hololive_RevenueBasedLive","floor":10},{"not_picked":["Hololive_LuckPotion","Hololive_ILoveYou","Hololive_FlyingPonyTail"],"picked":"Hololive_CallFriendA","floor":12},{"not_picked":["Hololive_StrengthChampion+1","Hololive_Watashimo","Hololive_OvertimeWork+1","Hololive_Breathe"],"picked":"SKIP","floor":13},{"not_picked":["Hololive_OpenUp+1","Hololive_Teleport","Hololive_Breathe"],"picked":"Hololive_RevenueBasedLive","floor":14},{"not_picked":["Hololive_DDD","Hololive_OpenUp+1","Hololive_AWSL"],"picked":"Hololive_Recruit","floor":16},{"not_picked":["Hololive_StrengthChampion+1","Hololive_Spy+1","Hololive_RevenueBasedLive"],"picked":"Hololive_CallNakiriAyame","floor":18},{"not_picked":["Hololive_LuckPotion","Hololive_Trident+1","Hololive_Rebound","Hololive_RevenueBasedLive"],"picked":"SKIP","floor":19},{"not_picked":["Hololive_LuckPotion","Hololive_Trident+1","Hololive_Rebound"],"picked":"Hololive_RevenueBasedLive","floor":19},{"not_picked":["Hololive_Psychosis+1","Hololive_CocoNews+1","Hololive_DevilCharm"],"picked":"Hololive_CallMurasakiShion","floor":20},{"not_picked":["Hololive_FlyingPonyTail","Hololive_Rebound","Hololive_CandyCastle"],"picked":"Hololive_Rebirth","floor":21},{"not_picked":["Hololive_Breathe","Hololive_Sequa+1","Hololive_RevenueBasedLive"],"picked":"Hololive_CallTokinoSora+1","floor":22},{"not_picked":["Hololive_Breathe","Hololive_CandyCastle","Hololive_Trident+1"],"picked":"Hololive_Teleport","floor":24},{"not_picked":["Hololive_FlyingPonyTail","Hololive_HuntDinosaur","Hololive_Sequa+1"],"picked":"Hololive_CallMoonaHoshinova","floor":28},{"not_picked":["Hololive_Sequa+1","Hololive_CallAiraniIofifteen","Hololive_HuntDinosaur"],"picked":"Hololive_StarCraft","floor":29}],"player_experience":1129775,"relics_obtained":[{"floor":6,"key":"Pear"},{"floor":8,"key":"Happy Flower"},{"floor":9,"key":"Molten Egg 2"},{"floor":10,"key":"Shovel"},{"floor":24,"key":"Smiling Mask"},{"floor":26,"key":"Bronze Scales"},{"floor":28,"key":"Letter Opener"}],"event_choices":[{"damage_healed":0,"gold_gain":0,"player_choice":"Entered Light","damage_taken":9,"max_hp_gain":0,"max_hp_loss":0,"event_name":"Shining Light","floor":5,"gold_loss":0,"cards_upgraded":["Hololive_CallAiraniIofifteen","Hololive_Strike"]},{"damage_healed":0,"gold_gain":0,"cards_transformed":["Hololive_Strike"],"player_choice":"Transformed","damage_taken":0,"max_hp_gain":0,"max_hp_loss":0,"event_name":"Transmorgrifier","floor":27,"gold_loss":0,"cards_obtained":["Hololive_SoulCatcher"]}],"is_beta":false,"boss_relics":[{"not_picked":["Black Star","Hololive_Finger"],"picked":"Coffee Dripper"}],"items_purged_floors":[],"is_endless":false,"potions_floor_spawned":[2,4,7,13,18,28,29],"killed_by":"Slavers","ascension_level":20}}