{"host":"b7j598ve05halrwk","time":1612912259,"event":{"mods":["2.2 Compatiblity","BaseMod","Block Reminder","DeckTracker","Minty Spire (QoL Compilation)","Relic Stats","Slay the Relics Exporter","StSLib","ojb\u0027s Better Paths Mod","ojb\u0027s Info Mod"],"gold_per_floor":[115,115,129,52,65,92,104,137,137,152,186,28,56,66,66,142,142,157,177,45,61,61,61,94,94,94,19,45,63,82,114,114,190,190,208,45,64,79,92,122,122,152,177,177,177,35,49,81,81,81,81,81,81,3,38,38],"floor_reached":57,"language":"ENG","playtime":6633,"items_purged":["Strike_B","Defend_B"],"score":3264,"play_id":"58a1e202-4ed3-473d-a185-167ac4a2cd7b","local_time":"20210209181059","is_ascension_mode":true,"campfire_choices":[{"data":"Fission","floor":15.0,"key":"SMITH"},{"floor":23.0,"key":"REST"},{"floor":25.0,"key":"REST"},{"floor":32.0,"key":"RECALL"},{"floor":41.0,"key":"REST"},{"floor":49.0,"key":"REST"},{"floor":53,"key":"REST"}],"circlet_count":0,"master_deck":["AscendersBane","Defend_B","Defend_B","Defend_B","Zap","Dualcast","Fission+1","Static Discharge","Glacier","Cold Snap","Doom and Gloom","Ball Lightning","Barrage","Cold Snap","Echo Form","Cold Snap","Blizzard","Cold Snap","Glacier","Biased Cognition","BootSequence","Ball Lightning","Reinforced Body","Compile Driver","Consume+1","BootSequence+1","Coolheaded","Chill","Loop","Doom and Gloom+1","Hologram","Machine Learning","Loop","Electrodynamics","Self Repair+1","Undo","Steam Power","Compile Driver","Rainbow","Stack+1","Steam+1","Sweeping Beam+1","Hologram+1","Steam+1","Madness","Finesse","Discovery","Madness","Madness","Blizzard","Stack","Stack","Static Discharge"],"relics":["Cracked Core","FaceOfCleric","Orichalcum","Prayer Wheel","Gremlin Horn","Kunai","ClockworkSouvenir","InkBottle","Fusion Hammer","Enchiridion","Anchor","Cables","Juzu Bracelet","Blood Vial","SlaversCollar","Strange Spoon","Bag of Preparation","Shuriken","CaptainsWheel","Vajra"],"acts_visited":["Exordium","TheCity","TheBeyond","TheEnding"],"potions_floor_usage":[56],"damage_taken":[{"damage":4.0,"enemies":"Small Slimes","floor":1.0,"turns":5.0},{"damage":1.0,"enemies":"Cultist","floor":3.0,"turns":4.0},{"damage":2.0,"enemies":"Jaw Worm","floor":5.0,"turns":6.0},{"damage":7.0,"enemies":"Lagavulin","floor":6.0,"turns":6.0},{"damage":0.0,"enemies":"2 Fungi Beasts","floor":7.0,"turns":2.0},{"damage":17.0,"enemies":"Gremlin Nob","floor":8.0,"turns":4.0},{"damage":10.0,"enemies":"Exordium Wildlife","floor":10.0,"turns":5.0},{"damage":1.0,"enemies":"Lagavulin","floor":11.0,"turns":7.0},{"damage":6.0,"enemies":"3 Sentries","floor":13.0,"turns":6.0},{"damage":2.0,"enemies":"3 Louse","floor":14.0,"turns":3.0},{"damage":11.0,"enemies":"The Guardian","floor":16.0,"turns":11.0},{"damage":4.0,"enemies":"3 Byrds","floor":18.0,"turns":3.0},{"damage":0.0,"enemies":"Chosen","floor":19.0,"turns":5.0},{"damage":3.0,"enemies":"Centurion and Healer","floor":21.0,"turns":6.0},{"damage":19.0,"enemies":"Gremlin Leader","floor":24.0,"turns":6.0},{"damage":0.0,"enemies":"Book of Stabbing","floor":28.0,"turns":6.0},{"damage":0.0,"enemies":"Cultist and Chosen","floor":29.0,"turns":5.0},{"damage":0.0,"enemies":"Shelled Parasite and Fungi","floor":30.0,"turns":5.0},{"damage":0.0,"enemies":"Slavers","floor":31.0,"turns":7.0},{"damage":0.0,"enemies":"Champ","floor":33.0,"turns":16.0},{"damage":1.0,"enemies":"3 Darklings","floor":35.0,"turns":4.0},{"damage":0.0,"enemies":"3 Shapes","floor":37.0,"turns":4.0},{"damage":0.0,"enemies":"Jaw Worm Horde","floor":38.0,"turns":5.0},{"damage":11.0,"enemies":"Transient","floor":39.0,"turns":6.0},{"damage":1.0,"enemies":"Reptomancer","floor":40.0,"turns":6.0},{"damage":0.0,"enemies":"Nemesis","floor":42.0,"turns":9.0},{"damage":15.0,"enemies":"3 Darklings","floor":47.0,"turns":4.0},{"damage":15.0,"enemies":"Reptomancer","floor":48.0,"turns":6.0},{"damage":0.0,"enemies":"Donu and Deca","floor":50.0,"turns":7.0},{"damage":20,"enemies":"Awakened One","floor":51,"turns":16},{"damage":74,"enemies":"Shield and Spear","floor":55,"turns":9},{"damage":23,"enemies":"The Heart","floor":56,"turns":10}],"seed_played":"-3725219449372888563","potions_obtained":[{"floor":5.0,"key":"FairyPotion"},{"floor":10.0,"key":"Regen Potion"},{"floor":11.0,"key":"LiquidMemories"},{"floor":24.0,"key":"Fire Potion"},{"floor":31.0,"key":"SkillPotion"},{"floor":33.0,"key":"DuplicationPotion"}],"is_trial":false,"path_per_floor":["M","?","M","$","M","E","M","E","T","M","E","$","E","M","R","B",null,"M","M","$","M","?","R","E","R","T","?","E","M","M","E","R","B",null,"M","$","M","M","M","E","R","E","T","?","?","$","M","E","R","B","B",null,"R","$","E","B",null],"character_chosen":"DEFECT","items_purchased":["Doom and Gloom","ClockworkSouvenir","Compile Driver","Strange Spoon","Blizzard","Static Discharge"],"campfire_rested":5,"item_purchase_floors":[4,12,20,36,46,54],"current_hp_per_floor":[60,60,60,60,59,53,54,38,38,29,44,44,39,38,38,28,63,60,61,61,59,38,61,43,66,66,66,67,68,69,70,70,73,81,83,83,85,86,76,88,88,89,89,79,63,63,61,59,86,89,92,93,93,93,30,20],"gold":38,"neow_bonus":"TRANSFORM_TWO_CARDS","is_daily":false,"chose_seed":false,"campfire_upgraded":1,"win_rate":0.0,"timestamp":1612912259,"path_taken":["M","?","M","$","M","E","M","E","T","M","E","$","E","M","R","BOSS","M","M","$","M","?","R","E","R","T","?","E","M","M","E","R","BOSS","M","$","M","M","M","E","R","E","T","?","?","?","M","E","R","BOSS","BOSS","R","$","E","BOSS"],"items_purchased_type":["Card","Relic","Card","Relic","Card","Card"],"build_version":"2020-12-22","purchased_purges":2,"victory":true,"max_hp_per_floor":[64,64,65,65,66,67,68,69,69,70,71,71,72,73,73,74,74,75,76,76,77,77,77,78,78,78,78,79,80,81,82,82,83,83,84,84,85,86,87,88,88,89,89,89,89,89,90,91,91,92,93,93,93,93,94,95],"relic_stats":{"Gremlin Horn":[38,39],"counters":[32,203],"Juzu Bracelet":0,"Bag of Preparation":[14],"Orichalcum":[102],"Cables":[109,35,62,12,0],"Blood Vial":17,"Strange Spoon":[44],"FaceOfCleric":31,"Shuriken":[20],"Prayer Wheel":12,"Kunai":[57],"obtain_stats":[{"Gremlin Horn":9,"Enchiridion":22,"Vajra":55,"Juzu Bracelet":28,"Bag of Preparation":40,"Orichalcum":6,"ClockworkSouvenir":12,"Cables":26,"Blood Vial":31,"SlaversCollar":34,"Strange Spoon":36,"Anchor":24,"CaptainsWheel":48,"FaceOfCleric":2,"Shuriken":42,"Prayer Wheel":8,"Fusion Hammer":17,"Kunai":11,"Cracked Core":0,"InkBottle":13},{"Gremlin Horn":6,"Enchiridion":14,"Vajra":31,"Juzu Bracelet":16,"Bag of Preparation":25,"Orichalcum":4,"ClockworkSouvenir":8,"Cables":15,"Blood Vial":19,"SlaversCollar":20,"Strange Spoon":21,"Anchor":15,"CaptainsWheel":28,"FaceOfCleric":1,"Shuriken":26,"Prayer Wheel":6,"Fusion Hammer":11,"Kunai":8,"Cracked Core":0,"InkBottle":9},{"Gremlin Horn":27,"Enchiridion":73,"Vajra":193,"Juzu Bracelet":85,"Bag of Preparation":142,"Orichalcum":21,"ClockworkSouvenir":39,"Cables":79,"Blood Vial":102,"SlaversCollar":118,"Strange Spoon":122,"Anchor":79,"CaptainsWheel":161,"FaceOfCleric":5,"Shuriken":151,"Prayer Wheel":27,"Fusion Hammer":59,"Kunai":39,"Cracked Core":0,"InkBottle":45}],"InkBottle":[80]},"card_choices":[{"not_picked":["Conserve Battery","Reprogram"],"picked":"Glacier","floor":1.0},{"not_picked":["Scrape","Undo"],"picked":"Cold Snap","floor":3.0},{"not_picked":["Beam Cell","Chaos"],"picked":"Ball Lightning","floor":5.0},{"not_picked":["Turbo","Streamline"],"picked":"Barrage","floor":6.0},{"not_picked":["Double Energy","FTL"],"picked":"Cold Snap","floor":7.0},{"not_picked":["Conserve Battery","Leap"],"picked":"Echo Form","floor":8.0},{"not_picked":["Gash","Beam Cell"],"picked":"Cold Snap","floor":10.0},{"not_picked":["Gash","Beam Cell"],"picked":"Blizzard","floor":10.0},{"not_picked":["Recycle","Reprogram","Beam Cell"],"picked":"SKIP","floor":11.0},{"not_picked":["Force Field","Static Discharge"],"picked":"Cold Snap","floor":13.0},{"not_picked":["Scrape","Beam Cell"],"picked":"Glacier","floor":14.0},{"not_picked":["Static Discharge","Scrape","Recycle"],"picked":"SKIP","floor":14.0},{"not_picked":["Fission","Machine Learning"],"picked":"Biased Cognition","floor":16.0},{"not_picked":["Sweeping Beam","Heatsinks"],"picked":"BootSequence","floor":18.0},{"not_picked":["Redo","Double Energy"],"picked":"Ball Lightning","floor":18.0},{"not_picked":["Scrape","Redo"],"picked":"Reinforced Body","floor":19.0},{"not_picked":["Recycle","Turbo","Sunder"],"picked":"SKIP","floor":19.0},{"not_picked":["Recycle","Turbo","Sunder"],"picked":"SKIP","floor":19.0},{"not_picked":["Barrage","Self Repair"],"picked":"Consume+1","floor":21.0},{"not_picked":["Scrape","Static Discharge"],"picked":"BootSequence+1","floor":21.0},{"not_picked":["Stack","Hello World"],"picked":"Coolheaded","floor":24.0},{"not_picked":["Stack","Undo"],"picked":"Chill","floor":28.0},{"not_picked":["Conserve Battery+1","Sweeping Beam"],"picked":"Loop","floor":29.0},{"not_picked":["Storm","Reinforced Body"],"picked":"Doom and Gloom+1","floor":29.0},{"not_picked":["Beam Cell","Consume"],"picked":"Hologram","floor":30.0},{"not_picked":["Gash","Cold Snap"],"picked":"Machine Learning","floor":30.0},{"not_picked":["Cold Snap","Machine Learning"],"picked":"Loop","floor":31.0},{"not_picked":["Meteor Strike","Buffer"],"picked":"Electrodynamics","floor":33.0},{"not_picked":["Gash","Compile Driver"],"picked":"Self Repair+1","floor":35.0},{"not_picked":["Redo","Reinforced Body"],"picked":"Undo","floor":35.0},{"not_picked":["Stack+1","Lockon"],"picked":"Steam Power","floor":37.0},{"not_picked":["Steam","Hologram"],"picked":"Compile Driver","floor":37.0},{"not_picked":["Compile Driver","Beam Cell"],"picked":"Rainbow","floor":38.0},{"not_picked":["Sweeping Beam+1","Consume"],"picked":"Stack+1","floor":38.0},{"not_picked":["Redo","Hologram"],"picked":"Steam+1","floor":39.0},{"not_picked":["Ball Lightning","Hologram"],"picked":"Sweeping Beam+1","floor":39.0},{"not_picked":["Beam Cell","Electrodynamics"],"picked":"Hologram+1","floor":40.0},{"not_picked":["Double Energy","Melter"],"picked":"Steam+1","floor":42.0},{"not_picked":["Sadistic Nature","Bandage Up"],"picked":"Madness","floor":44.0},{"not_picked":["The Bomb","Flash of Steel"],"picked":"Finesse","floor":44.0},{"not_picked":["Blind","The Bomb"],"picked":"Discovery","floor":44.0},{"not_picked":["Sweeping Beam","Genetic Algorithm"],"picked":"Stack","floor":47.0},{"not_picked":["Go for the Eyes","Sweeping Beam"],"picked":"Stack","floor":47.0},{"not_picked":["Gash+1","Fusion","Leap+1"],"picked":"SKIP","floor":48.0},{"not_picked":["Hologram","Gash","Barrage"],"picked":"SKIP","floor":55}],"player_experience":1128368,"relics_obtained":[{"floor":6.0,"key":"Orichalcum"},{"floor":8.0,"key":"Prayer Wheel"},{"floor":9.0,"key":"Gremlin Horn"},{"floor":11.0,"key":"Kunai"},{"floor":13.0,"key":"InkBottle"},{"floor":22.0,"key":"Enchiridion"},{"floor":24.0,"key":"Anchor"},{"floor":26.0,"key":"Cables"},{"floor":28.0,"key":"Juzu Bracelet"},{"floor":31.0,"key":"Blood Vial"},{"floor":40.0,"key":"Bag of Preparation"},{"floor":42.0,"key":"Shuriken"},{"floor":48.0,"key":"CaptainsWheel"},{"floor":55,"key":"Vajra"}],"event_choices":[{"damage_healed":0.0,"max_hp_gain":0.0,"max_hp_loss":0.0,"gold_gain":0.0,"event_name":"FaceTrader","player_choice":"Trade","floor":2.0,"gold_loss":0.0,"damage_taken":0.0,"relics_obtained":["FaceOfCleric"]},{"damage_healed":0.0,"max_hp_gain":0.0,"max_hp_loss":0.0,"gold_gain":0.0,"event_name":"Cursed Tome","player_choice":"Obtained Book","floor":22.0,"gold_loss":0.0,"damage_taken":21.0},{"cards_removed":["Strike_B"],"damage_healed":0.0,"max_hp_gain":0.0,"max_hp_loss":0.0,"gold_gain":0.0,"event_name":"Beggar","player_choice":"Gave Gold","floor":27.0,"gold_loss":75.0,"damage_taken":0.0},{"damage_healed":0.0,"max_hp_gain":0.0,"max_hp_loss":0.0,"gold_gain":0.0,"event_name":"SensoryStone","player_choice":"Memory 3","floor":44.0,"gold_loss":0.0,"damage_taken":10.0},{"damage_healed":0.0,"max_hp_gain":0.0,"max_hp_loss":0.0,"gold_gain":0.0,"event_name":"Winding Halls","player_choice":"Embrace Madness","floor":45.0,"gold_loss":0.0,"damage_taken":16.0,"cards_obtained":["Madness","Madness"]}],"is_beta":false,"boss_relics":[{"not_picked":["Ectoplasm","Velvet Choker"],"picked":"Fusion Hammer"},{"not_picked":["Cursed Key","Calling Bell"],"picked":"SlaversCollar"}],"items_purged_floors":[20,46],"is_endless":false,"potions_floor_spawned":[5,10,11,13,14,19,24,31,33,37,40,42],"ascension_level":20}}