{"host":"k5fgrtcqzqosfxt0","time":1612868817,"event":{"mods":["Act Like it!","Aspiration","BaseMod","Downfall","Gensokyo","Minty Spire (QoL Compilation)","MostiFishMod","StSLib","TestMod","UnlockEverythingMod"],"gold_per_floor":[117,517,112,112,130,154,154,171,195,211,244,252,252,281,281,351,351,370,381,206,206,224,256,256,281,335,345,375,250,282,282,282,355,355,373,385,80,80,80,104,104,104,104,113,127,127,162,181,181,181,181,181,181,31,58,58],"floor_reached":57,"language":"ZHS","playtime":2559,"items_purged":["Strike_G","Strike_G","Strike_G","Strike_G"],"score":3081,"play_id":"6afa3c21-9b69-4240-ab0d-fffe113fa9a8","local_time":"20210209190657","is_ascension_mode":true,"campfire_choices":[{"data":"MostiFishMod:FrostNova","floor":7,"key":"SMITH"},{"data":"MostiFishMod:SpreadingSpore","floor":13,"key":"SMITH"},{"data":"Calculated Gamble","floor":32,"key":"SMITH"},{"floor":49,"key":"RECALL"},{"data":"A Thousand Cuts","floor":53,"key":"SMITH"}],"circlet_count":0,"master_deck":["AscendersBane","Strike_G","Defend_G","Defend_G","Defend_G","Defend_G","Defend_G","Survivor","Neutralize","Acrobatics","MostiFishMod:FrostNova+1","Backflip","MostiFishMod:SpreadingSpore+1","Reflex","MostiFishMod:Listen","Reflex","Calculated Gamble+1","Tactician","Escape Plan","Adrenaline","Adrenaline","MostiFishMod:EE1D","MostiFishMod:EE1D","MostiFishMod:EE1D","Gensokyo:MenInBlack","A Thousand Cuts+1"],"relics":["Ring of the Snake","testmod-TestBox","NeowsBlessing","testmod-ConstraintPeriapt","SynthV:TestCard","testmod-Charity","Omamori","WarpedTongs","aspiration:AnachronicSnailShell","aspiration:ChemicalBlood","aspiration:ArtOfWarUpgrade","PreservedInsect","Transparent","Enchiridion","Darkstone Periapt","Mummified Hand","Blood Vial","Letter Opener","StrikeDummy","EE1DDrone","Vajra","Regal Pillow","CeramicFish","testmod-EqualTreatment","aspiration:StickyExplosives_weak"],"acts_visited":["Exordium","TheCity","TheCity","TheEnding"],"potions_floor_usage":[11,11,16,19,19,22,23,25,27,28,30,30,33,35,36,41,44,44,50,50,50,51,51,51,56,56,56,56,56,56,56,56,56],"damage_taken":[{"damage":0,"enemies":"Jaw Worm","floor":1,"turns":1},{"damage":0,"enemies":"Cultist","floor":5,"turns":1},{"damage":0,"enemies":"3 Sentries","floor":6,"turns":1},{"damage":0,"enemies":"2 Louse","floor":8,"turns":1},{"damage":9,"enemies":"Large Slime","floor":10,"turns":5},{"damage":15,"enemies":"Lagavulin","floor":11,"turns":7},{"damage":0,"enemies":"Looter","floor":12,"turns":3},{"damage":7,"enemies":"3 Sentries","floor":14,"turns":3},{"damage":17,"enemies":"Slime Boss","floor":16,"turns":7},{"damage":30,"enemies":"Chosen","floor":18,"turns":2},{"damage":59,"enemies":"Spheric Guardian","floor":19,"turns":3},{"damage":16,"enemies":"3 Cultists","floor":22,"turns":2},{"damage":46,"enemies":"Book of Stabbing","floor":23,"turns":3},{"damage":33,"enemies":"Gremlin Leader","floor":25,"turns":3},{"damage":34,"enemies":"Chosen and Byrds","floor":27,"turns":2},{"damage":41,"enemies":"Book of Stabbing","floor":28,"turns":2},{"damage":19,"enemies":"Gremlin Leader","floor":30,"turns":1},{"damage":91,"enemies":"Automaton","floor":33,"turns":4},{"damage":18,"enemies":"Gensokyo:3_Boulders","floor":35,"turns":1},{"damage":89,"enemies":"Gensokyo:AncientGuardian","floor":36,"turns":4},{"damage":36,"enemies":"Gensokyo:Kasen","floor":40,"turns":2},{"damage":18,"enemies":"Gensokyo:SeedOfUnknown","floor":41,"turns":1},{"damage":166,"enemies":"Gensokyo:Rafflesia","floor":44,"turns":7},{"damage":41,"enemies":"Gensokyo:AtlasGolem","floor":45,"turns":4},{"damage":24,"enemies":"Gensokyo:Doremy","floor":47,"turns":4},{"damage":43,"enemies":"Gensokyo:Dusk_and_Dawn","floor":48,"turns":2},{"damage":343,"enemies":"Gensokyo:Scarlet_Devils","floor":50,"turns":10},{"damage":246,"enemies":"Gensokyo:Shinki","floor":51,"turns":8},{"damage":21,"enemies":"Shield and Spear","floor":55,"turns":2},{"damage":219,"enemies":"The Heart","floor":56,"turns":7}],"seed_played":"-3786710213108084340","potions_obtained":[{"floor":6,"key":"DuplicationPotion"},{"floor":10,"key":"SkillPotion"},{"floor":12,"key":"SmokeBomb"},{"floor":30,"key":"DistilledChaos"},{"floor":30,"key":"Energy Potion"},{"floor":33,"key":"Dexterity Potion"},{"floor":35,"key":"Regen Potion"},{"floor":36,"key":"Dexterity Potion"},{"floor":36,"key":"testmod-EscapePotion"},{"floor":45,"key":"Swift Potion"},{"floor":50,"key":"FearPotion"},{"floor":51,"key":"Regen Potion"},{"floor":51,"key":"DuplicationPotion"},{"floor":51,"key":"testmod-TimePotion"}],"is_trial":false,"path_per_floor":["M","?","$","?","M","E","R","M","T","M","E","M","R","E","R","B",null,"M","M","$","?","M","E","R","E","T","M","E","$","E","?","R","B",null,"M","M","COS","?","?","E","M","?","T","M","M","$","E","M","R","B","B",null,"R","$","E","B",null],"character_chosen":"THE_SILENT","items_purchased":["testmod-Charity","Omamori","Calculated Gamble"],"campfire_rested":0,"item_purchase_floors":[3,3,20],"current_hp_per_floor":[59,59,59,59,60,61,61,62,63,57,47,53,53,56,56,52,70,77,78,78,57,79,80,80,81,82,88,89,89,90,90,90,91,91,92,93,93,93,75,94,94,94,94,95,96,96,98,99,99,88,99,99,99,99,100,100],"gold":58,"neow_bonus":"THREE_ENEMY_KILL","is_daily":false,"chose_seed":false,"campfire_upgraded":4,"win_rate":0.0,"timestamp":1612868817,"path_taken":["M","?","$","?","?","E","R","M","T","M","E","M","R","E","R","BOSS","M","M","$","?","M","E","R","E","T","M","E","$","E","?","R","BOSS","M","M","COS","?","?","E","M","?","T","?","M","$","E","M","R","BOSS","BOSS","R","$","E","BOSS"],"items_purchased_type":["Relic","Relic","Card"],"build_version":"2020-12-22","purchased_purges":4,"victory":true,"max_hp_per_floor":[66,66,66,66,67,68,68,69,70,71,72,74,74,75,75,76,76,77,78,78,78,79,80,80,81,82,88,89,89,90,90,90,91,91,92,93,93,93,93,94,94,94,94,95,96,96,98,99,99,99,99,99,99,99,100,100],"card_choices":[{"not_picked":["Underhanded Strike","Flying Knee"],"picked":"Acrobatics","floor":1},{"not_picked":["Deadly Poison","Sucker Punch","Flying Knee","Deflect"],"picked":"MostiFishMod:FrostNova","floor":5},{"not_picked":["Dagger Spray","Quick Slash","Underhanded Strike","Blade Dance"],"picked":"Backflip","floor":6},{"not_picked":["Outmaneuver","Cloak And Dagger","Flying Knee","Deflect","Prepared"],"picked":"SKIP","floor":8},{"not_picked":["Setup","Dash","Envenom","Sucker Punch","Outmaneuver"],"picked":"SKIP","floor":10},{"not_picked":["Deflect","Outmaneuver","Underhanded Strike","Predator"],"picked":"MostiFishMod:SpreadingSpore","floor":11},{"not_picked":["Outmaneuver","Infinite Blades","Caltrops","Underhanded Strike"],"picked":"Reflex","floor":12},{"not_picked":["MostiFishMod:AdrenalineArouse","Dodge and Roll","Dagger Spray","Finisher","MostiFishMod:PoisonShield"],"picked":"SKIP","floor":14},{"not_picked":["MostiFishMod:SpreadingSpore","MostiFishMod:LethalBlade","Glass Knife","Storm of Steel"],"picked":"MostiFishMod:Listen","floor":16},{"not_picked":["Underhanded Strike","Bane","Blade Dance","Poisoned Stab","Setup"],"picked":"SKIP","floor":18},{"not_picked":["Underhanded Strike","Bane","Blade Dance","Poisoned Stab","Setup"],"picked":"SKIP","floor":18},{"not_picked":["Prepared","MostiFishMod:HiddenBlade","Caltrops","MostiFishMod:PerfectParry"],"picked":"Reflex","floor":19},{"not_picked":["Slice","Poisoned Stab","Finisher","Cloak And Dagger+1"],"picked":"Tactician","floor":22},{"not_picked":["PiercingWail","Deflect+1","Well Laid Plans","Bane"],"picked":"MostiFishMod:FullyArmed","floor":23},{"not_picked":["Accuracy","Dodge and Roll","Terror","Cloak And Dagger"],"picked":"Escape Plan","floor":25},{"not_picked":["Backflip","MostiFishMod:PoisonShield","Catalyst","Outmaneuver","Quick Slash"],"picked":"SKIP","floor":27},{"not_picked":["Deadly Poison","Infinite Blades","Flying Knee","Underhanded Strike","Tools of the Trade"],"picked":"SKIP","floor":28},{"not_picked":["Dagger Throw","Calculated Gamble","Backflip+1","Deadly Poison"],"picked":"Adrenaline","floor":30},{"not_picked":["MostiFishMod:WinterMarkForm","Malaise","After Image","MostiFishMod:GrandStart"],"picked":"Adrenaline","floor":33},{"not_picked":["Dagger Throw","Dodge and Roll","Backstab","Acrobatics+1","Crippling Poison+1"],"picked":"SKIP","floor":35},{"not_picked":["Accuracy","Bane","Dagger Spray+1","Dagger Throw","Dodge and Roll"],"picked":"SKIP","floor":36},{"not_picked":["Crippling Poison","Terror","Sucker Punch","MostiFishMod:Neurotoxin","Deflect+1"],"picked":"SKIP","floor":40},{"not_picked":["Bouncing Flask+1","Endless Agony","Well Laid Plans+1","Blade Dance","Deflect"],"picked":"SKIP","floor":41},{"not_picked":["Underhanded Strike","Quick Slash","Slice+1","Prepared","Deadly Poison"],"picked":"SKIP","floor":44},{"not_picked":["Eviscerate","Quick Slash","Blade Dance","Deadly Poison+1","Deflect"],"picked":"SKIP","floor":45},{"not_picked":["Sucker Punch","Predator","Bane","Deflect+1"],"picked":"A Thousand Cuts","floor":47},{"not_picked":["Slice+1","Leg Sweep","Backflip","Crippling Poison","Distraction"],"picked":"SKIP","floor":48},{"not_picked":["Flying Knee","Backflip","MostiFishMod:ThornCasing","Cloak And Dagger","Deadly Poison"],"picked":"SKIP","floor":55}],"player_experience":633950,"relics_obtained":[{"floor":1,"key":"SynthV:TestCard"},{"floor":6,"key":"aspiration:AnachronicSnailShell"},{"floor":9,"key":"aspiration:ChemicalBlood"},{"floor":11,"key":"Art of War"},{"floor":14,"key":"PreservedInsect"},{"floor":21,"key":"Enchiridion"},{"floor":23,"key":"Darkstone Periapt"},{"floor":25,"key":"Mummified Hand"},{"floor":26,"key":"Blood Vial"},{"floor":28,"key":"Letter Opener"},{"floor":30,"key":"StrikeDummy"},{"floor":40,"key":"Vajra"},{"floor":47,"key":"testmod-EqualTreatment"},{"floor":55,"key":"aspiration:StickyExplosives_weak"}],"event_choices":[{"damage_healed":0,"gold_gain":400,"player_choice":"Sell","damage_taken":0,"max_hp_gain":0,"max_hp_loss":0,"event_name":"¶÷ÂåË¹µÄÅÌ×Ó","floor":2,"relics_lost":["DaveBox"],"gold_loss":0},{"damage_healed":0,"gold_gain":0,"player_choice":"Rummage","damage_taken":0,"relics_obtained":["WarpedTongs"],"max_hp_gain":0,"max_hp_loss":0,"event_name":"Accursed Blacksmith","floor":4,"gold_loss":0,"cards_obtained":["Pain"]},{"damage_healed":0,"gold_gain":0,"player_choice":"Obtained Book","damage_taken":21,"max_hp_gain":0,"max_hp_loss":0,"event_name":"Cursed Tome","floor":21,"gold_loss":0},{"damage_healed":0,"gold_gain":0,"player_choice":"Ignored","damage_taken":0,"max_hp_gain":0,"max_hp_loss":0,"event_name":"Vampires","floor":31,"gold_loss":0}],"is_beta":false,"boss_relics":[{"not_picked":["testmod-KeyOfTheVoid","testmod-IncinerationGenerator"],"picked":"Transparent"},{"not_picked":["aspiration:SecretTechniqueScroll","Fusion Hammer"],"picked":"EE1DDrone"}],"items_purged_floors":[3,20,29,54],"is_endless":false,"potions_floor_spawned":[6,10,12,22,23,25,30,33,44,45,48],"ascension_level":20}}