{"host":"soyfmymeou4emntr","time":1612914299,"event":{"mods":["BaseMod","Minty Spire (QoL Compilation)","Permanent Neow","Relic Sorter","Relic Stats","StSLib"],"gold_per_floor":[117,127,92,92,33,33,65,76,99,99,113,141,62,77,77,77,77],"floor_reached":16,"language":"ENG","playtime":950,"items_purged":[],"score":220,"play_id":"29a1cf2a-4895-48d3-9f64-7cc61e224c04","local_time":"20210209164459","daily_mods":["Diverse"],"is_ascension_mode":true,"campfire_choices":[{"data":"Ball Lightning","floor":6.0,"key":"SMITH"},{"floor":10.0,"key":"REST"},{"data":"Omniscience","floor":15,"key":"SMITH"}],"circlet_count":0,"master_deck":["AscendersBane","Strike_B","Strike_B","Strike_B","Strike_B","Defend_B","Defend_B","Defend_B","Defend_B","Zap","Dualcast","Second Wind","Compile Driver","Ball Lightning+1","Wild Strike","Dash","Cold Snap","FollowUp","Omniscience+1","Double Tap","SashWhip"],"relics":["Cracked Core","Happy Flower","Dream Catcher","Vajra"],"acts_visited":["Exordium"],"potions_floor_usage":[12,16,16],"damage_taken":[{"damage":1.0,"enemies":"Small Slimes","floor":1.0,"turns":4.0},{"damage":8.0,"enemies":"2 Louse","floor":2.0,"turns":2.0},{"damage":25.0,"enemies":"3 Sentries","floor":7.0,"turns":7.0},{"damage":7.0,"enemies":"Jaw Worm","floor":8.0,"turns":2.0},{"damage":0.0,"enemies":"2 Fungi Beasts","floor":11.0,"turns":3.0},{"damage":13,"enemies":"Gremlin Nob","floor":12,"turns":4},{"damage":3,"enemies":"Blue Slaver","floor":14,"turns":2},{"damage":44,"enemies":"Hexaghost","floor":16,"turns":9}],"seed_played":"-5593650698516218987","potions_obtained":[{"floor":1.0,"key":"LiquidMemories"},{"floor":11.0,"key":"Strength Potion"},{"floor":14,"key":"FearPotion"}],"is_trial":true,"path_per_floor":["M","M","?","?","$","R","E","M","T","R","M","E","$","M","R","B"],"character_chosen":"DEFECT","items_purchased":["Ball Lightning","Double Tap"],"campfire_rested":1,"item_purchase_floors":[5,13],"current_hp_per_floor":[63,55,71,71,71,71,46,39,39,60,60,47,47,44,44,0,0],"gold":77,"neow_bonus":"","is_daily":false,"chose_seed":false,"campfire_upgraded":2,"win_rate":0.0,"timestamp":1612914299,"path_taken":["M","M","?","?","?","R","E","M","T","R","M","E","$","M","R","BOSS"],"items_purchased_type":["Card","Card"],"build_version":"2020-12-22","purchased_purges":0,"victory":false,"max_hp_per_floor":[71,71,71,71,71,71,71,71,71,71,71,71,71,71,71,71,71],"relic_stats":{"Dream Catcher":1,"Happy Flower":[6],"counters":[8,33],"obtain_stats":[{"Dream Catcher":9,"Happy Flower":7,"Vajra":12,"Cracked Core":0},{"Dream Catcher":4,"Happy Flower":3,"Vajra":6,"Cracked Core":0},{"Dream Catcher":15,"Happy Flower":13,"Vajra":22,"Cracked Core":0}]},"card_choices":[{"not_picked":["Intimidate","Clash"],"picked":"Second Wind","floor":1.0},{"not_picked":["Whirlwind","Fire Breathing"],"picked":"Compile Driver","floor":2.0},{"not_picked":["Clash","Undo"],"picked":"Wild Strike","floor":7.0},{"not_picked":["Hologram","Halt"],"picked":"Dash","floor":8.0},{"not_picked":["Perfected Strike","WheelKick"],"picked":"Cold Snap","floor":10.0},{"not_picked":["Acrobatics","Anger"],"picked":"FollowUp","floor":11.0},{"not_picked":["CutThroughFate","Bane"],"picked":"Omniscience","floor":12},{"not_picked":["Hologram","PiercingWail"],"picked":"SashWhip","floor":14}],"player_experience":3169968,"relics_obtained":[{"floor":7.0,"key":"Happy Flower"},{"floor":9.0,"key":"Dream Catcher"},{"floor":12,"key":"Vajra"}],"event_choices":[{"damage_healed":17.0,"max_hp_gain":0.0,"max_hp_loss":0.0,"gold_gain":0.0,"event_name":"The Cleric","player_choice":"Healed","floor":3.0,"gold_loss":35.0,"damage_taken":0.0},{"damage_healed":0.0,"max_hp_gain":0.0,"max_hp_loss":0.0,"gold_gain":0.0,"event_name":"Liars Game","player_choice":"Ignored","floor":4.0,"gold_loss":0.0,"damage_taken":0.0}],"is_beta":false,"boss_relics":[],"items_purged_floors":[],"is_endless":false,"potions_floor_spawned":[1,11,14],"killed_by":"Hexaghost","ascension_level":20}}