{"host":"74dg6ta44i9qan6e","time":1612911208,"event":{"mods":["Act Like it!","BaseMod","Clawfect","Downfall","Hubris","Infinite Spire","Marisa????????","Minty Spire (QoL Compilation)","Reimu??????","Relic Stats","Replay The Spire","StSLib","The Bug Knight","The Cursed","The Forsaken","The Hayseed","The Hierophant","The Juggle","The Runesmith","The Servant 0.9.4","The Witch","TheBandit","Waifu the Spire"],"gold_per_floor":[90,90,21,44,44,44,72,122,148,26,83,111,87,136,136,175,175,137,137],"floor_reached":18,"language":"ENG","playtime":1386,"items_purged":["Pain"],"score":255,"play_id":"1b5678a7-3b24-43b9-b259-e28eec22940b","local_time":"20210209175328","is_ascension_mode":false,"campfire_choices":[{"data":"hierophant:Community","floor":6,"key":"SMITH"},{"floor":15,"key":"REST"}],"circlet_count":0,"master_deck":["hierophant:Strike_Hierophant","hierophant:Strike_Hierophant","hierophant:Strike_Hierophant","hierophant:Strike_Hierophant","hierophant:Punish","hierophant:Defend_Hierophant","hierophant:Defend_Hierophant","hierophant:Defend_Hierophant","hierophant:Defend_Hierophant","hierophant:ChurchCoffers","hierophant:Doubloon","hierophant:Refuge","hierophant:Community+1","hierophant:PassingBell","hierophant:Doubloon","hierophant:CoinFling","hierophant:RepressedViolence","hierophant:FaithHealing","Discovery","hierophant:Zeal","hierophant:RepressedViolence","hierophant:Invocation","hierophant:RustyCrate","hierophant:Doubloon","hierophant:Doubloon","hierophant:Doubloon","hierophant:Charity","hierophant:Batter"],"relics":["hierophant:PropheticMaskRelic","hubris:ToyBattleship","Ancient Tea Set","infinitespire:Bottled Soul","ReplayTheSpireMod:CursedCoin","hubris:MysteriousPyramids","Regal Pillow","SacredBark"],"acts_visited":["Exordium","TheCity"],"potions_floor_usage":[14,14,18],"damage_taken":[{"damage":1,"enemies":"Jaw Worm","floor":1,"turns":3},{"damage":0,"enemies":"2 Louse","floor":4,"turns":1},{"damage":4,"enemies":"Cultist","floor":7,"turns":4},{"damage":25,"enemies":"3 Sentries","floor":8,"turns":13},{"damage":16,"enemies":"Replay:BlueRogue","floor":11,"turns":14},{"damage":8,"enemies":"Gremlin Gang","floor":12,"turns":5},{"damage":10,"enemies":"Looter","floor":13,"turns":3},{"damage":17,"enemies":"3 Sentries","floor":14,"turns":8},{"damage":8,"enemies":"Fading Forest","floor":16,"turns":11},{"damage":90,"enemies":"Chosen","floor":18,"turns":8}],"seed_played":"6461716225418902864","potions_obtained":[{"floor":4,"key":"BlessingOfTheForge"},{"floor":7,"key":"SpeedPotion"},{"floor":12,"key":"Slimebound:ThreeZeroPotion"},{"floor":13,"key":"FearPotion"}],"is_trial":false,"path_per_floor":["M","?","$","M","?","R","M","E","T","$","E","M","M","E","R","B",null,"M"],"character_chosen":"HIEROPHANT","items_purchased":["hierophant:Community","ReplayTheSpireMod:CursedCoin","hierophant:FaithHealing","Discovery","hierophant:Zeal"],"campfire_rested":1,"item_purchase_floors":[3,10,10,10,10],"current_hp_per_floor":[81,81,81,81,81,81,77,52,52,52,36,28,18,1,40,50,82,0,0],"gold":137,"neow_bonus":"TEN_PERCENT_HP_BONUS","is_daily":false,"chose_seed":false,"campfire_upgraded":1,"win_rate":0.0,"timestamp":1612911208,"path_taken":["M","?","$","M","?","R","M","E","T","$","E","M","?","E","R","BOSS","M"],"items_purchased_type":["Card","Relic","Card","Card","Card"],"build_version":"2020-12-22","purchased_purges":1,"victory":false,"max_hp_per_floor":[82,82,82,82,82,82,82,82,82,82,82,82,82,82,82,82,82,82,82],"relic_stats":{"Regal Pillow":15,"counters":[10,70],"obtain_stats":[{"Regal Pillow":14,"infinitespire:Bottled Soul":8,"ReplayTheSpireMod:CursedCoin":10,"hierophant:PropheticMaskRelic":0,"SacredBark":17,"hubris:ToyBattleship":2,"hubris:MysteriousPyramids":11,"Ancient Tea Set":5},{"Regal Pillow":8,"infinitespire:Bottled Soul":4,"ReplayTheSpireMod:CursedCoin":4,"hierophant:PropheticMaskRelic":0,"SacredBark":9,"hubris:ToyBattleship":1,"hubris:MysteriousPyramids":5,"Ancient Tea Set":2},{"Regal Pillow":51,"infinitespire:Bottled Soul":21,"ReplayTheSpireMod:CursedCoin":21,"hierophant:PropheticMaskRelic":0,"SacredBark":62,"hubris:ToyBattleship":3,"hubris:MysteriousPyramids":35,"Ancient Tea Set":4}]},"card_choices":[{"not_picked":["hierophant:FaithHealing","hierophant:Sermon"],"picked":"hierophant:Refuge","floor":1},{"not_picked":["hierophant:Sermon","hierophant:AuricBeam"],"picked":"hierophant:PassingBell","floor":4},{"not_picked":["hierophant:PassingBell","hierophant:SealAway"],"picked":"hierophant:CoinFling","floor":7},{"not_picked":["hierophant:Blessing","hierophant:Zeal"],"picked":"hierophant:RepressedViolence","floor":8},{"not_picked":["hierophant:PassingBell","hierophant:Bribe"],"picked":"hierophant:RepressedViolence","floor":11},{"not_picked":["hierophant:Shelter","hierophant:FaithHealing"],"picked":"hierophant:Invocation","floor":12},{"not_picked":["hierophant:Doubloon","hierophant:Encroach"],"picked":"hierophant:RustyCrate","floor":13},{"not_picked":["hierophant:FlamingChariot","hierophant:Rebuild"],"picked":"hierophant:Charity","floor":14},{"not_picked":["hierophant:Levitation","hierophant:DivineIntervention"],"picked":"hierophant:Batter","floor":16}],"player_experience":748892,"relics_obtained":[{"floor":2,"key":"hubris:ToyBattleship"},{"floor":8,"key":"infinitespire:Bottled Soul"},{"floor":11,"key":"hubris:MysteriousPyramids"},{"floor":14,"key":"Regal Pillow"}],"event_choices":[{"damage_healed":0,"gold_gain":0,"player_choice":"Gave Potion","damage_taken":0,"relics_obtained":["Ancient Tea Set"],"max_hp_gain":0,"max_hp_loss":0,"event_name":"WeMeetAgain","floor":5,"gold_loss":0}],"is_beta":false,"boss_relics":[{"not_picked":["Runic Dome","Abe\u0027s Treasure"],"picked":"SacredBark"}],"items_purged_floors":[10],"is_endless":false,"potions_floor_spawned":[4,7,12,13],"killed_by":"Chosen","ascension_level":0}}