{"host":"w9njud19qyl0lpz1","time":1612887243,"event":{"mods":["BaseMod","Hubris","Infinite Spire","Minty Spire (QoL Compilation)","StSLib"],"gold_per_floor":[10,10,10,24,44,44,57,95,119,44,68,109,109,127,127,246,246,261,279,300,315,240,240,240],"floor_reached":23,"language":"ENG","playtime":3261,"items_purged":["Strike_R"],"score":230,"play_id":"d0eca216-14dd-4fdf-bd4f-000e1d0b90d7","local_time":"20210209111403","is_ascension_mode":false,"campfire_choices":[{"data":"Shrug It Off","floor":6,"key":"SMITH"},{"data":"Body Slam","floor":13,"key":"SMITH"},{"data":"Bash","floor":15,"key":"SMITH"}],"circlet_count":0,"master_deck":["Strike_R","Strike_R","Strike_R","Defend_R","Defend_R","Bash+1","Inflame+1","Shrug It Off+1","Shockwave","Flex","Body Slam+1","Feed","Carnage","Limit Break","Headbutt","Shrug It Off"],"relics":["Burning Blood","Golden Idol","Oddly Smooth Stone","Lantern","Bottled Flame","hubris:HollowSoul"],"acts_visited":["Exordium","TheCity"],"potions_floor_usage":[12,18,18,19,20,21],"damage_taken":[{"damage":6,"enemies":"Cultist","floor":1,"turns":3},{"damage":1,"enemies":"2 Louse","floor":4,"turns":4},{"damage":11,"enemies":"Jaw Worm","floor":5,"turns":3},{"damage":0,"enemies":"3 Louse","floor":7,"turns":4},{"damage":2,"enemies":"Lagavulin","floor":8,"turns":7},{"damage":2,"enemies":"Exordium Wildlife","floor":11,"turns":5},{"damage":21,"enemies":"3 Sentries","floor":12,"turns":6},{"damage":10,"enemies":"Looter","floor":14,"turns":2},{"damage":29,"enemies":"The Guardian","floor":16,"turns":15},{"damage":6,"enemies":"2 Thieves","floor":18,"turns":3},{"damage":0,"enemies":"Spheric Guardian","floor":19,"turns":3},{"damage":37,"enemies":"Cultist and Chosen","floor":20,"turns":7},{"damage":36,"enemies":"Centurion and Healer","floor":21,"turns":7},{"damage":28,"enemies":"Gremlin Leader","floor":23,"turns":4}],"seed_played":"3776331217179371968","potions_obtained":[{"floor":5,"key":"FearPotion"},{"floor":7,"key":"BloodPotion"},{"floor":8,"key":"AttackPotion"},{"floor":12,"key":"DistilledChaos"},{"floor":18,"key":"DistilledChaos"},{"floor":19,"key":"SteroidPotion"}],"is_trial":false,"path_per_floor":["M","?","?","M","M","R","M","E","T","$","M","E","R","M","R","B",null,"M","M","M","M","?","E"],"character_chosen":"IRONCLAD","items_purchased":[],"campfire_rested":0,"item_purchase_floors":[],"current_hp_per_floor":[80,60,60,65,60,60,66,70,70,70,74,62,62,61,61,38,86,89,92,64,53,53,0,0],"gold":240,"neow_bonus":"TRANSFORM_TWO_CARDS","is_daily":false,"chose_seed":false,"campfire_upgraded":3,"win_rate":0.0,"timestamp":1612887243,"path_taken":["M","?","?","M","M","R","M","E","T","$","?","E","R","?","R","BOSS","M","M","?","M","?","E"],"items_purchased_type":[],"build_version":"2020-12-22","purchased_purges":1,"victory":false,"max_hp_per_floor":[80,80,80,80,80,80,80,80,80,80,80,83,83,86,86,86,86,89,92,95,95,95,95,95],"card_choices":[{"not_picked":["Cleave","Anger"],"picked":"Shockwave","floor":1},{"not_picked":["Body Slam","Pommel Strike","Inflame"],"picked":"SKIP","floor":4},{"not_picked":["Body Slam","Pommel Strike","Inflame"],"picked":"SKIP","floor":4},{"not_picked":["Hemokinesis","Evolve"],"picked":"Flex","floor":5},{"not_picked":["Cleave","Disarm"],"picked":"Body Slam","floor":7},{"not_picked":["hubris:CleavingFinish","Disarm","Combust"],"picked":"SKIP","floor":8},{"not_picked":["Wild Strike","Twin Strike"],"picked":"Feed","floor":11},{"not_picked":["Flex","Headbutt"],"picked":"Carnage","floor":12},{"not_picked":["Pommel Strike","Perfected Strike","Thunderclap"],"picked":"SKIP","floor":14},{"not_picked":["Feed","Corruption"],"picked":"Limit Break","floor":16},{"not_picked":["Sword Boomerang","Clothesline"],"picked":"Headbutt","floor":18},{"not_picked":["Iron Wave","Thunderclap","Body Slam"],"picked":"SKIP","floor":19},{"not_picked":["Pommel Strike","Anger","Clothesline"],"picked":"SKIP","floor":20},{"not_picked":["Cleave","Thunderclap"],"picked":"Shrug It Off","floor":21}],"player_experience":2452965,"relics_obtained":[{"floor":8,"key":"Oddly Smooth Stone"},{"floor":9,"key":"Lantern"},{"floor":12,"key":"Bottled Flame"}],"event_choices":[{"damage_healed":0,"gold_gain":0,"player_choice":"Take Damage","damage_taken":20,"relics_obtained":["Golden Idol"],"max_hp_gain":0,"max_hp_loss":0,"event_name":"Golden Idol","floor":2,"gold_loss":0},{"damage_healed":0,"gold_gain":0,"player_choice":"Upgraded","damage_taken":0,"max_hp_gain":0,"max_hp_loss":0,"event_name":"Upgrade Shrine","floor":3,"gold_loss":0,"cards_upgraded":["Inflame"]},{"cards_removed":["Defend_R"],"damage_healed":0,"gold_gain":0,"player_choice":"Gave Gold","damage_taken":0,"max_hp_gain":0,"max_hp_loss":0,"event_name":"Beggar","floor":22,"gold_loss":75}],"is_beta":false,"boss_relics":[{"not_picked":["SacredBark","Runic Cube"],"picked":"hubris:HollowSoul"}],"items_purged_floors":[10],"is_endless":false,"potions_floor_spawned":[5,7,8,12,14,18,19],"killed_by":"Gremlin Leader","ascension_level":0}}