{"host":"mcmflfjoldkjkv7m","time":1612858521,"event":{"mods":["AchievementEnabler","BaseMod","DeckTracker","Minty Spire (QoL Compilation)","SuperFastMode"],"gold_per_floor":[118,118,43,43,60,85,85,85,85,95,126,126,143,156,156,156,156],"floor_reached":16,"language":"KOR","playtime":336,"items_purged":["Defend_P"],"score":216,"play_id":"26a13791-9550-41df-b2f8-8c88c26d120f","local_time":"20210209171521","is_ascension_mode":true,"campfire_choices":[{"data":"Eruption","floor":8.0,"key":"SMITH"},{"data":"Vigilance","floor":15.0,"key":"SMITH"}],"circlet_count":0,"master_deck":["AscendersBane","Strike_P","Strike_P","Defend_P","Defend_P","Eruption+1","Vigilance+1"],"relics":["PureWater","NeowsBlessing","Du-Vu Doll","Ornamental Fan","HornCleat","White Beast Statue"],"acts_visited":["Exordium"],"potions_floor_usage":[16],"damage_taken":[{"damage":0.0,"enemies":"Jaw Worm","floor":1.0,"turns":1.0},{"damage":0.0,"enemies":"Cultist","floor":5.0,"turns":1.0},{"damage":0.0,"enemies":"Gremlin Nob","floor":6.0,"turns":2.0},{"damage":0.0,"enemies":"Small Slimes","floor":10.0,"turns":3.0},{"damage":23.0,"enemies":"3 Sentries","floor":11.0,"turns":6.0},{"damage":8.0,"enemies":"Exordium Wildlife","floor":13.0,"turns":6.0},{"damage":3.0,"enemies":"Exordium Thugs","floor":14.0,"turns":4.0},{"damage":40,"enemies":"Slime Boss","floor":16,"turns":7}],"seed_played":"8449592437802086544","potions_obtained":[{"floor":5.0,"key":"DistilledChaos"},{"floor":11.0,"key":"SpeedPotion"},{"floor":13.0,"key":"DuplicationPotion"}],"is_trial":false,"path_per_floor":["M","?","$","?","M","E","T","R","T","M","E","?","M","M","R","B"],"character_chosen":"WATCHER","items_purchased":[],"campfire_rested":0,"item_purchase_floors":[],"current_hp_per_floor":[65,65,65,58,58,58,58,58,58,58,35,35,27,24,24,0,0],"gold":156,"neow_bonus":"THREE_ENEMY_KILL","is_daily":false,"chose_seed":false,"campfire_upgraded":2,"win_rate":0.0,"timestamp":1612858521,"path_taken":["M","?","?","?","?","E","?","R","T","M","E","?","M","M","R","BOSS"],"items_purchased_type":[],"build_version":"2020-12-22","purchased_purges":1,"victory":false,"max_hp_per_floor":[72,72,72,72,72,72,72,72,72,72,72,72,72,72,72,72,72],"card_choices":[{"not_picked":["Consecrate","BowlingBash","FollowUp"],"picked":"SKIP","floor":1.0},{"not_picked":["Halt","Wallop","Study"],"picked":"SKIP","floor":5.0},{"not_picked":["Brilliance","Study","ForeignInfluence"],"picked":"SKIP","floor":6.0},{"not_picked":["SashWhip","CutThroughFate","ThirdEye"],"picked":"SKIP","floor":10.0},{"not_picked":["WindmillStrike","Conclude","Halt"],"picked":"SKIP","floor":11.0},{"not_picked":["Nirvana","Crescendo","Halt"],"picked":"SKIP","floor":13.0},{"not_picked":["CutThroughFate","JustLucky","FollowUp"],"picked":"SKIP","floor":14.0}],"player_experience":365164,"relics_obtained":[{"floor":6.0,"key":"Du-Vu Doll"},{"floor":7.0,"key":"Ornamental Fan"},{"floor":9.0,"key":"HornCleat"},{"floor":11.0,"key":"White Beast Statue"}],"event_choices":[{"cards_removed":["Strike_P"],"damage_healed":0.0,"max_hp_gain":0.0,"max_hp_loss":0.0,"gold_gain":0.0,"event_name":"Bonfire Elementals","player_choice":"Offered Basic","floor":2.0,"gold_loss":0.0,"damage_taken":0.0},{"cards_removed":["Strike_P"],"damage_healed":0.0,"max_hp_gain":0.0,"max_hp_loss":0.0,"gold_gain":0.0,"event_name":"Golden Wing","player_choice":"Card Removal","floor":4.0,"gold_loss":0.0,"damage_taken":7.0},{"cards_removed":["Defend_P"],"damage_healed":0.0,"max_hp_gain":0.0,"max_hp_loss":0.0,"gold_gain":0.0,"event_name":"Living Wall","player_choice":"Forget","floor":12.0,"gold_loss":0.0,"damage_taken":0.0}],"is_beta":false,"boss_relics":[],"items_purged_floors":[3],"is_endless":false,"potions_floor_spawned":[5,11,13,14],"killed_by":"Slime Boss","ascension_level":12}}