{"host":"qc1sjgtdjonvdsd8","time":1612871534,"event":{"mods":["BaseMod","Colored Map","Colored Powertips","Curses Come First","Downfall","Minty Spire (QoL Compilation)","StSLib"],"gold_per_floor":[99,111,125,137,193,228,228,328,56,56,70,138,199,399,410,515,515,515,534,553,577,204,236,263,283,143,193,218,563,613,627,642,745,745,645,657,672,483,502,512,563,576,590,664,464,489,489,189,209,209,209,209,209,209],"floor_reached":52,"language":"ENG","playtime":7521,"items_purged":["downfall:Haunted","downfall:Icky","downfall:Aged","Parasite"],"score":802,"play_id":"0cb6fe25-c923-4898-ae39-feea6aafcb68","local_time":"20210209035214","is_ascension_mode":false,"campfire_choices":[{"data":"hexamod:Float","floor":1,"key":"SMITH"},{"data":"hexamod:GhostOfSpirePast","floor":10,"key":"SMITH"},{"data":"hexamod:Rewind","floor":18,"key":"SMITH"},{"floor":35,"key":"RECALL"},{"floor":45,"key":"REST"},{"floor":47,"key":"REST"}],"circlet_count":0,"master_deck":["hexamod:Strike+1","hexamod:Strike","hexamod:Strike","hexamod:Strike","hexamod:Defend","hexamod:Defend","hexamod:Defend","hexamod:Defend","hexamod:Sear+1","hexamod:Float+1","hexamod:Haunt","hexamod:SpectersWail","hexamod:FastForward","hexamod:PhantomCloak","hexamod:GhostShield+1","hexamod:GhostLash","hexamod:NightmareGuise","hexamod:VolcanoVisage","hexamod:Hexaguard","hexamod:GhostOfSpirePast+1","hexamod:InspiringFlames+1","hexamod:Rewind+1","hexamod:NecessarySacrifice","hexamod:StepThrough+1","hexamod:WildfireWeapon","hexamod:UnleashSpirits","hexamod:NightmareStrike","hexamod:SkipABeat","hexamod:NecessarySacrifice+1","hexamod:EmpoweredFlame","hexamod:CatchUp","hexamod:ForkedFlame","hexamod:RecurringNightmare","hexamod:StepThrough","hexamod:UnlimitedPower","hexamod:SkipABeat+1","hexamod:FastForward+1","expansioncontent:QuickStudy","hexamod:RecurringNightmare+1","hexamod:PowerFromBeyond+1","Injury","hexamod:SpectralAdrenaline+1"],"relics":["Cursed Key","CaptainsWheel","Anchor","Incense Burner","downfall:CloakOfManyFaces","CultistMask","FaceOfCleric","NlothsMask","GremlinMask","SsserpentHead","hexamod:MatchstickCase","Sozu","hexamod:TheBrokenSeal","Mummified Hand","Blood Vial","Nunchaku","Enchiridion","Fusion Hammer","downfall:HeartBlessingGreen","CeramicFish","downfall:HeartBlessingBlue","downfall:HeartBlessingRed","Lantern"],"acts_visited":["Exordium","TheCity","TheBeyond","TheEnding"],"potions_floor_usage":[5,16],"damage_taken":[{"damage":0,"enemies":"Cultist","floor":2,"turns":3},{"damage":0,"enemies":"2 Louse","floor":3,"turns":2},{"damage":0,"enemies":"Small Slimes","floor":4,"turns":3},{"damage":8,"enemies":"3 Sentries","floor":5,"turns":8},{"damage":16,"enemies":"Gremlin Nob","floor":6,"turns":4},{"damage":12,"enemies":"downfall:FaceTrader","floor":8,"turns":10},{"damage":0,"enemies":"downfall:FleeingMerchant","floor":9,"turns":4},{"damage":0,"enemies":"2 Fungi Beasts","floor":11,"turns":3},{"damage":0,"enemies":"Exordium Thugs","floor":12,"turns":6},{"damage":0,"enemies":"Large Slime","floor":13,"turns":5},{"damage":0,"enemies":"Exordium Wildlife","floor":15,"turns":4},{"damage":8,"enemies":"IC_STATUS_ARCHETYPE","floor":16,"turns":6},{"damage":14,"enemies":"3 Byrds","floor":19,"turns":6},{"damage":8,"enemies":"Chosen","floor":20,"turns":7},{"damage":37,"enemies":"Snecko","floor":21,"turns":6},{"damage":0,"enemies":"downfall:FleeingMerchant","floor":22,"turns":4},{"damage":2,"enemies":"Slavers","floor":23,"turns":7},{"damage":0,"enemies":"3 Cultists","floor":25,"turns":4},{"damage":0,"enemies":"downfall:FleeingMerchant","floor":26,"turns":4},{"damage":0,"enemies":"Gremlin Leader","floor":28,"turns":6},{"damage":0,"enemies":"downfall:FleeingMerchant","floor":29,"turns":3},{"damage":12,"enemies":"Sentry and Sphere","floor":31,"turns":4},{"damage":0,"enemies":"Centurion and Healer","floor":32,"turns":3},{"damage":20,"enemies":"DF_ARCHETYPE_CLAW","floor":33,"turns":7},{"damage":0,"enemies":"3 Shapes","floor":36,"turns":2},{"damage":9,"enemies":"3 Darklings","floor":37,"turns":3},{"damage":0,"enemies":"Maw","floor":39,"turns":5},{"damage":13,"enemies":"Spire Growth","floor":40,"turns":5},{"damage":4,"enemies":"Writhing Mass","floor":42,"turns":3},{"damage":25,"enemies":"Maw","floor":43,"turns":4},{"damage":9,"enemies":"Sphere and 2 Shapes","floor":46,"turns":5},{"damage":17,"enemies":"Jaw Worm Horde","floor":49,"turns":3},{"damage":19,"enemies":"SI_POISON_ARCHETYPE","floor":50,"turns":9},{"damage":132,"enemies":"downfall:CharBossMerchant","floor":52,"turns":8}],"seed_played":"1605336770155919424","potions_obtained":[{"floor":3,"key":"SkillPotion"},{"floor":4,"key":"BlessingOfTheForge"},{"floor":11,"key":"Strength Potion"},{"floor":13,"key":"hexamod:DoubleChargePotion"}],"is_trial":false,"path_per_floor":["R","M","M","M","?","E","T","?","$","R","M","M","M","?","M","B",null,"R","M","M","M","$","E","T","M","$","?","E","$","?","M","M","B",null,"R","M","M","$","M","M","T","M","M","?","R","M","R","$","M","B",null,"E"],"character_chosen":"THE_SPIRIT","items_purchased":["hexamod:MatchstickCase","hexamod:GhostOfSpirePast","Mummified Hand","expansioncontent:QuickStudy","Lantern"],"campfire_rested":2,"item_purchase_floors":[9,9,22,38,48],"current_hp_per_floor":[70,70,70,70,62,46,46,34,35,35,36,37,38,38,39,39,76,76,70,70,89,90,89,89,92,93,93,94,95,79,70,73,56,98,98,99,91,91,94,84,84,83,61,61,105,99,115,112,96,80,114,0,0,0],"gold":209,"neow_bonus":"BOSS_RELIC","is_daily":false,"chose_seed":false,"campfire_upgraded":3,"win_rate":0.0,"timestamp":1612871534,"path_taken":["R","M","M","M","?","E","T","?","$","R","M","?","?","?","M","BOSS","R","M","M","M","$","E","T","M","$","?","E","$","?","M","M","BOSS","R","M","M","$","M","M","T","M","M","?","R","M","R","$","M","BOSS","E"],"items_purchased_type":["Relic","Card","Relic","Card","Relic"],"build_version":"2020-12-22","purchased_purges":4,"victory":false,"max_hp_per_floor":[70,70,70,70,70,70,70,70,71,71,72,73,74,74,75,76,76,76,77,78,89,90,91,91,92,93,93,94,95,95,96,97,98,98,98,99,100,100,101,102,102,103,104,104,114,115,115,112,113,114,114,114,114,114],"card_choices":[{"not_picked":["hexamod:BacktrackSmack","hexamod:HauntingEcho"],"picked":"hexamod:Haunt","floor":2},{"not_picked":["hexamod:ShieldOfDarkness","hexamod:FastForward"],"picked":"hexamod:SpectersWail","floor":3},{"not_picked":["hexamod:BurningTouch","hexamod:PowerFromBeyond"],"picked":"hexamod:ThirdSeal","floor":4},{"not_picked":["hexamod:FlamesFromBeyond","hexamod:SpectersWail"],"picked":"hexamod:FastForward","floor":5},{"not_picked":["hexamod:SwordOfDarkness","hexamod:ThermalTransfer"],"picked":"hexamod:PhantomCloak","floor":6},{"not_picked":["hexamod:ShieldOfDarkness","hexamod:GhostOfSpireFuture"],"picked":"hexamod:GhostShield","floor":6},{"not_picked":["hexamod:TurnItUp","hexamod:GhostflameBarrier"],"picked":"hexamod:GhostLash","floor":8},{"not_picked":["hexamod:GhostLash","hexamod:Firestarter"],"picked":"hexamod:NightmareGuise","floor":8},{"not_picked":["hexamod:CatchUp","hexamod:RetreatToShadows"],"picked":"hexamod:VolcanoVisage","floor":9},{"not_picked":["hexamod:FastForward","hexamod:BurningTouch"],"picked":"hexamod:Hexaguard","floor":9},{"not_picked":["hexamod:GhostLash","hexamod:Hexaguard"],"picked":"hexamod:InspiringFlames","floor":11},{"not_picked":["hexamod:BacktrackSmack","hexamod:Haunt"],"picked":"hexamod:FifthSeal","floor":11},{"not_picked":["hexamod:FlamesFromBeyond","hexamod:NightmareStrike"],"picked":"hexamod:Rewind","floor":12},{"not_picked":["hexamod:FirstSeal","hexamod:SecondSeal"],"picked":"hexamod:SixthSeal","floor":12},{"not_picked":["hexamod:InspiringFlames","hexamod:BurningTouch"],"picked":"hexamod:NecessarySacrifice","floor":12},{"not_picked":["hexamod:SixthSeal","hexamod:ThirdSeal"],"picked":"hexamod:SecondSeal","floor":13},{"not_picked":["hexamod:Incineration","hexamod:BacktrackSmack","hexamod:ThermalTransfer"],"picked":"SKIP","floor":13},{"not_picked":["hexamod:PhantomFireball","hexamod:RadiantFlame","hexamod:ThermalTransfer"],"picked":"SKIP","floor":13},{"not_picked":["hexamod:TurnItUp","hexamod:AdvancingGuard"],"picked":"hexamod:StepThrough","floor":15},{"not_picked":["hexamod:ThirdSeal","hexamod:SecondSeal"],"picked":"hexamod:FirstSeal","floor":15},{"not_picked":["hexamod:SpectralAdrenaline","hexamod:GhostLash","hexamod:Firestarter"],"picked":"SKIP","floor":15},{"not_picked":["hexamod:SixthSeal","hexamod:TurnItUp"],"picked":"hexamod:WildfireWeapon","floor":16},{"not_picked":["hexamod:FifthSeal","hexamod:WildfireWeapon"],"picked":"hexamod:UnleashSpirits","floor":16},{"not_picked":["hexamod:SixthSeal","hexamod:ThirdSeal"],"picked":"hexamod:FourthSeal","floor":19},{"not_picked":["hexamod:HeatMetal","hexamod:CatchUp"],"picked":"hexamod:NightmareStrike","floor":19},{"not_picked":["hexamod:ThermalTransfer","hexamod:BacktrackSmack"],"picked":"hexamod:SkipABeat","floor":19},{"not_picked":["hexamod:AdvancingGuard","hexamod:HeatCrush","hexamod:GhostShield"],"picked":"SKIP","floor":20},{"not_picked":["hexamod:NecessarySacrifice","hexamod:RadiantFlame","hexamod:ExtraCrispy+1"],"picked":"SKIP","floor":20},{"not_picked":["hexamod:HeatMetal","hexamod:GhostShield+1"],"picked":"hexamod:NecessarySacrifice+1","floor":21},{"not_picked":["hexamod:GhostShield","hexamod:FastForward","hexamod:GhostLash"],"picked":"SKIP","floor":22},{"not_picked":["hexamod:Incineration","hexamod:PhantomFireball"],"picked":"hexamod:EmpoweredFlame","floor":23},{"not_picked":["hexamod:SpectralAdrenaline","hexamod:ThirdSeal"],"picked":"hexamod:CatchUp","floor":25},{"not_picked":["hexamod:SecondSeal","hexamod:SpectersWail"],"picked":"hexamod:ForkedFlame","floor":26},{"not_picked":["hexamod:PhantomFireball","hexamod:Hexaguard"],"picked":"hexamod:StepThrough","floor":28},{"not_picked":["hexamod:AdvancingGuard","hexamod:HeatMetal","hexamod:GhostOfSpirePast"],"picked":"SKIP","floor":29},{"not_picked":["hexamod:SwordOfDarkness","hexamod:RadiantFlame+1","hexamod:SkipABeat"],"picked":"SKIP","floor":31},{"not_picked":["hexamod:FourthSeal","hexamod:GhostflameBarrier","hexamod:InspiringFlames"],"picked":"SKIP","floor":32},{"not_picked":["hexamod:GiftsFromTheDead","hexamod:SearingWound"],"picked":"hexamod:UnlimitedPower","floor":33},{"not_picked":["hexamod:FlamesFromBeyond","hexamod:InspiringFlames"],"picked":"hexamod:SkipABeat+1","floor":36},{"not_picked":["hexamod:Hexaguard+1","hexamod:Firestarter"],"picked":"hexamod:FastForward+1","floor":37},{"not_picked":["hexamod:PhantomFireball","hexamod:HeatMetal+1"],"picked":"hexamod:RecurringNightmare+1","floor":39},{"not_picked":["hexamod:HeatMetal+1","hexamod:BurningTouch","hexamod:SwordOfDarkness+1"],"picked":"SKIP","floor":40},{"not_picked":["hexamod:HauntingEcho+1","hexamod:HeatMetal","hexamod:SpectralAdrenaline"],"picked":"SKIP","floor":42},{"not_picked":["hexamod:NightmareStrike","hexamod:NightmareGuise"],"picked":"hexamod:PowerFromBeyond+1","floor":43},{"not_picked":["hexamod:BurningTouch+1","hexamod:AdvancingGuard"],"picked":"hexamod:SpectralAdrenaline+1","floor":46},{"not_picked":["hexamod:NightmareStrike","hexamod:SpectersWail+1","hexamod:RadiantFlame+1"],"picked":"SKIP","floor":49}],"player_experience":298667,"relics_obtained":[{"floor":5,"key":"CaptainsWheel"},{"floor":6,"key":"Anchor"},{"floor":7,"key":"Incense Burner"},{"floor":8,"key":"downfall:CloakOfManyFaces"},{"floor":23,"key":"Blood Vial"},{"floor":28,"key":"Nunchaku"},{"floor":30,"key":"Enchiridion"},{"floor":44,"key":"CeramicFish"}],"event_choices":[{"damage_healed":0,"gold_gain":0,"player_choice":"Read","damage_taken":0,"max_hp_gain":0,"max_hp_loss":0,"event_name":"The Library","floor":27,"gold_loss":0,"cards_obtained":["hexamod:RecurringNightmare"]}],"is_beta":false,"boss_relics":[{"not_picked":["Runic Dome","Velvet Choker"],"picked":"Sozu"},{"not_picked":["Astrolabe","Black Star"],"picked":"Fusion Hammer"}],"items_purged_floors":[9,22,26,48],"is_endless":false,"potions_floor_spawned":[3,4,11,13,15,20,25,31,33,37,39,40],"killed_by":"downfall:CharBossMerchant","ascension_level":0}}