{"host":"c4wbe3youf5363qr","time":1612839982,"event":{"mods":["BaseMod","Colored Powertips","Minty Spire (QoL Compilation)","Morshu Shopkeeper","Rare Cards Sparkle","Relic Stats","Reliquary","StSLib"],"gold_per_floor":[113,126,145,95,95,134,155,155,155,155,155,155,119,140,140,259,259,273,188,202,222,222,263,263,188,211,293,293,293],"floor_reached":28,"language":"ENG","playtime":1222,"items_purged":[],"score":236,"play_id":"db44abbb-069d-4fd7-9d89-d51e37b566bf","local_time":"20210208190622","is_ascension_mode":false,"campfire_choices":[{"floor":8.0,"key":"REST"},{"floor":15.0,"key":"REST"},{"floor":24,"key":"RECALL"}],"circlet_count":0,"master_deck":["Strike_B","Strike_B","Strike_B","Defend_B","Defend_B","Defend_B","Defend_B","Zap","Dualcast","Coolheaded","Reinforced Body","Rip and Tear","Sweeping Beam","Cold Snap","Defragment","Consume","Meteor Strike","Sweeping Beam","Genetic Algorithm","Genetic Algorithm"],"relics":["Fusion Hammer","Golden Idol","reliquary:TatteredRug","Juzu Bracelet","Darkstone Periapt","Kunai","Coffee Dripper","reliquary:PrincelyHelmet","WarpedTongs","Cables","reliquary:Boomerang","reliquary:Firecrackers"],"acts_visited":["Exordium","TheCity"],"potions_floor_usage":[],"damage_taken":[{"damage":1.0,"enemies":"Cultist","floor":1.0,"turns":3.0},{"damage":0.0,"enemies":"Small Slimes","floor":2.0,"turns":2.0},{"damage":0.0,"enemies":"2 Louse","floor":3.0,"turns":4.0},{"damage":19.0,"enemies":"3 Sentries","floor":6.0,"turns":12.0},{"damage":3.0,"enemies":"Looter","floor":7.0,"turns":3.0},{"damage":5.0,"enemies":"Exordium Wildlife","floor":14.0,"turns":4.0},{"damage":8.0,"enemies":"The Guardian","floor":16.0,"turns":25.0},{"damage":5,"enemies":"Chosen","floor":18,"turns":4},{"damage":0,"enemies":"Spheric Guardian","floor":20,"turns":3},{"damage":21,"enemies":"Snake Plant","floor":21,"turns":5},{"damage":49,"enemies":"Slavers","floor":23,"turns":7},{"damage":19,"enemies":"Masked Bandits","floor":28,"turns":3}],"seed_played":"2768699254901934358","potions_obtained":[{"floor":1.0,"key":"Explosive Potion"},{"floor":2.0,"key":"SteroidPotion"},{"floor":6.0,"key":"SpeedPotion"},{"floor":16.0,"key":"ColorlessPotion"}],"is_trial":false,"path_per_floor":["M","M","M","?","?","E","M","R","T","?","T","?","$","M","R","B",null,"M","?","M","M","?","E","R","?","T","T","?"],"character_chosen":"DEFECT","items_purchased":["Defragment"],"campfire_rested":2,"item_purchase_floors":[13],"current_hp_per_floor":[74,74,74,74,56,37,34,56,56,56,56,49,49,44,66,58,75,70,70,70,49,55,6,6,6,6,6,0,0],"gold":293,"neow_bonus":"BOSS_RELIC","is_daily":false,"chose_seed":false,"campfire_upgraded":0,"win_rate":0.0,"timestamp":1612839982,"path_taken":["M","M","M","?","?","E","M","R","T","?","?","?","?","M","R","BOSS","M","?","M","M","?","E","R","?","T","?","?"],"items_purchased_type":["Card"],"build_version":"2020-12-22","purchased_purges":0,"victory":false,"max_hp_per_floor":[75,75,75,75,75,75,75,75,75,75,75,75,75,75,75,75,75,75,75,75,75,81,81,81,81,81,81,81,81],"relic_stats":{"Darkstone Periapt":6,"counters":[12,75],"Golden Idol":66,"Juzu Bracelet":2,"Kunai":[8],"obtain_stats":[{"Darkstone Periapt":11,"reliquary:Boomerang":26,"Golden Idol":5,"reliquary:PrincelyHelmet":19,"reliquary:Firecrackers":27,"reliquary:TatteredRug":6,"Juzu Bracelet":9,"WarpedTongs":22,"Cables":23,"Fusion Hammer":0,"Coffee Dripper":17,"Kunai":12,"Cracked Core":0},{"Darkstone Periapt":5,"reliquary:Boomerang":11,"Golden Idol":3,"reliquary:PrincelyHelmet":8,"reliquary:Firecrackers":11,"reliquary:TatteredRug":4,"Juzu Bracelet":5,"WarpedTongs":10,"Cables":11,"Fusion Hammer":0,"Coffee Dripper":7,"Kunai":5,"Cracked Core":0},{"Darkstone Periapt":24,"reliquary:Boomerang":72,"Golden Idol":9,"reliquary:PrincelyHelmet":57,"reliquary:Firecrackers":72,"reliquary:TatteredRug":21,"Juzu Bracelet":24,"WarpedTongs":65,"Cables":72,"Fusion Hammer":0,"Coffee Dripper":53,"Kunai":24,"Cracked Core":0}],"WarpedTongs":[10],"Cables":[2,0,2,0,0]},"card_choices":[{"not_picked":["Darkness","Steam Power"],"picked":"Coolheaded","floor":1.0},{"not_picked":["Reprogram","Auto Shields"],"picked":"Reinforced Body","floor":2.0},{"not_picked":["Leap","Turbo"],"picked":"Rip and Tear","floor":3.0},{"not_picked":["Go for the Eyes","Rebound"],"picked":"Sweeping Beam","floor":6.0},{"not_picked":["Hologram","Turbo"],"picked":"Cold Snap","floor":7.0},{"not_picked":["Chaos","Redo"],"picked":"Consume","floor":14.0},{"not_picked":["Buffer","Seek"],"picked":"Meteor Strike","floor":16.0},{"not_picked":["Steam Power","Aggregate","Sweeping Beam"],"picked":"SKIP","floor":18},{"not_picked":["Steam Power","Aggregate"],"picked":"Sweeping Beam","floor":18},{"not_picked":["Ball Lightning+1","Static Discharge"],"picked":"Genetic Algorithm","floor":20},{"not_picked":["Melter","Reprogram","Conserve Battery"],"picked":"SKIP","floor":21},{"not_picked":["Consume","Redo"],"picked":"Genetic Algorithm","floor":23}],"player_experience":308379,"relics_obtained":[{"floor":6.0,"key":"reliquary:TatteredRug"},{"floor":9.0,"key":"Juzu Bracelet"},{"floor":11.0,"key":"Darkstone Periapt"},{"floor":23,"key":"Cables"},{"floor":26,"key":"reliquary:Boomerang"},{"floor":27,"key":"reliquary:Firecrackers"}],"event_choices":[{"cards_removed":["Strike_B"],"damage_healed":0.0,"max_hp_gain":0.0,"max_hp_loss":0.0,"gold_gain":0.0,"event_name":"The Cleric","player_choice":"Card Removal","floor":4.0,"gold_loss":50.0,"damage_taken":0.0},{"damage_healed":0.0,"max_hp_gain":0.0,"max_hp_loss":0.0,"gold_gain":0.0,"event_name":"Golden Idol","player_choice":"Take Damage","floor":5.0,"gold_loss":0.0,"damage_taken":18.0,"relics_obtained":["Golden Idol"]},{"damage_healed":0.0,"max_hp_gain":0.0,"max_hp_loss":0.0,"gold_gain":0.0,"event_name":"Golden Wing","player_choice":"Ignored","floor":10.0,"gold_loss":0.0,"damage_taken":0.0},{"damage_healed":0.0,"max_hp_gain":0.0,"max_hp_loss":0.0,"gold_gain":0.0,"event_name":"Scrap Ooze","player_choice":"Success","floor":12.0,"gold_loss":0.0,"damage_taken":7.0,"relics_obtained":["Kunai"]},{"damage_healed":0,"gold_gain":0,"player_choice":"Obtained Relic","damage_taken":0,"relics_obtained":["reliquary:PrincelyHelmet"],"max_hp_gain":0,"max_hp_loss":0,"event_name":"Addict","floor":19,"gold_loss":85},{"damage_healed":0,"gold_gain":0,"player_choice":"Rummage","damage_taken":0,"relics_obtained":["WarpedTongs"],"max_hp_gain":0,"max_hp_loss":0,"event_name":"Accursed Blacksmith","floor":22,"gold_loss":0,"cards_obtained":["Pain"]},{"cards_removed":["Pain"],"damage_healed":0,"gold_gain":0,"player_choice":"Gave Gold","damage_taken":0,"max_hp_gain":0,"max_hp_loss":0,"event_name":"Beggar","floor":25,"gold_loss":75},{"damage_healed":0,"gold_gain":0,"player_choice":"Fought Bandits","damage_taken":0,"max_hp_gain":0,"max_hp_loss":0,"event_name":"Masked Bandits","floor":28,"gold_loss":0}],"is_beta":false,"boss_relics":[{"not_picked":["Tiny House","Snecko Eye"],"picked":"Coffee Dripper"}],"items_purged_floors":[],"is_endless":false,"potions_floor_spawned":[1,2,6,16,20],"killed_by":"Masked Bandits","ascension_level":0}}