{"host":"sc0o2qwpf9j16a4i","time":1612863116,"event":{"mods":["AchievementEnabler","BaseMod","BetterRewards","Block Reminder","Colored Map","Colored Powertips","Custom Start","Highlight Path","Minty Spire (QoL Compilation)","Relic Stats"],"gold_per_floor":[141,174,231,264,264,345,345,402,447,486,486,486,34,70,70,376,376,421,466,466,520,556,556,607,607,607,659,61,157,157,214,214,508,508,568,598,598,598,631,631,670,763,763,811,811,811,55,94,94,94],"floor_reached":51,"language":"ENG","playtime":2189,"items_purged":[],"score":953,"play_id":"595feee6-604f-4f0e-8a2a-1023e6eb410f","local_time":"20210209113156","daily_mods":["Insanity","Uncertain Future","Midas"],"is_ascension_mode":false,"campfire_choices":[{"floor":7,"key":"REST"},{"floor":11,"key":"REST"},{"floor":15,"key":"REST"},{"floor":23,"key":"REST"},{"floor":25,"key":"REST"},{"data":"1","floor":32,"key":"LIFT"},{"floor":40,"key":"REST"},{"floor":46,"key":"REST"},{"floor":49,"key":"REST"}],"circlet_count":0,"master_deck":["Redo","Gash","Consume","Sweeping Beam","Steam Power","Leap","Gash","Aggregate","Cold Snap","Double Energy","Chaos","Rip and Tear","Conserve Battery","Static Discharge","Doom and Gloom","Scrape","Blizzard","Cold Snap","Steam","Fusion","Beam Cell+1","Steam","Streamline","Sweeping Beam","Coolheaded","Barrage","Rip and Tear","Sweeping Beam","Ball Lightning","Turbo","Sweeping Beam","Sweeping Beam","Redo","Cold Snap","Cold Snap","Cold Snap","Rip and Tear","BootSequence","Gash","Chill","Streamline","Rebound","Rebound+1","Stack","Redo","Blizzard","Self Repair","Turbo","Go for the Eyes","Turbo","Gash","Turbo","Conserve Battery","Regret","Rip and Tear","Stack","Aggregate","Creative AI","Rebound","Coolheaded","Steam+1","Self Repair","Conserve Battery","Blizzard","Defragment","Coolheaded","Chaos","Shame","Capacitor","Fission","Glacier+1","Stack+1","Steam","Go for the Eyes+1","Defragment","All For One","All For One","Doom and Gloom","Fusion","Redo","Beam Cell+1"],"relics":["Cracked Core","CaptainsWheel","Pantograph","Tiny Chest","Torii","Fusion Hammer","Smiling Mask","Whetstone","Girya","Dream Catcher","Blood Vial","Dead Branch","Busted Crown","Regal Pillow","Sundial","Ornamental Fan","Cables","DollysMirror","Akabeko"],"acts_visited":["Exordium","TheCity","TheBeyond"],"potions_floor_usage":[6,14,29,33,35,44,46,50,50],"damage_taken":[{"damage":0,"enemies":"Cultist","floor":1,"turns":3},{"damage":0,"enemies":"Small Slimes","floor":2,"turns":3},{"damage":0,"enemies":"2 Louse","floor":3,"turns":2},{"damage":0,"enemies":"2 Fungi Beasts","floor":4,"turns":2},{"damage":12,"enemies":"Gremlin Nob","floor":6,"turns":3},{"damage":0,"enemies":"Gremlin Gang","floor":8,"turns":4},{"damage":0,"enemies":"Lots of Slimes","floor":10,"turns":2},{"damage":0,"enemies":"Looter","floor":14,"turns":2},{"damage":25,"enemies":"Slime Boss","floor":16,"turns":6},{"damage":17,"enemies":"Shell Parasite","floor":18,"turns":5},{"damage":0,"enemies":"Spheric Guardian","floor":19,"turns":3},{"damage":2,"enemies":"Shelled Parasite and Fungi","floor":21,"turns":5},{"damage":2,"enemies":"Snecko","floor":22,"turns":4},{"damage":1,"enemies":"3 Cultists","floor":24,"turns":4},{"damage":9,"enemies":"Gremlin Leader","floor":29,"turns":6},{"damage":0,"enemies":"Centurion and Healer","floor":31,"turns":7},{"damage":28,"enemies":"Collector","floor":33,"turns":13},{"damage":1,"enemies":"3 Darklings","floor":35,"turns":5},{"damage":1,"enemies":"3 Shapes","floor":36,"turns":4},{"damage":41,"enemies":"Maw","floor":39,"turns":10},{"damage":16,"enemies":"4 Shapes","floor":41,"turns":9},{"damage":60,"enemies":"Giant Head","floor":42,"turns":11},{"damage":10,"enemies":"Sphere and 2 Shapes","floor":44,"turns":3},{"damage":18,"enemies":"3 Darklings","floor":48,"turns":5},{"damage":54,"enemies":"Awakened One","floor":50,"turns":15}],"seed_played":"6850662641877840106","potions_obtained":[{"floor":3,"key":"DuplicationPotion"},{"floor":8,"key":"Fruit Juice"},{"floor":10,"key":"Swift Potion"},{"floor":21,"key":"SteroidPotion"},{"floor":31,"key":"AttackPotion"},{"floor":33,"key":"Block Potion"},{"floor":35,"key":"SteroidPotion"},{"floor":42,"key":"Explosive Potion"},{"floor":44,"key":"Dexterity Potion"},{"floor":48,"key":"Block Potion"}],"is_trial":true,"path_per_floor":["M","M","M","M","?","E","R","M","T","M","R","?","$","M","R","B",null,"M","M","?","M","M","R","M","R","T","T","$","E","?","M","R","B",null,"M","M","?","?","M","R","M","E","T","M","T","R","$","M","R","B",null],"character_chosen":"DEFECT","items_purchased":["Torii","Creative AI","Girya","Defragment","Coolheaded","Dream Catcher","Cables","DollysMirror","Akabeko","PotionOfCapacity","Doom and Gloom","Fusion"],"campfire_rested":8,"item_purchase_floors":[13,13,28,28,28,28,47,47,47,47,47,47],"current_hp_per_floor":[75,75,75,75,75,63,75,75,75,75,75,75,75,75,75,57,75,58,58,44,49,47,71,77,80,80,80,80,78,78,80,80,66,80,79,80,80,80,53,77,70,26,26,18,18,63,63,54,85,38],"gold":94,"neow_bonus":"","is_daily":false,"chose_seed":false,"campfire_upgraded":0,"win_rate":0.0,"timestamp":1612863116,"path_taken":["M","M","M","M","?","E","R","M","T","M","R","?","$","?","R","BOSS","M","M","?","M","M","R","M","R","T","?","$","E","?","M","R","BOSS","M","M","?","?","M","R","M","E","T","M","?","R","$","M","R","BOSS"],"items_purchased_type":["Relic","Card","Relic","Card","Card","Relic","Relic","Relic","Relic","Potion","Card","Card"],"build_version":"2020-12-22","purchased_purges":0,"victory":true,"max_hp_per_floor":[75,75,75,75,75,75,75,75,75,75,75,75,75,75,75,75,75,75,75,80,80,80,80,80,80,80,80,80,80,80,80,80,80,80,80,80,80,80,80,80,80,80,80,80,80,85,85,85,85,85],"relic_stats":{"Regal Pillow":21,"Torii":53,"counters":[25,136],"Dead Branch":[23],"Whetstone":["Rebound","Beam Cell"],"Smiling Mask":0,"Cables":[18,8,8,2,0],"Blood Vial":11,"Dream Catcher":3,"Busted Crown":20,"Sundial":[0],"Ornamental Fan":[52],"Pantograph":0,"Tiny Chest":2,"obtain_stats":[{"Girya":28,"Regal Pillow":42,"Torii":13,"Dead Branch":30,"Whetstone":27,"Smiling Mask":26,"Akabeko":47,"Cables":47,"Blood Vial":29,"CaptainsWheel":5,"Dream Catcher":28,"Busted Crown":34,"Sundial":43,"Ornamental Fan":45,"DollysMirror":47,"Pantograph":6,"Tiny Chest":9,"Fusion Hammer":17,"Cracked Core":0},{"Girya":14,"Regal Pillow":22,"Torii":7,"Dead Branch":15,"Whetstone":14,"Smiling Mask":14,"Akabeko":23,"Cables":23,"Blood Vial":15,"CaptainsWheel":4,"Dream Catcher":14,"Busted Crown":17,"Sundial":22,"Ornamental Fan":23,"DollysMirror":23,"Pantograph":5,"Tiny Chest":6,"Fusion Hammer":9,"Cracked Core":0},{"Girya":48,"Regal Pillow":113,"Torii":19,"Dead Branch":54,"Whetstone":48,"Smiling Mask":48,"Akabeko":116,"Cables":116,"Blood Vial":54,"CaptainsWheel":10,"Dream Catcher":48,"Busted Crown":74,"Sundial":113,"Ornamental Fan":116,"DollysMirror":116,"Pantograph":13,"Tiny Chest":17,"Fusion Hammer":27,"Cracked Core":0}]},"card_choices":[{"not_picked":["Reinforced Body","Hologram"],"picked":"Turbo","floor":1},{"not_picked":["Compile Driver","Coolheaded"],"picked":"Gash","floor":2},{"not_picked":["Rebound","Genetic Algorithm"],"picked":"Turbo","floor":3},{"not_picked":["Coolheaded","Blizzard"],"picked":"Conserve Battery","floor":4},{"not_picked":["Sweeping Beam","Rebound"],"picked":"Rip and Tear","floor":6},{"not_picked":["Hologram","Hello World"],"picked":"Stack","floor":8},{"not_picked":["Darkness","Cold Snap"],"picked":"Aggregate","floor":10},{"not_picked":["Cold Snap","Hyperbeam"],"picked":"Rebound","floor":14},{"not_picked":["Reinforced Body","Sunder"],"picked":"Coolheaded","floor":18},{"not_picked":["Hologram","Consume"],"picked":"Steam+1","floor":19},{"not_picked":["Heatsinks","Hologram+1"],"picked":"Self Repair","floor":21},{"not_picked":["Compile Driver","BootSequence"],"picked":"Conserve Battery","floor":22},{"not_picked":["Conserve Battery","Ball Lightning+1"],"picked":"Blizzard","floor":24},{"not_picked":["Genetic Algorithm","Ball Lightning"],"picked":"Chaos","floor":29},{"not_picked":["Reinforced Body+1","Coolheaded+1"],"picked":"Capacitor","floor":31},{"not_picked":["Buffer","Amplify"],"picked":"Fission","floor":33},{"not_picked":[],"picked":"Glacier+1","floor":35},{"not_picked":[],"picked":"Stack+1","floor":36},{"not_picked":[],"picked":"Steam","floor":39},{"not_picked":[],"picked":"Go for the Eyes+1","floor":40},{"not_picked":["Auto Shields"],"picked":"SKIP","floor":41},{"not_picked":["Tempest"],"picked":"SKIP","floor":42},{"not_picked":[],"picked":"Defragment","floor":44},{"not_picked":[],"picked":"All For One","floor":46},{"not_picked":[],"picked":"Redo","floor":48},{"not_picked":[],"picked":"Beam Cell+1","floor":49}],"player_experience":1281231,"relics_obtained":[{"floor":6,"key":"Pantograph"},{"floor":9,"key":"Tiny Chest"},{"floor":26,"key":"Smiling Mask"},{"floor":27,"key":"Whetstone"},{"floor":29,"key":"Blood Vial"},{"floor":42,"key":"Regal Pillow"},{"floor":43,"key":"Sundial"},{"floor":45,"key":"Ornamental Fan"}],"event_choices":[{"damage_healed":0,"gold_gain":0,"player_choice":"Box","damage_taken":0,"relics_obtained":["CaptainsWheel"],"max_hp_gain":0,"max_hp_loss":0,"event_name":"Big Fish","floor":5,"gold_loss":0,"cards_obtained":["Regret"]},{"cards_removed":["Reprogram"],"damage_healed":0,"gold_gain":0,"player_choice":"Offered Uncommon","damage_taken":0,"max_hp_gain":0,"max_hp_loss":0,"event_name":"Bonfire Elementals","floor":12,"gold_loss":0},{"damage_healed":0,"gold_gain":0,"player_choice":"Shed Blood","damage_taken":19,"max_hp_gain":5,"max_hp_loss":0,"event_name":"Forgotten Altar","floor":20,"gold_loss":0},{"damage_healed":0,"gold_gain":0,"player_choice":"Stole Relic","damage_taken":0,"relics_obtained":["Dead Branch"],"max_hp_gain":0,"max_hp_loss":0,"event_name":"Addict","floor":30,"gold_loss":0,"cards_obtained":["Shame"]},{"damage_healed":0,"gold_gain":0,"player_choice":"Ignored","damage_taken":0,"max_hp_gain":0,"max_hp_loss":0,"event_name":"Tomb of Lord Red Mask","floor":37,"gold_loss":0},{"damage_healed":0,"gold_gain":0,"player_choice":"Ignored","damage_taken":0,"max_hp_gain":0,"max_hp_loss":0,"event_name":"NoteForYourself","floor":38,"gold_loss":0}],"is_beta":false,"boss_relics":[{"not_picked":["Coffee Dripper","Empty Cage"],"picked":"Fusion Hammer"},{"not_picked":["SlaversCollar","Black Star"],"picked":"Busted Crown"}],"items_purged_floors":[],"is_endless":false,"potions_floor_spawned":[3,8,10,21,31,33,35,42,44,48],"ascension_level":0}}