{"host":"m1nmswyc22nw7xvw","time":1612880811,"event":{"mods":["Act Like it!","Arknights","BaseMod","Colored Powertips","Minty Spire (QoL Compilation)","StSLib"],"gold_per_floor":[115,133,133,19,194,221,3,15,15,44,44,8,8,19,19,119,119,119,32,32,32],"floor_reached":20,"language":"ZHS","playtime":1241,"items_purged":["Doubt"],"score":203,"play_id":"a6709ccc-8c36-46c9-88ee-0eff1cbd5cee","local_time":"20210209222651","is_ascension_mode":false,"campfire_choices":[{"floor":13.0,"key":"REST"},{"data":"ats:Encircling Forest","floor":15.0,"key":"SMITH"},{"data":"ats:Spore Proliferation","floor":18,"key":"SMITH"}],"circlet_count":0,"master_deck":["ats:Strike C","ats:Strike G+1","ats:Strike S","ats:Strike V+1","ats:Armor Crushing Shot","ats:Defend","ats:Defend","ats:Defend","ats:Defend","ats:Emotion Absorption","ats:Explosion Area Strengthen","ats:Shell Defense","ats:Thermite Blade","ats:Part Time Job","ats:Flexible Camouflage","ats:Volcano","ats:Roar Of Ursus","ats:Sashimi Platter+1","ats:Spore Proliferation+1","ats:Encircling Forest+1","ats:Shadow Assault","ats:Flexible Camouflage","ats:Sword Rain"],"relics":["ats:Sanity","NeowsBlessing","ats:Originium","ats:Bonebreaker","Shuriken","Bronze Scales","ats:Omniscience"],"acts_visited":["Exordium","TheEnding"],"potions_floor_usage":[],"damage_taken":[{"damage":0.0,"enemies":"2 Louse","floor":1.0,"turns":1.0},{"damage":0.0,"enemies":"Jaw Worm","floor":2.0,"turns":1.0},{"damage":0.0,"enemies":"Gremlin Nob","floor":6.0,"turns":1.0},{"damage":8.0,"enemies":"Small Slimes","floor":8.0,"turns":3.0},{"damage":31.0,"enemies":"3 Sentries","floor":10.0,"turns":7.0},{"damage":7.0,"enemies":"Looter","floor":14.0,"turns":4.0},{"damage":50.0,"enemies":"Slime Boss","floor":16.0,"turns":13.0},{"damage":43,"enemies":"Shield and Spear","floor":20,"turns":3}],"seed_played":"-3973962645446652551","potions_obtained":[{"floor":8.0,"key":"Fruit Juice"},{"floor":10.0,"key":"ats:Top Emergency Sanity Potion"},{"floor":14.0,"key":"AttackPotion"},{"floor":16.0,"key":"Energy Potion"}],"is_trial":false,"path_per_floor":["M","M","?","$","?","E","$","M","T","E","?","$","R","M","R","B",null,"R","$","E"],"character_chosen":"DOCTOR_CLASS","items_purchased":["ats:Thermite Blade","ats:Part Time Job","ats:Volcano","ats:Spore Proliferation","ats:Flexible Camouflage","ats:Sword Rain"],"campfire_rested":1,"item_purchase_floors":[4,4,7,12,19,19],"current_hp_per_floor":[72,72,58,58,58,58,58,58,58,38,38,38,61,69,69,50,77,77,77,34,34],"gold":32,"neow_bonus":"THREE_ENEMY_KILL","is_daily":false,"chose_seed":false,"campfire_upgraded":2,"win_rate":0.0,"timestamp":1612880811,"path_taken":["M","M","?","$","?","E","?","M","T","E","?","?","R","M","R","BOSS","R","$","E"],"items_purchased_type":["Card","Card","Card","Card","Card","Card"],"build_version":"2020-12-22","purchased_purges":1,"victory":false,"max_hp_per_floor":[72,72,72,72,72,72,72,77,77,77,77,77,77,77,77,77,77,77,77,77,77],"card_choices":[{"not_picked":["ats:Phantom","ats:Revitalization"],"picked":"ats:Explosion Area Strengthen","floor":1.0},{"not_picked":["ats:Consecutive Shot Auto","ats:Powerful Strike"],"picked":"ats:Shell Defense","floor":2.0},{"not_picked":["ats:Closed Bolt Burst Fire","ats:Explosion Area Strengthen"],"picked":"ats:Flexible Camouflage","floor":6.0},{"not_picked":["ats:Flexible Camouflage","ats:Neurotoxin"],"picked":"ats:Roar Of Ursus","floor":8.0},{"not_picked":["ats:Leaping Hammer","ats:True Silver Slash"],"picked":"ats:Sashimi Platter","floor":10.0},{"not_picked":["ats:Chain Hook","ats:Curse Doll"],"picked":"ats:Encircling Forest","floor":14.0},{"not_picked":["ats:Wolf Pack","ats:Soul Rend"],"picked":"ats:Shadow Assault","floor":16.0}],"player_experience":207928,"relics_obtained":[{"floor":6.0,"key":"ats:Originium"},{"floor":6.0,"key":"ats:Bonebreaker"},{"floor":9.0,"key":"Shuriken"},{"floor":10.0,"key":"ats:Originium"},{"floor":10.0,"key":"Bronze Scales"}],"event_choices":[{"damage_healed":0.0,"max_hp_gain":0.0,"max_hp_loss":0.0,"gold_gain":0.0,"event_name":"Shining Light","player_choice":"Entered Light","floor":3.0,"gold_loss":0.0,"damage_taken":14.0,"cards_upgraded":["ats:Strike V","ats:Strike G"]},{"damage_healed":0.0,"max_hp_gain":0.0,"max_hp_loss":0.0,"gold_gain":175.0,"event_name":"Liars Game","player_choice":"AGREE","floor":5.0,"gold_loss":0.0,"damage_taken":0.0,"cards_obtained":["Doubt"]},{"damage_healed":0.0,"max_hp_gain":0.0,"max_hp_loss":0.0,"gold_gain":0.0,"event_name":"Living Wall","player_choice":"Grow","floor":11.0,"gold_loss":0.0,"damage_taken":0.0,"cards_upgraded":["ats:Sashimi Platter"]}],"is_beta":false,"boss_relics":[{"not_picked":["Empty Cage","Black Star"],"picked":"ats:Omniscience"}],"items_purged_floors":[7],"is_endless":false,"potions_floor_spawned":[8,10,14,16],"killed_by":"Shield and Spear","ascension_level":0}}