{"host":"vflj39ie5n27t074","time":1612836384,"event":{"mods":["BaseMod","BetterRewards","Bossed Relics","Colored Map","Colored Powertips","Downfall","Hero for Fun","Hubris","Infinite Spire","Marisa????????","Minty Spire (QoL Compilation)","Replay The Spire","SIMod","StSLib","The Jungle","The Mystic","The Poker Player","The Servant 0.9.4"],"gold_per_floor":[115,115,134,134,150,177,177,209,209,222,65,85,85,85,85,188,188,203,223,234,234,234,234],"floor_reached":22,"language":"ENG","playtime":943,"items_purged":["Strike_G"],"score":206,"play_id":"ccb01e1c-2c0b-4ae6-a9bc-3eca16a6eb84","local_time":"20210208200624","is_ascension_mode":true,"campfire_choices":[{"data":"Survivor","floor":7,"key":"SMITH"},{"data":"Bouncing Flask","floor":13,"key":"SMITH"},{"floor":15,"key":"REST"}],"circlet_count":0,"master_deck":["Strike_G","Strike_G","Strike_G","Strike_G","Defend_G","Defend_G","Defend_G","Defend_G","Defend_G","Survivor+1","Neutralize","Acrobatics","Deadly Poison+1","Quick Slash","Toxin Wave","Bouncing Flask+1","Backstab","Poison Darts","Dash","Sucker Punch+1","Acrobatics"],"relics":["SacredBark","MealTicket","Replay:Wax Seal","Replay:WaspNest","PreservedInsect","HoveringKite","infinitespire:Beetle Shell"],"acts_visited":["Exordium","TheCity"],"potions_floor_usage":[6,12,16],"damage_taken":[{"damage":10,"enemies":"Small Slimes","floor":1,"turns":5},{"damage":5,"enemies":"Jaw Worm","floor":3,"turns":7},{"damage":0,"enemies":"Cultist","floor":5,"turns":3},{"damage":21,"enemies":"Gremlin Nob","floor":6,"turns":4},{"damage":21,"enemies":"Lagavulin","floor":8,"turns":7},{"damage":8,"enemies":"Gremlin Gang","floor":10,"turns":3},{"damage":10,"enemies":"Exordium Thugs","floor":12,"turns":4},{"damage":17,"enemies":"Hexaghost","floor":16,"turns":7},{"damage":10,"enemies":"Spheric Guardian","floor":18,"turns":3},{"damage":38,"enemies":"2 Thieves","floor":19,"turns":4},{"damage":6,"enemies":"Snecko","floor":20,"turns":4},{"damage":16,"enemies":"Snake Plant","floor":22,"turns":3}],"seed_played":"6131902071722344074","potions_obtained":[{"floor":1,"key":"SteroidPotion"},{"floor":6,"key":"Fire Potion"},{"floor":10,"key":"SkillPotion"},{"floor":19,"key":"Explosive Potion"},{"floor":20,"key":"hexamod:SoulburnPotion"}],"is_trial":false,"path_per_floor":["M","?","M","?","M","E","R","E","T","M","$","M","R","$","R","B",null,"M","M","M","AVR","M"],"character_chosen":"THE_SILENT","items_purchased":["PreservedInsect"],"campfire_rested":1,"item_purchase_floors":[11],"current_hp_per_floor":[60,60,55,55,55,34,34,13,13,5,20,10,10,25,46,29,70,60,22,16,16,0,0],"gold":234,"neow_bonus":"BOSS_RELIC","is_daily":false,"chose_seed":false,"campfire_upgraded":2,"win_rate":0.0,"timestamp":1612836384,"path_taken":["M","?","M","?","M","E","R","E","T","M","?","M","R","$","R","BOSS","M","M","?","AVR","M"],"items_purchased_type":["Relic"],"build_version":"2020-12-22","purchased_purges":1,"victory":false,"max_hp_per_floor":[70,70,70,70,70,70,70,70,70,70,70,70,70,70,70,70,70,70,70,70,70,70,70],"card_choices":[{"not_picked":["Outmaneuver","Choke"],"picked":"Acrobatics","floor":1},{"not_picked":["Fluid Movement","Dagger Throw"],"picked":"Deadly Poison","floor":3},{"not_picked":["Deflect","Terror","Underhanded Strike"],"picked":"SKIP","floor":5},{"not_picked":["Dodge and Roll","Bullet Time"],"picked":"Quick Slash","floor":6},{"not_picked":["Escape Plan","Blur"],"picked":"Toxin Wave","floor":8},{"not_picked":["Quick Slash","Well Laid Plans"],"picked":"Bouncing Flask","floor":10},{"not_picked":["Outmaneuver","hubris:TrickCloak"],"picked":"Backstab","floor":12},{"not_picked":["After Image","Storm of Steel"],"picked":"Poison Darts","floor":16},{"not_picked":["Blade Dance","Hidden Blade"],"picked":"Dash","floor":18},{"not_picked":["Outmaneuver","Bane+1"],"picked":"Sucker Punch+1","floor":19},{"not_picked":["ReplayTheSpireMod:Scrap Shanks","Cloak And Dagger+1"],"picked":"Acrobatics","floor":20}],"player_experience":112269,"relics_obtained":[{"floor":6,"key":"MealTicket"},{"floor":8,"key":"Replay:Wax Seal"},{"floor":9,"key":"Replay:WaspNest"}],"event_choices":[{"damage_healed":0,"gold_gain":0,"player_choice":"Grow","damage_taken":0,"max_hp_gain":0,"max_hp_loss":0,"event_name":"Living Wall","floor":4,"gold_loss":0,"cards_upgraded":["Deadly Poison"]}],"is_beta":false,"boss_relics":[{"not_picked":["hubris:TerracottaHorce","hubris:CrackedHourglass"],"picked":"HoveringKite"}],"items_purged_floors":[21],"is_endless":false,"potions_floor_spawned":[1,6,10,19,20],"killed_by":"Snake Plant","ascension_level":1}}