{"host":"6pfj0wha12yu6wq3","time":1612893293,"event":{"mods":["AchievementEnabler","BaseMod","Colored Map","Colored Powertips","Curses Come First","DeckTracker","Minty Spire (QoL Compilation)","RNG Fix","Relic Sorter","Relic Stats","StSLib","UnlockEverythingMod","ojb\u0027s Better Paths Mod","ojb\u0027s Info Mod"],"gold_per_floor":[114,164,6,22,32,32,66,66,66,66,99,111,130,164,164,241,241,252,167,183,195,195,228,228,257,257,182,182,15,15,45,45,119,119,132,57,57,0,0,30,50,50,50,78,97,112,123,149,149,149,149,149,149,49,76,76,76],"floor_reached":56,"language":"ENG","playtime":5210,"items_purged":["Strike_G","Regret"],"score":2497,"play_id":"a5069b19-745e-4ecd-a870-20ae84e18aec","local_time":"20210209125453","is_ascension_mode":true,"campfire_choices":[{"data":"Eviscerate","floor":6.0,"key":"SMITH"},{"data":"Finisher","floor":8.0,"key":"SMITH"},{"data":"Venomology","floor":10.0,"key":"SMITH"},{"data":"Doppelganger","floor":15.0,"key":"SMITH"},{"data":"Ghostly","floor":24.0,"key":"SMITH"},{"data":"Calculated Gamble","floor":28.0,"key":"SMITH"},{"data":"Phantasmal Killer","floor":30.0,"key":"SMITH"},{"data":"Terror","floor":32.0,"key":"SMITH"},{"floor":42.0,"key":"RECALL"},{"data":"Burst","floor":49.0,"key":"SMITH"},{"data":"After Image","floor":53,"key":"SMITH"}],"circlet_count":0,"master_deck":["AscendersBane","Strike_G","Strike_G","Strike_G","Strike_G","Defend_G","Defend_G+1","Defend_G","Defend_G+1","Defend_G","Survivor","Neutralize","Eviscerate+1","Finisher+1","Venomology+1","Doppelganger+1","Endless Agony","Terror+1","Calculated Gamble+1","Phantasmal Killer+1","Backstab","Backflip","Tactician+1","Ghostly+1","Ghostly","Ghostly","Reflex+1","Prepared+1","Burst+1","Well Laid Plans+1","Madness","Madness","Eviscerate+1","Blade Dance","After Image+1","Acrobatics","Outmaneuver+1"],"relics":["Ring of the Snake","Happy Flower","Nunchaku","Pen Nib","NeowsBlessing","Oddly Smooth Stone","War Paint","Lantern","Cursed Key","Pocketwatch","Meat on the Bone","Sling","Bottled Lightning","HoveringKite","Red Mask","Shuriken","The Specimen","Girya","Vajra","Akabeko"],"acts_visited":["Exordium","TheCity","TheBeyond","TheEnding"],"potions_floor_usage":[50,50,51,51,51,56,56,56,56,56,56],"damage_taken":[{"damage":0.0,"enemies":"Jaw Worm","floor":1.0,"turns":1.0},{"damage":0.0,"enemies":"Small Slimes","floor":4.0,"turns":1.0},{"damage":0.0,"enemies":"Cultist","floor":5.0,"turns":1.0},{"damage":0.0,"enemies":"Gremlin Nob","floor":7.0,"turns":3.0},{"damage":12.0,"enemies":"3 Sentries","floor":11.0,"turns":8.0},{"damage":0.0,"enemies":"2 Fungi Beasts","floor":12.0,"turns":2.0},{"damage":0.0,"enemies":"Blue Slaver","floor":13.0,"turns":3.0},{"damage":14.0,"enemies":"Gremlin Nob","floor":14.0,"turns":3.0},{"damage":0.0,"enemies":"Slime Boss","floor":16.0,"turns":3.0},{"damage":5.0,"enemies":"Shell Parasite","floor":18.0,"turns":3.0},{"damage":29.0,"enemies":"3 Byrds","floor":20.0,"turns":6.0},{"damage":0.0,"enemies":"3 Cultists","floor":21.0,"turns":4.0},{"damage":2.0,"enemies":"Slavers","floor":23.0,"turns":6.0},{"damage":6.0,"enemies":"Book of Stabbing","floor":25.0,"turns":3.0},{"damage":0.0,"enemies":"Slavers","floor":31.0,"turns":5.0},{"damage":0.0,"enemies":"Collector","floor":33.0,"turns":3.0},{"damage":0.0,"enemies":"3 Darklings","floor":35.0,"turns":4.0},{"damage":0.0,"enemies":"Giant Head","floor":40.0,"turns":6.0},{"damage":0.0,"enemies":"3 Shapes","floor":41.0,"turns":4.0},{"damage":0.0,"enemies":"Reptomancer","floor":44.0,"turns":4.0},{"damage":0.0,"enemies":"Jaw Worm Horde","floor":45.0,"turns":3.0},{"damage":0.0,"enemies":"Spire Growth","floor":46.0,"turns":4.0},{"damage":1.0,"enemies":"Maw","floor":47.0,"turns":6.0},{"damage":4.0,"enemies":"Giant Head","floor":48.0,"turns":5.0},{"damage":16,"enemies":"Time Eater","floor":50,"turns":8},{"damage":7,"enemies":"Donu and Deca","floor":51,"turns":6},{"damage":15,"enemies":"Shield and Spear","floor":55,"turns":7},{"damage":62,"enemies":"The Heart","floor":56,"turns":2}],"seed_played":"-8927706963156928104","potions_obtained":[{"floor":4.0,"key":"Poison Potion"},{"floor":12.0,"key":"PowerPotion"},{"floor":13.0,"key":"Regen Potion"},{"floor":16.0,"key":"Weak Potion"},{"floor":23.0,"key":"Energy Potion"},{"floor":25.0,"key":"Poison Potion"},{"floor":41.0,"key":"SteroidPotion"},{"floor":55,"key":"Energy Potion"}],"is_trial":false,"path_per_floor":["M","?","$","M","M","R","E","R","T","R","E","M","M","E","R","B",null,"M","?","M","M","?","E","R","E","T","?","R","$","R","E","R","B",null,"M","$","?","?","T","E","M","R","T","E","M","M","M","E","R","B","B",null,"R","$","E","B"],"character_chosen":"THE_SILENT","items_purchased":["Oddly Smooth Stone","Sling"],"campfire_rested":0,"item_purchase_floors":[3,29],"current_hp_per_floor":[59,59,59,59,59,59,59,59,59,59,47,47,47,42,42,42,60,55,55,26,26,26,33,33,27,27,27,27,27,27,27,27,27,32,32,32,26,26,26,26,26,26,26,26,26,26,25,21,21,17,22,30,30,30,27,0,0],"gold":76,"neow_bonus":"THREE_ENEMY_KILL","is_daily":false,"chose_seed":false,"campfire_upgraded":10,"win_rate":0.0,"timestamp":1612893293,"path_taken":["M","?","?","?","M","R","E","R","T","R","E","M","M","E","R","BOSS","M","?","M","M","?","E","R","E","T","?","R","$","R","E","R","BOSS","M","$","?","?","?","E","M","R","T","E","M","M","M","E","R","BOSS","BOSS","R","$","E","BOSS"],"items_purchased_type":["Relic","Relic"],"build_version":"2020-12-22","purchased_purges":2,"victory":false,"max_hp_per_floor":[66,66,66,66,66,66,66,66,66,66,66,66,66,66,66,66,66,66,66,66,66,33,33,33,33,33,33,33,33,33,33,33,33,33,33,33,33,33,33,33,33,33,33,33,33,33,33,33,33,33,33,33,33,33,33,33,33],"relic_stats":{"Nunchaku":[25],"Happy Flower":[22],"counters":[28,114],"Shuriken":[36],"HoveringKite":[37],"Pen Nib":[29],"War Paint":["Defend_G","Defend_G"],"Cursed Key":2,"obtain_stats":[{"Girya":44,"Lantern":11,"NeowsBlessing":0,"Happy Flower":25,"The Specimen":40,"Oddly Smooth Stone":3,"HoveringKite":34,"Vajra":48,"Pen Nib":9,"War Paint":7,"Cursed Key":17,"Sling":29,"Akabeko":55,"Nunchaku":14,"Shuriken":39,"Red Mask":38,"Bottled Lightning":31,"Ring of the Snake":0,"Pocketwatch":19,"Meat on the Bone":23},{"Girya":20,"Lantern":5,"NeowsBlessing":0,"Happy Flower":14,"The Specimen":18,"Oddly Smooth Stone":1,"HoveringKite":16,"Vajra":24,"Pen Nib":4,"War Paint":4,"Cursed Key":9,"Sling":14,"Akabeko":27,"Nunchaku":8,"Shuriken":17,"Red Mask":17,"Bottled Lightning":15,"Ring of the Snake":0,"Pocketwatch":10,"Meat on the Bone":13},{"Girya":73,"Lantern":14,"NeowsBlessing":0,"Happy Flower":47,"The Specimen":65,"Oddly Smooth Stone":1,"HoveringKite":55,"Vajra":91,"Pen Nib":6,"War Paint":6,"Cursed Key":25,"Sling":47,"Akabeko":112,"Nunchaku":22,"Shuriken":59,"Red Mask":59,"Bottled Lightning":52,"Ring of the Snake":0,"Pocketwatch":28,"Meat on the Bone":44}],"Ring of the Snake":[60],"Pocketwatch":[62],"Meat on the Bone":36},"card_choices":[{"not_picked":["Sucker Punch","PiercingWail"],"picked":"Eviscerate","floor":1.0},{"not_picked":["Heel Hook","Infinite Blades"],"picked":"Finisher","floor":4.0},{"not_picked":["Well Laid Plans","Acrobatics","Distraction"],"picked":"SKIP","floor":5.0},{"not_picked":["Well Laid Plans","Acrobatics","Distraction"],"picked":"SKIP","floor":5.0},{"not_picked":["Eviscerate","Backstab"],"picked":"Venomology","floor":7.0},{"not_picked":["Poisoned Stab","Deadly Poison"],"picked":"Doppelganger","floor":11.0},{"not_picked":["Deflect","Deadly Poison"],"picked":"Endless Agony","floor":12.0},{"not_picked":["Underhanded Strike","PiercingWail"],"picked":"Terror","floor":13.0},{"not_picked":["Expertise","Acrobatics"],"picked":"Calculated Gamble","floor":14.0},{"not_picked":["Corpse Explosion","Grand Finale"],"picked":"Phantasmal Killer","floor":16.0},{"not_picked":["Poisoned Stab+1","PiercingWail+1"],"picked":"Backstab","floor":18.0},{"not_picked":["Deadly Poison","Night Terror"],"picked":"Backflip","floor":20.0},{"not_picked":["Cloak And Dagger","Flechettes+1"],"picked":"Tactician+1","floor":21.0},{"not_picked":["Blade Dance","Deflect"],"picked":"Reflex+1","floor":23.0},{"not_picked":["Infinite Blades","A Thousand Cuts","Flying Knee"],"picked":"SKIP","floor":25.0},{"not_picked":["Venomology","Skewer"],"picked":"Prepared+1","floor":31.0},{"not_picked":["Adrenaline","Doppelganger"],"picked":"Burst","floor":33.0},{"not_picked":["Slice","Deflect+1"],"picked":"Well Laid Plans+1","floor":35.0},{"not_picked":["Dash","Endless Agony"],"picked":"Eviscerate+1","floor":40.0},{"not_picked":["Backflip","Dagger Spray"],"picked":"Blade Dance","floor":41.0},{"not_picked":["Predator","Infinite Blades+1","Leg Sweep"],"picked":"SKIP","floor":44.0},{"not_picked":["Deadly Poison+1","Flechettes+1"],"picked":"After Image","floor":45.0},{"not_picked":["Slice","Masterful Stab","Prepared"],"picked":"SKIP","floor":46.0},{"not_picked":["Dash","Deflect"],"picked":"Acrobatics","floor":47.0},{"not_picked":["Masterful Stab+1","Accuracy+1","Escape Plan"],"picked":"SKIP","floor":48.0},{"not_picked":["Flying Knee","Quick Slash+1"],"picked":"Outmaneuver+1","floor":55}],"player_experience":703889,"relics_obtained":[{"floor":7.0,"key":"War Paint"},{"floor":9.0,"key":"Pen Nib"},{"floor":11.0,"key":"Lantern"},{"floor":14.0,"key":"Nunchaku"},{"floor":23.0,"key":"Meat on the Bone"},{"floor":25.0,"key":"Happy Flower"},{"floor":31.0,"key":"Bottled Lightning"},{"floor":39.0,"key":"Shuriken"},{"floor":40.0,"key":"The Specimen"},{"floor":44.0,"key":"Girya"},{"floor":48.0,"key":"Vajra"},{"floor":55,"key":"Akabeko"}],"event_choices":[{"damage_healed":0.0,"max_hp_gain":0.0,"max_hp_loss":0.0,"gold_gain":50.0,"event_name":"Golden Shrine","player_choice":"Pray","floor":2.0,"gold_loss":0.0,"damage_taken":0.0},{"damage_healed":0.0,"max_hp_gain":0.0,"max_hp_loss":0.0,"gold_gain":0.0,"event_name":"Addict","player_choice":"Obtained Relic","floor":19.0,"gold_loss":85.0,"damage_taken":0.0,"relics_obtained":["Pocketwatch"]},{"damage_healed":0.0,"max_hp_gain":0.0,"max_hp_loss":33.0,"gold_gain":0.0,"event_name":"Ghosts","player_choice":"Became a Ghost","floor":22.0,"gold_loss":0.0,"damage_taken":0.0,"cards_obtained":["Ghostly","Ghostly","Ghostly"]},{"cards_removed":["Decay"],"damage_healed":0.0,"max_hp_gain":0.0,"max_hp_loss":0.0,"gold_gain":0.0,"event_name":"Beggar","player_choice":"Gave Gold","floor":27.0,"gold_loss":75.0,"damage_taken":0.0},{"damage_healed":0.0,"max_hp_gain":0.0,"max_hp_loss":0.0,"gold_gain":0.0,"event_name":"Winding Halls","player_choice":"Embrace Madness","floor":37.0,"gold_loss":0.0,"damage_taken":6.0,"cards_obtained":["Madness","Madness"]},{"damage_healed":0.0,"max_hp_gain":0.0,"max_hp_loss":0.0,"gold_gain":0.0,"event_name":"Tomb of Lord Red Mask","player_choice":"Paid","floor":38.0,"gold_loss":57.0,"damage_taken":0.0,"relics_obtained":["Red Mask"]}],"is_beta":false,"boss_relics":[{"not_picked":["Ring of the Serpent","Tiny House"],"picked":"Cursed Key"},{"not_picked":["Sozu","SacredBark"],"picked":"HoveringKite"}],"items_purged_floors":[36,54],"is_endless":false,"potions_floor_spawned":[4,12,13,14,16,23,25,35,41,46,47,55],"killed_by":"The Heart","ascension_level":20}}