{"host":"i70yit5z0kpl303k","time":1612831680,"event":{"mods":["2.2 Compatiblity","Act Like it!","BaseMod","BetterRewards","Evolution","Gensokyo","Infinite Spire","Ironclad Rager","Koishi","Marked Mod","Minty Spire (QoL Compilation)","Relic Stats","Reliquary","Replay The Spire","StSLib","The Blue Laboratory","The Marked","The Servant 0.9.4","TheSwordswoman"],"gold_per_floor":[112,125,125,145,145,175,175,22,22,52,52,62,85,136,136,136,136],"floor_reached":16,"language":"ENG","playtime":482,"items_purged":[],"score":130,"play_id":"9314d71b-ee08-4afa-8605-a4debe1531a3","local_time":"20210208164800","is_ascension_mode":true,"campfire_choices":[{"floor":7,"key":"REST"},{"floor":15,"key":"REST"}],"circlet_count":0,"master_deck":["Zap","Dualcast","ICR:ProbingStrike","ICR:ProbingStrike","ICR:ProbingStrike","ICR:ProbingStrike","ICR:AutoDefend","ICR:AutoDefend","ICR:AutoDefend","ICR:AutoDefend","Crystallizer","Ball Lightning","Crystallizer","Ball Lightning","Coolheaded+1","Blizzard","Gash"],"relics":["Cracked Core","EVO:Axolotl","reliquary:LoveEmittingDiode","infinitespire:Freezer","Toxic Egg 2","Strawberry","Juzu Bracelet","Odd Mushroom","infinitespire:Satchel"],"acts_visited":["Exordium"],"potions_floor_usage":[16],"damage_taken":[{"damage":3,"enemies":"Jaw Worm","floor":1,"turns":4},{"damage":9,"enemies":"Small Slimes","floor":2,"turns":3},{"damage":5,"enemies":"2 Louse","floor":4,"turns":2},{"damage":26,"enemies":"Gremlin Nob","floor":6,"turns":4},{"damage":15,"enemies":"3 Sentries","floor":10,"turns":6},{"damage":3,"enemies":"Large Slime","floor":12,"turns":5},{"damage":10,"enemies":"The Mushroom Lair","floor":13,"turns":4},{"damage":62,"enemies":"Slime Boss","floor":16,"turns":9}],"seed_played":"4548065017652062711","potions_obtained":[{"floor":4,"key":"blueLaboratory:BottledHope"},{"floor":12,"key":"blueLaboratory:HorrorPotion"}],"is_trial":false,"path_per_floor":["M","M","?","M","?","E","R","$","T","E","?","M","?","T","R","B"],"character_chosen":"DEFECT","items_purchased":["infinitespire:Freezer"],"campfire_rested":2,"item_purchase_floors":[8],"current_hp_per_floor":[72,63,63,58,58,32,54,54,54,46,43,40,30,30,54,0,0],"gold":136,"neow_bonus":"DEFECT_WARDEN","is_daily":false,"chose_seed":false,"campfire_upgraded":0,"win_rate":0.0,"timestamp":1612831680,"path_taken":["M","M","?","M","?","E","R","?","T","E","?","M","?","?","R","BOSS"],"items_purchased_type":["Relic"],"build_version":"2020-12-22","purchased_purges":0,"victory":false,"max_hp_per_floor":[75,75,75,75,75,75,75,75,75,82,82,82,82,82,82,82,82],"relic_stats":{"counters":[8,37],"Juzu Bracelet":0,"obtain_stats":[{"reliquary:LoveEmittingDiode":6,"Strawberry":10,"infinitespire:Satchel":14,"Juzu Bracelet":11,"EVO:Axolotl":0,"Toxic Egg 2":9,"Odd Mushroom":13,"Cracked Core":0,"infinitespire:Freezer":8},{"reliquary:LoveEmittingDiode":4,"Strawberry":5,"infinitespire:Satchel":7,"Juzu Bracelet":5,"EVO:Axolotl":0,"Toxic Egg 2":4,"Odd Mushroom":7,"Cracked Core":0,"infinitespire:Freezer":4},{"reliquary:LoveEmittingDiode":13,"Strawberry":19,"infinitespire:Satchel":28,"Juzu Bracelet":19,"EVO:Axolotl":0,"Toxic Egg 2":13,"Odd Mushroom":28,"Cracked Core":0,"infinitespire:Freezer":13}]},"card_choices":[{"not_picked":["Steam Power","ReplayTheSpireMod:System Scan"],"picked":"Crystallizer","floor":1},{"not_picked":["Conserve Battery","BasicCrystalCard"],"picked":"Ball Lightning","floor":2},{"not_picked":["ReplayTheSpireMod:Repulse","Redo"],"picked":"Crystallizer","floor":4},{"not_picked":["Time Bomb","Auto Shields"],"picked":"Ball Lightning","floor":6},{"not_picked":["Doom and Gloom","Ball Lightning"],"picked":"Coolheaded+1","floor":10},{"not_picked":["Compile Driver","Cold Snap"],"picked":"Blizzard","floor":12},{"not_picked":["Chaos+1","Rebound"],"picked":"Gash","floor":13}],"player_experience":279619,"relics_obtained":[{"floor":6,"key":"reliquary:LoveEmittingDiode"},{"floor":9,"key":"Toxic Egg 2"},{"floor":10,"key":"Strawberry"},{"floor":13,"key":"Odd Mushroom"},{"floor":14,"key":"infinitespire:Satchel"}],"event_choices":[{"damage_healed":0,"gold_gain":0,"player_choice":"Ignored","damage_taken":0,"max_hp_gain":0,"max_hp_loss":0,"event_name":"Liars Game","floor":3,"gold_loss":0},{"damage_healed":0,"gold_gain":0,"player_choice":"Success","damage_taken":3,"relics_obtained":["Juzu Bracelet"],"max_hp_gain":0,"max_hp_loss":0,"event_name":"Scrap Ooze","floor":11,"gold_loss":0},{"damage_healed":0,"gold_gain":0,"player_choice":"Fought Mushrooms","damage_taken":0,"max_hp_gain":0,"max_hp_loss":0,"event_name":"Mushrooms","floor":13,"gold_loss":0}],"is_beta":false,"boss_relics":[],"items_purged_floors":[],"is_endless":false,"potions_floor_spawned":[4,12],"killed_by":"Slime Boss","ascension_level":4}}