{"host":"4udtejx3ummmwg8f","time":1612853405,"event":{"mods":["BaseMod","Minty Spire (QoL Compilation)"],"gold_per_floor":[119,119,137,156,171,196,196,222,222,222,234,249,263,295,295,390,390,390,390,390,281,281,281,281,281,281,281,281,281,281,281,281,281,281,281,281,281,281,281,281,281,281,281,281,281,281,281,281,281,281],"floor_reached":51,"language":"ENG","playtime":3856,"items_purged":["Pain"],"score":873,"play_id":"1e7995b4-ad44-4c92-9a8b-f2cd607f410b","local_time":"20210209172005","is_ascension_mode":false,"campfire_choices":[{"floor":7,"key":"REST"},{"floor":10,"key":"REST"},{"floor":15,"key":"REST"},{"floor":23,"key":"REST"},{"floor":28,"key":"REST"},{"floor":32,"key":"REST"},{"floor":41,"key":"REST"},{"floor":45,"key":"REST"},{"floor":49,"key":"REST"}],"circlet_count":0,"master_deck":["Strike_P+1","Strike_P+1","Strike_P","Strike_P","Defend_P","Defend_P","Defend_P","Eruption","Vigilance+1","Vengeance+1","MentalFortress","WheelKick+1","InnerPeace","Tantrum","MasterReality","Consecrate+1","EmptyFist+1","CrushJoints+1","Judgement","SpiritShield","Pray+1","FearNoEvil+1","BattleHymn","WindmillStrike+1","Prostrate+1","Protect+1","Necronomicurse","RitualDagger+1","Consecrate+1","SashWhip+1","LessonLearned+1","Devotion","Wallop+1","FollowUp+1","ClearTheMind+1","LikeWater+1","Wireheading","ThirdEye+1","WindmillStrike+1","Devotion"],"relics":["HolyWater","PreservedInsect","WarpedTongs","Whetstone","Pear","Molten Egg 2","Bottled Lightning","Ectoplasm","Ancient Tea Set","Necronomicon","Pen Nib","Bag of Marbles","Bag of Preparation","Centennial Puzzle","War Paint","Gremlin Horn","Calipers"],"acts_visited":["Exordium","TheCity","TheBeyond"],"potions_floor_usage":[6,11,14,16,16,18,20,22,29,31,40],"damage_taken":[{"damage":0,"enemies":"Cultist","floor":1,"turns":2},{"damage":6,"enemies":"Small Slimes","floor":3,"turns":2},{"damage":13,"enemies":"Jaw Worm","floor":4,"turns":4},{"damage":13,"enemies":"Exordium Thugs","floor":5,"turns":4},{"damage":3,"enemies":"Lagavulin","floor":6,"turns":3},{"damage":22,"enemies":"3 Sentries","floor":8,"turns":4},{"damage":13,"enemies":"Blue Slaver","floor":11,"turns":3},{"damage":4,"enemies":"Red Slaver","floor":12,"turns":3},{"damage":0,"enemies":"Exordium Thugs","floor":13,"turns":1},{"damage":3,"enemies":"Lagavulin","floor":14,"turns":3},{"damage":51,"enemies":"The Guardian","floor":16,"turns":8},{"damage":4,"enemies":"Shell Parasite","floor":18,"turns":3},{"damage":5,"enemies":"Chosen","floor":19,"turns":4},{"damage":5,"enemies":"Centurion and Healer","floor":20,"turns":3},{"damage":22,"enemies":"Snake Plant","floor":22,"turns":3},{"damage":41,"enemies":"Slavers","floor":24,"turns":4},{"damage":0,"enemies":"Chosen and Byrds","floor":29,"turns":3},{"damage":0,"enemies":"3 Cultists","floor":30,"turns":2},{"damage":0,"enemies":"Gremlin Leader","floor":31,"turns":2},{"damage":20,"enemies":"Automaton","floor":33,"turns":6},{"damage":0,"enemies":"Orb Walker","floor":35,"turns":1},{"damage":2,"enemies":"3 Darklings","floor":38,"turns":5},{"damage":0,"enemies":"Maw","floor":39,"turns":4},{"damage":41,"enemies":"Nemesis","floor":40,"turns":5},{"damage":4,"enemies":"Spire Growth","floor":44,"turns":2},{"damage":17,"enemies":"Jaw Worm Horde","floor":46,"turns":3},{"damage":0,"enemies":"Giant Head","floor":47,"turns":5},{"damage":24,"enemies":"3 Darklings","floor":48,"turns":4},{"damage":19,"enemies":"Awakened One","floor":50,"turns":6}],"seed_played":"-1948601082910530642","potions_obtained":[{"floor":1,"key":"Swift Potion"},{"floor":5,"key":"FearPotion"},{"floor":6,"key":"ColorlessPotion"},{"floor":8,"key":"GamblersBrew"},{"floor":12,"key":"BlessingOfTheForge"},{"floor":13,"key":"EssenceOfSteel"},{"floor":18,"key":"EntropicBrew"},{"floor":24,"key":"Regen Potion"},{"floor":33,"key":"SpeedPotion"},{"floor":35,"key":"EssenceOfSteel"},{"floor":38,"key":"FairyPotion"},{"floor":48,"key":"Block Potion"}],"is_trial":false,"path_per_floor":["M","?","M","M","M","E","R","E","T","R","M","M","M","E","R","B",null,"M","M","M","$","M","R","E","?","T","?","R","M","M","E","R","B",null,"M","?","?","M","M","E","R","T","T","M","R","M","E","M","R","B",null],"character_chosen":"WATCHER","items_purchased":["WindmillStrike+1"],"campfire_rested":9,"item_purchase_floors":[21],"current_hp_per_floor":[72,72,66,53,40,37,58,46,46,70,57,53,53,50,74,23,82,78,73,68,68,46,70,29,13,13,7,31,31,31,36,60,40,82,82,82,82,80,80,39,63,63,63,59,82,65,65,41,65,46],"gold":281,"neow_bonus":"RANDOM_COMMON_RELIC","is_daily":false,"chose_seed":false,"campfire_upgraded":0,"win_rate":0.0,"timestamp":1612853405,"path_taken":["M","?","M","M","M","E","R","E","T","R","M","?","?","E","R","BOSS","M","?","M","$","M","R","E","?","T","?","R","?","M","E","R","BOSS","M","?","?","?","M","E","R","?","T","?","R","M","E","?","R","BOSS"],"items_purchased_type":["Card"],"build_version":"2020-12-22","purchased_purges":1,"victory":true,"max_hp_per_floor":[72,72,72,72,72,72,72,82,82,82,82,82,82,82,82,82,82,82,82,82,82,82,82,82,82,82,82,82,82,82,82,82,82,82,82,82,82,82,82,82,82,82,82,82,82,82,82,82,82,82],"card_choices":[{"not_picked":["Adaptation","Crescendo"],"picked":"Vengeance","floor":1},{"not_picked":["Tantrum","FlurryOfBlows"],"picked":"MentalFortress","floor":3},{"not_picked":["ClearTheMind","FlyingSleeves"],"picked":"WheelKick","floor":4},{"not_picked":["ClearTheMind","Protect"],"picked":"InnerPeace","floor":5},{"not_picked":["Pray","Blasphemy"],"picked":"Tantrum","floor":6},{"not_picked":["JustLucky","Tantrum"],"picked":"MasterReality","floor":8},{"not_picked":["Evaluate","Prostrate"],"picked":"Consecrate+1","floor":11},{"not_picked":["SashWhip+1","ThirdEye"],"picked":"EmptyFist+1","floor":12},{"not_picked":["Weave+1","BowlingBash+1"],"picked":"CrushJoints+1","floor":13},{"not_picked":["Evaluate","Consecrate+1"],"picked":"Judgement","floor":14},{"not_picked":["Omniscience","Judgement"],"picked":"SpiritShield","floor":16},{"not_picked":["JustLucky+1","Vengeance+1"],"picked":"Pray","floor":18},{"not_picked":["LikeWater","Collect"],"picked":"FearNoEvil+1","floor":19},{"not_picked":["EmptyMind","Study"],"picked":"BattleHymn","floor":20},{"not_picked":["Nirvana","Vengeance"],"picked":"Prostrate","floor":22},{"not_picked":["Judgement","BattleHymn+1"],"picked":"Protect+1","floor":24},{"not_picked":["Crescendo","BowlingBash+1"],"picked":"Consecrate+1","floor":29},{"not_picked":["Crescendo","Protect"],"picked":"SashWhip+1","floor":30},{"not_picked":["BattleHymn","Consecrate+1"],"picked":"LessonLearned+1","floor":31},{"not_picked":["Wish","SpiritShield"],"picked":"Devotion","floor":33},{"not_picked":["TalkToTheHand+1","Prostrate+1"],"picked":"Wallop+1","floor":35},{"not_picked":["ClearTheMind","FlyingSleeves+1"],"picked":"FollowUp+1","floor":38},{"not_picked":["Pray","BowlingBash+1"],"picked":"ClearTheMind+1","floor":39},{"not_picked":["WaveOfTheHand","Evaluate+1"],"picked":"LikeWater+1","floor":40},{"not_picked":["BowlingBash+1","Study"],"picked":"Wireheading","floor":44},{"not_picked":["CutThroughFate+1","FollowUp+1"],"picked":"ThirdEye+1","floor":46},{"not_picked":["Tantrum+1","Collect"],"picked":"WindmillStrike+1","floor":47},{"not_picked":["FollowUp+1","EmptyBody+1"],"picked":"Devotion","floor":48}],"player_experience":131009,"relics_obtained":[{"floor":6,"key":"Whetstone"},{"floor":8,"key":"Pear"},{"floor":9,"key":"Molten Egg 2"},{"floor":14,"key":"Bottled Lightning"},{"floor":24,"key":"Ancient Tea Set"},{"floor":25,"key":"Necronomicon"},{"floor":26,"key":"Pen Nib"},{"floor":31,"key":"Bag of Marbles"},{"floor":37,"key":"Bag of Preparation"},{"floor":40,"key":"Centennial Puzzle"},{"floor":42,"key":"War Paint"},{"floor":43,"key":"Gremlin Horn"},{"floor":47,"key":"Calipers"}],"event_choices":[{"damage_healed":0,"gold_gain":0,"player_choice":"Rummage","damage_taken":0,"relics_obtained":["WarpedTongs"],"max_hp_gain":0,"max_hp_loss":0,"event_name":"Accursed Blacksmith","floor":2,"gold_loss":0,"cards_obtained":["Pain"]},{"damage_healed":0,"gold_gain":0,"player_choice":"Obtained Book","damage_taken":16,"max_hp_gain":0,"max_hp_loss":0,"event_name":"Cursed Tome","floor":25,"gold_loss":0},{"damage_healed":0,"gold_gain":0,"player_choice":"Joined the Cult","damage_taken":6,"max_hp_gain":0,"max_hp_loss":0,"event_name":"Nest","floor":27,"gold_loss":0,"cards_obtained":["RitualDagger"]},{"cards_removed":["Defend_P"],"damage_healed":0,"gold_gain":0,"player_choice":"Removed Skill","damage_taken":0,"max_hp_gain":0,"max_hp_loss":0,"event_name":"Falling","floor":36,"gold_loss":0},{"damage_healed":0,"gold_gain":0,"player_choice":"Relic","damage_taken":0,"max_hp_gain":0,"max_hp_loss":0,"event_name":"Wheel of Change","floor":37,"gold_loss":0}],"is_beta":false,"boss_relics":[{"not_picked":["SacredBark","Runic Dome"],"picked":"Ectoplasm"},{"not_picked":["Fusion Hammer","Velvet Choker"],"picked":"HolyWater"}],"items_purged_floors":[21],"is_endless":false,"potions_floor_spawned":[1,5,6,8,12,13,18,19,24,33,35,38,48],"ascension_level":0}}