{"host":"8u1cu4kisw6g21am","time":1612882317,"event":{"mods":["AchievementEnabler","BaseMod","Bestiary","BetterRewards","Minty Spire (QoL Compilation)","Quick Restart","Shop Mod","StSLib"],"gold_per_floor":[116,116,133,146,164,199,46,74,99,99,119,150,150,160,160,260,260,273,292,312,312,312,340,33,59,71,99,111,111],"floor_reached":28,"language":"ENG","playtime":4850,"items_purged":["Carnage"],"score":358,"play_id":"0931dc06-69cf-4e36-8f65-aaeeb4404589","local_time":"20210209095157","is_ascension_mode":false,"campfire_choices":[{"floor":10.0,"key":"REST"},{"floor":13.0,"key":"REST"},{"floor":15.0,"key":"REST"}],"circlet_count":0,"master_deck":["Strike_R","Strike_R","Strike_R+1","Defend_R+1","Defend_R+1","Bash","Havoc+1","Metallicize","Headbutt","Headbutt","Clash","Armaments+1","Pommel Strike","Juggernaut","Dropkick","Havoc+1","Feed","Metallicize","Sentinel+1","Dual Wield+1","Juggernaut","Clash","Impervious+1","Second Wind+1","Armaments+1","Dropkick","Sentinel+1","Barricade"],"relics":["Burning Blood","Toxic Egg 2","MerchantsRug","Paper Frog","Omamori","Dream Catcher","Torii","Bag of Marbles","MawBank","Pantograph"],"acts_visited":["Exordium","TheCity"],"potions_floor_usage":[28,28],"damage_taken":[{"damage":4.0,"enemies":"Small Slimes","floor":1.0,"turns":3.0},{"damage":0.0,"enemies":"Cultist","floor":3.0,"turns":3.0},{"damage":3.0,"enemies":"2 Louse","floor":4.0,"turns":3.0},{"damage":22.0,"enemies":"Exordium Wildlife","floor":5.0,"turns":3.0},{"damage":11.0,"enemies":"Gremlin Nob","floor":6.0,"turns":3.0},{"damage":19.0,"enemies":"Lagavulin","floor":8.0,"turns":5.0},{"damage":4.0,"enemies":"Blue Slaver","floor":11.0,"turns":3.0},{"damage":12.0,"enemies":"3 Sentries","floor":12.0,"turns":5.0},{"damage":18.0,"enemies":"Large Slime","floor":14.0,"turns":5.0},{"damage":43.0,"enemies":"The Guardian","floor":16.0,"turns":6.0},{"damage":18.0,"enemies":"Shell Parasite","floor":18.0,"turns":5.0},{"damage":34.0,"enemies":"3 Byrds","floor":20.0,"turns":6.0},{"damage":42.0,"enemies":"Slavers","floor":23.0,"turns":5.0},{"damage":7.0,"enemies":"Cultist and Chosen","floor":27.0,"turns":6.0},{"damage":24,"enemies":"Book of Stabbing","floor":28,"turns":5}],"seed_played":"5944811606859291509","potions_obtained":[{"floor":1.0,"key":"BloodPotion"},{"floor":4.0,"key":"Explosive Potion"},{"floor":6.0,"key":"BlessingOfTheForge"},{"floor":14.0,"key":"Strength Potion"},{"floor":16.0,"key":"PowerPotion"},{"floor":23.0,"key":"Dexterity Potion"},{"floor":27.0,"key":"AttackPotion"}],"is_trial":false,"path_per_floor":["M","?","M","M","M","E","$","E","T","R","M","E","R","M","R","B",null,"M","$","M","?","?","E","$","T","T","M","E"],"character_chosen":"IRONCLAD","items_purchased":["Toxic Egg 2","MerchantsRug","EntropicBrew","Omamori","Carnage","Dropkick","Sentinel+1","Bag of Marbles"],"campfire_rested":3,"item_purchase_floors":[0,0,0,7,19,24,24,24],"current_hp_per_floor":[47,47,53,56,40,51,51,38,38,62,64,58,80,68,80,43,80,68,68,40,40,40,20,20,20,20,23,0,0],"gold":111,"neow_bonus":"","is_daily":false,"chose_seed":false,"campfire_upgraded":0,"win_rate":0.0,"timestamp":1612882317,"path_taken":["M","?","M","M","?","E","?","E","T","R","M","E","R","M","R","BOSS","M","$","M","?","?","E","$","?","T","M","E"],"items_purchased_type":["Relic","Relic","Potion","Relic","Card","Card","Card","Relic"],"build_version":"2020-12-22","purchased_purges":1,"victory":false,"max_hp_per_floor":[80,80,80,80,80,80,80,80,80,80,80,80,80,80,80,80,80,80,80,80,80,80,80,80,80,80,84,84,84],"card_choices":[{"not_picked":["Clothesline","Sever Soul"],"picked":"Headbutt","floor":1.0},{"not_picked":["Cleave","Berserk"],"picked":"Headbutt","floor":3.0},{"not_picked":["Disarm+1","Sword Boomerang"],"picked":"Clash","floor":4.0},{"not_picked":["Anger","Blood for Blood"],"picked":"Armaments+1","floor":5.0},{"not_picked":["Warcry+1","Barricade"],"picked":"Pommel Strike","floor":6.0},{"not_picked":["Rupture","Ghostly Armor+1"],"picked":"Juggernaut","floor":8.0},{"not_picked":["Heavy Blade","Shrug It Off+1"],"picked":"Dropkick","floor":10.0},{"not_picked":["Sword Boomerang","Body Slam"],"picked":"Havoc+1","floor":11.0},{"not_picked":["Inflame","Intimidate+1"],"picked":"Feed","floor":12.0},{"not_picked":["Wild Strike","Shrug It Off+1"],"picked":"Metallicize","floor":13.0},{"not_picked":["Armaments+1","Disarm+1"],"picked":"Sentinel+1","floor":14.0},{"not_picked":["Flex+1","Warcry+1"],"picked":"Dual Wield+1","floor":15.0},{"not_picked":["Reaper","Corruption"],"picked":"Juggernaut","floor":16.0},{"not_picked":["Perfected Strike+1","Body Slam"],"picked":"Clash","floor":18.0},{"not_picked":["Sword Boomerang","Wild Strike","Entrench+1"],"picked":"SKIP","floor":20.0},{"not_picked":["Sword Boomerang","Twin Strike+1"],"picked":"Armaments+1","floor":23.0},{"not_picked":["Wild Strike+1","Armaments+1"],"picked":"Barricade","floor":27.0}],"player_experience":40508,"relics_obtained":[{"floor":6.0,"key":"Paper Frog"},{"floor":8.0,"key":"Potion Belt"},{"floor":9.0,"key":"Dream Catcher"},{"floor":12.0,"key":"War Paint"},{"floor":23.0,"key":"Torii"},{"floor":25.0,"key":"MawBank"},{"floor":26.0,"key":"Pantograph"}],"event_choices":[{"damage_healed":0.0,"max_hp_gain":0.0,"max_hp_loss":0.0,"gold_gain":0.0,"event_name":"Upgrade Shrine","player_choice":"Upgraded","floor":2.0,"gold_loss":0.0,"damage_taken":0.0,"cards_upgraded":["Strike_R"]},{"damage_healed":0.0,"max_hp_gain":0.0,"max_hp_loss":0.0,"gold_gain":0.0,"event_name":"Forgotten Altar","player_choice":"Smashed Altar","floor":21.0,"gold_loss":0.0,"damage_taken":0.0,"cards_obtained":["Decay"]},{"damage_healed":0.0,"max_hp_gain":0.0,"max_hp_loss":0.0,"gold_gain":0.0,"cards_transformed":["Defend_R","Defend_R"],"event_name":"Drug Dealer","player_choice":"Became Test Subject","floor":22.0,"gold_loss":0.0,"damage_taken":0.0,"cards_obtained":["Impervious","Second Wind"]}],"is_beta":false,"boss_relics":[{"not_picked":["Velvet Choker","Black Blood"],"picked":"Empty Cage"}],"items_purged_floors":[19],"is_endless":false,"potions_floor_spawned":[1,4,6,14,16,23,27],"killed_by":"Book of Stabbing","ascension_level":0}}