{"host":"3498uni0c31c9bdm","time":1612864785,"event":{"mods":["BaseMod","Better Match","Better Note","Better Sensory Stone","Better Skull","Better Third Choice","Colored Map","Minty Spire (QoL Compilation)","Quick Restart","RNG Fix","Random Character Button","Replay The Spire","Shop Mod","Smile Girya","StSLib","Unceasing Turn Reminder"],"gold_per_floor":[118,134,144,194,58,85,164,175,201,201,201,201,231,249,249,323,323,338,380,431,36,36,36,36,36,55,55,81,100,125,125,159,195,195,207,207],"floor_reached":35,"language":"ENG","playtime":1154,"items_purged":[],"score":592,"play_id":"059df122-54a2-4eac-98b8-2e62f1890dab","local_time":"20210209205945","is_ascension_mode":true,"campfire_choices":[{"floor":10,"key":"RECALL"},{"floor":12,"key":"REST"},{"data":"Beam Cell","floor":15,"key":"SMITH"},{"data":"Zap","floor":23,"key":"SMITH"},{"floor":27,"key":"REST"}],"circlet_count":0,"master_deck":["AscendersBane","Strike_B","Strike_B","Strike_B","Strike_B","Defend_B","Defend_B","Defend_B","Defend_B","Zap+1","Dualcast","Go for the Eyes","Sunder","Beam Cell+1","Spreading Infection","Cold Snap+1","Compile Driver","Doubt","Self Repair","Defragment","Lockon","Decay","Creative AI+1","Aggregate","Languid","Panic Button","Thunder Strike+1","CommonCold","Storm+1","Streamline+1","Spreading Infection","Languid","Redo+1","Melter","ReplayTheSpireMod:Fabricate Wheel+1","Regret"],"relics":["Cracked Core","NeowsBlessing","Ring of Panic","Ring of Greed","The Courier","Golden Egg","Orichalcum","Tiny Chest","MealTicket","Cursed Key","Lantern","ReplayTheSpireMod:TigerMarble","Lizard Tail","ClockworkSouvenir","CeramicFish","Nloth\u0027s Gift","Pen Nib","MawBank"],"acts_visited":["Exordium","TheCity"],"potions_floor_usage":[6,13,16,32,32],"damage_taken":[{"damage":0,"enemies":"2 Louse","floor":1,"turns":1},{"damage":0,"enemies":"Small Slimes","floor":2,"turns":1},{"damage":0,"enemies":"Jaw Worm","floor":3,"turns":1},{"damage":17,"enemies":"3 Sentries","floor":6,"turns":8},{"damage":3,"enemies":"Exordium Wildlife","floor":8,"turns":3},{"damage":12,"enemies":"Gremlin Nob","floor":13,"turns":4},{"damage":5,"enemies":"Looter","floor":14,"turns":1},{"damage":30,"enemies":"Fading Forest","floor":16,"turns":11},{"damage":27,"enemies":"2 Thieves","floor":18,"turns":4},{"damage":5,"enemies":"3 Byrds","floor":26,"turns":3},{"damage":10,"enemies":"Snecko","floor":29,"turns":3},{"damage":29,"enemies":"Snake Plant","floor":30,"turns":4},{"damage":57,"enemies":"Gremlin Leader","floor":32,"turns":7},{"damage":50,"enemies":"Pondfish","floor":35,"turns":4}],"seed_played":"6714777878785027937","potions_obtained":[{"floor":3,"key":"Elixir"},{"floor":6,"key":"PowerPotion"},{"floor":8,"key":"AttackPotion"},{"floor":18,"key":"Explosive Potion"},{"floor":19,"key":"LiquidBronze"}],"is_trial":false,"path_per_floor":["M","M","M","?","$","E","?","M","T","R","?","R","E","M","R","B",null,"M","?","T","$","?","R","PTL","PTL","M","R","T","M","M","?","E","T","R_BF","B"],"character_chosen":"DEFECT","items_purchased":["Orichalcum","Cold Snap","Lizard Tail","ClockworkSouvenir","Storm"],"campfire_rested":2,"item_purchase_floors":[5,5,21,21,21],"current_hp_per_floor":[68,68,68,68,68,51,51,48,48,48,48,70,65,60,60,49,69,49,49,49,64,64,64,64,64,59,75,75,72,50,50,44,44,44,0,0],"gold":207,"neow_bonus":"THREE_ENEMY_KILL","is_daily":false,"chose_seed":false,"campfire_upgraded":2,"win_rate":0.0,"timestamp":1612864785,"path_taken":["M","M","M","?","$","E","?","M","T","R","?","R","E","M","R","BOSS","M","?","?","$","?","R","PTL","PTL","M","R","T","M","?","?","E","?","R_BF","BOSS"],"items_purchased_type":["Relic","Card","Relic","Relic","Card"],"build_version":"2020-12-22","purchased_purges":0,"victory":false,"max_hp_per_floor":[75,75,75,75,75,75,75,75,75,75,75,75,75,75,75,75,75,75,75,75,75,75,75,75,75,75,75,75,75,75,75,75,75,75,75,75],"card_choices":[{"not_picked":["Turbo","Conserve Battery"],"picked":"Go for the Eyes","floor":1},{"not_picked":["Darkness","Streamline"],"picked":"Sunder","floor":2},{"not_picked":["Chaos","Barrage"],"picked":"Beam Cell","floor":3},{"not_picked":["Conserve Battery","ReplayTheSpireMod:System Scan"],"picked":"Compile Driver","floor":6},{"not_picked":["Beam Cell","Amplify"],"picked":"Self Repair","floor":8},{"not_picked":["Gash","ReplayTheSpireMod:Reroute Power"],"picked":"Defragment","floor":13},{"not_picked":["Recycle","Capacitor"],"picked":"Lockon","floor":14},{"not_picked":["Amplify","Electrodynamics"],"picked":"Creative AI","floor":16},{"not_picked":["Leap","Compile Driver"],"picked":"Aggregate","floor":18},{"not_picked":["Rebound","Gash+1"],"picked":"Panic Button","floor":19},{"not_picked":["Compile Driver+1","Redo"],"picked":"Thunder Strike","floor":19},{"not_picked":["Lockon","Go for the Eyes"],"picked":"Streamline+1","floor":26},{"not_picked":["Heatsinks","Beam Cell"],"picked":"Redo+1","floor":29},{"not_picked":["ReplayRNGCard","Gash"],"picked":"Melter","floor":30},{"not_picked":["Go for the Eyes","FTL"],"picked":"ReplayTheSpireMod:Fabricate Wheel","floor":32}],"player_experience":858851,"relics_obtained":[{"floor":4,"key":"Ring of Panic"},{"floor":4,"key":"Ring of Greed"},{"floor":4,"key":"The Courier"},{"floor":4,"key":"Golden Egg"},{"floor":6,"key":"Tiny Chest"},{"floor":9,"key":"Bronze Scales"},{"floor":13,"key":"MealTicket"},{"floor":19,"key":"Lantern"},{"floor":20,"key":"ReplayTheSpireMod:TigerMarble"},{"floor":28,"key":"CeramicFish"},{"floor":32,"key":"Pen Nib"}],"event_choices":[{"damage_healed":0,"gold_gain":79,"player_choice":"Gained Gold","damage_taken":0,"max_hp_gain":0,"max_hp_loss":0,"event_name":"Golden Wing","floor":7,"gold_loss":0},{"damage_healed":0,"gold_gain":0,"player_choice":"Got Potions","damage_taken":0,"max_hp_gain":0,"max_hp_loss":0,"event_name":"Lab","floor":11,"gold_loss":0},{"damage_healed":0,"gold_gain":0,"player_choice":"Ignored","damage_taken":0,"max_hp_gain":0,"max_hp_loss":0,"event_name":"Ghosts","floor":22,"gold_loss":0},{"damage_healed":0,"gold_gain":0,"player_choice":"Traded Relic","damage_taken":0,"relics_obtained":["Nloth\u0027s Gift"],"max_hp_gain":0,"max_hp_loss":0,"event_name":"N\u0027loth","floor":31,"relics_lost":["Bronze Scales"],"gold_loss":0},{"damage_healed":0,"gold_gain":0,"player_choice":"Opened","damage_taken":0,"relics_obtained":["MawBank"],"max_hp_gain":0,"max_hp_loss":0,"event_name":"The Mausoleum","floor":34,"gold_loss":0}],"is_beta":false,"boss_relics":[{"not_picked":["Abe\u0027s Treasure","Honey Jar"],"picked":"Cursed Key"}],"items_purged_floors":[],"is_endless":false,"potions_floor_spawned":[3,6,8,18,26],"killed_by":"Pondfish","ascension_level":13}}