{"host":"f6w7z8zvb0mi4wy9","time":1612880716,"event":{"mods":["BaseMod","Colored Map","Minty Spire (QoL Compilation)","READ ME - Guardian Mod","StSLib","SuperFastMode","The Jungle"],"gold_per_floor":[118,37,47,47,47,47,78,78,78,108,33,60,73,91,91,194,194,205,218,232,267,267,267,277,277,277,277,293,293,321,27,27,131,131,151,373,385,396,396,422,422,452,452,462,473,499,499,41,41,41,41,41,41,73,73],"floor_reached":56,"language":"KOR","playtime":2091,"items_purged":["Strike_B","Defend_B"],"score":1348,"play_id":"49a219f9-a25b-49cb-8b0b-5476ca19d3c3","local_time":"20210209232516","is_ascension_mode":true,"campfire_choices":[{"data":"Zap","floor":6.0,"key":"SMITH"},{"data":"Defragment","floor":8.0,"key":"SMITH"},{"data":"Dualcast","floor":15.0,"key":"SMITH"},{"floor":23.0,"key":"REST"},{"floor":25.0,"key":"RECALL"},{"floor":27.0,"key":"REST"},{"data":"Go for the Eyes","floor":29.0,"key":"SMITH"},{"data":"Reboot","floor":32.0,"key":"SMITH"},{"data":"Force Field","floor":41.0,"key":"SMITH"},{"floor":49,"key":"REST"},{"data":"Force Field","floor":52,"key":"SMITH"}],"circlet_count":0,"master_deck":["Strike_B+1","Defend_B","Defend_B","Zap+1","Dualcast+1","Ball Lightning+1","Defragment+1","Gash","Echo Form+1","Force Field+1","Reboot+1","Go for the Eyes+1","Loop+1","Heatsinks+1","Force Field+1","Hello World+1","Reboot","Rebound+1","Barrage+1","Glacier","Hologram+1","Hello World+1","Storm+1","Capacitor+1"],"relics":["Cracked Core","NeowsBlessing","Bird Faced Urn","Frozen Egg 2","Torii","InkBottle","SlaversCollar","Red Mask","TungstenRod","Boot","Potion Belt","HandDrill","Astrolabe","Bag of Marbles","MealTicket","Centennial Puzzle","Eternal Feather","Lantern"],"acts_visited":["Exordium","TheCity","TheBeyond","TheEnding"],"potions_floor_usage":[50,50,54,55,55],"damage_taken":[{"damage":0.0,"enemies":"Cultist","floor":1.0,"turns":1.0},{"damage":0.0,"enemies":"Small Slimes","floor":3.0,"turns":1.0},{"damage":0.0,"enemies":"3 Sentries","floor":7.0,"turns":1.0},{"damage":16.0,"enemies":"Lagavulin","floor":10.0,"turns":6.0},{"damage":26.0,"enemies":"Gremlin Nob","floor":12.0,"turns":4.0},{"damage":1.0,"enemies":"Jaw Worm","floor":13.0,"turns":2.0},{"damage":1.0,"enemies":"Large Slime","floor":14.0,"turns":4.0},{"damage":3.0,"enemies":"Hexaghost","floor":16.0,"turns":7.0},{"damage":16.0,"enemies":"3 Byrds","floor":18.0,"turns":3.0},{"damage":12.0,"enemies":"Spheric Guardian","floor":19.0,"turns":5.0},{"damage":21.0,"enemies":"Snake Plant","floor":20.0,"turns":3.0},{"damage":32.0,"enemies":"Masked Bandits","floor":21.0,"turns":4.0},{"damage":21.0,"enemies":"Snecko","floor":24.0,"turns":5.0},{"damage":0.0,"enemies":"Shelled Parasite and Fungi","floor":28.0,"turns":5.0},{"damage":0.0,"enemies":"Book of Stabbing","floor":30.0,"turns":6.0},{"damage":38.0,"enemies":"Automaton","floor":33.0,"turns":11.0},{"damage":27.0,"enemies":"3 Darklings","floor":35.0,"turns":5.0},{"damage":18.0,"enemies":"Orb Walker","floor":37.0,"turns":3.0},{"damage":15.0,"enemies":"Jaw Worm Horde","floor":38.0,"turns":3.0},{"damage":9.0,"enemies":"Giant Head","floor":40.0,"turns":10.0},{"damage":15.0,"enemies":"Nemesis","floor":42.0,"turns":6.0},{"damage":22,"enemies":"Writhing Mass","floor":44,"turns":7},{"damage":0,"enemies":"Sphere and 2 Shapes","floor":45,"turns":6},{"damage":78,"enemies":"Giant Head","floor":46,"turns":10},{"damage":56,"enemies":"Awakened One","floor":50,"turns":12},{"damage":12,"enemies":"Shield and Spear","floor":54,"turns":8},{"damage":71,"enemies":"The Heart","floor":55,"turns":12}],"seed_played":"-2817238958967567493","potions_obtained":[{"floor":1.0,"key":"SneckoOil"},{"floor":3.0,"key":"SpeedPotion"},{"floor":13.0,"key":"SteroidPotion"},{"floor":19.0,"key":"GamblersBrew"},{"floor":20.0,"key":"FearPotion"},{"floor":28.0,"key":"PotionOfCapacity"},{"floor":30.0,"key":"Ancient Potion"},{"floor":33.0,"key":"ColorlessPotion"},{"floor":37.0,"key":"FocusPotion"},{"floor":38.0,"key":"ColorlessPotion"},{"floor":44,"key":"Energy Potion"}],"is_trial":false,"path_per_floor":["M","$","M","?","?","R","E","R","T","E","$","E","M","M","R","B",null,"M","M","M","?","?","R","M","R","T","R","M","R","E","$","R","B",null,"M","?","M","M","?","E","R","E","T","M","M","E","?","$","R","B",null,"R","$","E","B",null],"character_chosen":"DEFECT","items_purchased":["Defragment","Potion Belt","HandDrill","Eternal Feather","Storm+1","AttackPotion"],"campfire_rested":3,"item_purchase_floors":[2,31,31,48,48,48],"current_hp_per_floor":[75,75,75,60,60,60,60,60,60,48,48,26,25,32,32,35,75,59,57,42,16,16,38,25,25,25,47,57,57,71,71,71,37,75,62,62,54,49,85,76,76,72,72,62,74,8,8,23,60,20,85,85,85,83,18],"gold":73,"neow_bonus":"THREE_ENEMY_KILL","is_daily":false,"chose_seed":false,"campfire_upgraded":7,"win_rate":0.0,"timestamp":1612880716,"path_taken":["M","$","?","?","?","R","E","R","T","E","$","E","M","M","R","BOSS","M","M","M","?","?","R","?","R","T","R","M","R","E","$","R","BOSS","M","?","M","M","?","E","R","E","T","?","M","E","?","$","R","BOSS","R","$","E","BOSS"],"items_purchased_type":["Card","Relic","Relic","Relic","Card","Potion"],"build_version":"2020-12-22","purchased_purges":2,"victory":true,"max_hp_per_floor":[75,75,75,75,75,75,75,75,75,75,75,75,75,75,75,75,75,75,75,75,75,75,75,75,75,75,75,75,75,75,75,75,75,75,75,75,75,75,85,85,85,85,85,85,85,85,85,85,85,85,85,85,85,85,85],"card_choices":[{"not_picked":["Consume","Gash"],"picked":"Ball Lightning","floor":1.0},{"not_picked":["Streamline","Turbo","Undo"],"picked":"SKIP","floor":3.0},{"not_picked":["Blizzard","Hello World"],"picked":"Static Discharge","floor":7.0},{"not_picked":["Aggregate","Doom and Gloom"],"picked":"Gash","floor":10.0},{"not_picked":["Streamline","Glacier"],"picked":"Echo Form+1","floor":12.0},{"not_picked":["Turbo","Ball Lightning","Compile Driver"],"picked":"SKIP","floor":13.0},{"not_picked":["Cold Snap","Steam"],"picked":"Force Field","floor":14.0},{"not_picked":["Multi-Cast","Meteor Strike"],"picked":"Reboot","floor":16.0},{"not_picked":["Rebound+1","Sweeping Beam"],"picked":"Go for the Eyes","floor":18.0},{"not_picked":["Beam Cell","Barrage"],"picked":"Loop+1","floor":19.0},{"not_picked":["Storm+1","Leap"],"picked":"Heatsinks+1","floor":20.0},{"not_picked":["Sunder","Streamline+1"],"picked":"Force Field","floor":21.0},{"not_picked":["Turbo","Redo"],"picked":"Hello World+1","floor":24.0},{"not_picked":["Stack","Scrape","Streamline+1"],"picked":"SKIP","floor":28.0},{"not_picked":["Streamline+1","Hyperbeam","Consume"],"picked":"SKIP","floor":30.0},{"not_picked":["Amplify","Multi-Cast"],"picked":"Reboot","floor":33.0},{"not_picked":["Consume","Streamline+1","Beam Cell"],"picked":"SKIP","floor":35.0},{"not_picked":["Go for the Eyes+1","Turbo+1"],"picked":"Glacier","floor":37.0},{"not_picked":["Streamline","Consume+1"],"picked":"Hologram+1","floor":38.0},{"not_picked":["Leap+1","Coolheaded+1"],"picked":"Hello World+1","floor":40.0},{"not_picked":["Leap+1","Beam Cell","Genetic Algorithm"],"picked":"SKIP","floor":42.0},{"not_picked":["Sunder+1","Go for the Eyes+1","Rebound"],"picked":"SKIP","floor":44},{"not_picked":["Go for the Eyes","Barrage+1","Consume+1"],"picked":"SKIP","floor":45},{"not_picked":["Steam Power+1","Thunder Strike","Coolheaded"],"picked":"SKIP","floor":46},{"not_picked":["Self Repair+1","Lockon"],"picked":"Capacitor+1","floor":54}],"player_experience":923546,"relics_obtained":[{"floor":7.0,"key":"Bird Faced Urn"},{"floor":9.0,"key":"Frozen Egg 2"},{"floor":10.0,"key":"Torii"},{"floor":12.0,"key":"InkBottle"},{"floor":21.0,"key":"Red Mask"},{"floor":26.0,"key":"TungstenRod"},{"floor":30.0,"key":"Boot"},{"floor":40.0,"key":"Bag of Marbles"},{"floor":42.0,"key":"MealTicket"},{"floor":46,"key":"Centennial Puzzle"},{"floor":54,"key":"Lantern"}],"event_choices":[{"damage_healed":0.0,"max_hp_gain":0.0,"max_hp_loss":0.0,"gold_gain":0.0,"event_name":"Shining Light","player_choice":"Entered Light","floor":4.0,"gold_loss":0.0,"damage_taken":15.0,"cards_upgraded":["Ball Lightning","Strike_B"]},{"damage_healed":0.0,"max_hp_gain":0.0,"max_hp_loss":0.0,"gold_gain":0.0,"event_name":"The Cleric","player_choice":"Leave","floor":5.0,"gold_loss":0.0,"damage_taken":0.0},{"damage_healed":0.0,"max_hp_gain":0.0,"max_hp_loss":0.0,"gold_gain":0.0,"event_name":"Masked Bandits","player_choice":"Fought Bandits","floor":21.0,"gold_loss":0.0,"damage_taken":0.0},{"damage_healed":0.0,"max_hp_gain":0.0,"max_hp_loss":0.0,"gold_gain":0.0,"event_name":"Beggar","player_choice":"Ignored","floor":22.0,"gold_loss":0.0,"damage_taken":0.0},{"damage_healed":0.0,"max_hp_gain":0.0,"max_hp_loss":0.0,"gold_gain":222.0,"event_name":"Tomb of Lord Red Mask","player_choice":"Wore Mask","floor":36.0,"gold_loss":0.0,"damage_taken":0.0},{"cards_removed":["Biased Cognition"],"damage_healed":26.0,"max_hp_gain":10.0,"max_hp_loss":0.0,"gold_gain":0.0,"event_name":"Bonfire Elementals","player_choice":"Offered Rare","floor":39.0,"gold_loss":0.0,"damage_taken":0.0},{"cards_removed":["Static Discharge"],"damage_healed":0,"gold_gain":0,"player_choice":"Removed Power","damage_taken":0,"max_hp_gain":0,"max_hp_loss":0,"event_name":"Falling","floor":47,"gold_loss":0}],"is_beta":false,"boss_relics":[{"not_picked":["Fusion Hammer","Empty Cage"],"picked":"SlaversCollar"},{"not_picked":["SacredBark","Sozu"],"picked":"Astrolabe"}],"items_purged_floors":[11,48],"is_endless":false,"potions_floor_spawned":[1,3,13,19,20,28,30,33,37,38,44],"ascension_level":1}}