{"host":"4g8vayc9pwrwu92h","time":1612843484,"event":{"mods":["Aspiration","BaseMod","Conspire","Downfall","Marked Mod","Minty Spire (QoL Compilation)","Quick Restart","StSLib","The Jungle"],"gold_per_floor":[112,122,122,122,47,47,76,76,76,76,76],"floor_reached":10,"language":"ZHS","playtime":214,"items_purged":["Regret"],"score":102,"play_id":"97930b50-7d77-4400-9281-6e43ae18d4b6","local_time":"20210209120444","is_ascension_mode":true,"campfire_choices":[{"floor":6,"key":"RECALL"}],"circlet_count":0,"master_deck":["Strike_P","Strike_P","Strike_P","Strike_P","Defend_P","Defend_P","Defend_P","Defend_P","Eruption","Vigilance","Fasting2","Injury"],"relics":["PureWater","NeowsBlessing","conspire:Flyswatter","Molten Egg 2","PreservedInsect","GremlinMask","aspiration:StickyExplosives_weak"],"acts_visited":["Exordium"],"potions_floor_usage":[],"damage_taken":[{"damage":0,"enemies":"2 Louse","floor":1,"turns":1},{"damage":0,"enemies":"Small Slimes","floor":2,"turns":2},{"damage":0,"enemies":"Gremlin Nob","floor":7,"turns":1},{"damage":0,"enemies":"3 Sentries","floor":10,"turns":2}],"seed_played":"-2022394545297515158","potions_obtained":[{"floor":7,"key":"conspire:TimeTravelPotion"}],"is_trial":false,"path_per_floor":["M","M","?","?","$","R","E","?","T","E"],"character_chosen":"WATCHER","items_purchased":[],"campfire_rested":0,"item_purchase_floors":[],"current_hp_per_floor":[72,72,72,72,72,72,72,72,72,72,72],"gold":76,"neow_bonus":"THREE_ENEMY_KILL","is_daily":false,"chose_seed":false,"campfire_upgraded":0,"win_rate":0.0,"timestamp":1612843484,"path_taken":["M","M","?","?","$","R","E","?","T","E"],"items_purchased_type":[],"build_version":"2020-12-22","purchased_purges":1,"victory":false,"max_hp_per_floor":[72,72,72,72,72,72,72,72,72,72,72],"card_choices":[{"not_picked":["Consecrate","MarkedMod:Acupuncture"],"picked":"Fasting2","floor":1},{"not_picked":["MarkedMod:OneThousandNeedles","EmptyFist","CrushJoints"],"picked":"SKIP","floor":2},{"not_picked":["Halt","ClearTheMind","DeceiveReality"],"picked":"SKIP","floor":7}],"player_experience":438069,"relics_obtained":[{"floor":7,"key":"PreservedInsect"},{"floor":9,"key":"aspiration:StickyExplosives_weak"}],"event_choices":[{"damage_healed":0,"gold_gain":0,"player_choice":"Box","damage_taken":0,"relics_obtained":["conspire:Flyswatter"],"max_hp_gain":0,"max_hp_loss":0,"event_name":"Big Fish","floor":3,"gold_loss":0,"cards_obtained":["Regret"]},{"damage_healed":0,"gold_gain":0,"player_choice":"Trade","damage_taken":0,"relics_obtained":["GremlinMask"],"max_hp_gain":0,"max_hp_loss":0,"event_name":"FaceTrader","floor":8,"gold_loss":0}],"is_beta":false,"boss_relics":[],"items_purged_floors":[5],"is_endless":false,"potions_floor_spawned":[7],"killed_by":"3 Sentries","ascension_level":3}}