{"host":"a1eatafr7pisesky","time":1612860813,"event":{"mods":["AchievementEnabler","BaseMod","Colored Map","Keyboard Shortcuts","Minty Spire (QoL Compilation)","Say the Spire","StSLib","SuperFastMode","everything is the same but u backflip on backflip"],"gold_per_floor":[119,138,23,34,184,184,214,214,263,292,292,304,204,218,218,297,297,310,323,323,238,34,65,65,17,17,17,31,31,31,31],"floor_reached":30,"language":"KOR","playtime":529,"items_purged":["Strike_G","Defend_G","Shame"],"score":473,"play_id":"c63204ef-98d1-430e-81f9-20078f80bc47","local_time":"20210209175333","is_ascension_mode":true,"campfire_choices":[{"data":"Accuracy","floor":6.0,"key":"SMITH"},{"data":"Blade Dance","floor":8.0,"key":"SMITH"},{"data":"Blade Dance","floor":15.0,"key":"SMITH"}],"circlet_count":0,"master_deck":["AscendersBane","Strike_G","Defend_G","Defend_G","Defend_G+1","Defend_G","Survivor","Neutralize","Blade Dance+1","Backflip+1","Accuracy+1","Infinite Blades","Blade Dance+1","Footwork","Backflip","Storm of Steel","Choke+1","Malaise+1","Blur","Finisher","PiercingWail","Dash"],"relics":["Ring of the Snake","NeowsBlessing","Tiny Chest","War Paint","Darkstone Periapt","Astrolabe","Bag of Marbles","HornCleat","Pear","Strawberry"],"acts_visited":["Exordium","TheCity"],"potions_floor_usage":[19,23],"damage_taken":[{"damage":0.0,"enemies":"Cultist","floor":1.0,"turns":1.0},{"damage":0.0,"enemies":"Jaw Worm","floor":2.0,"turns":1.0},{"damage":0.0,"enemies":"Small Slimes","floor":4.0,"turns":1.0},{"damage":22.0,"enemies":"Lagavulin","floor":7.0,"turns":7.0},{"damage":10.0,"enemies":"Gremlin Nob","floor":10.0,"turns":3.0},{"damage":5.0,"enemies":"Exordium Thugs","floor":12.0,"turns":4.0},{"damage":8.0,"enemies":"2 Fungi Beasts","floor":14.0,"turns":4.0},{"damage":19.0,"enemies":"Hexaghost","floor":16.0,"turns":7.0},{"damage":2,"enemies":"3 Byrds","floor":18,"turns":6},{"damage":6,"enemies":"2 Thieves","floor":19,"turns":4},{"damage":24,"enemies":"Book of Stabbing","floor":23,"turns":4},{"damage":20,"enemies":"Snake Plant","floor":28,"turns":9},{"damage":6,"enemies":"Sentry and Sphere","floor":30,"turns":3}],"seed_played":"5872402537557941388","potions_obtained":[{"floor":4.0,"key":"LiquidBronze"},{"floor":10.0,"key":"SkillPotion"},{"floor":14.0,"key":"Energy Potion"},{"floor":18,"key":"ColorlessPotion"},{"floor":28,"key":"Dexterity Potion"}],"is_trial":false,"path_per_floor":["M","M","$","M","?","R","E","R","T","E","?","M","$","M","R","B",null,"M","M","?","?","$","E","T","$","T","$","M","?","M"],"character_chosen":"THE_SILENT","items_purchased":["Accuracy","Finisher","PiercingWail"],"campfire_rested":0,"item_purchase_floors":[3,22,25],"current_hp_per_floor":[59,59,59,59,59,59,37,37,37,27,49,44,44,36,36,17,60,58,52,32,32,32,8,18,18,25,25,5,5,0,0],"gold":31,"neow_bonus":"THREE_ENEMY_KILL","is_daily":false,"chose_seed":false,"campfire_upgraded":3,"win_rate":0.0,"timestamp":1612860813,"path_taken":["M","?","$","M","?","R","E","R","T","E","?","M","$","M","R","BOSS","BOSS","M","M","?","?","$","E","?","?","T","$","M","?","?"],"items_purchased_type":["Card","Card","Card"],"build_version":"2020-12-22","purchased_purges":3,"victory":false,"max_hp_per_floor":[66,66,66,66,66,66,66,66,66,66,66,66,66,66,66,66,72,72,72,77,77,77,77,87,87,94,94,94,94,94,94],"card_choices":[{"not_picked":["Sucker Punch","Masterful Stab"],"picked":"Blade Dance","floor":1.0},{"not_picked":["Dagger Throw","Prepared"],"picked":"Backflip","floor":2.0},{"not_picked":["Sucker Punch","Dagger Throw"],"picked":"Infinite Blades","floor":4.0},{"not_picked":["Slice","Blur"],"picked":"Blade Dance","floor":7.0},{"not_picked":["Setup","Bane"],"picked":"Footwork","floor":10.0},{"not_picked":["Blur","Infinite Blades"],"picked":"Backflip","floor":12.0},{"not_picked":["Distraction","Tools of the Trade","Bane"],"picked":"SKIP","floor":14.0},{"not_picked":["Doppelganger","Malaise"],"picked":"Storm of Steel","floor":16.0},{"not_picked":["Noxious Fumes","Slice"],"picked":"Blur","floor":18},{"not_picked":["Sucker Punch","Bane","Reflex+1"],"picked":"SKIP","floor":19},{"not_picked":["Expertise","Blur","Flying Knee"],"picked":"SKIP","floor":23},{"not_picked":["Sucker Punch+1","Flying Knee"],"picked":"Dash","floor":28}],"player_experience":431803,"relics_obtained":[{"floor":7.0,"key":"Tiny Chest"},{"floor":9.0,"key":"War Paint"},{"floor":10.0,"key":"Darkstone Periapt"},{"floor":23,"key":"HornCleat"},{"floor":24,"key":"Pear"},{"floor":26,"key":"Strawberry"}],"event_choices":[{"damage_healed":0.0,"max_hp_gain":0.0,"max_hp_loss":0.0,"gold_gain":150.0,"event_name":"Liars Game","player_choice":"AGREE","floor":5.0,"gold_loss":0.0,"damage_taken":0.0,"cards_obtained":["Doubt"]},{"damage_healed":22.0,"max_hp_gain":0.0,"max_hp_loss":0.0,"gold_gain":0.0,"event_name":"Big Fish","player_choice":"Banana","floor":11.0,"gold_loss":0.0,"damage_taken":0.0},{"damage_healed":0,"gold_gain":0,"player_choice":"Shed Blood","damage_taken":25,"max_hp_gain":5,"max_hp_loss":0,"event_name":"Forgotten Altar","floor":20,"gold_loss":0},{"damage_healed":0,"gold_gain":0,"player_choice":"Obtained Relic","damage_taken":0,"relics_obtained":["Bag of Marbles"],"max_hp_gain":0,"max_hp_loss":0,"event_name":"Addict","floor":21,"gold_loss":85},{"cards_removed":["Strike_G"],"damage_healed":0,"gold_gain":0,"player_choice":"Elegance","damage_taken":0,"max_hp_gain":0,"max_hp_loss":0,"event_name":"Back to Basics","floor":29,"gold_loss":0}],"is_beta":false,"boss_relics":[{"not_picked":["Calling Bell","Pandora\u0027s Box"],"picked":"Astrolabe"}],"items_purged_floors":[3,13,22],"is_endless":false,"potions_floor_spawned":[4,10,14,18,28],"killed_by":"Sentry and Sphere","ascension_level":15}}