{"host":"zjnmjbs15rdpqnz9","time":1612844125,"event":{"mods":["BaseMod","Downfall","Minty Spire (QoL Compilation)","StSLib"],"gold_per_floor":[99,119,129,142,158,158,158,158,171,171,271,291,291,316,333,431,431,431,447,465,482,501,501,501,518,518,130,160,160,110,95,113,113,113,113],"floor_reached":33,"language":"ENG","playtime":2505,"items_purged":["Injury"],"score":296,"play_id":"373ea256-62b0-4eca-9c35-76f7a41a613f","local_time":"20210208211525","is_ascension_mode":false,"campfire_choices":[{"data":"bronze:Optimize","floor":1.0,"key":"SMITH"},{"data":"bronze:Goto","floor":6.0,"key":"SMITH"},{"data":"bronze:OilSpill","floor":8.0,"key":"SMITH"},{"data":"bronze:Boost","floor":10.0,"key":"SMITH"},{"data":"bronze:Assembly","floor":18.0,"key":"SMITH"},{"data":"bronze:ClassDefault","floor":26.0,"key":"SMITH"},{"data":"bronze:AlphaBuild","floor":29.0,"key":"SMITH"}],"circlet_count":0,"master_deck":["bronze:Goto+1","bronze:Optimize+1","bronze:NullPointer","bronze:OilSpill+1","bronze:Boost+1","bronze:Overheat","bronze:FindAndReplace+1","bronze:Turbo+1","bronze:Assembly+1","bronze:Allocate","bronze:Invalidate","bronze:Separator","bronze:WhirlingStrike","bronze:OilSpill","bronze:Shell","bronze:Fortify","bronze:Frontload","bronze:Format","bronze:ClassDefault+1","bronze:AlphaBuild+1","bronze:Iterate"],"relics":["bronze:BronzeCore","Lantern","StrikeDummy","Pandora\u0027s Box","Eternal Feather","Gambling Chip","War Paint"],"acts_visited":["Exordium","TheCity"],"potions_floor_usage":[],"damage_taken":[{"damage":7.0,"enemies":"Small Slimes","floor":2.0,"turns":4.0},{"damage":4.0,"enemies":"Cultist","floor":3.0,"turns":4.0},{"damage":3.0,"enemies":"Jaw Worm","floor":4.0,"turns":4.0},{"damage":10.0,"enemies":"Exordium Thugs","floor":5.0,"turns":6.0},{"damage":0.0,"enemies":"Blue Slaver","floor":9.0,"turns":3.0},{"damage":3.0,"enemies":"2 Fungi Beasts","floor":12.0,"turns":3.0},{"damage":0.0,"enemies":"Lagavulin","floor":14.0,"turns":3.0},{"damage":0.0,"enemies":"3 Louse","floor":15.0,"turns":3.0},{"damage":35.0,"enemies":"DF_ARCHETYPE_STREAMLINE","floor":16.0,"turns":8.0},{"damage":10.0,"enemies":"Chosen","floor":19.0,"turns":3.0},{"damage":0.0,"enemies":"Chosen and Byrds","floor":20.0,"turns":5.0},{"damage":2.0,"enemies":"Centurion and Healer","floor":21.0,"turns":3.0},{"damage":2.0,"enemies":"Sentry and Sphere","floor":22.0,"turns":5.0},{"damage":14.0,"enemies":"Chosen and Byrds","floor":25.0,"turns":4.0},{"damage":0.0,"enemies":"downfall:FleeingMerchant","floor":27.0,"turns":4.0},{"damage":21.0,"enemies":"Book of Stabbing","floor":28.0,"turns":5.0},{"damage":7.0,"enemies":"downfall:FleeingMerchant","floor":31.0,"turns":4.0},{"damage":15.0,"enemies":"Snecko","floor":32.0,"turns":3.0},{"damage":56,"enemies":"SI_MIRROR_ARCHETYPE","floor":33,"turns":4}],"seed_played":"467699915838402792","potions_obtained":[{"floor":2.0,"key":"Dexterity Potion"},{"floor":4.0,"key":"GamblersBrew"},{"floor":9.0,"key":"SteroidPotion"},{"floor":22.0,"key":"Fruit Juice"},{"floor":28.0,"key":"SteroidPotion"},{"floor":32.0,"key":"BlessingOfTheForge"}],"is_trial":false,"path_per_floor":["R","M","M","M","M","R","T","R","M","R","?","M","?","E","M","B",null,"R","M","M","M","M","?","T","M","R","$","E","R","?","$","M","B"],"character_chosen":"THE_AUTOMATON","items_purchased":["Gambling Chip"],"campfire_rested":0,"item_purchase_floors":[27],"current_hp_per_floor":[70,63,59,56,46,46,46,46,46,46,46,43,43,43,43,8,70,70,60,60,58,56,56,56,42,54,54,33,45,70,63,53,0,0,0],"gold":113,"neow_bonus":"THREE_CARDS","is_daily":false,"chose_seed":false,"campfire_upgraded":7,"win_rate":0.0,"timestamp":1612844125,"path_taken":["R","M","M","M","M","R","T","R","M","R","?","?","?","E","M","BOSS","R","M","M","M","M","?","T","M","R","?","E","R","?","$","M","BOSS"],"items_purchased_type":["Relic"],"build_version":"2020-12-22","purchased_purges":1,"victory":false,"max_hp_per_floor":[70,70,70,70,70,70,70,70,70,70,70,70,70,70,70,70,70,70,70,70,70,70,70,70,70,70,70,70,70,70,70,75,75,75,75],"card_choices":[{"not_picked":["bronze:Constructor","bronze:OilSpill"],"picked":"bronze:Optimize","floor":0.0},{"not_picked":["bronze:ForceShield","bronze:BugBarrage"],"picked":"bronze:NullPointer","floor":2.0},{"not_picked":["bronze:Optimize","bronze:BitShift","bronze:ForLoop"],"picked":"SKIP","floor":3.0},{"not_picked":["bronze:DelayedSlice","bronze:FineTuning"],"picked":"bronze:OilSpill","floor":4.0},{"not_picked":["bronze:DelayedSlice","bronze:BugBarrage"],"picked":"bronze:Boost","floor":5.0},{"not_picked":["bronze:BurnOut","bronze:Overload","bronze:BuggyMess"],"picked":"SKIP","floor":9.0},{"not_picked":["bronze:ForceShield","bronze:Turbo"],"picked":"bronze:Overheat","floor":12.0},{"not_picked":["bronze:ItsAFeature","bronze:Iterate"],"picked":"bronze:FindAndReplace","floor":14.0},{"not_picked":["bronze:Flail","bronze:Philosophize"],"picked":"bronze:Turbo","floor":15.0},{"not_picked":["bronze:RecursiveStrike","bronze:HardenedForm"],"picked":"bronze:Assembly","floor":16.0},{"not_picked":["bronze:Terminator","bronze:WildBeam"],"picked":"bronze:Shell","floor":19.0},{"not_picked":["bronze:Separator","bronze:DelayedGuard","bronze:Invalidate"],"picked":"SKIP","floor":20.0},{"not_picked":["bronze:ItsAFeature","bronze:Constructor"],"picked":"bronze:Fortify","floor":21.0},{"not_picked":["bronze:ThunderWave","bronze:Invalidate"],"picked":"bronze:Frontload","floor":22.0},{"not_picked":["bronze:Shield","bronze:Safeguard+1","bronze:ClassDefault"],"picked":"SKIP","floor":25.0},{"not_picked":["bronze:Shield","bronze:Safeguard+1"],"picked":"bronze:ClassDefault","floor":25.0},{"not_picked":["bronze:Turbo","bronze:Return","bronze:BitShift"],"picked":"SKIP","floor":27.0},{"not_picked":["bronze:Flail","bronze:BitShift+1"],"picked":"bronze:AlphaBuild","floor":28.0},{"not_picked":["bronze:Constructor","bronze:ItsAFeature"],"picked":"bronze:Iterate","floor":31.0},{"not_picked":["bronze:Backtrace","bronze:CutThrough","bronze:FineTuning+1"],"picked":"SKIP","floor":32.0}],"player_experience":902522,"relics_obtained":[{"floor":7.0,"key":"Lantern"},{"floor":14.0,"key":"StrikeDummy"},{"floor":24.0,"key":"Eternal Feather"},{"floor":28.0,"key":"War Paint"}],"event_choices":[],"is_beta":false,"boss_relics":[{"not_picked":["SlaversCollar","Cursed Key"],"picked":"Pandora\u0027s Box"}],"items_purged_floors":[27],"is_endless":false,"potions_floor_spawned":[2,4,9,16,19,22,28,32],"killed_by":"SI_MIRROR_ARCHETYPE","ascension_level":0}}