{"host":"yhhyog5h1q67ienp","time":1612897197,"event":{"mods":["AchievementEnabler","BaseMod","Block Reminder","Colored Map","Colored Powertips","Minty Spire (QoL Compilation)","Quick Restart","Relic Stats","StSLib","ojb\u0027s Better Paths Mod","ojb\u0027s Info Mod"],"gold_per_floor":[110,110,129,147,160,160,172,198,222,222,15,15,46,66,66,137,137,154,170,170,170,170,201,201,227,227,227,227,227,41,55,55,55,55],"floor_reached":33,"language":"ENG","playtime":2583,"items_purged":["Strike_B+1"],"score":632,"play_id":"dca5ba88-d18f-426e-b873-c3817a35999a","local_time":"20210209155957","is_ascension_mode":true,"campfire_choices":[{"data":"Hyperbeam","floor":6.0,"key":"SMITH"},{"data":"Lockon","floor":10.0,"key":"SMITH"},{"floor":12.0,"key":"REST"},{"data":"Coolheaded","floor":15,"key":"SMITH"},{"data":"Biased Cognition","floor":24,"key":"SMITH"},{"floor":27,"key":"REST"},{"data":"Capacitor","floor":32,"key":"SMITH"}],"circlet_count":0,"master_deck":["AscendersBane","Strike_B+1","Strike_B+1","Strike_B+1","Defend_B+1","Defend_B+1","Defend_B+1","Defend_B+1","Zap","Dualcast","Hyperbeam+1","Sweeping Beam","Coolheaded+1","Doom and Gloom","FTL","Cold Snap","Lockon+1","BootSequence","Sweeping Beam","Leap","Biased Cognition+1","BootSequence","Consume","Ghostly","Ghostly","Ghostly","Go for the Eyes","Compile Driver","Capacitor+1","Coolheaded"],"relics":["Cracked Core","Symbiotic Virus","Boot","Orichalcum","Centennial Puzzle","Odd Mushroom","Nuclear Battery","Enchiridion","PreservedInsect","Calipers","Akabeko"],"acts_visited":["Exordium","TheCity"],"potions_floor_usage":[19,19,25,33,33],"damage_taken":[{"damage":5.0,"enemies":"2 Louse","floor":1.0,"turns":2.0},{"damage":12.0,"enemies":"Jaw Worm","floor":3.0,"turns":2.0},{"damage":3.0,"enemies":"Small Slimes","floor":4.0,"turns":2.0},{"damage":0.0,"enemies":"2 Fungi Beasts","floor":5.0,"turns":2.0},{"damage":14.0,"enemies":"Large Slime","floor":7.0,"turns":4.0},{"damage":0.0,"enemies":"Gremlin Nob","floor":8.0,"turns":2.0},{"damage":4.0,"enemies":"3 Sentries","floor":13.0,"turns":4.0},{"damage":1.0,"enemies":"The Mushroom Lair","floor":14.0,"turns":3.0},{"damage":21,"enemies":"Hexaghost","floor":16,"turns":9},{"damage":4,"enemies":"Chosen","floor":18,"turns":4},{"damage":0,"enemies":"2 Thieves","floor":19,"turns":3},{"damage":16,"enemies":"Gremlin Leader","floor":23,"turns":7},{"damage":12,"enemies":"Book of Stabbing","floor":25,"turns":6},{"damage":0,"enemies":"3 Cultists","floor":31,"turns":3},{"damage":17,"enemies":"Collector","floor":33,"turns":9}],"seed_played":"-1084500660982092157","potions_obtained":[{"floor":1.0,"key":"DuplicationPotion"},{"floor":4.0,"key":"Weak Potion"},{"floor":7.0,"key":"AttackPotion"},{"floor":14.0,"key":"Swift Potion"},{"floor":23,"key":"EssenceOfSteel"}],"is_trial":false,"path_per_floor":["M","?","M","M","M","R","M","E","T","R","$","R","E","?","R","B",null,"M","M","?","?","?","E","R","E","T","R","?","?","$","M","R","B"],"character_chosen":"DEFECT","items_purchased":["Orichalcum","BootSequence","FocusPotion","FocusPotion"],"campfire_rested":2,"item_purchase_floors":[11,11,30,30],"current_hp_per_floor":[59,64,52,49,49,49,35,35,35,35,35,55,51,50,50,29,59,55,55,34,34,34,18,18,6,6,16,16,16,16,16,16,0,0],"gold":55,"neow_bonus":"THREE_RARE_CARDS","is_daily":false,"chose_seed":false,"campfire_upgraded":5,"win_rate":0.0,"timestamp":1612897197,"path_taken":["M","?","M","M","M","R","M","E","T","R","$","R","E","?","R","BOSS","M","M","?","?","?","E","R","E","T","R","?","?","?","?","R","BOSS"],"items_purchased_type":["Relic","Card","Potion","Potion"],"build_version":"2020-12-22","purchased_purges":1,"victory":false,"max_hp_per_floor":[64,69,69,69,69,69,69,69,69,69,69,69,69,69,69,69,69,69,69,69,69,34,34,34,34,34,34,34,34,34,34,34,34,34],"relic_stats":{"Centennial Puzzle":[15],"counters":[15,62],"PreservedInsect":43,"Orichalcum":[114],"Boot":[18],"obtain_stats":[{"Centennial Puzzle":13,"Calipers":25,"Enchiridion":20,"PreservedInsect":23,"Orichalcum":11,"Odd Mushroom":14,"Cracked Core":0,"Symbiotic Virus":8,"Boot":9,"Akabeko":26,"Nuclear Battery":17},{"Centennial Puzzle":7,"Calipers":13,"Enchiridion":11,"PreservedInsect":12,"Orichalcum":6,"Odd Mushroom":8,"Cracked Core":0,"Symbiotic Virus":6,"Boot":6,"Akabeko":13,"Nuclear Battery":9},{"Centennial Puzzle":18,"Calipers":50,"Enchiridion":37,"PreservedInsect":44,"Orichalcum":14,"Odd Mushroom":21,"Cracked Core":0,"Symbiotic Virus":14,"Boot":14,"Akabeko":50,"Nuclear Battery":30}]},"card_choices":[{"not_picked":["Reboot","Core Surge"],"picked":"Hyperbeam","floor":0.0},{"not_picked":["Melter","Coolheaded"],"picked":"Sweeping Beam","floor":1.0},{"not_picked":["Compile Driver","Hello World"],"picked":"Coolheaded","floor":3.0},{"not_picked":["White Noise","Go for the Eyes"],"picked":"Doom and Gloom","floor":4.0},{"not_picked":["Chill","Fusion"],"picked":"FTL","floor":5.0},{"not_picked":["Rebound","Double Energy"],"picked":"Cold Snap","floor":7.0},{"not_picked":["Blizzard","Heatsinks"],"picked":"Lockon","floor":8.0},{"not_picked":["Multi-Cast","Heatsinks"],"picked":"Sweeping Beam","floor":13.0},{"not_picked":["Beam Cell","Barrage"],"picked":"Leap","floor":14.0},{"not_picked":["Hyperbeam","Reboot"],"picked":"Biased Cognition","floor":16},{"not_picked":["Aggregate","Beam Cell+1"],"picked":"BootSequence","floor":18},{"not_picked":["Leap","Coolheaded"],"picked":"Consume","floor":19},{"not_picked":["Stack","Gash"],"picked":"Go for the Eyes","floor":23},{"not_picked":["Darkness","Gash"],"picked":"Compile Driver","floor":25},{"not_picked":["Turbo","Go for the Eyes"],"picked":"Coolheaded","floor":31}],"player_experience":1438088,"relics_obtained":[{"floor":8.0,"key":"Symbiotic Virus"},{"floor":9.0,"key":"Boot"},{"floor":13.0,"key":"Centennial Puzzle"},{"floor":14.0,"key":"Odd Mushroom"},{"floor":20,"key":"Enchiridion"},{"floor":23,"key":"PreservedInsect"},{"floor":25,"key":"Calipers"},{"floor":26,"key":"Akabeko"}],"event_choices":[{"damage_healed":0.0,"max_hp_gain":5.0,"max_hp_loss":0.0,"gold_gain":0.0,"event_name":"Big Fish","player_choice":"Donut","floor":2.0,"gold_loss":0.0,"damage_taken":0.0},{"damage_healed":0.0,"max_hp_gain":0.0,"max_hp_loss":0.0,"gold_gain":0.0,"event_name":"Mushrooms","player_choice":"Fought Mushrooms","floor":14.0,"gold_loss":0.0,"damage_taken":0.0},{"damage_healed":0,"gold_gain":0,"player_choice":"Obtained Book","damage_taken":21,"max_hp_gain":0,"max_hp_loss":0,"event_name":"Cursed Tome","floor":20,"gold_loss":0},{"damage_healed":0,"gold_gain":0,"player_choice":"Simplicity","damage_taken":0,"max_hp_gain":0,"max_hp_loss":0,"event_name":"Back to Basics","floor":21,"gold_loss":0,"cards_upgraded":["Strike_B","Strike_B","Strike_B","Strike_B","Defend_B","Defend_B","Defend_B","Defend_B"]},{"damage_healed":0,"gold_gain":0,"player_choice":"Became a Ghost","damage_taken":0,"max_hp_gain":0,"max_hp_loss":35,"event_name":"Ghosts","floor":22,"gold_loss":0,"cards_obtained":["Ghostly","Ghostly","Ghostly"]},{"damage_healed":0,"gold_gain":0,"player_choice":"Ignored","damage_taken":0,"max_hp_gain":0,"max_hp_loss":0,"event_name":"The Mausoleum","floor":28,"gold_loss":0},{"damage_healed":0,"gold_gain":0,"player_choice":"Read","damage_taken":0,"max_hp_gain":0,"max_hp_loss":0,"event_name":"The Library","floor":29,"gold_loss":0,"cards_obtained":["Capacitor"]}],"is_beta":false,"boss_relics":[{"not_picked":["Sozu","Busted Crown"],"picked":"Nuclear Battery"}],"items_purged_floors":[30],"is_endless":false,"potions_floor_spawned":[1,4,7,14,18,23],"killed_by":"Collector","ascension_level":20}}