{"host":"0mk07bycsqo1qk03","time":1612883716,"event":{"mods":["BaseMod","Downfall","Hermit","Hubris","Minty Spire (QoL Compilation)","Reliquary","Replay The Spire","StSLib","The Cursed"],"gold_per_floor":[113,113,131,95,95,95,126,142,142,142,171,188,214,60,60,136,136,153,153,48,63,83,83,99,116,116,142,142,156,167,167,167,242,242,256,270,289,301,319,319,335,335,335,335,349,349,369,369,369,369],"floor_reached":51,"language":"ENG","playtime":2982,"items_purged":[],"score":1228,"play_id":"f15a19e7-e9c5-4e87-bdf3-55d4cd882353","local_time":"20210209161516","is_ascension_mode":true,"campfire_choices":[{"data":"Endless Agony","floor":6,"key":"SMITH"},{"data":"Neutralize","floor":10,"key":"SMITH"},{"floor":15,"key":"REST"},{"data":"Poison Darts","floor":23,"key":"SMITH"},{"floor":28,"key":"REST"},{"floor":32,"key":"REST"},{"floor":40,"key":"REST"},{"data":"Hidden Blade","floor":42,"key":"SMITH"},{"floor":44,"key":"REST"},{"data":"Adrenaline","floor":49,"key":"SMITH"}],"circlet_count":0,"master_deck":["AscendersBane","Strike_G","Strike_G","Strike_G","Strike_G","Defend_G","Defend_G","Defend_G","Defend_G","Defend_G","Survivor","Neutralize+1","ReplayTheSpireMod:The Works","Tactician","Acrobatics+1","Endless Agony+1","Heel Hook","Eviscerate","Poison Darts+1","Prepared","Doppelganger","Heel Hook","Escape Plan","Dagger Throw","Escape Plan","Hidden Blade+1","Sucker Punch","Shrug It Off","Adrenaline+1","CurseOfTheBell","Defy Death","Draining Mist+1","Escape Plan+1","Catalyst+1","Shrug It Off","Specialist","hubris:Insight","Shrug It Off"],"relics":["Ring of the Snake","NeowsBlessing","hubris:BundleOfHerbs","reliquary:Boomerang","Durian","Vajra","reliquary:BallBearing","Chemical X","Painkiller Herb","Nilry\u0027s Codex","Tingsha","hubris:DisguiseKit","Calling Bell","hubris:TenFootPole","Meat on the Bone","The Specimen","hexamod:BolsterEngine"],"acts_visited":["Exordium","TheCity","TheBeyond"],"potions_floor_usage":[16,16,22,27,50],"damage_taken":[{"damage":0,"enemies":"2 Louse","floor":1,"turns":1},{"damage":0,"enemies":"Jaw Worm","floor":3,"turns":1},{"damage":0,"enemies":"Replay:BlueRogue","floor":7,"turns":1},{"damage":6,"enemies":"Small Slimes","floor":8,"turns":4},{"damage":12,"enemies":"Lagavulin","floor":11,"turns":7},{"damage":13,"enemies":"3 Louse","floor":12,"turns":4},{"damage":27,"enemies":"3 Sentries","floor":13,"turns":8},{"damage":16,"enemies":"Fading Forest","floor":16,"turns":11},{"damage":7,"enemies":"Shell Parasite","floor":18,"turns":3},{"damage":0,"enemies":"Chosen","floor":21,"turns":2},{"damage":4,"enemies":"3 Cultists","floor":22,"turns":3},{"damage":5,"enemies":"Snake Plant","floor":24,"turns":4},{"damage":0,"enemies":"Cultist and Chosen","floor":25,"turns":4},{"damage":13,"enemies":"Book of Stabbing","floor":27,"turns":4},{"damage":5,"enemies":"Shelled Parasite and Fungi","floor":29,"turns":3},{"damage":2,"enemies":"Centurion and Healer","floor":30,"turns":3},{"damage":13,"enemies":"Champ","floor":33,"turns":7},{"damage":12,"enemies":"3 Darklings","floor":35,"turns":4},{"damage":1,"enemies":"Orb Walker","floor":36,"turns":3},{"damage":9,"enemies":"Sphere and 2 Shapes","floor":37,"turns":3},{"damage":3,"enemies":"Maw","floor":38,"turns":5},{"damage":28,"enemies":"Transient","floor":39,"turns":5},{"damage":11,"enemies":"3 Darklings","floor":41,"turns":5},{"damage":2,"enemies":"Sphere and 2 Shapes","floor":45,"turns":4},{"damage":0,"enemies":"Maw","floor":47,"turns":6},{"damage":118,"enemies":"Awakened One","floor":50,"turns":16}],"seed_played":"-7464197523854818078","potions_obtained":[{"floor":8,"key":"GamblersBrew"},{"floor":11,"key":"Guardian:BlockOnCardUsePotion"},{"floor":16,"key":"Adrenaline Potion"},{"floor":21,"key":"Poison Potion"},{"floor":24,"key":"SpeedPotion"},{"floor":30,"key":"Ancient Potion"},{"floor":35,"key":"PowerPotion"},{"floor":39,"key":"Guardian:BlockOnCardUsePotion"}],"is_trial":false,"path_per_floor":["M","?","M","$","?","R","E","M","T","R","E","M","E","$","R","B",null,"?","?","T","?","?","T","?","?","T","E","T","?","?","?","T","B",null,"?","?","?","?","?","T","?","T","T","T","?","?","?","?","T","B",null],"character_chosen":"THE_SILENT","items_purchased":["Acrobatics+1","Chemical X","Heel Hook","Escape Plan"],"campfire_rested":5,"item_purchase_floors":[4,14,20,20],"current_hp_per_floor":[59,52,52,52,52,52,52,52,57,57,62,49,22,22,43,27,60,53,37,37,37,33,33,28,28,28,15,36,31,29,29,50,58,68,56,55,46,43,27,48,37,37,37,58,56,54,54,54,54,65],"gold":369,"neow_bonus":"THREE_ENEMY_KILL","is_daily":false,"chose_seed":false,"campfire_upgraded":5,"win_rate":0.0,"timestamp":1612883716,"path_taken":["M","?","M","$","?","R","E","M","T","R","E","M","E","?","R","BOSS","?","?","T","?","?","T","?","?","T","E","T","?","?","?","T","BOSS","?","?","?","?","?","T","?","T","T","T","?","?","?","?","T","BOSS"],"items_purchased_type":["Card","Relic","Card","Card"],"build_version":"2020-12-22","purchased_purges":0,"victory":true,"max_hp_per_floor":[66,66,66,66,66,66,66,66,71,71,71,71,71,71,71,71,71,71,71,71,71,71,71,71,71,71,71,71,71,71,71,71,71,71,71,71,71,71,71,71,71,71,71,71,71,71,71,71,71,71],"card_choices":[{"not_picked":["Acrobatics","Cloak And Dagger"],"picked":"ReplayTheSpireMod:The Works","floor":1},{"not_picked":["Deadly Poison","Setup"],"picked":"Tactician","floor":3},{"not_picked":["Slice","Grand Finale"],"picked":"Heel Hook","floor":7},{"not_picked":["Blade Dance","Acrobatics"],"picked":"Eviscerate","floor":8},{"not_picked":["Footwork","Bane"],"picked":"Poison Darts","floor":11},{"not_picked":["ReplayTheSpireMod:Shiv Toss","Concentrate"],"picked":"Prepared","floor":12},{"not_picked":["Grand Finale","Bouncing Flask","Bane"],"picked":"SKIP","floor":13},{"not_picked":["Bullet Time","After Image"],"picked":"Doppelganger","floor":16},{"not_picked":["Dagger Spray","Bane","Blade Dance"],"picked":"SKIP","floor":18},{"not_picked":["Bane","ReplayTheSpireMod:Tripwire"],"picked":"Dagger Throw","floor":21},{"not_picked":["Backflip+1","Bane"],"picked":"Escape Plan","floor":22},{"not_picked":["Cloak And Dagger","Dagger Spray","Sucker Punch"],"picked":"SKIP","floor":24},{"not_picked":["Infinite Blades","Replay:Poison Smokescreen"],"picked":"Hidden Blade","floor":25},{"not_picked":["hubris:Counter","Envenom"],"picked":"Sucker Punch","floor":27},{"not_picked":["ReplayTheSpireMod:Scrap Shanks","Flechettes","Expertise","Anger"],"picked":"SKIP","floor":29},{"not_picked":["Replay:Poison Smokescreen","Caltrops","PiercingWail"],"picked":"Shrug It Off","floor":30},{"not_picked":["Corpse Explosion","Storm of Steel","Double Tap"],"picked":"Adrenaline","floor":33},{"not_picked":["Predator+1","Cloak And Dagger","Deflect"],"picked":"Defy Death","floor":35},{"not_picked":["Deflect","Blade Dance","Concentrate+1","Anger"],"picked":"SKIP","floor":36},{"not_picked":["Flechettes","Bane+1","Infernal Blade"],"picked":"Draining Mist+1","floor":37},{"not_picked":["Sucker Punch","Quick Slash","Shrug It Off"],"picked":"Escape Plan+1","floor":38},{"not_picked":["Unload","hubris:SlightOfHand","Wild Strike"],"picked":"Catalyst+1","floor":39},{"not_picked":["Flying Knee","Masterful Stab","Concentrate","Heavy Blade"],"picked":"SKIP","floor":41},{"not_picked":["Cloak And Dagger","Toxin Wave","Prepared"],"picked":"Shrug It Off","floor":45},{"not_picked":["ReplayTheSpireMod:Trickstab","Discovery"],"picked":"Specialist","floor":46},{"not_picked":["Poisoned Strike","Enlightenment"],"picked":"hubris:Insight","floor":46},{"not_picked":["Slice","Sucker Punch+1","Hidden Blade+1"],"picked":"Shrug It Off","floor":47}],"player_experience":1031978,"relics_obtained":[{"floor":7,"key":"reliquary:Boomerang"},{"floor":9,"key":"Durian"},{"floor":11,"key":"Vajra"},{"floor":13,"key":"reliquary:BallBearing"},{"floor":19,"key":"Nilry\u0027s Codex"},{"floor":26,"key":"Tingsha"},{"floor":27,"key":"hubris:DisguiseKit"},{"floor":34,"key":"hubris:TenFootPole"},{"floor":34,"key":"Meat on the Bone"},{"floor":34,"key":"The Specimen"},{"floor":43,"key":"hexamod:BolsterEngine"}],"event_choices":[{"damage_healed":0,"gold_gain":0,"player_choice":"Success","damage_taken":7,"relics_obtained":["hubris:BundleOfHerbs"],"max_hp_gain":0,"max_hp_loss":0,"event_name":"Scrap Ooze","floor":2,"gold_loss":0},{"damage_healed":0,"gold_gain":0,"player_choice":"Obtained Book","damage_taken":16,"max_hp_gain":0,"max_hp_loss":0,"event_name":"Cursed Tome","floor":19,"gold_loss":0},{"damage_healed":0,"gold_gain":0,"player_choice":"Memory 2","damage_taken":5,"max_hp_gain":0,"max_hp_loss":0,"event_name":"SensoryStone","floor":46,"gold_loss":0},{"cards_removed":["Strike_G"],"damage_healed":0,"gold_gain":0,"player_choice":"Removed Attack","damage_taken":0,"max_hp_gain":0,"max_hp_loss":0,"event_name":"Falling","floor":48,"gold_loss":0}],"is_beta":false,"boss_relics":[{"not_picked":["Runic Pyramid","WristBlade"],"picked":"Painkiller Herb"},{"not_picked":["Snecko Scales","hubris:HollowSoul"],"picked":"Calling Bell"}],"items_purged_floors":[],"is_endless":false,"potions_floor_spawned":[8,11,16,21,24,30,35,39,47],"ascension_level":14}}