{"host":"1sqx9dmsrxu9kvq7","time":1612832695,"event":{"mods":["2.2 Compatiblity","Act Like it!","BaseMod","Block Reminder","CapriCore","Chen","Colored Powertips","Custom Start","DeckTracker","Friendly Minions","Highlight Path","HololiveMod","KinomotoSakuraMod(木之本?)","Kiyohime（清?）","Koishi","Marisa（霧雨　魔理沙）","Minty Spire (QoL Compilation)","Prisma Mod","Quick Restart","Rare Cards Sparkle","Reimu（博??梦）","Relic Stats","Remilia（蕾米莉?）","Shop Mod","Spicy Shops","StSLib","Synergy Search","Td1madao Mod","The Administrix","The Alterego","The Blue Laboratory","The Immortal","The Servant 0.9.4","Waifu the Spire","WarShipGirlsR/??少女R mod","Yakumo Yukari mod","Yuyuko"],"gold_per_floor":[109,69,69,86,86,119,119,137,183,197,224,224,235,235,235,336,336,336,336],"floor_reached":17,"language":"ENG","playtime":954,"items_purged":[],"score":165,"play_id":"9f7be4f3-77b2-40af-bab5-85f4028d9101","local_time":"20210208190455","is_ascension_mode":false,"campfire_choices":[{"floor":7,"key":"RECALL"},{"floor":15,"key":"REST"}],"circlet_count":0,"master_deck":["MokouMod:Strike","MokouMod:Strike+1","MokouMod:Strike","MokouMod:Strike","MokouMod:Strike","MokouMod:Defend","MokouMod:Defend+1","MokouMod:Defend","MokouMod:Defend","MokouMod:HeatSpark","MokouMod:BurningDraft","MokouMod:AdaptivePyromancy","MokouMod:HeatTransfer","MokouMod:Fireball","MokouMod:Wildfire","MokouMod:FlareStarter","MokouMod:FlareStarter","MokouMod:ResonanceReactor","MokouMod:ResoluteFlare","MokouMod:TemporalFireSeal","MokouMod:Trailblazer","MokouMod:ScorchingColumn","MokouMod:PhoenixForm"],"relics":["MokouMod:PhoenixFeather","Mastiff:ReiMu","PaintedHorse:ReiMu","PreservedInsect","Matryoshka","Sozu"],"acts_visited":["Exordium","TheCity"],"potions_floor_usage":[],"damage_taken":[{"damage":0,"enemies":"2 Louse","floor":1,"turns":3},{"damage":0,"enemies":"Jaw Worm","floor":4,"turns":3},{"damage":29,"enemies":"Lagavulin","floor":6,"turns":7},{"damage":2,"enemies":"Small Slimes","floor":8,"turns":3},{"damage":5,"enemies":"Gremlin Gang","floor":10,"turns":3},{"damage":18,"enemies":"3 Sentries","floor":11,"turns":5},{"damage":19,"enemies":"Blue Slaver","floor":13,"turns":3},{"damage":37,"enemies":"Slime Boss","floor":16,"turns":12}],"seed_played":"-3264050179191273875","potions_obtained":[{"floor":1,"key":"ColorlessPotion"},{"floor":4,"key":"GrandPatriotsElixir:ReiMu"},{"floor":11,"key":"blueLaboratory:PolymorphPotion"}],"is_trial":false,"path_per_floor":["M","?","?","M","?","E","R","M","T","M","E","?","M","?","R","B",null],"character_chosen":"MKU","items_purchased":[],"campfire_rested":1,"item_purchase_floors":[],"current_hp_per_floor":[75,75,60,60,60,31,31,29,29,24,6,6,6,6,28,18,75,75,75],"gold":336,"neow_bonus":"RANDOM_COMMON_RELIC","is_daily":false,"chose_seed":false,"campfire_upgraded":0,"win_rate":0.0,"timestamp":1612832695,"path_taken":["M","?","?","?","?","E","R","M","T","M","E","?","M","?","R","BOSS"],"items_purchased_type":[],"build_version":"2020-12-22","purchased_purges":0,"victory":false,"max_hp_per_floor":[75,75,75,75,75,75,75,75,75,75,75,75,75,75,75,75,75,75,75],"relic_stats":{"Sozu":0,"counters":[8,39],"PreservedInsect":32,"obtain_stats":[{"Sozu":17,"Matryoshka":11,"Mastiff:ReiMu":0,"PaintedHorse:ReiMu":2,"MokouMod:PhoenixFeather":0,"PreservedInsect":6},{"Sozu":8,"Matryoshka":6,"Mastiff:ReiMu":0,"PaintedHorse:ReiMu":1,"MokouMod:PhoenixFeather":0,"PreservedInsect":3},{"Sozu":39,"Matryoshka":24,"Mastiff:ReiMu":0,"PaintedHorse:ReiMu":3,"MokouMod:PhoenixFeather":0,"PreservedInsect":13}]},"card_choices":[{"not_picked":["MokouMod:Fireball","MokouMod:Singe"],"picked":"MokouMod:BurningDraft","floor":1},{"not_picked":["MokouMod:Stoke","MokouMod:Meltdown"],"picked":"MokouMod:AdaptivePyromancy","floor":4},{"not_picked":["MokouMod:ThermalPressure","MokouMod:UncontrollableSolarReaction"],"picked":"MokouMod:ResonanceReactor","floor":6},{"not_picked":["MokouMod:Sear","MokouMod:FlareStarter"],"picked":"MokouMod:ResoluteFlare","floor":8},{"not_picked":["MokouMod:PhoenixFeathers","MokouMod:Rekindle"],"picked":"MokouMod:TemporalFireSeal","floor":10},{"not_picked":["MokouMod:AdaptivePyromancy","MokouMod:RetainTemperature"],"picked":"MokouMod:Trailblazer","floor":11},{"not_picked":["MokouMod:AdaptivePyromancy","MokouMod:TemporalFireSeal"],"picked":"MokouMod:ScorchingColumn","floor":13},{"not_picked":["MokouMod:BurningHiddenBullet","MokouMod:Rekindle"],"picked":"MokouMod:PhoenixForm","floor":16}],"player_experience":302931,"relics_obtained":[{"floor":6,"key":"PreservedInsect"},{"floor":11,"key":"Matryoshka"}],"event_choices":[{"damage_healed":0,"gold_gain":0,"player_choice":"Donate","damage_taken":0,"relics_obtained":["PaintedHorse:ReiMu"],"max_hp_gain":0,"max_hp_loss":0,"event_name":"yidonshenshe","floor":2,"gold_loss":40},{"damage_healed":0,"gold_gain":0,"player_choice":"Entered Light","damage_taken":15,"max_hp_gain":0,"max_hp_loss":0,"event_name":"Shining Light","floor":3,"gold_loss":0,"cards_upgraded":["MokouMod:Defend","MokouMod:Strike"]},{"damage_healed":0,"gold_gain":0,"player_choice":"Ignored","damage_taken":0,"max_hp_gain":0,"max_hp_loss":0,"event_name":"Liars Game","floor":12,"gold_loss":0},{"damage_healed":0,"gold_gain":0,"player_choice":"Bought 0 Potions","damage_taken":0,"max_hp_gain":0,"max_hp_loss":0,"event_name":"The Woman in Blue","floor":14,"gold_loss":0}],"is_beta":false,"boss_relics":[{"not_picked":["Black Star","SlaversCollar"],"picked":"Sozu"}],"items_purged_floors":[],"is_endless":false,"potions_floor_spawned":[1,4,11,13],"ascension_level":0}}