{"host":"2dp3t1i5s6bd92af","time":1612865551,"event":{"mods":["ATMod(ªü½@Mod)","BaseMod","Colored Powertips","Minty Spire (QoL Compilation)","Reliquary","StSLib"],"gold_per_floor":[359,377,5,5,5,5,180,207,261,161,178,178,178],"floor_reached":12,"language":"ZHS","playtime":596,"items_purged":["Writhe","Doubt"],"score":80,"play_id":"75d22d9e-9644-4e05-ae77-c35efe98ab8d","local_time":"20210209181231","is_ascension_mode":true,"campfire_choices":[{"data":"Eruption","floor":6.0,"key":"SMITH"}],"circlet_count":0,"master_deck":["Strike_P","Strike_P","Strike_P","Defend_P","Defend_P","Defend_P","Eruption+1","Vigilance","AT_FamilyPortrait","PathToVictory","Wireheading+1","LessonLearned","FlyingSleeves+1","EmptyBody","Perseverance"],"relics":["PureWater","AT_ATBox","reliquary:Stiletto","AT_BellDemon","Potion Belt","Ice Cream"],"acts_visited":["Exordium"],"potions_floor_usage":[],"damage_taken":[{"damage":0.0,"enemies":"Small Slimes","floor":1.0,"turns":2.0},{"damage":0.0,"enemies":"Jaw Worm","floor":2.0,"turns":4.0},{"damage":48.0,"enemies":"Gremlin Nob","floor":8.0,"turns":5.0},{"damage":0.0,"enemies":"2 Louse","floor":11.0,"turns":2.0},{"damage":21,"enemies":"Lagavulin","floor":12,"turns":5}],"seed_played":"9138906038059200413","potions_obtained":[{"floor":8.0,"key":"DistilledChaos"},{"floor":11.0,"key":"SneckoOil"}],"is_trial":false,"path_per_floor":["M","M","$","?","?","R","?","E","T","$","M","E"],"character_chosen":"WATCHER","items_purchased":["LessonLearned","reliquary:Stiletto"],"campfire_rested":0,"item_purchase_floors":[3,3],"current_hp_per_floor":[72,72,72,65,65,65,65,17,17,17,17,0,0],"gold":178,"neow_bonus":"TWO_FIFTY_GOLD","is_daily":false,"chose_seed":false,"campfire_upgraded":1,"win_rate":0.0,"timestamp":1612865551,"path_taken":["M","M","$","?","?","R","?","E","T","$","M","E"],"items_purchased_type":["Card","Relic"],"build_version":"2020-12-22","purchased_purges":2,"victory":false,"max_hp_per_floor":[72,72,72,72,72,72,72,72,72,72,72,72,72],"card_choices":[{"not_picked":["Prostrate","JustLucky"],"picked":"PathToVictory","floor":1.0},{"not_picked":["EmptyFist","Crescendo"],"picked":"Wireheading","floor":2.0},{"not_picked":["ClearTheMind","Indignation"],"picked":"EmptyBody","floor":8.0},{"not_picked":["CarveReality","EmptyBody"],"picked":"Perseverance","floor":11.0}],"player_experience":433748,"relics_obtained":[{"floor":8.0,"key":"AT_BellDemon"},{"floor":9.0,"key":"Potion Belt"},{"floor":11.0,"key":"Ice Cream"}],"event_choices":[{"cards_removed":["Defend_P"],"damage_healed":0.0,"max_hp_gain":0.0,"max_hp_loss":0.0,"gold_gain":0.0,"event_name":"Golden Wing","player_choice":"Card Removal","floor":4.0,"gold_loss":0.0,"damage_taken":7.0},{"damage_healed":0.0,"max_hp_gain":0.0,"max_hp_loss":0.0,"gold_gain":0.0,"cards_transformed":["Strike_P"],"event_name":"Living Wall","player_choice":"Change","floor":5.0,"gold_loss":0.0,"damage_taken":0.0,"cards_obtained":["FlyingSleeves"]},{"damage_healed":0.0,"max_hp_gain":0.0,"max_hp_loss":0.0,"gold_gain":175.0,"event_name":"Liars Game","player_choice":"AGREE","floor":7.0,"gold_loss":0.0,"damage_taken":0.0,"cards_obtained":["Doubt"]}],"is_beta":false,"boss_relics":[],"items_purged_floors":[3,10],"is_endless":false,"potions_floor_spawned":[8,11],"killed_by":"Lagavulin","ascension_level":1}}