{"host":"vit9b6u76k1y61sh","time":1612895512,"event":{"mods":["BaseMod","Block Reminder","Colored Powertips","Highlight Path","Minty Spire (QoL Compilation)","Quick Restart","Rare Cards Sparkle","Relic Sorter","Relic Stats","StSLib"],"gold_per_floor":[117,117,134,134,147,147,147,147,147,157,4,39,39,114,114,218,218,238,2,18,18,32,32,32],"floor_reached":23,"language":"ENG","playtime":772,"items_purged":["Strike_R","Defend_R"],"score":232,"play_id":"e5c247b4-34d1-4b95-a53d-acaab9a92388","local_time":"20210209133152","is_ascension_mode":true,"campfire_choices":[{"data":"Flex","floor":6,"key":"SMITH"},{"data":"Anger","floor":8,"key":"SMITH"},{"data":"Flex","floor":13,"key":"SMITH"},{"data":"Anger","floor":15,"key":"SMITH"}],"circlet_count":0,"master_deck":["Strike_R","Strike_R","Strike_R","Defend_R","Defend_R","Defend_R","Bash","Anger+1","Flex+1","Flex+1","Anger+1","Shrug It Off","Pommel Strike","Feed","Flex","Rupture","Flex","Madness","Heavy Blade","Flex"],"relics":["Burning Blood","NeowsBlessing","Happy Flower","Spirit Poop","Question Card","Orichalcum","Black Star","Membership Card"],"acts_visited":["Exordium","TheCity"],"potions_floor_usage":[16,16],"damage_taken":[{"damage":0,"enemies":"2 Louse","floor":1,"turns":1},{"damage":0,"enemies":"Jaw Worm","floor":3,"turns":1},{"damage":0,"enemies":"Cultist","floor":5,"turns":1},{"damage":19,"enemies":"Exordium Thugs","floor":10,"turns":3},{"damage":8,"enemies":"Lagavulin","floor":12,"turns":5},{"damage":19,"enemies":"Slime Boss","floor":16,"turns":8},{"damage":12,"enemies":"Shell Parasite","floor":18,"turns":4},{"damage":19,"enemies":"2 Thieves","floor":20,"turns":5},{"damage":24,"enemies":"Snecko","floor":22,"turns":5},{"damage":52,"enemies":"Gremlin Leader","floor":23,"turns":4}],"seed_played":"6554074050851233401","potions_obtained":[{"floor":10,"key":"GamblersBrew"},{"floor":12,"key":"LiquidMemories"},{"floor":18,"key":"SpeedPotion"}],"is_trial":false,"path_per_floor":["M","?","M","?","M","R","?","R","T","M","$","E","R","?","R","B",null,"M","$","M","?","M","E"],"character_chosen":"IRONCLAD","items_purchased":["Anger","Shrug It Off","Membership Card","Flex","Rupture"],"campfire_rested":0,"item_purchase_floors":[11,11,19,19,19],"current_hp_per_floor":[80,73,79,79,80,80,80,80,80,67,67,65,65,54,54,41,80,74,74,61,61,43,0,0],"gold":32,"neow_bonus":"THREE_ENEMY_KILL","is_daily":false,"chose_seed":false,"campfire_upgraded":4,"win_rate":0.0,"timestamp":1612895512,"path_taken":["M","?","M","?","M","R","?","R","T","?","?","E","R","?","R","BOSS","M","$","M","?","?","E"],"items_purchased_type":["Card","Card","Relic","Card","Card"],"build_version":"2020-12-22","purchased_purges":2,"victory":false,"max_hp_per_floor":[80,80,80,80,80,80,80,80,80,80,80,80,80,80,80,80,80,80,80,80,80,80,80,80],"relic_stats":{"Happy Flower":[11],"counters":[10,37],"Black Star":0,"Orichalcum":[54],"Question Card":6,"obtain_stats":[{"NeowsBlessing":0,"Happy Flower":4,"Spirit Poop":7,"Black Star":17,"Membership Card":19,"Orichalcum":12,"Question Card":9,"Burning Blood":0},{"NeowsBlessing":0,"Happy Flower":2,"Spirit Poop":3,"Black Star":6,"Membership Card":7,"Orichalcum":5,"Question Card":3,"Burning Blood":0},{"NeowsBlessing":0,"Happy Flower":2,"Spirit Poop":3,"Black Star":19,"Membership Card":23,"Orichalcum":11,"Question Card":3,"Burning Blood":0}],"Burning Blood":43},"card_choices":[{"not_picked":["Shrug It Off","Iron Wave"],"picked":"Anger","floor":1},{"not_picked":["True Grit","Second Wind"],"picked":"Flex","floor":3},{"not_picked":["True Grit","Headbutt","Combust"],"picked":"SKIP","floor":5},{"not_picked":["Evolve","Pommel Strike","Clothesline"],"picked":"Flex","floor":10},{"not_picked":["Hemokinesis","Body Slam","Intimidate"],"picked":"Pommel Strike","floor":12},{"not_picked":["Berserk","Juggernaut","Reaper"],"picked":"Feed","floor":16},{"not_picked":["Headbutt","Blood for Blood","Flame Barrier","Warcry"],"picked":"SKIP","floor":18},{"not_picked":["True Grit+1","Carnage","Uppercut+1"],"picked":"Flex","floor":20},{"not_picked":["Havoc","Cleave","Twin Strike"],"picked":"Flex","floor":22}],"player_experience":165270,"relics_obtained":[{"floor":9,"key":"Question Card"},{"floor":12,"key":"Orichalcum"}],"event_choices":[{"cards_removed":["Strike_R"],"damage_healed":0,"gold_gain":0,"player_choice":"Card Removal","damage_taken":7,"max_hp_gain":0,"max_hp_loss":0,"event_name":"Golden Wing","floor":2,"gold_loss":0},{"damage_healed":0,"gold_gain":0,"player_choice":"Box","damage_taken":0,"relics_obtained":["Happy Flower"],"max_hp_gain":0,"max_hp_loss":0,"event_name":"Big Fish","floor":4,"gold_loss":0,"cards_obtained":["Regret"]},{"cards_removed":["Regret"],"damage_healed":0,"gold_gain":0,"player_choice":"Offered Curse","damage_taken":0,"relics_obtained":["Spirit Poop"],"max_hp_gain":0,"max_hp_loss":0,"event_name":"Bonfire Elementals","floor":7,"gold_loss":0},{"damage_healed":0,"gold_gain":75,"player_choice":"Gather Gold","damage_taken":11,"max_hp_gain":0,"max_hp_loss":0,"event_name":"World of Goop","floor":14,"gold_loss":0},{"damage_healed":0,"gold_gain":0,"player_choice":"2 cards matched","damage_taken":0,"max_hp_gain":0,"max_hp_loss":0,"event_name":"Match and Keep!","floor":21,"gold_loss":0,"cards_obtained":["Madness","Heavy Blade"]}],"is_beta":false,"boss_relics":[{"not_picked":["Fusion Hammer","Runic Pyramid"],"picked":"Black Star"}],"items_purged_floors":[11,19],"is_endless":false,"potions_floor_spawned":[10,12,18],"killed_by":"Gremlin Leader","ascension_level":2}}