{"host":"qc8p2flj7wsy3zpg","time":1612900591,"event":{"mods":["BaseMod","Highlight Path","Minty Spire (QoL Compilation)","Monster List Patch","Relic Stats","StSLib"],"gold_per_floor":[160,180,199,199,216,245,245,255,255,255,274,302,8,25,25,99,99,110,110,123,84,64,93,107,107,131,131,131,181,194,221,221,294,294,314,614,161,175,175,175,192,192,192],"floor_reached":42,"language":"ENG","playtime":2428,"items_purged":["Strike_R","Strike_R"],"score":946,"play_id":"5ccce205-a5c5-4ff1-8197-86235b13489a","local_time":"20210209135631","is_ascension_mode":true,"campfire_choices":[{"data":"Blood for Blood","floor":7.0,"key":"SMITH"},{"floor":10.0,"key":"REST"},{"floor":15.0,"key":"REST"},{"floor":25,"key":"REST"},{"floor":28,"key":"REST"},{"floor":32,"key":"REST"},{"floor":40,"key":"REST"}],"circlet_count":0,"master_deck":["AscendersBane","Strike_R+1","Strike_R","Strike_R","Defend_R","Defend_R","Defend_R","Defend_R","Bash+1","Shrug It Off","Shrug It Off","Blood for Blood+1","Pummel","Shockwave","Impervious","Disarm","Twin Strike+1","Thunderclap","Flame Barrier","Feed+1","True Grit","Whirlwind","Feel No Pain","Carnage","Battle Trance","Disarm+1","Sword Boomerang+1","Fiend Fire+1","Pommel Strike+1","Shrug It Off","Rupture"],"relics":["Tiny House","Champion Belt","Sundial","Pantograph","ClockworkSouvenir","Philosopher\u0027s Stone","Mercury Hourglass","Juzu Bracelet","Molten Egg 2","Omamori","Mark of Pain","Oddly Smooth Stone","Whetstone"],"acts_visited":["Exordium","TheCity","TheBeyond"],"potions_floor_usage":[24,33,41,41,42],"damage_taken":[{"damage":8.0,"enemies":"2 Louse","floor":1.0,"turns":3.0},{"damage":3.0,"enemies":"Cultist","floor":2.0,"turns":4.0},{"damage":3.0,"enemies":"Small Slimes","floor":3.0,"turns":4.0},{"damage":4.0,"enemies":"2 Fungi Beasts","floor":5.0,"turns":4.0},{"damage":32.0,"enemies":"Lagavulin","floor":6.0,"turns":7.0},{"damage":11.0,"enemies":"Exordium Thugs","floor":8.0,"turns":4.0},{"damage":5.0,"enemies":"Looter","floor":11.0,"turns":5.0},{"damage":16.0,"enemies":"3 Sentries","floor":12.0,"turns":8.0},{"damage":13.0,"enemies":"Gremlin Gang","floor":14.0,"turns":5.0},{"damage":35.0,"enemies":"The Guardian","floor":16.0,"turns":15.0},{"damage":7.0,"enemies":"3 Byrds","floor":18.0,"turns":4.0},{"damage":4.0,"enemies":"Chosen","floor":20.0,"turns":7.0},{"damage":38.0,"enemies":"Slavers","floor":23.0,"turns":6.0},{"damage":13,"enemies":"3 Cultists","floor":24,"turns":4},{"damage":17,"enemies":"Shelled Parasite and Fungi","floor":30,"turns":8},{"damage":26,"enemies":"Gremlin Leader","floor":31,"turns":10},{"damage":63,"enemies":"Automaton","floor":33,"turns":16},{"damage":22,"enemies":"3 Shapes","floor":35,"turns":11},{"damage":0,"enemies":"Orb Walker","floor":38,"turns":4},{"damage":20,"enemies":"4 Shapes","floor":41,"turns":9},{"damage":92,"enemies":"2 Orb Walkers","floor":42,"turns":5}],"seed_played":"4454301812598551646","potions_obtained":[{"floor":0.0,"key":"Swift Potion"},{"floor":1.0,"key":"SmokeBomb"},{"floor":2.0,"key":"AttackPotion"},{"floor":6.0,"key":"Strength Potion"},{"floor":12.0,"key":"BlessingOfTheForge"},{"floor":20.0,"key":"SkillPotion"},{"floor":30,"key":"SpeedPotion"},{"floor":33,"key":"BloodPotion"},{"floor":38,"key":"EntropicBrew"}],"is_trial":false,"path_per_floor":["M","M","M","?","M","E","R","M","T","R","M","E","$","M","R","B",null,"M","?","M","$","?","E","M","R","T","T","R","?","M","E","R","B",null,"M","?","$","M","?","R","M","?"],"character_chosen":"IRONCLAD","items_purchased":["ClockworkSouvenir","PowerPotion","Carnage","Oddly Smooth Stone","Whetstone","Shrug It Off"],"campfire_rested":6,"item_purchase_floors":[13,13,21,37,37,37],"current_hp_per_floor":[65,62,59,59,55,23,23,12,12,36,31,15,15,2,26,16,64,60,60,59,59,59,24,14,41,41,41,68,68,51,28,56,18,76,54,54,54,54,54,82,66,0,0],"gold":192,"neow_bonus":"BOSS_RELIC","is_daily":false,"chose_seed":false,"campfire_upgraded":1,"win_rate":0.0,"timestamp":1612900591,"path_taken":["M","M","M","?","M","E","R","?","T","R","M","E","$","M","R","BOSS","M","?","M","$","?","E","?","R","T","?","R","?","M","E","R","BOSS","M","?","$","M","?","R","M","?"],"items_purchased_type":["Relic","Potion","Card","Relic","Relic","Card"],"build_version":"2020-12-22","purchased_purges":2,"victory":false,"max_hp_per_floor":[80,80,80,80,80,80,80,80,80,80,80,80,80,80,80,80,80,83,83,86,86,86,89,92,92,92,92,92,92,92,95,95,95,95,95,95,95,95,95,95,99,99,99],"relic_stats":{"counters":[21,143],"Sundial":[12],"Pantograph":50,"Juzu Bracelet":1,"Champion Belt":[71],"Whetstone":["Twin Strike","Feed"],"obtain_stats":[{"Tiny House":0,"Oddly Smooth Stone":37,"Juzu Bracelet":26,"Omamori":31,"Whetstone":37,"Burning Blood":0,"ClockworkSouvenir":13,"Mercury Hourglass":23,"Sundial":9,"Pantograph":12,"Philosopher\u0027s Stone":17,"Molten Egg 2":27,"Mark of Pain":34,"Champion Belt":6},{"Tiny House":0,"Oddly Smooth Stone":18,"Juzu Bracelet":14,"Omamori":16,"Whetstone":18,"Burning Blood":0,"ClockworkSouvenir":8,"Mercury Hourglass":13,"Sundial":6,"Pantograph":8,"Philosopher\u0027s Stone":10,"Molten Egg 2":14,"Mark of Pain":17,"Champion Belt":5},{"Tiny House":0,"Oddly Smooth Stone":125,"Juzu Bracelet":80,"Omamori":98,"Whetstone":125,"Burning Blood":0,"ClockworkSouvenir":39,"Mercury Hourglass":76,"Sundial":26,"Pantograph":39,"Philosopher\u0027s Stone":59,"Molten Egg 2":80,"Mark of Pain":114,"Champion Belt":22}],"Mercury Hourglass":[319]},"card_choices":[{"not_picked":["Rage","Armaments"],"picked":"Shrug It Off","floor":0.0},{"not_picked":["Dual Wield","True Grit"],"picked":"Shrug It Off","floor":1.0},{"not_picked":["Heavy Blade","Fire Breathing"],"picked":"Blood for Blood","floor":2.0},{"not_picked":["Dark Embrace","Clash"],"picked":"Pummel","floor":3.0},{"not_picked":["Anger","Intimidate"],"picked":"Shockwave","floor":5.0},{"not_picked":["Barricade","Thunderclap"],"picked":"Impervious","floor":6.0},{"not_picked":["Headbutt","Combust"],"picked":"Disarm","floor":8.0},{"not_picked":["Second Wind","Dropkick"],"picked":"Twin Strike","floor":11.0},{"not_picked":["Flex","Brutality"],"picked":"Thunderclap","floor":12.0},{"not_picked":["Power Through","Carnage"],"picked":"Flame Barrier","floor":14.0},{"not_picked":["Juggernaut","Impervious"],"picked":"Feed","floor":16.0},{"not_picked":["Anger","Heavy Blade"],"picked":"True Grit","floor":18.0},{"not_picked":["Warcry","Iron Wave"],"picked":"Feel No Pain","floor":20.0},{"not_picked":["Pummel","Clash"],"picked":"Battle Trance","floor":24},{"not_picked":["Havoc","Anger+1"],"picked":"Disarm+1","floor":30},{"not_picked":["Fire Breathing","Thunderclap+1"],"picked":"Sword Boomerang+1","floor":31},{"not_picked":["Double Tap","Limit Break"],"picked":"Fiend Fire+1","floor":33},{"not_picked":["Carnage+1","Anger+1"],"picked":"Pommel Strike+1","floor":35},{"not_picked":["Twin Strike+1","Wild Strike+1"],"picked":"Rupture","floor":38}],"player_experience":2355895,"relics_obtained":[{"floor":6.0,"key":"Champion Belt"},{"floor":9.0,"key":"Sundial"},{"floor":12.0,"key":"Pantograph"},{"floor":23.0,"key":"Mercury Hourglass"},{"floor":26,"key":"Juzu Bracelet"},{"floor":27,"key":"Molten Egg 2"},{"floor":31,"key":"Omamori"}],"event_choices":[{"damage_healed":0.0,"max_hp_gain":0.0,"max_hp_loss":0.0,"gold_gain":0.0,"event_name":"Accursed Blacksmith","player_choice":"Forge","floor":4.0,"gold_loss":0.0,"damage_taken":0.0,"cards_upgraded":["Bash"]},{"damage_healed":0.0,"max_hp_gain":0.0,"max_hp_loss":0.0,"gold_gain":0.0,"event_name":"The Library","player_choice":"Read","floor":19.0,"gold_loss":0.0,"damage_taken":0.0,"cards_obtained":["Whirlwind"]},{"damage_healed":0.0,"max_hp_gain":0.0,"max_hp_loss":0.0,"gold_gain":0.0,"event_name":"The Woman in Blue","player_choice":"Bought 1 Potion","floor":22.0,"gold_loss":0.0,"damage_taken":0.0},{"damage_healed":0,"gold_gain":100,"player_choice":"Bet on Murderer","damage_taken":0,"max_hp_gain":0,"max_hp_loss":0,"event_name":"The Joust","floor":29,"gold_loss":50},{"damage_healed":0,"gold_gain":300,"player_choice":"Gold","damage_taken":0,"max_hp_gain":0,"max_hp_loss":0,"event_name":"Wheel of Change","floor":36,"gold_loss":0},{"damage_healed":0,"gold_gain":0,"player_choice":"Memory 1","damage_taken":0,"max_hp_gain":0,"max_hp_loss":0,"event_name":"SensoryStone","floor":39,"gold_loss":0},{"damage_healed":0,"gold_gain":0,"player_choice":"Fight","damage_taken":0,"max_hp_gain":0,"max_hp_loss":0,"event_name":"Mysterious Sphere","floor":42,"gold_loss":0}],"is_beta":false,"boss_relics":[{"not_picked":["Cursed Key","Fusion Hammer"],"picked":"Philosopher\u0027s Stone"},{"not_picked":["Velvet Choker","Sozu"],"picked":"Mark of Pain"}],"items_purged_floors":[13,37],"is_endless":false,"potions_floor_spawned":[1,2,6,12,20,30,33,38],"killed_by":"2 Orb Walkers","ascension_level":20}}