{"host":"mo4d2vii2wc3uyp7","time":1612862147,"event":{"mods":["AchievementEnabler","BaseMod","Colored Map","Highlight Path","Keyboard Shortcuts","Minty Spire (QoL Compilation)","Permanent Neow","Quick Restart","Shop Mod","StSLib","SuperFastMode","everything is the same but u backflip on backflip"],"gold_per_floor":[116,126,136,153,153,179,179,179,179,207,222,222,222,236,236,236,236],"floor_reached":16,"language":"KOR","playtime":395,"items_purged":[],"score":168,"play_id":"918187d4-7e7e-4c7a-8fa1-b47bd9c26f79","local_time":"20210209181547","is_ascension_mode":true,"campfire_choices":[{"floor":7,"key":"REST"},{"floor":12,"key":"REST"},{"data":"All Out Attack","floor":15,"key":"SMITH"}],"circlet_count":0,"master_deck":["AscendersBane","Strike_G","Strike_G","Strike_G","Strike_G","Strike_G","Defend_G","Defend_G","Defend_G","Defend_G","Defend_G","Survivor","Neutralize+1","Bane","Poisoned Stab","Backflip","Sucker Punch","PiercingWail","Dagger Throw","All Out Attack+1"],"relics":["Ring of the Snake","Boot","Akabeko","Calipers","Frozen Egg 2","Lantern"],"acts_visited":["Exordium"],"potions_floor_usage":[6,6,10,16],"damage_taken":[{"damage":5,"enemies":"Small Slimes","floor":1,"turns":4},{"damage":0,"enemies":"2 Louse","floor":2,"turns":3},{"damage":4,"enemies":"Jaw Worm","floor":3,"turns":3},{"damage":3,"enemies":"2 Fungi Beasts","floor":4,"turns":3},{"damage":35,"enemies":"Lagavulin","floor":6,"turns":6},{"damage":30,"enemies":"Gremlin Nob","floor":10,"turns":5},{"damage":0,"enemies":"3 Louse","floor":11,"turns":3},{"damage":5,"enemies":"Gremlin Gang","floor":14,"turns":4},{"damage":50,"enemies":"Slime Boss","floor":16,"turns":9}],"seed_played":"-112888291572951325","potions_obtained":[{"floor":1,"key":"AttackPotion"},{"floor":2,"key":"SmokeBomb"},{"floor":3,"key":"AttackPotion"},{"floor":6,"key":"Regen Potion"},{"floor":14,"key":"Explosive Potion"}],"is_trial":false,"path_per_floor":["M","M","M","M","?","E","R","?","T","E","M","R","?","M","R","B"],"character_chosen":"THE_SILENT","items_purchased":[],"campfire_rested":2,"item_purchase_floors":[],"current_hp_per_floor":[58,58,54,51,39,4,25,25,25,9,9,30,53,48,48,0,0],"gold":236,"neow_bonus":"RANDOM_COMMON_RELIC","is_daily":false,"chose_seed":false,"campfire_upgraded":1,"win_rate":0.0,"timestamp":1612862147,"path_taken":["M","M","M","M","?","E","R","?","T","E","M","R","?","M","R","BOSS"],"items_purchased_type":[],"build_version":"2020-12-22","purchased_purges":0,"victory":false,"max_hp_per_floor":[70,70,70,70,70,70,70,70,70,70,70,70,70,70,70,70,70],"card_choices":[{"not_picked":["Crippling Poison","Deflect"],"picked":"Bane","floor":1},{"not_picked":["Finisher","Underhanded Strike"],"picked":"Poisoned Stab","floor":2},{"not_picked":["Dagger Throw","Blade Dance"],"picked":"Backflip","floor":3},{"not_picked":["Deadly Poison","Accuracy","Slice"],"picked":"SKIP","floor":4},{"not_picked":["Phantasmal Killer","Eviscerate"],"picked":"Sucker Punch","floor":6},{"not_picked":["Dodge and Roll","Catalyst"],"picked":"PiercingWail","floor":10},{"not_picked":["Dodge and Roll","Masterful Stab"],"picked":"Dagger Throw","floor":11},{"not_picked":["Outmaneuver","Quick Slash"],"picked":"All Out Attack","floor":14}],"player_experience":606833,"relics_obtained":[{"floor":6,"key":"Calipers"},{"floor":9,"key":"Frozen Egg 2"},{"floor":10,"key":"Lantern"}],"event_choices":[{"damage_healed":0,"gold_gain":0,"player_choice":"Success","damage_taken":12,"relics_obtained":["Akabeko"],"max_hp_gain":0,"max_hp_loss":0,"event_name":"Scrap Ooze","floor":5,"gold_loss":0},{"damage_healed":0,"gold_gain":0,"player_choice":"Grow","damage_taken":0,"max_hp_gain":0,"max_hp_loss":0,"event_name":"Living Wall","floor":8,"gold_loss":0,"cards_upgraded":["Neutralize"]},{"damage_healed":23,"gold_gain":0,"player_choice":"Banana","damage_taken":0,"max_hp_gain":0,"max_hp_loss":0,"event_name":"Big Fish","floor":13,"gold_loss":0}],"is_beta":false,"boss_relics":[],"items_purged_floors":[],"is_endless":false,"potions_floor_spawned":[1,2,3,6,14],"killed_by":"Slime Boss","ascension_level":10}}