{"host":"77zln4ypx3njw523","time":1612829006,"event":{"mods":["AchievementEnabler","BaseMod","Better Altar","Better Match","Better Note","Better Sensory Stone","Better Skull","Better Third Choice","Colored Powertips","Highlight Path","Minty Spire (QoL Compilation)","StSLib"],"gold_per_floor":[118,130,142,153,153,187,187,137,137,137,157,157,157,198,198,198,198],"floor_reached":16,"language":"ENG","playtime":772,"items_purged":[],"score":121,"play_id":"a731e144-3dfd-465b-b45c-b0841b7170f4","local_time":"20210208210326","is_ascension_mode":true,"campfire_choices":[{"data":"Coolheaded","floor":7,"key":"SMITH"},{"data":"Coolheaded","floor":10,"key":"SMITH"},{"floor":12,"key":"REST"},{"data":"Dualcast","floor":15,"key":"SMITH"}],"circlet_count":0,"master_deck":["Strike_B","Strike_B","Strike_B","Defend_B","Defend_B","Defend_B","Defend_B","Zap","Dualcast+1","Glacier","Coolheaded+1","Coolheaded+1","Sweeping Beam","Cold Snap"],"relics":["Cracked Core","Golden Idol","Pen Nib","Nunchaku","Letter Opener"],"acts_visited":["Exordium"],"potions_floor_usage":[6,6],"damage_taken":[{"damage":1,"enemies":"Small Slimes","floor":1,"turns":5},{"damage":0,"enemies":"Jaw Worm","floor":2,"turns":6},{"damage":0,"enemies":"2 Louse","floor":3,"turns":4},{"damage":0,"enemies":"2 Fungi Beasts","floor":4,"turns":4},{"damage":28,"enemies":"Gremlin Nob","floor":6,"turns":5},{"damage":26,"enemies":"Lots of Slimes","floor":11,"turns":4},{"damage":8,"enemies":"Lagavulin","floor":14,"turns":10},{"damage":62,"enemies":"Hexaghost","floor":16,"turns":16}],"seed_played":"-8548729610956865573","potions_obtained":[{"floor":2,"key":"Fire Potion"},{"floor":3,"key":"Energy Potion"}],"is_trial":false,"path_per_floor":["M","M","M","M","?","E","R","?","T","R","M","R","?","E","R","B"],"character_chosen":"DEFECT","items_purchased":[],"campfire_rested":1,"item_purchase_floors":[],"current_hp_per_floor":[74,74,74,74,74,46,46,46,46,46,20,42,67,59,59,0,0],"gold":198,"neow_bonus":"TRANSFORM_CARD","is_daily":false,"chose_seed":false,"campfire_upgraded":3,"win_rate":0.0,"timestamp":1612829006,"path_taken":["M","M","M","M","?","E","R","?","T","R","M","R","?","E","R","BOSS"],"items_purchased_type":[],"build_version":"2020-12-22","purchased_purges":0,"victory":false,"max_hp_per_floor":[75,75,75,75,75,75,75,75,75,75,75,75,75,75,75,75,75],"card_choices":[{"not_picked":["Melter","White Noise"],"picked":"Coolheaded","floor":1},{"not_picked":["Ball Lightning","BootSequence"],"picked":"Coolheaded","floor":2},{"not_picked":["Barrage","Go for the Eyes"],"picked":"Sweeping Beam","floor":3},{"not_picked":["Chaos","Turbo","Storm"],"picked":"SKIP","floor":4},{"not_picked":["Go for the Eyes","Double Energy","Ball Lightning"],"picked":"SKIP","floor":6},{"not_picked":["Coolheaded","Static Discharge"],"picked":"Cold Snap","floor":11},{"not_picked":["Biased Cognition","Beam Cell","Ball Lightning"],"picked":"SKIP","floor":14}],"player_experience":156687,"relics_obtained":[{"floor":6,"key":"Pen Nib"},{"floor":9,"key":"Nunchaku"},{"floor":14,"key":"Letter Opener"}],"event_choices":[{"damage_healed":0,"gold_gain":0,"player_choice":"Take Wound","damage_taken":0,"relics_obtained":["Golden Idol"],"max_hp_gain":0,"max_hp_loss":0,"event_name":"Golden Idol","floor":5,"gold_loss":0,"cards_obtained":["Injury"]},{"cards_removed":["Injury"],"damage_healed":0,"gold_gain":0,"player_choice":"Card Removal","damage_taken":0,"max_hp_gain":0,"max_hp_loss":0,"event_name":"The Cleric","floor":8,"gold_loss":50},{"damage_healed":25,"gold_gain":0,"player_choice":"Banana","damage_taken":0,"max_hp_gain":0,"max_hp_loss":0,"event_name":"Big Fish","floor":13,"gold_loss":0}],"is_beta":false,"boss_relics":[],"items_purged_floors":[],"is_endless":false,"potions_floor_spawned":[2,3],"killed_by":"Hexaghost","ascension_level":2}}