{"host":"bx54wbx1b8s5cm4v","time":1612830919,"event":{"mods":["BaseMod","Beaked The Cultist","GifTheSpireLib","Hubris","Marisa????????","Minty Spire (QoL Compilation)","StSLib","The Blackbeard","The Bladedancer","The Cursed","The Disciple","The Druid","The Forsaken","The Necromancer","The Runesmith","The Servant 0.9.4","TheBandit"],"gold_per_floor":[113,132,132,232,247,276,287,313,339,351,383,383,29,40,40,145,145,164,364,384,194,205,205,232,242,242,242,242,72,89,105,105,210,210,220,230,230,230,240,267,283,283,360,360,407,49,60,77,77,77],"floor_reached":51,"language":"ENG","playtime":5008,"items_purged":["Defend_MRS","Strike_MRS","Normality"],"score":871,"play_id":"68e6e267-1567-4359-b230-af03cbff6a85","local_time":"20210208213519","is_ascension_mode":true,"campfire_choices":[{"floor":12,"key":"REST"},{"data":"StarlightTyphoon","floor":15,"key":"SMITH"},{"data":"DC","floor":27,"key":"SMITH"},{"floor":32,"key":"REST"},{"floor":42,"key":"REST"},{"floor":49,"key":"REST"}],"circlet_count":0,"master_deck":["Strike_MRS","Strike_MRS","Strike_MRS","Defend_MRS","Defend_MRS","Defend_MRS","MasterSpark","UpSweep","StarlightTyphoon+1","MysteriousBeam","DoubleSpark","DragonMeteor","Occultation+1","Acceleration+1","PowerUp+1","MagicChant+1","ManaRampage+1","MilkyWay+1","MilkyWay+1","GasGiant+1","OpenUniverse+1","SprinkleStarSeal+1","SuperPerseids+1","CasketOfStar","ShootingEcho","IllusionStar+1","Panache+1","MasterSpark","Acceleration+1","hubris:DuctTapeCard","MillisecondPulsars","GrandCross+1","MysteriousBeam+1","PropBag+1"],"relics":["MiniHakkero","Matryoshka","Omamori","Toxic Egg 2","Strawberry","Darkstone Periapt","Bag of Preparation","Cursed Key","Membership Card","hubris:Icosahedron","hubris:CuriousFeather","Letter Opener","Vajra","Mummified Hand","theForsaken:PaleLantern","hubris:DuctTape","Smiling Mask","theForsaken:HumbleEgg","Happy Flower","Frozen Eye"],"acts_visited":["Exordium","TheCity","TheBeyond"],"potions_floor_usage":[40,50,50,50],"damage_taken":[{"damage":0,"enemies":"2 Louse","floor":1,"turns":2},{"damage":4,"enemies":"Jaw Worm","floor":2,"turns":4},{"damage":1,"enemies":"Cultist","floor":5,"turns":3},{"damage":26,"enemies":"Lagavulin","floor":6,"turns":4},{"damage":12,"enemies":"Exordium Thugs","floor":7,"turns":3},{"damage":25,"enemies":"Gremlin Nob","floor":8,"turns":4},{"damage":9,"enemies":"Red Slaver","floor":10,"turns":3},{"damage":9,"enemies":"Lagavulin","floor":11,"turns":5},{"damage":0,"enemies":"3 Louse","floor":14,"turns":2},{"damage":21,"enemies":"The Guardian","floor":16,"turns":10},{"damage":10,"enemies":"2 Thieves","floor":18,"turns":3},{"damage":3,"enemies":"Spheric Guardian","floor":20,"turns":3},{"damage":0,"enemies":"3 Cultists","floor":22,"turns":4},{"damage":0,"enemies":"Book of Stabbing","floor":24,"turns":4},{"damage":9,"enemies":"Snake Plant","floor":25,"turns":4},{"damage":11,"enemies":"Shelled Parasite and Fungi","floor":30,"turns":3},{"damage":5,"enemies":"Cultist and Chosen","floor":31,"turns":3},{"damage":18,"enemies":"hubris:MusketHawk","floor":33,"turns":6},{"damage":6,"enemies":"Orb Walker","floor":35,"turns":2},{"damage":0,"enemies":"3 Darklings","floor":36,"turns":2},{"damage":4,"enemies":"Spire Growth","floor":39,"turns":3},{"damage":59,"enemies":"Giant Head","floor":40,"turns":9},{"damage":23,"enemies":"Maw","floor":41,"turns":4},{"damage":0,"enemies":"Sphere and 2 Shapes","floor":47,"turns":2},{"damage":0,"enemies":"Jaw Worm Horde","floor":48,"turns":1},{"damage":36,"enemies":"Awakened One","floor":50,"turns":7}],"seed_played":"-6113252981192045927","potions_obtained":[{"floor":1,"key":"Fire Potion"},{"floor":2,"key":"LiquidMemories"},{"floor":6,"key":"SteroidPotion"},{"floor":31,"key":"CultistPotion"},{"floor":40,"key":"Block Potion"}],"is_trial":false,"path_per_floor":["M","M","?","?","M","E","M","E","T","M","E","R","$","M","R","B",null,"M","?","M","$","M","?","E","M","T","R","?","$","M","M","R","B",null,"M","M","?","?","M","E","M","R","T","?","T","$","M","M","R","B",null],"character_chosen":"MARISA","items_purchased":["Apotheosis+1","Bag of Preparation","PowerUp+1","Membership Card","Mummified Hand","theForsaken:HumbleEgg","GrandCross+1","Happy Flower","Frozen Eye"],"campfire_rested":4,"item_purchase_floors":[13,13,13,21,29,46,46,46,46],"current_hp_per_floor":[82,78,83,83,82,56,44,19,26,17,8,36,36,36,36,15,94,84,84,81,81,81,81,81,72,72,72,72,72,61,56,84,66,94,88,88,88,88,84,25,2,30,30,30,36,36,36,36,66,30],"gold":77,"neow_bonus":"TEN_PERCENT_HP_BONUS","is_daily":false,"chose_seed":false,"campfire_upgraded":2,"win_rate":0.0,"timestamp":1612830919,"path_taken":["M","M","?","?","?","E","M","E","T","M","E","R","$","M","R","BOSS","M","?","M","$","?","?","E","M","T","R","?","$","?","M","R","BOSS","M","M","?","?","?","E","M","R","T","?","?","$","M","M","R","BOSS"],"items_purchased_type":["Card","Relic","Card","Relic","Relic","Relic","Card","Relic","Relic"],"build_version":"2020-12-22","purchased_purges":3,"victory":true,"max_hp_per_floor":[82,82,87,87,87,87,87,87,94,94,94,94,94,94,94,94,94,94,94,94,94,94,94,94,94,94,94,94,94,94,94,94,94,94,94,94,94,94,94,94,94,94,94,94,100,100,100,100,100,100],"card_choices":[{"not_picked":["UnstableBomb","6A"],"picked":"StarlightTyphoon","floor":1},{"not_picked":["NonDirectionalLaser","ShootingEcho"],"picked":"MysteriousBeam","floor":2},{"not_picked":["MysteriousBeam","GrandCross"],"picked":"DoubleSpark","floor":5},{"not_picked":["EnergyRecoil","DarkMatter"],"picked":"DC","floor":6},{"not_picked":["ShootingEcho","StarBarrage"],"picked":"RefractionSpark","floor":7},{"not_picked":["MeteoricShower","ManaConvection"],"picked":"DragonMeteor","floor":8},{"not_picked":["ChargeUpSpray","PropBag+1"],"picked":"Occultation+1","floor":10},{"not_picked":["AsteroidBelt+1","SuperNova"],"picked":"Acceleration+1","floor":11},{"not_picked":["MeteoricShower","GravityBeat"],"picked":"MagicChant+1","floor":14},{"not_picked":["BigCrunch+1","JA"],"picked":"ManaRampage+1","floor":16},{"not_picked":["MeteoricShower","DoubleSpark+1"],"picked":"MilkyWay+1","floor":18},{"not_picked":["RefractionSpark","GrandCross+1"],"picked":"MilkyWay+1","floor":20},{"not_picked":["DarkMatter+1","DC+1"],"picked":"GasGiant+1","floor":22},{"not_picked":["Acceleration+1","NonDirectionalLaser"],"picked":"OpenUniverse+1","floor":24},{"not_picked":["StarlightTyphoon+1","6A","MeteoricShower"],"picked":"SKIP","floor":25},{"not_picked":["PropBag+1","CasketOfStar"],"picked":"SprinkleStarSeal+1","floor":30},{"not_picked":["NonDirectionalLaser","6A"],"picked":"SuperPerseids+1","floor":31},{"not_picked":["CollectingQuirk","SatelliteIllusion"],"picked":"CasketOfStar","floor":33},{"not_picked":["GasGiant+1","FairyDestructionRay"],"picked":"ShootingEcho","floor":35},{"not_picked":["MilkyWay+1","ShootingEcho"],"picked":"IllusionStar+1","floor":36},{"not_picked":["Secret Weapon+1","Violence+1"],"picked":"Panache","floor":37},{"not_picked":["Robbery","PowerUp+1"],"picked":"Acceleration+1","floor":39},{"not_picked":["StarlightTyphoon+1","GalacticHalo+1"],"picked":"MillisecondPulsars","floor":40},{"not_picked":["PowerUp+1","EarthLightRay+1","LuminesStrike"],"picked":"SKIP","floor":41},{"not_picked":["ShootingEcho+1","OneTimeOff+1"],"picked":"MysteriousBeam+1","floor":47},{"not_picked":["IllusionStar+1","Acceleration+1"],"picked":"PropBag+1","floor":48}],"player_experience":38028,"relics_obtained":[{"floor":6,"key":"Matryoshka"},{"floor":8,"key":"Omamori"},{"floor":9,"key":"Toxic Egg 2"},{"floor":9,"key":"Strawberry"},{"floor":11,"key":"Darkstone Periapt"},{"floor":24,"key":"hubris:CuriousFeather"},{"floor":26,"key":"Letter Opener"},{"floor":26,"key":"Vajra"},{"floor":40,"key":"hubris:DuctTape"},{"floor":45,"key":"Smiling Mask"}],"event_choices":[{"damage_healed":0,"gold_gain":0,"player_choice":"Donut","damage_taken":0,"max_hp_gain":5,"max_hp_loss":0,"event_name":"Big Fish","floor":3,"gold_loss":0},{"damage_healed":0,"gold_gain":100,"player_choice":"Pray","damage_taken":0,"max_hp_gain":0,"max_hp_loss":0,"event_name":"Golden Shrine","floor":4,"gold_loss":0},{"damage_healed":0,"gold_gain":250,"player_choice":"Bet on Owner","damage_taken":0,"max_hp_gain":0,"max_hp_loss":0,"event_name":"The Joust","floor":19,"gold_loss":50},{"cards_removed":["RefractionSpark"],"damage_healed":0,"gold_gain":0,"player_choice":"Card Removal","damage_taken":0,"max_hp_gain":0,"max_hp_loss":0,"event_name":"Wheel of Change","floor":28,"gold_loss":0},{"damage_healed":0,"gold_gain":0,"player_choice":"Memory 1","damage_taken":0,"max_hp_gain":0,"max_hp_loss":0,"event_name":"SensoryStone","floor":37,"gold_loss":0},{"damage_healed":0,"gold_gain":0,"player_choice":"1 cards matched","damage_taken":0,"max_hp_gain":0,"max_hp_loss":0,"event_name":"Match and Keep!","floor":38,"gold_loss":0,"cards_obtained":["MasterSpark"]}],"is_beta":false,"boss_relics":[{"not_picked":["Calling Bell","hubris:BlackHole"],"picked":"Cursed Key"},{"not_picked":["Runic Pyramid","Snecko Eye"],"picked":"theForsaken:PaleLantern"}],"items_purged_floors":[21,29,46],"is_endless":false,"potions_floor_spawned":[1,2,6,7,16,24,25,31,33,40,47],"ascension_level":2}}