{"host":"z5ogtnuuoxgup8y1","time":1612910011,"event":{"mods":["BaseMod","Better Third Choice","BetterRewards","Hermit","Hubris","Jorbs\u0027s Wanderer Trilogy","Minty Spire (QoL Compilation)","Reliquary","Replay The Spire","Spicy Shops","StSLib","The Cursed","The Disciple","The Hierophant","The Jungle","The Marked","The Runesmith"],"gold_per_floor":[114,131,150,164,174,207,207,234,234,234,234,246,246,256,256,256,256],"floor_reached":16,"language":"ENG","playtime":561,"items_purged":[],"score":228,"play_id":"cc336c23-0332-4dbb-9669-8eebc2bfe13b","local_time":"20210209223331","is_ascension_mode":true,"campfire_choices":[{"data":"Inflame","floor":7.0,"key":"SMITH"},{"data":"Feed","floor":13.0,"key":"SMITH"},{"data":"Flame Barrier","floor":15.0,"key":"SMITH"}],"circlet_count":0,"master_deck":["AscendersBane","Strike_R","Strike_R","Strike_R","Defend_R","Defend_R","Defend_R","Defend_R","Bash","Headbutt","Twin Strike","Clothesline","Cleave","Inflame+1","Feed+1","True Grit","Flame Barrier+1"],"relics":["Burning Blood","Vajra","Pen Nib","Nunchaku","Pear"],"acts_visited":["Exordium"],"potions_floor_usage":[16],"damage_taken":[{"damage":9.0,"enemies":"2 Louse","floor":1.0,"turns":3.0},{"damage":1.0,"enemies":"Cultist","floor":2.0,"turns":3.0},{"damage":7.0,"enemies":"Jaw Worm","floor":3.0,"turns":3.0},{"damage":9.0,"enemies":"3 Louse","floor":4.0,"turns":4.0},{"damage":12.0,"enemies":"2 Fungi Beasts","floor":5.0,"turns":3.0},{"damage":15.0,"enemies":"3 Sentries","floor":6.0,"turns":4.0},{"damage":15.0,"enemies":"Lagavulin","floor":8.0,"turns":6.0},{"damage":2.0,"enemies":"Looter","floor":12.0,"turns":4.0},{"damage":7.0,"enemies":"3 Louse","floor":14.0,"turns":4.0},{"damage":52,"enemies":"Slime Boss","floor":16,"turns":7}],"seed_played":"-8885390963519478293","potions_obtained":[{"floor":1.0,"key":"Explosive Potion"},{"floor":2.0,"key":"SpeedPotion"},{"floor":4.0,"key":"CultistPotion"},{"floor":14.0,"key":"Explosive Potion"}],"is_trial":false,"path_per_floor":["M","M","M","M","M","E","R","E","T","?","?","M","R","M","R","B"],"character_chosen":"IRONCLAD","items_purchased":["Vajra"],"campfire_rested":0,"item_purchase_floors":[0],"current_hp_per_floor":[65,70,69,66,60,51,51,42,52,45,45,49,49,52,52,0,0],"gold":256,"neow_bonus":"","is_daily":false,"chose_seed":false,"campfire_upgraded":3,"win_rate":0.0,"timestamp":1612910011,"path_taken":["M","M","M","M","M","E","R","E","T","?","?","M","R","?","R","BOSS"],"items_purchased_type":["Relic"],"build_version":"2020-12-22","purchased_purges":0,"victory":false,"max_hp_per_floor":[75,75,75,75,75,75,75,75,85,85,85,85,85,89,89,89,89],"card_choices":[{"not_picked":["Wild Strike","Flex"],"picked":"Headbutt","floor":1.0},{"not_picked":["Sword Boomerang","Armaments"],"picked":"Twin Strike","floor":2.0},{"not_picked":["Defy Death","Searing Blow","Dual Wield"],"picked":"SKIP","floor":3.0},{"not_picked":["Clash","Bloodletting"],"picked":"Clothesline","floor":4.0},{"not_picked":["Warcry","Infernal Blade"],"picked":"Cleave","floor":5.0},{"not_picked":["Warcry","Rage"],"picked":"Inflame","floor":6.0},{"not_picked":["Replay:Many Hands","Sword Boomerang"],"picked":"Feed","floor":8.0},{"not_picked":["Entrench","Warcry"],"picked":"True Grit","floor":12.0},{"not_picked":["Replay:Undeath\u0027s Touch","Havoc"],"picked":"Flame Barrier","floor":14.0}],"player_experience":697775,"relics_obtained":[{"floor":6.0,"key":"Pen Nib"},{"floor":8.0,"key":"Nunchaku"},{"floor":9.0,"key":"Pear"}],"event_choices":[{"cards_removed":["Strike_R"],"damage_healed":0.0,"max_hp_gain":0.0,"max_hp_loss":0.0,"gold_gain":0.0,"event_name":"Golden Wing","player_choice":"Card Removal","floor":10.0,"gold_loss":0.0,"damage_taken":7.0},{"cards_removed":["Strike_R"],"damage_healed":0.0,"max_hp_gain":0.0,"max_hp_loss":0.0,"gold_gain":0.0,"event_name":"Purifier","player_choice":"Purged","floor":11.0,"gold_loss":0.0,"damage_taken":0.0}],"is_beta":false,"boss_relics":[],"items_purged_floors":[],"is_endless":false,"potions_floor_spawned":[1,2,4,14],"killed_by":"Slime Boss","ascension_level":20}}