{"host":"dmtlrev5pkc1867p","time":1612842119,"event":{"mods":["A Magickal Journey","BaseMod","Colored Map","Colored Powertips","Downfall","Hermit","Highlight Path","Infinite Spire","Marisa¡]Ãú«B¡@Å]²z¨F¡^","Minty Spire (QoL Compilation)","Permanent Neow","Quick Restart","Rare Cards Sparkle","Relic Stats","Replay The Spire","StSLib","SuperFastMode","The Construct","The Cursed","The Disciple","The Hierophant","The Necromancer","The Runesmith","The Servant 0.9.4"],"gold_per_floor":[109,109,26,126,139,124,201,101,121,121,146,166,166,166,66,66,66],"floor_reached":16,"language":"ZHS","playtime":474,"items_purged":[],"score":132,"play_id":"8edb18cd-cd48-4518-b3e4-ce2d51e4aa39","local_time":"20210209114159","daily_mods":["DeadlyEvents","Elite Swarm","Lethality"],"is_ascension_mode":true,"campfire_choices":[{"floor":8,"key":"REST"},{"floor":10,"key":"REST"},{"floor":13,"key":"RECALL"},{"floor":15,"key":"REST"}],"circlet_count":0,"master_deck":["Strike_W","Strike_W","Strike_W","Strike_W","Defend_W","Defend_W","Defend_W","Defend_W","Negative_Energy_Arrows","Bone_Wall","Summon_Lich","Bone_Prison","TheCursedMod:SpitefulPlan","Vampiric_Strike","Negative_Energy_Burst","TheCursedMod:RapidMovement","TheCursedMod:AntiAging","Vampiric_Strike"],"relics":["TheCursedMod:BlackMagic101","infinitespire:Cubic Diamond","downfall:HeartBlessingBlue","Incense Burner","downfall:BrokenWingStatue","downfall:HeartBlessingRed"],"acts_visited":["Exordium"],"potions_floor_usage":[12],"damage_taken":[{"damage":9,"enemies":"2 Louse","floor":1,"turns":2},{"damage":7,"enemies":"downfall:FleeingMerchant","floor":3,"turns":4},{"damage":15,"enemies":"Small Slimes","floor":5,"turns":2},{"damage":17,"enemies":"downfall:FleeingMerchant","floor":6,"turns":5},{"damage":7,"enemies":"Cultist","floor":9,"turns":3},{"damage":43,"enemies":"Lagavulin","floor":11,"turns":7},{"damage":5,"enemies":"Exordium Wildlife","floor":12,"turns":5},{"damage":68,"enemies":"IC_STATUS_ARCHETYPE","floor":16,"turns":8}],"seed_played":"-1579369252430237810","potions_obtained":[{"floor":5,"key":"Adrenaline Potion"},{"floor":9,"key":"SmokeBomb"}],"is_trial":true,"path_per_floor":["M","?","$","?","M","$","T","R","M","R","E","M","R","?","R","B"],"character_chosen":"NECROMANCER","items_purchased":["TheCursedMod:SpitefulPlan"],"campfire_rested":3,"item_purchase_floors":[3],"current_hp_per_floor":[63,63,56,56,41,28,28,63,56,81,40,37,37,37,62,0,0],"gold":66,"neow_bonus":"","is_daily":false,"chose_seed":false,"campfire_upgraded":0,"win_rate":0.0,"timestamp":1612842119,"path_taken":["M","?","$","?","M","$","T","R","M","R","E","M","R","?","R","BOSS"],"items_purchased_type":["Card"],"build_version":"2020-12-22","purchased_purges":0,"victory":false,"max_hp_per_floor":[75,75,75,75,75,75,75,85,85,85,85,85,85,85,85,85,85],"relic_stats":{"counters":[8,36],"obtain_stats":[{"TheCursedMod:BlackMagic101":2,"downfall:BrokenWingStatue":14,"downfall:HeartBlessingRed":15,"downfall:HeartBlessingBlue":8,"Vampire_Amulet":0,"infinitespire:Cubic Diamond":2,"Incense Burner":11},{"TheCursedMod:BlackMagic101":1,"downfall:BrokenWingStatue":7,"downfall:HeartBlessingRed":7,"downfall:HeartBlessingBlue":4,"Vampire_Amulet":0,"infinitespire:Cubic Diamond":1,"Incense Burner":6},{"TheCursedMod:BlackMagic101":2,"downfall:BrokenWingStatue":28,"downfall:HeartBlessingRed":28,"downfall:HeartBlessingBlue":13,"Vampire_Amulet":0,"infinitespire:Cubic Diamond":2,"Incense Burner":23}]},"card_choices":[{"not_picked":["TheCursedMod:SoulCrush","Negative_Energy_Javelin"],"picked":"Summon_Lich","floor":1},{"not_picked":["Death_Knell","Bone_Shift"],"picked":"Bone_Prison","floor":3},{"not_picked":["Shackles_Of_Pain","TheCursedMod:SmokeScreen"],"picked":"Vampiric_Strike","floor":5},{"not_picked":["TheCursedMod:CircleOfFlame","TheCursedMod:FleshFromBone"],"picked":"Negative_Energy_Burst","floor":6},{"not_picked":["TheCursedMod:FuryStrike","TheCursedMod:SaltUponWound"],"picked":"TheCursedMod:RapidMovement","floor":9},{"not_picked":["Blood_Magic","TheCursedMod:NeowsMight"],"picked":"TheCursedMod:AntiAging","floor":11},{"not_picked":["Shackles_Of_Pain","TheCursedMod:CircleOfFlame"],"picked":"Vampiric_Strike","floor":12}],"player_experience":654222,"relics_obtained":[{"floor":11,"key":"Incense Burner"}],"event_choices":[],"is_beta":false,"boss_relics":[],"items_purged_floors":[],"is_endless":false,"potions_floor_spawned":[5,9],"killed_by":"IC_STATUS_ARCHETYPE","ascension_level":7}}