{"host":"vyjryxuuuxkt43k4","time":1612868078,"event":{"mods":["AchievementEnabler","BaseMod","Colored Map","DeckTracker","Keyboard Shortcuts","Minty Spire (QoL Compilation)","Permanent Neow","Quick Restart","StSLib","SuperFastMode","everything is the same but u backflip on backflip"],"gold_per_floor":[18,38,48,63,77,77,88,163,244,244,579,591,607,607,607,683,683,698,713,52,52,52,52,67,67,67],"floor_reached":25,"language":"KOR","playtime":1188,"items_purged":["Strike_R"],"score":414,"play_id":"60a31159-5735-45c3-bf52-9cdfdcb44826","local_time":"20210209195438","is_ascension_mode":true,"campfire_choices":[{"data":"Searing Blow","floor":6.0,"key":"SMITH"},{"data":"Searing Blow+1","floor":10.0,"key":"SMITH"},{"data":"Searing Blow+2","floor":15.0,"key":"SMITH"},{"data":"Searing Blow+3","floor":23.0,"key":"SMITH"}],"circlet_count":0,"master_deck":["AscendersBane","Strike_R","Strike_R","Strike_R","Defend_R","Defend_R","Defend_R","Defend_R","Bash","Flame Barrier","Evolve","Blood for Blood","Searing Blow+4","Ghostly Armor","Headbutt","Battle Trance","Corruption","Battle Trance","Power Through","Shrug It Off","Armaments+1"],"relics":["Burning Blood","Thread and Needle","White Beast Statue","Old Coin","Omamori","Velvet Choker","Meat on the Bone","ClockworkSouvenir"],"acts_visited":["Exordium","TheCity"],"potions_floor_usage":[25,25],"damage_taken":[{"damage":7.0,"enemies":"Cultist","floor":1.0,"turns":5.0},{"damage":5.0,"enemies":"Jaw Worm","floor":2.0,"turns":4.0},{"damage":2.0,"enemies":"2 Louse","floor":3.0,"turns":3.0},{"damage":5.0,"enemies":"Looter","floor":4.0,"turns":4.0},{"damage":6.0,"enemies":"3 Louse","floor":5.0,"turns":5.0},{"damage":0.0,"enemies":"2 Fungi Beasts","floor":7.0,"turns":4.0},{"damage":25.0,"enemies":"Gremlin Nob","floor":11.0,"turns":4.0},{"damage":3.0,"enemies":"Lots of Slimes","floor":12.0,"turns":6.0},{"damage":0.0,"enemies":"Blue Slaver","floor":13.0,"turns":3.0},{"damage":33.0,"enemies":"Slime Boss","floor":16.0,"turns":10.0},{"damage":15.0,"enemies":"Spheric Guardian","floor":18.0,"turns":5.0},{"damage":11.0,"enemies":"Shell Parasite","floor":19.0,"turns":7.0},{"damage":11.0,"enemies":"Shelled Parasite and Fungi","floor":24.0,"turns":5.0},{"damage":44,"enemies":"Gremlin Leader","floor":25,"turns":4}],"seed_played":"4042425558983842675","potions_obtained":[{"floor":1.0,"key":"FearPotion"},{"floor":7.0,"key":"LiquidBronze"},{"floor":11.0,"key":"Block Potion"},{"floor":12.0,"key":"SmokeBomb"},{"floor":13.0,"key":"Strength Potion"},{"floor":16.0,"key":"SkillPotion"},{"floor":18.0,"key":"Energy Potion"},{"floor":19.0,"key":"Dexterity Potion"},{"floor":24.0,"key":"EssenceOfSteel"}],"is_trial":false,"path_per_floor":["M","M","M","M","M","R","M","?","T","R","E","M","M","T","R","B",null,"M","M","$","?","?","R","M","E"],"character_chosen":"IRONCLAD","items_purchased":["Meat on the Bone","Power Through","Shrug It Off","ClockworkSouvenir"],"campfire_rested":0,"item_purchase_floors":[20,20,20,20],"current_hp_per_floor":[67,68,72,73,73,73,75,64,64,64,45,48,54,54,54,27,63,54,49,49,49,49,49,44,0,0],"gold":67,"neow_bonus":"ONE_RARE_RELIC","is_daily":false,"chose_seed":false,"campfire_upgraded":4,"win_rate":0.0,"timestamp":1612868078,"path_taken":["M","M","?","M","M","R","M","?","T","R","E","M","M","?","R","BOSS","M","M","$","?","?","R","M","E"],"items_purchased_type":["Relic","Card","Card","Relic"],"build_version":"2020-12-22","purchased_purges":1,"victory":false,"max_hp_per_floor":[75,75,75,75,75,75,75,75,75,75,75,75,75,75,75,75,75,75,75,75,75,75,75,75,75,75],"card_choices":[{"not_picked":["Warcry","Armaments"],"picked":"Flame Barrier","floor":1.0},{"not_picked":["Rage","Headbutt"],"picked":"Evolve","floor":2.0},{"not_picked":["Infernal Blade","Pommel Strike"],"picked":"Blood for Blood","floor":3.0},{"not_picked":["Armaments","Iron Wave"],"picked":"Searing Blow","floor":4.0},{"not_picked":["Searing Blow","Warcry"],"picked":"Ghostly Armor","floor":5.0},{"not_picked":["Pummel","True Grit"],"picked":"Headbutt","floor":7.0},{"not_picked":["Armaments","Intimidate"],"picked":"Battle Trance","floor":11.0},{"not_picked":["Evolve","Clash","Thunderclap"],"picked":"SKIP","floor":12.0},{"not_picked":["Dark Embrace","Inflame","Rupture"],"picked":"SKIP","floor":13.0},{"not_picked":["Reaper","Barricade"],"picked":"Corruption","floor":16.0},{"not_picked":["Body Slam","Rampage","Clash"],"picked":"SKIP","floor":18.0},{"not_picked":["Entrench","Whirlwind"],"picked":"Battle Trance","floor":19.0},{"not_picked":["Twin Strike","Pommel Strike"],"picked":"Armaments+1","floor":24.0}],"player_experience":870935,"relics_obtained":[{"floor":9.0,"key":"White Beast Statue"},{"floor":11.0,"key":"Old Coin"},{"floor":14.0,"key":"Omamori"}],"event_choices":[{"damage_healed":0.0,"max_hp_gain":0.0,"max_hp_loss":0.0,"gold_gain":75.0,"event_name":"World of Goop","player_choice":"Gather Gold","floor":8.0,"gold_loss":0.0,"damage_taken":11.0},{"cards_removed":["Strike_R"],"damage_healed":0.0,"max_hp_gain":0.0,"max_hp_loss":0.0,"gold_gain":0.0,"event_name":"Back to Basics","player_choice":"Elegance","floor":21.0,"gold_loss":0.0,"damage_taken":0.0},{"damage_healed":0.0,"max_hp_gain":0.0,"max_hp_loss":0.0,"gold_gain":0.0,"event_name":"The Mausoleum","player_choice":"Ignored","floor":22.0,"gold_loss":0.0,"damage_taken":0.0}],"is_beta":false,"boss_relics":[{"not_picked":["Pandora\u0027s Box","Busted Crown"],"picked":"Velvet Choker"}],"items_purged_floors":[20],"is_endless":false,"potions_floor_spawned":[1,7,11,12,13,16,18,19,24],"killed_by":"Gremlin Leader","ascension_level":20}}