{"host":"9su5mcq9b0zq9npg","time":1612859220,"event":{"mods":["Aspiration","BaseMod","Better Note","Block Reminder","Colored Map","Colored Powertips","Conspire","Defuse TimeMaze Blight","Highlight Path","Hubris","Infinite Spire","Jorbs\u0027s Wanderer Trilogy","Minty Spire (QoL Compilation)","Quick Restart","Spicy Shops","Spikes Relics","StSLib","Synergy Search"],"gold_per_floor":[117,131,146,146,164,164,193,193,193,227,243,243,259,269,269,370,370,382,382,382,401,76,76,105,115,142,142,166,166,166,181,181,280,280,292,292,342,7,7,7,7],"floor_reached":40,"language":"ENG","playtime":1753,"items_purged":["Intolerance","Strike_B"],"score":464,"play_id":"fd631fbd-926f-4b8d-8fa4-a42334e1c378","local_time":"20210209092700","is_ascension_mode":false,"campfire_choices":[{"floor":6,"key":"REST"},{"data":"FTL","floor":6,"key":"SMITH"},{"floor":12,"key":"REST"},{"data":"Defragment","floor":12,"key":"SMITH"},{"floor":15,"key":"REST"},{"data":"Loop","floor":15,"key":"SMITH"},{"data":"Storm","floor":23,"key":"SMITH"},{"floor":27,"key":"REST"},{"data":"White Noise","floor":27,"key":"SMITH"},{"data":"Zap","floor":30,"key":"SMITH"},{"data":"Dualcast","floor":32,"key":"SMITH"}],"circlet_count":0,"master_deck":["Strike_B","Strike_B","Strike_B","Defend_B","Defend_B","Defend_B","Zap+1","Dualcast+1","Ball Lightning","Storm+1","FTL+1","Ball Lightning","Defragment+1","Loop+1","White Noise+1","Electrodynamics+1","Ball Lightning","Redo+1","Conserve Battery","Storm"],"relics":["Cracked Core","infinitespire:Magic Flask","Ice Cream","Singing Bowl","hubris:MedicalManual","Inserter","Mummified Hand","Unceasing Top","infinitespire:Satchel","SnailShell","infinitespire:Cupcake","infinitespire:Golems Mask","Membership Card","hubris:BallOfYels","hubris:Icosahedron"],"acts_visited":["Exordium","TheCity","TheBeyond"],"potions_floor_usage":[7,10,11,14,21,33,37,37],"damage_taken":[{"damage":0,"enemies":"conspire:RoseBush","floor":1,"turns":3},{"damage":6,"enemies":"Cultist","floor":2,"turns":3},{"damage":5,"enemies":"Small Slimes","floor":3,"turns":4},{"damage":17,"enemies":"Exordium Thugs","floor":5,"turns":4},{"damage":20,"enemies":"Gremlin Nob","floor":7,"turns":4},{"damage":30,"enemies":"3 Sentries","floor":10,"turns":6},{"damage":0,"enemies":"conspire:2 RoseBushes","floor":11,"turns":4},{"damage":10,"enemies":"Looter","floor":13,"turns":3},{"damage":7,"enemies":"Blue Slaver","floor":14,"turns":3},{"damage":0,"enemies":"Slime Boss","floor":16,"turns":5},{"damage":6,"enemies":"conspire:FuzzyDice","floor":18,"turns":4},{"damage":10,"enemies":"Chosen","floor":21,"turns":5},{"damage":26,"enemies":"conspire:SneckoGhost","floor":24,"turns":5},{"damage":10,"enemies":"Snecko","floor":25,"turns":3},{"damage":5,"enemies":"Shelled Parasite and Fungi","floor":31,"turns":2},{"damage":33,"enemies":"Champ","floor":33,"turns":6},{"damage":9,"enemies":"3 Darklings","floor":35,"turns":3},{"damage":0,"enemies":"Mind Bloom Boss Battle","floor":37,"turns":2},{"damage":81,"enemies":"Nightmare","floor":40,"turns":5}],"seed_played":"4300485633246392142","potions_obtained":[{"floor":5,"key":"EssenceOfSteel"},{"floor":8,"key":"ColorlessPotion"},{"floor":8,"key":"Weak Potion"},{"floor":8,"key":"LiquidMemories"},{"floor":10,"key":"Weak Potion"},{"floor":13,"key":"Swift Potion"},{"floor":14,"key":"Energy Potion"},{"floor":25,"key":"Swift Potion"},{"floor":33,"key":"Explosive Potion"}],"is_trial":false,"path_per_floor":["M","M","M","?","M","R","E","?","T","E","M","R","M","M","R","B",null,"M","?","?","M","$","R","E","M","T","R","T","?","R","M","R","B",null,"M","?","?","$","?","NM"],"character_chosen":"DEFECT","items_purchased":["Mummified Hand","Membership Card","hubris:BallOfYels","Storm"],"campfire_rested":4,"item_purchase_floors":[22,38,38,38],"current_hp_per_floor":[75,69,64,64,47,69,49,49,49,21,21,44,34,27,50,50,77,73,73,73,63,63,63,37,29,29,53,53,53,53,50,50,19,85,78,78,78,78,78,0,0],"gold":7,"neow_bonus":"ONE_RARE_RELIC","is_daily":false,"chose_seed":false,"campfire_upgraded":7,"win_rate":0.0,"timestamp":1612859220,"path_taken":["M","M","M","?","?","R","E","?","T","E","?","R","M","M","R","BOSS","M","?","?","M","$","R","E","?","T","R","?","?","R","M","R","BOSS","M","?","?","$","?","NM"],"items_purchased_type":["Relic","Relic","Relic","Card"],"build_version":"2020-12-22","purchased_purges":2,"victory":false,"max_hp_per_floor":[75,75,75,75,75,75,75,75,75,77,77,77,77,77,77,77,77,79,79,79,79,79,79,79,81,81,81,81,81,81,83,83,85,85,87,87,87,87,87,87,87],"card_choices":[{"not_picked":["Sweeping Beam","Aggregate"],"picked":"Ball Lightning","floor":1},{"not_picked":["Reprogram","Capacitor"],"picked":"Storm","floor":2},{"not_picked":["Beam Cell","Rebound"],"picked":"Turbo","floor":3},{"not_picked":["Sweeping Beam","Streamline"],"picked":"Ball Lightning","floor":5},{"not_picked":["Cold Snap","Gash","Coolheaded"],"picked":"SKIP","floor":7},{"not_picked":["Consume","Sunder","Leap"],"picked":"Singing Bowl","floor":10},{"not_picked":["DiskWipe","Rebound"],"picked":"Defragment","floor":11},{"not_picked":["Amplify","Compile Driver"],"picked":"Loop","floor":13},{"not_picked":["Cold Snap","Beam Cell"],"picked":"White Noise","floor":14},{"not_picked":["Reboot","Meteor Strike"],"picked":"Electrodynamics","floor":16},{"not_picked":["Lockon+1","Gash","Stack"],"picked":"Singing Bowl","floor":18},{"not_picked":["hubris:PowerSurge","BootSequence"],"picked":"Ball Lightning","floor":21},{"not_picked":["aspiration:Polymerization","Reinforced Body"],"picked":"Redo","floor":24},{"not_picked":["Rebound","Barrage","Beam Cell"],"picked":"Singing Bowl","floor":25},{"not_picked":["Redo","Rainbow","Hologram+1"],"picked":"Singing Bowl","floor":31},{"not_picked":["Reboot","Meteor Strike","Amplify"],"picked":"Singing Bowl","floor":33},{"not_picked":["Rebound+1","Stack","Steam"],"picked":"Singing Bowl","floor":35},{"not_picked":["Glacier+1","Auto Shields"],"picked":"Conserve Battery","floor":37}],"player_experience":139719,"relics_obtained":[{"floor":7,"key":"Ice Cream"},{"floor":9,"key":"Singing Bowl"},{"floor":10,"key":"hubris:MedicalManual"},{"floor":24,"key":"Unceasing Top"},{"floor":26,"key":"infinitespire:Satchel"},{"floor":28,"key":"SnailShell"},{"floor":37,"key":"infinitespire:Golems Mask"}],"event_choices":[{"damage_healed":0,"gold_gain":0,"cards_transformed":["Turbo"],"player_choice":"Transformed","damage_taken":0,"max_hp_gain":0,"max_hp_loss":0,"event_name":"Transmorgrifier","floor":4,"gold_loss":0,"cards_obtained":["FTL"]},{"damage_healed":0,"gold_gain":0,"player_choice":"Got Potions","damage_taken":0,"max_hp_gain":0,"max_hp_loss":0,"event_name":"Lab","floor":8,"gold_loss":0},{"damage_healed":0,"gold_gain":0,"player_choice":"Upgraded","damage_taken":0,"max_hp_gain":0,"max_hp_loss":0,"event_name":"Upgrade Shrine","floor":19,"gold_loss":0,"cards_upgraded":["Electrodynamics"]},{"cards_removed":["Intolerance"],"damage_healed":0,"gold_gain":0,"player_choice":"Give","damage_taken":0,"max_hp_gain":0,"max_hp_loss":0,"event_name":"betterNote:BetterNote","floor":20,"gold_loss":0,"cards_obtained":["None"]},{"cards_removed":["Defend_B"],"damage_healed":0,"gold_gain":0,"player_choice":"Removed Skill","damage_taken":0,"max_hp_gain":0,"max_hp_loss":0,"event_name":"Falling","floor":36,"gold_loss":0},{"damage_healed":0,"gold_gain":0,"player_choice":"Fight","damage_taken":0,"max_hp_gain":0,"max_hp_loss":0,"event_name":"MindBloom","floor":37,"gold_loss":0}],"is_beta":false,"boss_relics":[{"not_picked":["Pandora\u0027s Box","hubris:VirtuousBlindfold"],"picked":"Inserter"},{"not_picked":["FrozenCore","hubris:HollowSoul"],"picked":"infinitespire:Cupcake"}],"items_purged_floors":[22,38],"is_endless":false,"potions_floor_spawned":[5,10,13,14,25,33],"killed_by":"Nightmare","ascension_level":0}}