{"host":"it04jaz8eul1eh3d","time":1612872520,"event":{"mods":["AchievementEnabler","BaseMod","Colored Map","DeckTracker","Keyboard Shortcuts","Minty Spire (QoL Compilation)","SuperFastMode"],"gold_per_floor":[115,130,205,305,318,352,352,352,352],"floor_reached":8,"language":"KOR","playtime":220,"items_purged":[],"score":56,"play_id":"7a617ad0-6324-4ad8-81e9-6ff8f7faa991","local_time":"20210209210840","is_ascension_mode":false,"campfire_choices":[],"circlet_count":0,"master_deck":["Strike_R","Strike_R","Strike_R","Strike_R","Strike_R","Defend_R","Defend_R","Defend_R","Defend_R","Bash","Finesse","Inflame","Armaments","Inflame","Heavy Blade"],"relics":["Burning Blood","Eternal Feather","FossilizedHelix"],"acts_visited":["Exordium"],"potions_floor_usage":[],"damage_taken":[{"damage":4,"enemies":"2 Louse","floor":1,"turns":4},{"damage":3,"enemies":"Small Slimes","floor":2,"turns":4},{"damage":1,"enemies":"Cultist","floor":5,"turns":3},{"damage":38,"enemies":"3 Sentries","floor":6,"turns":10},{"damage":42,"enemies":"Gremlin Nob","floor":8,"turns":4}],"seed_played":"4287599145696131221","potions_obtained":[{"floor":5,"key":"SteroidPotion"}],"is_trial":false,"path_per_floor":["M","M","?","?","M","E","T","E"],"character_chosen":"IRONCLAD","items_purchased":[],"campfire_rested":0,"item_purchase_floors":[],"current_hp_per_floor":[80,80,69,69,74,42,42,0,0],"gold":352,"neow_bonus":"RANDOM_COLORLESS","is_daily":false,"chose_seed":false,"campfire_upgraded":0,"win_rate":0.0,"timestamp":1612872520,"path_taken":["M","M","?","?","?","E","?","E"],"items_purchased_type":[],"build_version":"2020-12-22","purchased_purges":0,"victory":false,"max_hp_per_floor":[80,80,80,80,80,80,80,80,80],"card_choices":[{"not_picked":["Trip","Madness"],"picked":"Finesse","floor":0},{"not_picked":["Cleave","Heavy Blade"],"picked":"Inflame","floor":1},{"not_picked":["Anger","Cleave"],"picked":"Armaments","floor":2},{"not_picked":["Rupture","Clothesline"],"picked":"Inflame","floor":5},{"not_picked":["Cleave","Ghostly Armor"],"picked":"Heavy Blade","floor":6}],"player_experience":144593,"relics_obtained":[{"floor":6,"key":"Eternal Feather"},{"floor":7,"key":"FossilizedHelix"}],"event_choices":[{"damage_healed":0,"gold_gain":75,"player_choice":"Gather Gold","damage_taken":11,"max_hp_gain":0,"max_hp_loss":0,"event_name":"World of Goop","floor":3,"gold_loss":0},{"damage_healed":0,"gold_gain":100,"player_choice":"Gold","damage_taken":0,"max_hp_gain":0,"max_hp_loss":0,"event_name":"Wheel of Change","floor":4,"gold_loss":0}],"is_beta":false,"boss_relics":[],"items_purged_floors":[],"is_endless":false,"potions_floor_spawned":[5],"killed_by":"Gremlin Nob","ascension_level":0}}