{"host":"o6nndy8fvkon49s1","time":1612837465,"event":{"mods":["BaseMod","CapriCore","Hermit","Marisa????????","Minty Spire (QoL Compilation)","Prisma Mod","StSLib","Td1madao Mod","The Administrix","The Fake Hero","The Forsaken","The Immortal","The Marked","The Necromancer","The Servant 0.9.4"],"gold_per_floor":[514,11,24,37,57,57,69,69,114,114,14,14,14,34,34,34,34],"floor_reached":16,"language":"ENG","playtime":446,"items_purged":["luka_mod:Surrender","luka_mod:BladeOfSolidEarth"],"score":92,"play_id":"4f97df46-816b-49da-afc6-841f0a7d9121","local_time":"20210208202425","is_ascension_mode":false,"campfire_choices":[{"data":"luka_mod:StrikeLuka","floor":6,"key":"SMITH"},{"data":"luka_mod:Calm","floor":8,"key":"SMITH"},{"floor":10,"key":"REST"},{"data":"luka_mod:Edging","floor":12,"key":"SMITH"},{"data":"luka_mod:DemonDecapitation","floor":15,"key":"SMITH"}],"circlet_count":0,"master_deck":["luka_mod:StrikeLukaOne","luka_mod:StrikeLukaTwo","luka_mod:StrikeLukaThree","luka_mod:StrikeLukaFour","luka_mod:StrikeLukaFive","luka_mod:StrikeLukaSix","luka_mod:Salt","luka_mod:Guard","luka_mod:Edging+1","luka_mod:FlailWildly","luka_mod:Meditation","luka_mod:Feel","luka_mod:PerfectTiming","luka_mod:StrikeLuka+1","luka_mod:DemonDecapitation+1","luka_mod:Calm+1"],"relics":["luka_mod:KeepsakeRing","Regal Pillow","Bottled Flame","Happy Flower","CultistMask"],"acts_visited":["Exordium"],"potions_floor_usage":[5,16],"damage_taken":[{"damage":8,"enemies":"2 Louse","floor":1,"turns":3},{"damage":0,"enemies":"Cultist","floor":3,"turns":4},{"damage":12,"enemies":"Jaw Worm","floor":4,"turns":5},{"damage":24,"enemies":"Lots of Slimes","floor":5,"turns":6},{"damage":21,"enemies":"Gremlin Gang","floor":7,"turns":4},{"damage":0,"enemies":"Red Slaver","floor":14,"turns":2},{"damage":45,"enemies":"The Guardian","floor":16,"turns":7}],"seed_played":"1730008004016612576","potions_obtained":[{"floor":3,"key":"Regen Potion"},{"floor":4,"key":"LiquidMemories"}],"is_trial":false,"path_per_floor":["M","$","M","M","M","R","M","R","T","R","$","R","?","M","R","B"],"character_chosen":"LUKA_CLASS","items_purchased":["Regal Pillow","Bottled Flame","luka_mod:PerfectTiming"],"campfire_rested":1,"item_purchase_floors":[2,2,2],"current_hp_per_floor":[16,16,36,36,39,39,18,18,18,40,40,40,40,40,40,0,0],"gold":34,"neow_bonus":"TRANSFORM_CARD","is_daily":false,"chose_seed":false,"campfire_upgraded":4,"win_rate":0.0,"timestamp":1612837465,"path_taken":["M","$","M","M","M","R","M","R","T","R","$","R","?","M","R","BOSS"],"items_purchased_type":["Relic","Relic","Card"],"build_version":"2020-12-22","purchased_purges":2,"victory":false,"max_hp_per_floor":[40,40,40,40,40,40,40,40,40,40,40,40,40,40,40,40,40],"card_choices":[{"not_picked":["luka_mod:WaterSlash","luka_mod:PerfectTiming"],"picked":"luka_mod:Feel","floor":1},{"not_picked":["luka_mod:UnusedPoison","luka_mod:RestrictedStrike","luka_mod:HeroicStrike"],"picked":"SKIP","floor":3},{"not_picked":["luka_mod:WaterSlash","luka_mod:PrayToIlias"],"picked":"luka_mod:StrikeLuka","floor":4},{"not_picked":["luka_mod:Intense","luka_mod:Request"],"picked":"luka_mod:DemonDecapitation","floor":5},{"not_picked":["luka_mod:FireSlash","luka_mod:Optimistic"],"picked":"luka_mod:Calm","floor":7},{"not_picked":["luka_mod:RestrictedStrike","luka_mod:ThunderThrust","luka_mod:StrikeLuka"],"picked":"SKIP","floor":14}],"player_experience":221734,"relics_obtained":[{"floor":9,"key":"Happy Flower"}],"event_choices":[{"damage_healed":0,"gold_gain":0,"player_choice":"Trade","damage_taken":0,"relics_obtained":["CultistMask"],"max_hp_gain":0,"max_hp_loss":0,"event_name":"FaceTrader","floor":13,"gold_loss":0}],"is_beta":false,"boss_relics":[],"items_purged_floors":[2,11],"is_endless":false,"potions_floor_spawned":[3,4],"killed_by":"The Guardian","ascension_level":0}}