{"host":"7sni158j623xchr2","time":1612895437,"event":{"mods":["BaseMod","Colored Map","Highlight Path","Minty Spire (QoL Compilation)","Permanent Neow","Potion Indicator Mod","Rare Cards Sparkle","Relic Sorter","Relic Stats","StSLib","everything is the same but u backflip on backflip"],"gold_per_floor":[114,19,19,19,39,73,73,93,93,111,111,146,146,173,173,278,278,307,336,355,68,77,77,109,109,109,123,139,139,176,176,176,283,283,306,333,333,35,84,84,110,130,130,40,59,41,41,60,60,60,60,60,35,73,73],"floor_reached":56,"language":"ENG","playtime":1740,"items_purged":["Strike_G","Strike_G"],"score":1306,"play_id":"5d826b33-ac88-48c6-9632-011c39bf9b6b","local_time":"20210209123037","is_ascension_mode":true,"campfire_choices":[{"data":"Terror","floor":7,"key":"SMITH"},{"data":"Poisoned Stab","floor":13,"key":"SMITH"},{"data":"Neutralize","floor":15,"key":"SMITH"},{"data":"Die Die Die","floor":23,"key":"SMITH"},{"data":"Corpse Explosion","floor":25,"key":"SMITH"},{"data":"After Image","floor":29,"key":"SMITH"},{"data":"Malaise","floor":32,"key":"SMITH"},{"floor":40,"key":"RECALL"},{"floor":47,"key":"REST"},{"floor":49,"key":"REST"},{"floor":52,"key":"REST"}],"circlet_count":0,"master_deck":["Defend_G","Defend_G","Defend_G","Defend_G+1","Survivor","Neutralize+1","After Image+1","Poisoned Stab+1","Bane","Deadly Poison","Quick Slash","Terror+1","Malaise+1","Dagger Spray+1","Dodge and Roll+1","Blade Dance+1","Die Die Die+1","Corpse Explosion+1","PiercingWail","Burst+1","Footwork+1","Backflip+1","PiercingWail","Wraith Form v2","Acrobatics","Caltrops","Accuracy+1"],"relics":["Ring of the Snake","Vajra","Ornamental Fan","Kunai","Anchor","CeramicFish","Empty Cage","Orichalcum","Mummified Hand","Bag of Preparation","Boot","Fusion Hammer","Gambling Chip","War Paint","Tough Bandages","Ginger","Bronze Scales"],"acts_visited":["Exordium","TheCity","TheBeyond","TheEnding"],"potions_floor_usage":[6,14,24,27,30,33,50,54,55],"damage_taken":[{"damage":0,"enemies":"Cultist","floor":1,"turns":4},{"damage":0,"enemies":"Jaw Worm","floor":5,"turns":4},{"damage":7,"enemies":"3 Sentries","floor":6,"turns":8},{"damage":0,"enemies":"Small Slimes","floor":8,"turns":3},{"damage":0,"enemies":"3 Louse","floor":10,"turns":3},{"damage":13,"enemies":"Lagavulin","floor":12,"turns":7},{"damage":16,"enemies":"Gremlin Nob","floor":14,"turns":3},{"damage":2,"enemies":"Hexaghost","floor":16,"turns":8},{"damage":0,"enemies":"Chosen","floor":18,"turns":4},{"damage":7,"enemies":"Spheric Guardian","floor":19,"turns":4},{"damage":2,"enemies":"Centurion and Healer","floor":20,"turns":5},{"damage":0,"enemies":"Gremlin Leader","floor":24,"turns":5},{"damage":0,"enemies":"Shelled Parasite and Fungi","floor":27,"turns":2},{"damage":0,"enemies":"3 Cultists","floor":28,"turns":2},{"damage":15,"enemies":"Slavers","floor":30,"turns":3},{"damage":36,"enemies":"Collector","floor":33,"turns":9},{"damage":0,"enemies":"3 Darklings","floor":35,"turns":2},{"damage":0,"enemies":"3 Shapes","floor":36,"turns":6},{"damage":1,"enemies":"2 Orb Walkers","floor":39,"turns":3},{"damage":5,"enemies":"Reptomancer","floor":41,"turns":7},{"damage":0,"enemies":"Sphere and 2 Shapes","floor":42,"turns":3},{"damage":11,"enemies":"Maw","floor":45,"turns":6},{"damage":0,"enemies":"Writhing Mass","floor":48,"turns":5},{"damage":57,"enemies":"Donu and Deca","floor":50,"turns":9},{"damage":6,"enemies":"Shield and Spear","floor":54,"turns":6},{"damage":49,"enemies":"The Heart","floor":55,"turns":12}],"seed_played":"3780451861222121468","potions_obtained":[{"floor":4,"key":"Poison Potion"},{"floor":4,"key":"SneckoOil"},{"floor":4,"key":"Fire Potion"},{"floor":6,"key":"Dexterity Potion"},{"floor":16,"key":"AttackPotion"},{"floor":24,"key":"FearPotion"},{"floor":28,"key":"GamblersBrew"},{"floor":39,"key":"Block Potion"},{"floor":41,"key":"SteroidPotion"},{"floor":48,"key":"Fire Potion"}],"is_trial":false,"path_per_floor":["M","$","?","?","M","E","R","M","T","M","T","E","R","E","R","B",null,"M","M","M","$","?","R","E","R","T","M","M","R","E","?","R","B",null,"M","M","?","$","?","R","E","M","T","?","M","$","R","M","R","B",null,"R","$","E","B",null],"character_chosen":"THE_SILENT","items_purchased":["Bane","Deadly Poison","Die Die Die","Orichalcum","PiercingWail","War Paint","Acrobatics","Caltrops"],"campfire_rested":3,"item_purchase_floors":[2,2,21,21,38,38,46,53],"current_hp_per_floor":[63,63,68,68,68,61,61,61,61,61,61,48,48,32,32,30,68,68,61,59,59,59,59,59,59,59,59,59,59,44,44,44,8,68,68,68,68,68,67,67,62,62,62,62,51,51,68,68,68,11,68,68,68,62,13],"gold":73,"neow_bonus":"THREE_RARE_CARDS","is_daily":false,"chose_seed":false,"campfire_upgraded":7,"win_rate":0.0,"timestamp":1612895437,"path_taken":["M","$","?","?","M","E","R","M","T","?","?","E","R","E","R","BOSS","M","M","M","$","?","R","E","R","T","M","M","R","E","?","R","BOSS","M","M","?","?","?","R","E","M","T","?","M","$","R","?","R","BOSS","R","$","E","BOSS"],"items_purchased_type":["Card","Card","Card","Relic","Card","Relic","Card","Card"],"build_version":"2020-12-22","purchased_purges":2,"victory":true,"max_hp_per_floor":[63,63,68,68,68,68,68,68,68,68,68,68,68,68,68,68,68,68,68,68,68,68,68,68,68,68,68,68,68,68,68,68,68,68,68,68,68,68,68,68,68,68,68,68,68,68,68,68,68,68,68,68,68,68,68],"relic_stats":{"counters":[26,133],"CeramicFish":135,"Bag of Preparation":[28],"Ginger":[5],"Orichalcum":[18],"War Paint":["Blade Dance","Defend_G"],"Boot":[31],"Tough Bandages":[42],"Ornamental Fan":[188],"Mummified Hand":[28],"Gambling Chip":[6],"Bronze Scales":[153],"Kunai":[46],"obtain_stats":[{"CeramicFish":14,"Vajra":6,"Bag of Preparation":26,"Ginger":41,"Orichalcum":21,"War Paint":38,"Empty Cage":17,"Boot":30,"Anchor":12,"Tough Bandages":39,"Ornamental Fan":9,"Mummified Hand":24,"Gambling Chip":37,"Bronze Scales":54,"Fusion Hammer":34,"Kunai":11,"Ring of the Snake":0},{"CeramicFish":7,"Vajra":3,"Bag of Preparation":12,"Ginger":20,"Orichalcum":11,"War Paint":18,"Empty Cage":8,"Boot":15,"Anchor":6,"Tough Bandages":19,"Ornamental Fan":4,"Mummified Hand":12,"Gambling Chip":18,"Bronze Scales":25,"Fusion Hammer":16,"Kunai":5,"Ring of the Snake":0},{"CeramicFish":32,"Vajra":16,"Bag of Preparation":58,"Ginger":92,"Orichalcum":53,"War Paint":82,"Empty Cage":40,"Boot":65,"Anchor":29,"Tough Bandages":85,"Ornamental Fan":19,"Mummified Hand":58,"Gambling Chip":82,"Bronze Scales":121,"Fusion Hammer":74,"Kunai":22,"Ring of the Snake":0}],"Ring of the Snake":[52]},"card_choices":[{"not_picked":["Phantasmal Killer","Malaise"],"picked":"After Image","floor":0},{"not_picked":["Eviscerate","Deflect"],"picked":"Poisoned Stab","floor":1},{"not_picked":["Blade Dance","Flying Knee"],"picked":"Quick Slash","floor":5},{"not_picked":["Blade Dance","Deflect"],"picked":"Terror","floor":6},{"not_picked":["Blade Dance","Slice","Acrobatics"],"picked":"SKIP","floor":8},{"not_picked":["Dodge and Roll","Dagger Throw","Backflip"],"picked":"SKIP","floor":10},{"not_picked":["Flechettes","Endless Agony","Prepared"],"picked":"SKIP","floor":12},{"not_picked":["Deflect","Caltrops","Bullet Time"],"picked":"SKIP","floor":14},{"not_picked":["Doppelganger","A Thousand Cuts"],"picked":"Malaise","floor":16},{"not_picked":["Deadly Poison","Heel Hook"],"picked":"Dagger Spray+1","floor":18},{"not_picked":["Blade Dance","Terror"],"picked":"Dodge and Roll+1","floor":19},{"not_picked":["Deflect","Blade Dance","Finisher"],"picked":"SKIP","floor":20},{"not_picked":["Deflect","Finisher"],"picked":"Blade Dance","floor":20},{"not_picked":["Poisoned Stab","Slice","Cloak And Dagger"],"picked":"SKIP","floor":24},{"not_picked":["Wraith Form v2","Infinite Blades","Deflect"],"picked":"SKIP","floor":27},{"not_picked":["Acrobatics","Prepared","Dagger Throw"],"picked":"SKIP","floor":28},{"not_picked":["Masterful Stab","Blur"],"picked":"PiercingWail","floor":30},{"not_picked":["Corpse Explosion","A Thousand Cuts"],"picked":"Burst","floor":33},{"not_picked":["Outmaneuver+1","Blade Dance"],"picked":"Footwork+1","floor":35},{"not_picked":["Noxious Fumes","Deadly Poison+1"],"picked":"Backflip+1","floor":36},{"not_picked":["Underhanded Strike","Slice","Endless Agony+1"],"picked":"SKIP","floor":41},{"not_picked":["Eviscerate","Expertise","Accuracy"],"picked":"SKIP","floor":42},{"not_picked":["Eviscerate+1","Sucker Punch"],"picked":"Wraith Form v2","floor":45},{"not_picked":["Dagger Throw+1","Cloak And Dagger","Acrobatics"],"picked":"SKIP","floor":48},{"not_picked":["Predator","Dash"],"picked":"Accuracy+1","floor":54}],"player_experience":1765661,"relics_obtained":[{"floor":6,"key":"Vajra"},{"floor":9,"key":"Ornamental Fan"},{"floor":11,"key":"Kunai"},{"floor":12,"key":"Anchor"},{"floor":14,"key":"CeramicFish"},{"floor":24,"key":"Mummified Hand"},{"floor":26,"key":"Bag of Preparation"},{"floor":30,"key":"Boot"},{"floor":39,"key":"Tough Bandages"},{"floor":41,"key":"Ginger"},{"floor":54,"key":"Bronze Scales"}],"event_choices":[{"damage_healed":0,"gold_gain":0,"player_choice":"Donut","damage_taken":0,"max_hp_gain":5,"max_hp_loss":0,"event_name":"Big Fish","floor":3,"gold_loss":0},{"damage_healed":0,"gold_gain":0,"player_choice":"Got Potions","damage_taken":0,"max_hp_gain":0,"max_hp_loss":0,"event_name":"Lab","floor":4,"gold_loss":0},{"damage_healed":0,"gold_gain":0,"player_choice":"Read","damage_taken":0,"max_hp_gain":0,"max_hp_loss":0,"event_name":"The Library","floor":22,"gold_loss":0,"cards_obtained":["Corpse Explosion"]},{"cards_removed":["Strike_G"],"damage_healed":0,"gold_gain":0,"player_choice":"Offered Basic","damage_taken":0,"max_hp_gain":0,"max_hp_loss":0,"event_name":"Bonfire Elementals","floor":31,"gold_loss":0},{"damage_healed":0,"gold_gain":0,"player_choice":"Gave Potion","damage_taken":0,"relics_obtained":["Gambling Chip"],"max_hp_gain":0,"max_hp_loss":0,"event_name":"WeMeetAgain","floor":37,"gold_loss":0},{"damage_healed":0,"gold_gain":0,"player_choice":"Fight","damage_taken":0,"max_hp_gain":0,"max_hp_loss":0,"event_name":"Mysterious Sphere","floor":39,"gold_loss":0},{"cards_removed":["Strike_G"],"damage_healed":0,"gold_gain":0,"player_choice":"Upgrade and Remove","damage_taken":0,"max_hp_gain":0,"max_hp_loss":0,"event_name":"Designer","floor":44,"gold_loss":90,"cards_upgraded":["Burst"]}],"is_beta":false,"boss_relics":[{"not_picked":["Velvet Choker","SacredBark"],"picked":"Empty Cage"},{"not_picked":["Coffee Dripper","Tiny House"],"picked":"Fusion Hammer"}],"items_purged_floors":[21,38],"is_endless":false,"potions_floor_spawned":[6,12,16,18,24,28,39,41,48],"ascension_level":1}}