{"host":"hpn0uxah5qjr7pa6","time":1612837324,"event":{"mods":["2.2 Compatiblity","Act Like it!","Aspiration","BaseMod","Better Third Choice","BetterRewards","Challenge The Spire","Colored Powertips","Conspire","DeckTracker","Downfall","Energized Spire","Hallownest","Hermit","Highlight Path","Hubris","Infinite Spire","Minty Spire (QoL Compilation)","Permanent Neow","Quick Restart","Rare Cards Sparkle","Replay The Spire","Spicy Shops","StSLib","The Bug Knight","The Jungle"],"gold_per_floor":[110,126,126,138,156,189,189,223,246,246,278,288,298,151,151,247,247,247,247,247,247,247,247,247,247,247,247,247,247,247,247,247,247,247,247,247,247,247,247,247,247,247,247,49,49,49,49,49,49,49,49,49],"floor_reached":50,"language":"ENG","playtime":1588,"items_purged":[],"score":582,"play_id":"004da58f-6182-4985-8560-042c1a4be827","local_time":"20210208182204","daily_mods":["SealedDeck"],"is_ascension_mode":false,"campfire_choices":[{"data":"bronze:ChosenStrike","floor":7.0,"key":"SMITH"},{"floor":10.0,"key":"REST"},{"floor":15.0,"key":"DIG"},{"data":"bronze:ChosenStrike","floor":25.0,"key":"SMITH"},{"data":"bronze:Terminator","floor":28.0,"key":"SMITH"},{"data":"bronze:OilSpill","floor":32.0,"key":"SMITH"},{"floor":40.0,"key":"REST"},{"floor":42.0,"key":"REST"},{"floor":49.0,"key":"REST"}],"circlet_count":0,"master_deck":["bronze:Shield","bronze:Shield","bronze:WhirlingStrike","bronze:OilSpill+1","bronze:Branch","bronze:Repair","bronze:DigitalCarnage","bronze:OilSpill","bronze:ChosenStrike+1","bronze:Terminator+1","bronze:ChosenStrike+1","bronze:Branch"],"relics":["bronze:BronzeCore","conspire:TopHat","Mummified Hand","Vajra","Guardian:PocketSentry","ReplayFunnel","Gremlin Horn","Ectoplasm","PrismaticShard","Letter Opener","Pen Nib","conspire:BottledYoYo","energizedSpire:SpiderWeb","Meat on the Bone","Potion Belt"],"acts_visited":["Exordium","TheCity","TheBeyond"],"potions_floor_usage":[],"damage_taken":[{"damage":0.0,"enemies":"2 Louse","floor":1.0,"turns":2.0},{"damage":0.0,"enemies":"Cultist","floor":2.0,"turns":2.0},{"damage":0.0,"enemies":"Jaw Worm","floor":4.0,"turns":1.0},{"damage":0.0,"enemies":"Large Slime","floor":5.0,"turns":3.0},{"damage":0.0,"enemies":"Gremlin Nob","floor":6.0,"turns":2.0},{"damage":14.0,"enemies":"Lagavulin","floor":8.0,"turns":3.0},{"damage":0.0,"enemies":"3 Sentries","floor":11.0,"turns":4.0},{"damage":0.0,"enemies":"Exordium Thugs","floor":12.0,"turns":2.0},{"damage":1.0,"enemies":"Red Slaver","floor":13.0,"turns":2.0},{"damage":0.0,"enemies":"Fading Forest","floor":16.0,"turns":11.0},{"damage":0.0,"enemies":"Spheric Guardian","floor":18.0,"turns":1.0},{"damage":0.0,"enemies":"3 Byrds","floor":22.0,"turns":2.0},{"damage":6.0,"enemies":"Cultist and Chosen","floor":23.0,"turns":2.0},{"damage":0.0,"enemies":"3 Cultists","floor":24.0,"turns":3.0},{"damage":0.0,"enemies":"Sentry and Sphere","floor":29.0,"turns":1.0},{"damage":7.0,"enemies":"HollowMod:Nosk","floor":30.0,"turns":3.0},{"damage":13.0,"enemies":"Collector","floor":33.0,"turns":3.0},{"damage":28.0,"enemies":"3 Shapes","floor":35.0,"turns":3.0},{"damage":0.0,"enemies":"Orb Walker","floor":37.0,"turns":3.0},{"damage":24.0,"enemies":"4 Shapes","floor":38.0,"turns":4.0},{"damage":1.0,"enemies":"Maw","floor":39.0,"turns":6.0},{"damage":8.0,"enemies":"Sphere and 2 Shapes","floor":48.0,"turns":3.0},{"damage":0,"enemies":"hubris:GrandSnecko","floor":50,"turns":1}],"seed_played":"7824156865606493049","potions_obtained":[{"floor":4.0,"key":"SmokeBomb"},{"floor":5.0,"key":"FearPotion"},{"floor":8.0,"key":"LifebloodPotion"},{"floor":11.0,"key":"hexamod:SoulburnPotion"},{"floor":16.0,"key":"Languid Potion"},{"floor":18.0,"key":"bronze:BurnAndBuffPotion"},{"floor":33.0,"key":"Reflective Coating"},{"floor":37.0,"key":"Reflective Coating"},{"floor":38.0,"key":"BlessingOfTheForge"}],"is_trial":true,"path_per_floor":["M","M","?","M","M","E","R","E","T","R","E","M","M","$","R","B",null,"M","?","AVR","?","M","M","M","R","T","$","R","M","E","T","R","B",null,"M","$","M","M","M","R","AVR","R","T","$","?","?","?","M","R","B"],"character_chosen":"THE_AUTOMATON","items_purchased":["ReplayFunnel","bronze:Branch","Potion Belt"],"campfire_rested":4,"item_purchase_floors":[14,44,44],"current_hp_per_floor":[70,70,70,70,70,70,70,56,56,70,70,70,69,69,69,70,70,70,70,70,70,70,64,70,70,70,70,70,70,70,70,70,57,70,42,42,49,32,38,59,59,70,70,70,70,70,70,62,70,70,70,70],"gold":49,"neow_bonus":"","is_daily":false,"chose_seed":false,"campfire_upgraded":4,"win_rate":0.0,"timestamp":1612837324,"path_taken":["M","M","?","M","M","E","R","E","T","R","E","M","M","$","R","BOSS","M","?","AVR","?","M","M","M","R","T","$","R","?","E","?","R","BOSS","M","$","M","M","M","R","AVR","R","T","$","?","?","?","M","R","BOSS"],"items_purchased_type":["Relic","Card","Relic"],"build_version":"2020-12-22","purchased_purges":0,"victory":false,"max_hp_per_floor":[70,70,70,70,70,70,70,70,70,70,70,70,70,70,70,70,70,70,70,70,70,70,70,70,70,70,70,70,70,70,70,70,70,70,70,70,70,70,70,70,70,70,70,70,70,70,70,70,70,70,70,70],"card_choices":[{"not_picked":["bronze:BugBarrage","bronze:Iterate","bronze:DelayedGuard"],"picked":"SKIP","floor":1.0},{"not_picked":["bronze:ItsAFeature","bronze:FineTuning","bronze:Verify"],"picked":"SKIP","floor":2.0},{"not_picked":["bronze:DelayedGuard","bronze:Fortify","bronze:Philosophize"],"picked":"SKIP","floor":4.0},{"not_picked":["bronze:Optimize","bronze:Safeguard","bronze:Constructor"],"picked":"SKIP","floor":5.0},{"not_picked":["bronze:Deprecate","bronze:FineTuning","bronze:DelayedGuard"],"picked":"SKIP","floor":6.0},{"not_picked":["bronze:Allocate","bronze:Refactor","bronze:Terminator"],"picked":"SKIP","floor":8.0},{"not_picked":["bronze:Safeguard","bronze:Allocate","bronze:ForLoop"],"picked":"SKIP","floor":11.0},{"not_picked":["bronze:ChildClass","bronze:FollowUp","bronze:Boost"],"picked":"SKIP","floor":12.0},{"not_picked":["bronze:ClassDefault","bronze:WildBeam","bronze:Backtrace"],"picked":"SKIP","floor":13.0},{"not_picked":["bronze:InfiniteBeams+1","bronze:Overheat+1","bronze:Terminator"],"picked":"SKIP","floor":18.0},{"not_picked":["Stack","Go for the Eyes+1","Rip and Tear"],"picked":"SKIP","floor":22.0},{"not_picked":["Guardian:RefractedBeam","Evaluate","Deep Breath+1"],"picked":"SKIP","floor":23.0},{"not_picked":["champ:FanOfKnives","Slimebound:SplitBruiser","hermit:Manifest"],"picked":"SKIP","floor":24.0},{"not_picked":["Slimebound:Prepare","bronze:BugBarrage+1","Dark Embrace"],"picked":"SKIP","floor":29.0},{"not_picked":["HollowMod:BaldurShell","hermit:Vantage","hermit:ItchyTrigger"],"picked":"SKIP","floor":30.0},{"not_picked":["sneckomod:MixItUp","sneckomod:UnknownClassDEFAULT_GRAY_COLOR","hermit:Manifest"],"picked":"SKIP","floor":35.0},{"not_picked":["Guardian:Gem_Cyan","bronze:Repulsor","Scrape"],"picked":"SKIP","floor":37.0},{"not_picked":["LikeWater+1","Slimebound:Schlurp","Tempest"],"picked":"SKIP","floor":38.0},{"not_picked":["HollowMod:AbyssShriek","ReplayTheSpireMod:Private Reserves+1","Slimebound:PressTheAttack"],"picked":"SKIP","floor":39.0},{"not_picked":["EmptyBody","ReplayTheSpireMod:Exploit Weakness+1","champ:TornadoPunch+1"],"picked":"SKIP","floor":48.0}],"player_experience":205772,"relics_obtained":[{"floor":6.0,"key":"conspire:TopHat"},{"floor":8.0,"key":"Mummified Hand"},{"floor":9.0,"key":"Vajra"},{"floor":11.0,"key":"Guardian:PocketSentry"},{"floor":15.0,"key":"Gremlin Horn"},{"floor":26.0,"key":"Letter Opener"},{"floor":30.0,"key":"Pen Nib"},{"floor":31.0,"key":"conspire:BottledYoYo"}],"event_choices":[{"damage_healed":0.0,"max_hp_gain":0.0,"max_hp_loss":0.0,"gold_gain":0.0,"event_name":"Purifier","player_choice":"Ignored","floor":21.0,"gold_loss":0.0,"damage_taken":0.0},{"damage_healed":0.0,"max_hp_gain":0.0,"max_hp_loss":0.0,"gold_gain":0.0,"event_name":"conspire:Investor","player_choice":"Leave","floor":45.0,"gold_loss":0.0,"damage_taken":0.0},{"cards_removed":["bronze:Branch"],"damage_healed":5.0,"max_hp_gain":0.0,"max_hp_loss":0.0,"gold_gain":0.0,"event_name":"Bonfire Elementals","player_choice":"Offered Common","floor":47.0,"gold_loss":0.0,"damage_taken":0.0},{"cards_removed":["bronze:Branch"],"damage_healed":5.0,"max_hp_gain":0.0,"max_hp_loss":0.0,"gold_gain":0.0,"event_name":"Bonfire Elementals","player_choice":"Offered Special","floor":47.0,"gold_loss":0.0,"damage_taken":0.0}],"is_beta":false,"boss_relics":[{"not_picked":["energizedSpire:OgreHead","SlaversCollar"],"picked":"Ectoplasm"},{"not_picked":["Runic Dome","expansioncontent:StudyCardRelic"],"picked":"energizedSpire:SpiderWeb"}],"items_purged_floors":[],"is_endless":false,"potions_floor_spawned":[4,5,8,11,16,18,23,33,37,38],"killed_by":"hubris:GrandSnecko","ascension_level":0}}