{"host":"jt4xaqerixsfdsye","time":1612868337,"event":{"mods":["Astrologer","Bard","BaseMod","Downfall","Hermit","Minty Spire (QoL Compilation)","StSLib","The Bug Knight","The Cursed"],"gold_per_floor":[118,293,65,80,91,122,122,122,122,134,170,226,238,271,283,416,428,463,57,98,98,114,114,128,152,227,241,259,19,35,35,35,35,35],"floor_reached":33,"language":"ENG","playtime":3279,"items_purged":[],"score":309,"play_id":"e2827651-b2f3-4839-8f3b-76656a532bce","local_time":"20210209115857","is_ascension_mode":false,"campfire_choices":[{"data":"TheCursedMod:AbyssShockwave","floor":7.0,"key":"SMITH"},{"floor":13.0,"key":"REST"},{"floor":15.0,"key":"REST"},{"floor":23,"key":"REST"},{"data":"TheCursedMod:Hemoplague","floor":32,"key":"SMITH"}],"circlet_count":0,"master_deck":["TheCursedMod:Strike_TheCursed","TheCursedMod:Strike_TheCursed","TheCursedMod:Strike_TheCursed","TheCursedMod:Strike_TheCursed","TheCursedMod:Defend_TheCursed","TheCursedMod:Defend_TheCursed","TheCursedMod:Defend_TheCursed","TheCursedMod:Defend_TheCursed","TheCursedMod:CursedWand","TheCursedMod:CleanUpWorkshop","TheCursedMod:Dregs","TheCursedMod:CircleOfFlame","TheCursedMod:CursedAmulet","TheCursedMod:SpitefulPlan","TheCursedMod:VitalStrike","TheCursedMod:RapidMovement","TheCursedMod:CursedShiv","TheCursedMod:SurpriseAttack","TheCursedMod:Torture","TheCursedMod:AbyssShockwave+1","Injury","TheCursedMod:UltimatePain","TheCursedMod:BlessingInDisguise","TheCursedMod:LuckyCharm","TheCursedMod:AntiAging","TheCursedMod:Stigma","TheCursedMod:Hemoplague","TheCursedMod:SurpriseAttack","TheCursedMod:AntiAging","TheCursedMod:CursedSpellbook","TheCursedMod:SaltUponWound","TheCursedMod:CursedBlade","TheCursedMod:CursedShiv","TheCursedMod:DemonSword","TheCursedMod:SpitefulStrike","TheCursedMod:CircleOfFlame+1","TheCursedMod:RapidMovement","TheCursedMod:Hemoplague+1","TheCursedMod:WearCloak"],"relics":["TheCursedMod:BlackMagic101","NeowsBlessing","Singing Bowl","Golden Idol","MawBank","GremlinMask","Boot","Sozu","Lantern","Red Mask","Bottled Lightning","Lee\u0027s Waffle"],"acts_visited":["Exordium","TheCity"],"potions_floor_usage":[20],"damage_taken":[{"damage":0.0,"enemies":"Cultist","floor":1.0,"turns":1.0},{"damage":0.0,"enemies":"2 Louse","floor":4.0,"turns":2.0},{"damage":0.0,"enemies":"Jaw Worm","floor":5.0,"turns":1.0},{"damage":18.0,"enemies":"HollowMod:MossKnight","floor":6.0,"turns":8.0},{"damage":5.0,"enemies":"Looter","floor":11.0,"turns":3.0},{"damage":35.0,"enemies":"Gremlin Nob","floor":12.0,"turns":4.0},{"damage":5.0,"enemies":"Lots of Slimes","floor":14.0,"turns":3.0},{"damage":30.0,"enemies":"Slime Boss","floor":16.0,"turns":7.0},{"damage":13.0,"enemies":"Chosen","floor":18.0,"turns":6.0},{"damage":25,"enemies":"Masked Bandits","floor":20,"turns":6},{"damage":0,"enemies":"3 Byrds","floor":22,"turns":4},{"damage":30,"enemies":"Cultist and Chosen","floor":24,"turns":8},{"damage":4,"enemies":"Centurion and Healer","floor":25,"turns":5},{"damage":0,"enemies":"Chosen and Byrds","floor":27,"turns":4},{"damage":3,"enemies":"3 Cultists","floor":28,"turns":3},{"damage":19,"enemies":"Shelled Parasite and Fungi","floor":30,"turns":4},{"damage":87,"enemies":"Collector","floor":33,"turns":7}],"seed_played":"-9079597451417071263","potions_obtained":[{"floor":1.0,"key":"SpeedPotion"},{"floor":5.0,"key":"ColorlessPotion"},{"floor":14.0,"key":"BlessingOfTheForge"}],"is_trial":false,"path_per_floor":["M","?","$","M","M","E","R","?","T","?","M","E","R","M","R","B",null,"M","$","?","?","M","R","M","M","T","M","M","$","M","?","R","B"],"character_chosen":"THE_CURSED","items_purchased":["TheCursedMod:CursedAmulet","TheCursedMod:SpitefulPlan","TheCursedMod:VitalStrike","TheCursedMod:RapidMovement","TheCursedMod:CursedShiv","TheCursedMod:Hemoplague","TheCursedMod:SurpriseAttack","Lantern","TheCursedMod:AntiAging","TheCursedMod:CursedSpellbook","Lee\u0027s Waffle","TheCursedMod:RapidMovement","TheCursedMod:Hemoplague"],"campfire_rested":3,"item_purchase_floors":[3,3,3,3,3,19,19,19,19,19,29,29,29],"current_hp_per_floor":[75,75,75,75,75,57,57,57,57,57,52,17,39,34,56,26,75,64,64,41,41,43,67,41,39,39,41,38,96,79,79,79,0,0],"gold":35,"neow_bonus":"THREE_ENEMY_KILL","is_daily":false,"chose_seed":false,"campfire_upgraded":2,"win_rate":0.0,"timestamp":1612868337,"path_taken":["M","?","$","M","M","E","R","?","T","?","?","E","R","M","R","BOSS","M","?","?","?","M","R","M","?","T","M","M","$","M","?","R","BOSS"],"items_purchased_type":["Card","Card","Card","Card","Card","Card","Card","Relic","Card","Card","Relic","Card","Card"],"build_version":"2020-12-22","purchased_purges":0,"victory":false,"max_hp_per_floor":[75,75,75,75,75,75,75,75,75,75,75,75,75,75,75,75,75,77,77,79,79,81,81,85,87,87,89,89,96,98,98,98,98,98],"card_choices":[{"not_picked":["TheCursedMod:Grudge","TheCursedMod:AshesToAshes"],"picked":"TheCursedMod:CircleOfFlame","floor":1.0},{"not_picked":["TheCursedMod:StingEye","TheCursedMod:Mangle"],"picked":"TheCursedMod:SurpriseAttack","floor":4.0},{"not_picked":["TheCursedMod:Wield","TheCursedMod:CircleOfFocus"],"picked":"TheCursedMod:Torture","floor":5.0},{"not_picked":["TheCursedMod:TacticalStrike","TheCursedMod:SpitefulPlan"],"picked":"TheCursedMod:AbyssShockwave","floor":6.0},{"not_picked":["TheCursedMod:VitalStrike","TheCursedMod:CursedShiv"],"picked":"TheCursedMod:UltimatePain","floor":11.0},{"not_picked":["TheCursedMod:Obscuration","TheCursedMod:CursedBlade"],"picked":"TheCursedMod:BlessingInDisguise","floor":12.0},{"not_picked":["TheCursedMod:TacticalStrike","TheCursedMod:RapidMovement"],"picked":"TheCursedMod:LuckyCharm","floor":14.0},{"not_picked":["TheCursedMod:ManaCirculation","TheCursedMod:DarkBarrier"],"picked":"TheCursedMod:AntiAging","floor":16.0},{"not_picked":["TheCursedMod:Wield+1","TheCursedMod:SoulReap"],"picked":"TheCursedMod:Stigma","floor":18},{"not_picked":["TheCursedMod:SpitefulPray","TheCursedMod:SmokeScreen+1"],"picked":"TheCursedMod:SaltUponWound","floor":20},{"not_picked":["TheCursedMod:CircleOfFlame","TheCursedMod:SurpriseAttack"],"picked":"TheCursedMod:CursedBlade","floor":22},{"not_picked":["TheCursedMod:SmokeScreen","TheCursedMod:ManaBullet"],"picked":"TheCursedMod:CursedShiv","floor":24},{"not_picked":["TheCursedMod:CursedSpellbook","TheCursedMod:BloodBarrier"],"picked":"TheCursedMod:DemonSword","floor":25},{"not_picked":["TheCursedMod:Torture","TheCursedMod:Obscuration"],"picked":"TheCursedMod:SpitefulStrike","floor":27},{"not_picked":["TheCursedMod:RavingStaff","TheCursedMod:Stigma"],"picked":"TheCursedMod:CircleOfFlame+1","floor":28},{"not_picked":["TheCursedMod:SpitefulPlan","TheCursedMod:FleshFromBone"],"picked":"TheCursedMod:WearCloak","floor":30}],"player_experience":198749,"relics_obtained":[{"floor":6.0,"key":"Singing Bowl"},{"floor":9.0,"key":"MawBank"},{"floor":12.0,"key":"Boot"},{"floor":20,"key":"Red Mask"},{"floor":26,"key":"Bottled Lightning"}],"event_choices":[{"damage_healed":0.0,"max_hp_gain":0.0,"max_hp_loss":0.0,"gold_gain":175.0,"event_name":"Liars Game","player_choice":"AGREE","floor":2.0,"gold_loss":0.0,"damage_taken":0.0,"cards_obtained":["Doubt"]},{"damage_healed":0.0,"max_hp_gain":0.0,"max_hp_loss":0.0,"gold_gain":0.0,"event_name":"Golden Idol","player_choice":"Take Wound","floor":8.0,"gold_loss":0.0,"damage_taken":0.0,"relics_obtained":["Golden Idol"],"cards_obtained":["Injury"]},{"damage_healed":0.0,"max_hp_gain":0.0,"max_hp_loss":0.0,"gold_gain":0.0,"event_name":"FaceTrader","player_choice":"Trade","floor":10.0,"gold_loss":0.0,"damage_taken":0.0,"relics_obtained":["GremlinMask"]},{"damage_healed":0,"gold_gain":0,"player_choice":"Fought Bandits","damage_taken":0,"max_hp_gain":0,"max_hp_loss":0,"event_name":"Masked Bandits","floor":20,"gold_loss":0},{"cards_removed":["Doubt"],"damage_healed":0,"gold_gain":0,"player_choice":"Card Removal","damage_taken":0,"max_hp_gain":0,"max_hp_loss":0,"event_name":"Wheel of Change","floor":21,"gold_loss":0},{"damage_healed":0,"gold_gain":0,"player_choice":"Ignored","damage_taken":0,"max_hp_gain":0,"max_hp_loss":0,"event_name":"Ghosts","floor":31,"gold_loss":0}],"is_beta":false,"boss_relics":[{"not_picked":["SacredBark","Ectoplasm"],"picked":"Sozu"}],"items_purged_floors":[],"is_endless":false,"potions_floor_spawned":[1,5,12,14,22,27,28],"killed_by":"Collector","ascension_level":0}}