{"host":"qrt7o4dq2qslzw13","time":1612895955,"event":{"mods":["AchievementEnabler","BaseMod","Colored Map","Colored Powertips","Minty Spire (QoL Compilation)","Quick Restart","StSLib","SuperFastMode"],"gold_per_floor":[360,378,390,401,5,5,15,15,15,15,15,15,15,43,43,144,144,158,173,183,7,17,17,29,45,45,20,20,20],"floor_reached":28,"language":"ENG","playtime":611,"items_purged":[],"score":355,"play_id":"15bf85b3-a9a8-4ba8-a022-7bdc12097af0","local_time":"20210209133915","is_ascension_mode":true,"campfire_choices":[{"data":"Choke","floor":6.0,"key":"SMITH"},{"floor":8.0,"key":"REST"},{"data":"Neutralize","floor":10.0,"key":"SMITH"},{"data":"Flechettes","floor":15.0,"key":"SMITH"},{"floor":23.0,"key":"REST"}],"circlet_count":0,"master_deck":["AscendersBane","Strike_G","Strike_G","Strike_G","Strike_G","Defend_G","Defend_G","Defend_G","Defend_G","Defend_G","Survivor","Neutralize+1","Reflex","Flying Knee","Doppelganger","Slice","Backstab","Deflect","Prepared","Choke+1","Calculated Gamble","Heel Hook","Flechettes+1","Glass Knife","Leg Sweep","Flying Knee","Cloak And Dagger","Slice","Tactician","Slice","Deflect+1","Cloak And Dagger"],"relics":["Ring of the Snake","Orrery","Pantograph","Du-Vu Doll","Kunai","StoneCalendar","WristBlade","Juzu Bracelet"],"acts_visited":["TheCity"],"potions_floor_usage":[28,28],"damage_taken":[{"damage":0.0,"enemies":"Small Slimes","floor":1.0,"turns":4.0},{"damage":5.0,"enemies":"Cultist","floor":2.0,"turns":5.0},{"damage":2.0,"enemies":"Jaw Worm","floor":3.0,"turns":5.0},{"damage":7.0,"enemies":"Blue Slaver","floor":4.0,"turns":5.0},{"damage":7.0,"enemies":"Large Slime","floor":7.0,"turns":4.0},{"damage":6.0,"enemies":"Lagavulin","floor":14.0,"turns":5.0},{"damage":43.0,"enemies":"Hexaghost","floor":16.0,"turns":10.0},{"damage":10.0,"enemies":"Shell Parasite","floor":18.0,"turns":4.0},{"damage":4.0,"enemies":"Chosen","floor":19.0,"turns":2.0},{"damage":6.0,"enemies":"Snecko","floor":20.0,"turns":3.0},{"damage":18.0,"enemies":"Snake Plant","floor":22.0,"turns":4.0},{"damage":6,"enemies":"3 Cultists","floor":24,"turns":5},{"damage":7,"enemies":"Snecko","floor":25,"turns":5},{"damage":12,"enemies":"Colosseum Slavers","floor":28,"turns":4},{"damage":19,"enemies":"Colosseum Nobs","floor":28,"turns":2}],"seed_played":"2225680679924059466","potions_obtained":[{"floor":7.0,"key":"DistilledChaos"},{"floor":16.0,"key":"LiquidBronze"},{"floor":18.0,"key":"AttackPotion"},{"floor":25,"key":"DuplicationPotion"}],"is_trial":false,"path_per_floor":["M","M","M","M","$","R","M","R","T","R","?","$","?","E","R","B",null,"M","M","M","$","M","R","M","M","T","$","?"],"character_chosen":"THE_SILENT","items_purchased":["Orrery","Pantograph","Cloak And Dagger","Slice","Tactician","Cloak And Dagger"],"campfire_rested":2,"item_purchase_floors":[5,5,21,21,21,27],"current_hp_per_floor":[45,40,38,31,31,31,24,45,45,45,45,45,33,27,27,9,55,45,41,35,35,17,38,32,25,25,25,0,0],"gold":20,"neow_bonus":"TWO_FIFTY_GOLD","is_daily":false,"chose_seed":false,"campfire_upgraded":3,"win_rate":0.0,"timestamp":1612895955,"path_taken":["M","M","M","M","$","R","M","R","T","R","?","?","?","E","R","BOSS","M","M","M","$","M","R","M","M","T","$","?"],"items_purchased_type":["Relic","Relic","Card","Card","Card","Card"],"build_version":"2020-12-22","purchased_purges":0,"victory":false,"max_hp_per_floor":[70,70,70,70,70,70,70,70,70,70,70,70,70,70,70,70,70,70,70,70,70,70,70,70,70,70,70,70,70],"card_choices":[{"not_picked":["Blade Dance","Slice"],"picked":"Reflex","floor":1.0},{"not_picked":["Quick Slash","Sucker Punch"],"picked":"Flying Knee","floor":2.0},{"not_picked":["Underhanded Strike","Dagger Throw","Acrobatics"],"picked":"SKIP","floor":3.0},{"not_picked":["Poisoned Stab","Blade Dance"],"picked":"Doppelganger","floor":4.0},{"not_picked":["Flying Knee","Wraith Form v2"],"picked":"Slice","floor":5.0},{"not_picked":["Choke","PiercingWail"],"picked":"Backstab","floor":5.0},{"not_picked":["Concentrate","Outmaneuver"],"picked":"Deflect","floor":5.0},{"not_picked":["Dagger Spray","Blur"],"picked":"Prepared","floor":5.0},{"not_picked":["Underhanded Strike","Backflip"],"picked":"Choke","floor":5.0},{"not_picked":["Underhanded Strike","Corpse Explosion"],"picked":"Calculated Gamble","floor":7.0},{"not_picked":["Backstab","All Out Attack"],"picked":"Flechettes","floor":14.0},{"not_picked":["Adrenaline","Grand Finale"],"picked":"Glass Knife","floor":16.0},{"not_picked":["Blur","Backflip"],"picked":"Leg Sweep","floor":18.0},{"not_picked":["Poisoned Stab","Deadly Poison"],"picked":"Flying Knee","floor":19.0},{"not_picked":["Underhanded Strike","Deflect","Prepared"],"picked":"SKIP","floor":20.0},{"not_picked":["Setup","Heel Hook+1","Dodge and Roll"],"picked":"SKIP","floor":22.0},{"not_picked":["Cloak And Dagger","Blur"],"picked":"Slice","floor":24},{"not_picked":["Concentrate","Poisoned Stab"],"picked":"Deflect+1","floor":25}],"player_experience":631610,"relics_obtained":[{"floor":9.0,"key":"Du-Vu Doll"},{"floor":14.0,"key":"StoneCalendar"},{"floor":26,"key":"Juzu Bracelet"}],"event_choices":[{"damage_healed":0.0,"max_hp_gain":0.0,"max_hp_loss":0.0,"gold_gain":0.0,"cards_transformed":["Strike_G"],"event_name":"Transmorgrifier","player_choice":"Transformed","floor":11.0,"gold_loss":0.0,"damage_taken":0.0,"cards_obtained":["Heel Hook"]},{"damage_healed":0.0,"max_hp_gain":0.0,"max_hp_loss":0.0,"gold_gain":0.0,"event_name":"Scrap Ooze","player_choice":"Success","floor":13.0,"gold_loss":0.0,"damage_taken":12.0,"relics_obtained":["Kunai"]},{"damage_healed":0,"gold_gain":0,"player_choice":"Fight","damage_taken":0,"max_hp_gain":0,"max_hp_loss":0,"event_name":"Colosseum","floor":28,"gold_loss":0},{"damage_healed":0,"gold_gain":0,"player_choice":"Fought Nobs","damage_taken":0,"max_hp_gain":0,"max_hp_loss":0,"event_name":"Colosseum","floor":28,"gold_loss":0}],"is_beta":false,"boss_relics":[{"not_picked":["SlaversCollar","Fusion Hammer"],"picked":"WristBlade"}],"items_purged_floors":[],"is_endless":false,"potions_floor_spawned":[7,16,18,20,25,28],"killed_by":"Colosseum Nobs","ascension_level":12}}