{"host":"k8xowbkhfwdlml2e","time":1612830001,"event":{"mods":["BaseMod","Colored Powertips","Downfall","Hermit","Minty Spire (QoL Compilation)","Replay The Spire","StSLib"],"gold_per_floor":[99,113,128,128,22,122,147,147,157,177,277,277,277,202,217,313,313,263,281,298,316,316,351,351,301,31,31,131,16,16,16,16,16],"floor_reached":31,"language":"ENG","playtime":1492,"items_purged":[],"score":241,"play_id":"9e6fd5f3-b801-418d-89a5-49bd4218a0be","local_time":"20210208182001","is_ascension_mode":false,"campfire_choices":[{"data":"Slimebound:SlimeBrawl","floor":8.0,"key":"SMITH"},{"data":"Slimebound:DouseInSlime","floor":13.0,"key":"SMITH"},{"data":"Slimebound:OneTwoCombo","floor":18.0,"key":"SMITH"},{"data":"Slimebound:LevelUp","floor":25.0,"key":"SMITH"},{"data":"Slimebound:Split","floor":27.0,"key":"SMITH"}],"circlet_count":0,"master_deck":["Slimebound:Tackle","Slimebound:Defend_Slimebound","Slimebound:Defend_Slimebound","Slimebound:Defend_Slimebound","Slimebound:Split+1","Slimebound:CorrosiveSpit","Slimebound:LeechLife","Slimebound:Replication","Slimebound:SlimeBrawl+1","Slimebound:Replication+1","Slimebound:DouseInSlime+1","expansioncontent:YouAreMine","Slimebound:LevelUp+1","Slimebound:OneTwoCombo+1","Slimebound:SplitMire+1","Slimebound:SplitBruiser+1","Slimebound:WasteNot","Slimebound:LivingWall+1","J.A.X.","Slimebound:Gluttony","Slimebound:PressTheAttack","Slimebound:SlimeBrawl"],"relics":["Slimebound:AbsorbEndCombat","Toy Ornithopter","Slimebound:GreedOozeRelic","SacredBark","Ice Cream","ReplayFunnel","Blue Doll","MutagenicStrength","downfall:RedIOU"],"acts_visited":["Exordium","TheCity"],"potions_floor_usage":[31],"damage_taken":[{"damage":0.0,"enemies":"2 Louse","floor":2.0,"turns":3.0},{"damage":8.0,"enemies":"Jaw Worm","floor":3.0,"turns":5.0},{"damage":3.0,"enemies":"downfall:FleeingMerchant","floor":5.0,"turns":4.0},{"damage":3.0,"enemies":"Cultist","floor":9.0,"turns":3.0},{"damage":30.0,"enemies":"3 Louse","floor":10.0,"turns":5.0},{"damage":7.0,"enemies":"Blue Slaver","floor":15.0,"turns":2.0},{"damage":35.0,"enemies":"IC_STATUS_ARCHETYPE","floor":16.0,"turns":8.0},{"damage":22.0,"enemies":"Shell Parasite","floor":19.0,"turns":6.0},{"damage":50.0,"enemies":"Centurion and Healer","floor":20.0,"turns":9.0},{"damage":49.0,"enemies":"Shelled Parasite and Fungi","floor":21.0,"turns":6.0},{"damage":59.0,"enemies":"Gremlin Leader","floor":23.0,"turns":7.0},{"damage":10.0,"enemies":"downfall:FleeingMerchant","floor":26.0,"turns":4.0},{"damage":40.0,"enemies":"downfall:Augmenter","floor":28.0,"turns":6.0},{"damage":13,"enemies":"downfall:FleeingMerchant","floor":29,"turns":4},{"damage":9,"enemies":"3 Cultists","floor":31,"turns":2}],"seed_played":"8569903436379001453","potions_obtained":[{"floor":10.0,"key":"BlessingOfTheForge"},{"floor":16.0,"key":"SteroidPotion"},{"floor":19.0,"key":"Strength Potion"}],"is_trial":false,"path_per_floor":["R","M","M","?","$","?","T","R","M","M","?","T","R","?","M","B",null,"R","M","M","M","?","E","T","R","$","R","?","$","?","M"],"character_chosen":"SLIMEBOUND","items_purchased":["expansioncontent:YouAreMine","Blue Doll","Fruit Juice","AttackPotion","Fire Potion"],"campfire_rested":0,"item_purchase_floors":[5,26,26,29,29],"current_hp_per_floor":[65,65,62,62,61,61,61,61,58,32,32,32,32,32,29,25,65,65,53,65,62,62,30,30,30,41,41,9,4,4,0,0,0],"gold":16,"neow_bonus":"","is_daily":false,"chose_seed":false,"campfire_upgraded":5,"win_rate":0.0,"timestamp":1612830001,"path_taken":["R","M","M","?","$","?","T","R","?","M","?","?","R","?","M","BOSS","R","M","M","M","?","E","T","R","$","R","?","$","?","M"],"items_purchased_type":["Card","Relic","Potion","Potion","Potion"],"build_version":"2020-12-22","purchased_purges":0,"victory":false,"max_hp_per_floor":[65,65,65,65,65,65,65,65,65,65,65,65,65,65,65,65,65,65,65,65,65,65,65,65,65,75,75,75,75,75,75,75,75],"card_choices":[{"not_picked":["Slimebound:PressTheAttack","Slimebound:SamplingLick"],"picked":"Slimebound:Replication","floor":2.0},{"not_picked":["Slimebound:SlimeSpikes","Slimebound:RallyTheTroops"],"picked":"Slimebound:SlimeBrawl","floor":3.0},{"not_picked":["Slimebound:SamplingLick","Slimebound:SplitBruiser"],"picked":"Slimebound:DouseInSlime","floor":5.0},{"not_picked":["Slimebound:HauntingLick","Slimebound:ItLooksTasty","Slimebound:Grow"],"picked":"SKIP","floor":9.0},{"not_picked":["Slimebound:ViciousTackle","Slimebound:SamplingLick","Slimebound:GoopSpray"],"picked":"SKIP","floor":10.0},{"not_picked":["Slimebound:GoopTackle","Slimebound:HauntingLick"],"picked":"Slimebound:LevelUp","floor":15.0},{"not_picked":["Slimebound:SelfFormingGoo","Slimebound:Teamwork"],"picked":"Slimebound:OneTwoCombo","floor":16.0},{"not_picked":["Slimebound:GoopTackle+1","Slimebound:FinishingTackle"],"picked":"Slimebound:SplitMire+1","floor":19.0},{"not_picked":["Slimebound:Replication","Slimebound:Prepare"],"picked":"Slimebound:SplitBruiser+1","floor":20.0},{"not_picked":["Slimebound:LeechEnergy","Slimebound:SplitBruiser","Slimebound:PressTheAttack"],"picked":"SKIP","floor":21.0},{"not_picked":["Slimebound:Nibble+1","Slimebound:GoopSpray"],"picked":"Slimebound:WasteNot","floor":23.0},{"not_picked":["Slimebound:ItLooksTasty","Slimebound:FinishingTackle","Slimebound:RollThrough"],"picked":"SKIP","floor":26.0},{"not_picked":["Slimebound:BestDefense","Slimebound:ComboTackle"],"picked":"Slimebound:LivingWall+1","floor":28.0},{"not_picked":[],"picked":"J.A.X.","floor":28.0},{"not_picked":["Slimebound:OozeBath","Slimebound:RainOfGoop"],"picked":"Slimebound:SlimeBrawl","floor":29}],"player_experience":12997,"relics_obtained":[{"floor":7.0,"key":"Toy Ornithopter"},{"floor":12.0,"key":"Dream Catcher"},{"floor":23.0,"key":"Ice Cream"},{"floor":24.0,"key":"ReplayFunnel"},{"floor":28.0,"key":"MutagenicStrength"}],"event_choices":[{"damage_healed":0.0,"max_hp_gain":0.0,"max_hp_loss":0.0,"gold_gain":0.0,"event_name":"Vampires","player_choice":"Ignored","floor":22.0,"gold_loss":0.0,"damage_taken":0.0}],"is_beta":false,"boss_relics":[{"not_picked":["Replay:Ancient Bell","Snecko Eye"],"picked":"SacredBark"}],"items_purged_floors":[],"is_endless":false,"potions_floor_spawned":[10,16,19],"killed_by":"3 Cultists","ascension_level":0}}