{"host":"odhb85ppoyjrwi3n","time":1612905028,"event":{"mods":["BaseMod","Better Third Choice","BetterRewards","Bossed Relics","Minty Spire (QoL Compilation)","Quick Restart","StSLib"],"gold_per_floor":[5119,5119,5139,5139,4388,4388,4415,4415,4415,4426,4426,4440,4459,4469,4469,4564,4564,4578,4503,4503,4503,4418,4418,4453,4535,4535,4555,4555,4572,4572,4588,4588,4693,4693,4709,4724,4724,4724,3683,3683,3708,3708,3708,3708,3735,3750,3783,3795,3795,3795],"floor_reached":51,"language":"ENG","playtime":1925,"items_purged":["Defend_R","Strike_R"],"score":1099,"play_id":"db9eed94-d004-48af-b20e-0653c06c9a9b","local_time":"20210209221028","is_ascension_mode":true,"campfire_choices":[{"floor":6,"key":"REST"},{"data":"Apotheosis","floor":8,"key":"SMITH"},{"data":"Impervious","floor":11,"key":"SMITH"},{"data":"Bash","floor":15,"key":"SMITH"},{"floor":23,"key":"REST"},{"floor":28,"key":"REST"},{"floor":30,"key":"REST"},{"data":"RitualDagger","floor":32,"key":"SMITH"},{"floor":40,"key":"RECALL"},{"floor":42,"key":"REST"},{"floor":49,"key":"REST"}],"circlet_count":0,"master_deck":["Strike_R","Strike_R","Defend_R+1","Defend_R","Bash+1","Impervious+1","Apotheosis+1","RitualDagger+1","Spot Weakness+1","Trip+1","The Bomb+1","Intimidate+1"],"relics":["Burning Blood","Pen Nib","Sling","Nunchaku","Bag of Marbles","Self Forming Clay","Busted Crown","Potion Belt","Toxic Egg 2","Frozen Egg 2","HornCleat","Black Star","Orichalcum","Meat on the Bone","HandDrill","Lantern","White Beast Statue","MealTicket","TungstenRod","Bag of Preparation","Juzu Bracelet"],"acts_visited":["Exordium","TheCity","TheBeyond"],"potions_floor_usage":[7,16,16,16,29,31,33,41,41,47,48,50,50,50,50],"damage_taken":[{"damage":18,"enemies":"Jaw Worm","floor":1,"turns":4},{"damage":3,"enemies":"2 Louse","floor":3,"turns":3},{"damage":12,"enemies":"3 Sentries","floor":7,"turns":10},{"damage":3,"enemies":"Small Slimes","floor":10,"turns":4},{"damage":10,"enemies":"Exordium Wildlife","floor":12,"turns":3},{"damage":1,"enemies":"Looter","floor":13,"turns":4},{"damage":0,"enemies":"Large Slime","floor":14,"turns":3},{"damage":54,"enemies":"Hexaghost","floor":16,"turns":11},{"damage":12,"enemies":"Chosen","floor":18,"turns":3},{"damage":37,"enemies":"Slavers","floor":24,"turns":6},{"damage":10,"enemies":"Spheric Guardian","floor":27,"turns":4},{"damage":10,"enemies":"Shelled Parasite and Fungi","floor":29,"turns":7},{"damage":3,"enemies":"Snake Plant","floor":31,"turns":4},{"damage":64,"enemies":"Champ","floor":33,"turns":9},{"damage":8,"enemies":"3 Shapes","floor":35,"turns":4},{"damage":0,"enemies":"Orb Walker","floor":36,"turns":3},{"damage":59,"enemies":"Reptomancer","floor":41,"turns":7},{"damage":10,"enemies":"Giant Head","floor":45,"turns":5},{"damage":11,"enemies":"Sphere and 2 Shapes","floor":46,"turns":4},{"damage":58,"enemies":"Nemesis","floor":47,"turns":7},{"damage":0,"enemies":"Transient","floor":48,"turns":3},{"damage":23,"enemies":"Donu and Deca","floor":50,"turns":5}],"seed_played":"3214864680149746715","potions_obtained":[{"floor":3,"key":"ColorlessPotion"},{"floor":7,"key":"Fruit Juice"},{"floor":14,"key":"AttackPotion"},{"floor":16,"key":"Dexterity Potion"},{"floor":18,"key":"ColorlessPotion"},{"floor":29,"key":"SkillPotion"},{"floor":35,"key":"SpeedPotion"},{"floor":36,"key":"PowerPotion"},{"floor":45,"key":"Fire Potion"},{"floor":46,"key":"SpeedPotion"},{"floor":47,"key":"BlessingOfTheForge"},{"floor":48,"key":"BloodPotion"}],"is_trial":false,"path_per_floor":["M","?","M","?","$","R","E","R","T","M","R","M","M","M","R","B",null,"M","?","?","?","?","R","E","T","T","M","R","M","R","M","R","B",null,"M","M","?","?","$","R","E","R","T","?","E","M","E","M","R","B",null],"character_chosen":"IRONCLAD","items_purchased":["Pen Nib","Sling","Apotheosis","Nunchaku","ColorlessPotion","Orichalcum","Meat on the Bone","HandDrill","SteroidPotion","EssenceOfSteel","Ancient Potion","The Bomb+1"],"campfire_rested":6,"item_purchase_floors":[5,5,5,5,5,39,39,39,39,39,39,39],"current_hp_per_floor":[68,73,76,69,69,85,84,84,84,87,87,83,88,90,90,42,90,84,84,84,78,78,90,59,59,59,55,82,78,90,90,90,32,90,88,90,90,90,90,90,49,76,76,76,72,67,27,63,90,73],"gold":3795,"neow_bonus":"ONE_RANDOM_RARE_CARD","is_daily":false,"chose_seed":false,"campfire_upgraded":4,"win_rate":0.0,"timestamp":1612905028,"path_taken":["M","?","M","?","$","R","E","R","T","M","R","M","M","M","R","BOSS","M","?","?","?","?","R","E","?","T","M","R","?","R","M","R","BOSS","M","M","?","?","$","R","E","R","T","?","E","?","E","M","R","BOSS"],"items_purchased_type":["Relic","Relic","Card","Relic","Potion","Relic","Relic","Relic","Potion","Potion","Potion","Card"],"build_version":"2020-12-22","purchased_purges":2,"victory":true,"max_hp_per_floor":[80,85,85,85,85,85,90,90,90,90,90,90,90,90,90,90,90,90,90,90,90,90,90,90,90,90,90,90,90,90,90,90,90,90,90,90,90,90,90,90,90,90,90,90,90,90,90,90,90,90],"card_choices":[{"not_picked":["Anger","Hemokinesis","Pommel Strike"],"picked":"SKIP","floor":1},{"not_picked":["Perfected Strike","Heavy Blade","Pummel"],"picked":"SKIP","floor":3},{"not_picked":["Dark Embrace","Sword Boomerang","Reckless Charge"],"picked":"SKIP","floor":7},{"not_picked":["Clothesline","Shockwave","Iron Wave"],"picked":"SKIP","floor":10},{"not_picked":["Thunderclap","Perfected Strike","Clothesline"],"picked":"SKIP","floor":12},{"not_picked":["Reckless Charge","Brutality","Sword Boomerang"],"picked":"SKIP","floor":13},{"not_picked":["Intimidate","True Grit","Heavy Blade"],"picked":"SKIP","floor":14},{"not_picked":["Flex"],"picked":"SKIP","floor":18},{"not_picked":["Thunderclap"],"picked":"SKIP","floor":24},{"not_picked":["Cleave"],"picked":"SKIP","floor":27},{"not_picked":["Flame Barrier+1"],"picked":"SKIP","floor":29},{"not_picked":[],"picked":"Spot Weakness+1","floor":31},{"not_picked":["Sword Boomerang"],"picked":"SKIP","floor":35},{"not_picked":["Feel No Pain+1"],"picked":"SKIP","floor":36},{"not_picked":[],"picked":"Trip+1","floor":38},{"not_picked":["Dual Wield+1"],"picked":"SKIP","floor":41},{"not_picked":["True Grit+1"],"picked":"SKIP","floor":45},{"not_picked":["Intimidate+1"],"picked":"SKIP","floor":46},{"not_picked":[],"picked":"Intimidate+1","floor":47},{"not_picked":["Whirlwind"],"picked":"SKIP","floor":48}],"player_experience":148551,"relics_obtained":[{"floor":7,"key":"Bag of Marbles"},{"floor":9,"key":"Self Forming Clay"},{"floor":24,"key":"Toxic Egg 2"},{"floor":25,"key":"Frozen Egg 2"},{"floor":26,"key":"HornCleat"},{"floor":41,"key":"Lantern"},{"floor":41,"key":"White Beast Statue"},{"floor":45,"key":"MealTicket"},{"floor":45,"key":"TungstenRod"},{"floor":47,"key":"Bag of Preparation"},{"floor":47,"key":"Juzu Bracelet"}],"event_choices":[{"damage_healed":0,"gold_gain":0,"player_choice":"Donut","damage_taken":0,"max_hp_gain":5,"max_hp_loss":0,"event_name":"Big Fish","floor":2,"gold_loss":0},{"cards_removed":["Strike_R"],"damage_healed":0,"gold_gain":0,"player_choice":"Card Removal","damage_taken":7,"max_hp_gain":0,"max_hp_loss":0,"event_name":"Golden Wing","floor":4,"gold_loss":0},{"cards_removed":["Strike_R"],"damage_healed":0,"gold_gain":0,"player_choice":"Gave Gold","damage_taken":0,"max_hp_gain":0,"max_hp_loss":0,"event_name":"Beggar","floor":19,"gold_loss":75},{"cards_removed":["Defend_R"],"damage_healed":0,"gold_gain":0,"player_choice":"Elegance","damage_taken":0,"max_hp_gain":0,"max_hp_loss":0,"event_name":"betterThird:BetterWriting","floor":20,"gold_loss":0},{"damage_healed":0,"gold_gain":0,"player_choice":"Dagger","damage_taken":6,"max_hp_gain":0,"max_hp_loss":0,"event_name":"betterThird:BetterNest","floor":21,"gold_loss":0,"cards_obtained":["RitualDagger"]},{"damage_healed":0,"gold_gain":0,"player_choice":"Obtained Relic","damage_taken":0,"relics_obtained":["Potion Belt"],"max_hp_gain":0,"max_hp_loss":0,"event_name":"Addict","floor":22,"gold_loss":85},{"damage_healed":0,"gold_gain":0,"player_choice":"Ignored","damage_taken":0,"max_hp_gain":0,"max_hp_loss":0,"event_name":"Tomb of Lord Red Mask","floor":37,"gold_loss":0},{"damage_healed":0,"gold_gain":0,"player_choice":"Memory 1","damage_taken":0,"max_hp_gain":0,"max_hp_loss":0,"event_name":"SensoryStone","floor":38,"gold_loss":0},{"damage_healed":0,"gold_gain":0,"player_choice":"Upgraded","damage_taken":0,"max_hp_gain":0,"max_hp_loss":0,"event_name":"Upgrade Shrine","floor":44,"gold_loss":0,"cards_upgraded":["Defend_R"]}],"is_beta":false,"boss_relics":[{"not_picked":["Mark of Pain","Cursed Key"],"picked":"Busted Crown"},{"not_picked":["Fusion Hammer","Philosopher\u0027s Stone"],"picked":"Black Star"}],"items_purged_floors":[5,39],"is_endless":false,"potions_floor_spawned":[3,7,14,16,18,29,35,36,45,46,47,48],"ascension_level":4}}