{"host":"xo0glkmxta74xh34","time":1612898826,"event":{"mods":["BaseMod","Downfall","Minty Spire (QoL Compilation)","Replay The Spire","StSLib"],"gold_per_floor":[99,118,103,117,128,160,183,117,117,117,117,152,152,177,14,24,43,43,43,43],"floor_reached":18,"language":"ENG","playtime":1128,"items_purged":["Pain"],"score":163,"play_id":"f302f6bb-ecfd-48c4-8828-18bdd831c7ad","local_time":"20210209132706","is_ascension_mode":true,"campfire_choices":[{"floor":9,"key":"REST"}],"circlet_count":0,"master_deck":["champ:Strike","champ:Strike","champ:Strike","champ:Defend","champ:Defend","champ:Defend","champ:Execute","champ:Taunt","champ:SetATrap","champ:FocusedBerserking","champ:BerserkerStyle","champ:ShieldWall","champ:DefensiveShout","champ:FalseCounter","champ:DefensiveShout","champ:FocusedDefense","champ:FocusedDefense","champ:MurderStrike","champ:ArenaPreparation","champ:FocusedDefense","champ:SwordSigil"],"relics":["champ:ChampionCrown","Happy Flower","Tiny Chest","Quantum Egg","WarpedTongs","Peace Pipe"],"acts_visited":["Exordium"],"potions_floor_usage":[18,18],"damage_taken":[{"damage":30,"enemies":"Jaw Worm","floor":2,"turns":4},{"damage":20,"enemies":"downfall:FleeingMerchant","floor":3,"turns":4},{"damage":21,"enemies":"Cultist","floor":4,"turns":3},{"damage":32,"enemies":"Small Slimes","floor":5,"turns":4},{"damage":46,"enemies":"Lagavulin","floor":6,"turns":6},{"damage":12,"enemies":"downfall:FleeingMerchant","floor":8,"turns":4},{"damage":43,"enemies":"3 Sentries","floor":12,"turns":9},{"damage":13,"enemies":"Gremlin Nob","floor":14,"turns":3},{"damage":24,"enemies":"downfall:FleeingMerchant","floor":15,"turns":4},{"damage":25,"enemies":"Exordium Thugs","floor":16,"turns":3},{"damage":10,"enemies":"2 Fungi Beasts","floor":17,"turns":2},{"damage":40,"enemies":"IC_STATUS_ARCHETYPE","floor":18,"turns":4}],"seed_played":"200147738874599559","potions_obtained":[{"floor":4,"key":"sneckomod:MuddlingPotion"},{"floor":6,"key":"AttackPotion"},{"floor":16,"key":"LiquidBronze"},{"floor":17,"key":"ColorlessPotion"}],"is_trial":false,"path_per_floor":["R","M","$","M","M","E","T","$","R","PTL","PTL","E","?","E","$","M","M","B"],"character_chosen":"THE_CHAMP","items_purchased":["champ:FocusedDefense","Venom Potion"],"campfire_rested":1,"item_purchase_floors":[8,15],"current_hp_per_floor":[90,80,75,74,66,49,49,49,76,76,76,53,53,50,46,41,31,0,0,0],"gold":43,"neow_bonus":"REMOVE_CARD","is_daily":false,"chose_seed":false,"campfire_upgraded":0,"win_rate":0.0,"timestamp":1612898826,"path_taken":["R","M","$","M","M","E","T","$","R","PTL","PTL","E","?","E","$","?","M","BOSS"],"items_purchased_type":["Card","Potion"],"build_version":"2020-12-22","purchased_purges":1,"victory":false,"max_hp_per_floor":[90,90,90,90,90,90,90,90,90,90,90,90,90,90,90,90,90,90,90,90],"card_choices":[{"not_picked":["champ:FanOfKnives","champ:FlashCut"],"picked":"champ:FocusedBerserking","floor":2},{"not_picked":["champ:Lariat","champ:BerserkersShout"],"picked":"champ:BerserkerStyle","floor":3},{"not_picked":["champ:SkillfulDodge","champ:RisingSlash"],"picked":"champ:ShieldWall","floor":4},{"not_picked":["champ:FlashCut","champ:GutPunch"],"picked":"champ:DefensiveShout","floor":5},{"not_picked":["champ:BerserkerStyle","champ:Devastate"],"picked":"champ:FalseCounter","floor":6},{"not_picked":["champ:HeartStrike","champ:EnGarde"],"picked":"champ:DefensiveShout","floor":8},{"not_picked":["champ:GutPunch","champ:SkillfulDodge"],"picked":"champ:MurderStrike","floor":12},{"not_picked":["champ:CrownThrow","champ:SwordSigil"],"picked":"champ:ArenaPreparation","floor":14},{"not_picked":["champ:HeartStrike","champ:TornadoPunch","champ:AdrenalArmor"],"picked":"SKIP","floor":15},{"not_picked":["champ:StanceDance","champ:FlashCut"],"picked":"champ:FocusedDefense","floor":16},{"not_picked":["champ:Backstep","champ:FanOfKnives"],"picked":"champ:SwordSigil","floor":17}],"player_experience":443321,"relics_obtained":[{"floor":6,"key":"Happy Flower"},{"floor":7,"key":"Tiny Chest"},{"floor":12,"key":"Quantum Egg"},{"floor":14,"key":"Peace Pipe"}],"event_choices":[{"damage_healed":0,"gold_gain":0,"player_choice":"Rummage","damage_taken":0,"relics_obtained":["WarpedTongs"],"max_hp_gain":0,"max_hp_loss":0,"event_name":"Accursed Blacksmith","floor":13,"gold_loss":0,"cards_obtained":["Pain"]}],"is_beta":false,"boss_relics":[],"items_purged_floors":[15],"is_endless":false,"potions_floor_spawned":[4,6,16,17],"killed_by":"IC_STATUS_ARCHETYPE","ascension_level":1}}