{"host":"u7bb6mvzuirwfcqo","time":1612840917,"event":{"mods":["2.2 Compatiblity","AchievementEnabler","BaseMod","Card Forge","Downfall","Hermit","Minty Spire (QoL Compilation)","Relic Stats","Replay The Spire","StSLib"],"gold_per_floor":[111,127,138,153,153,153,164,164,164,197,81,97,97,97,97,117,117,117],"floor_reached":16,"language":"ENG","playtime":454,"items_purged":[],"score":102,"play_id":"9da7587a-dc7c-435b-b701-342354e2b322","local_time":"20210208222157","is_ascension_mode":false,"campfire_choices":[{"data":"sneckomod:UnknownRareAttack","floor":6.0,"key":"SMITH"},{"data":"sneckomod:SnakeSap","floor":8.0,"key":"SMITH"},{"floor":15.0,"key":"REST"}],"circlet_count":0,"master_deck":["sneckomod:Strike","sneckomod:Strike","sneckomod:Strike","sneckomod:Defend","sneckomod:Defend","sneckomod:Defend","sneckomod:TailWhip","sneckomod:SnekBite","sneckomod:Unknown","sneckomod:RainOfDice","sneckomod:DiceCrush","sneckomod:RainOfDice","sneckomod:UnknownRareAttack+1","Languid","sneckomod:SnakeSap+1","sneckomod:UnknownX","sneckomod:UnendingSupply","sneckomod:SnekBeam","sneckomod:UnknownWeak","sneckomod:UnknownDraw+1"],"relics":["sneckomod:SneckoSoul","Hammer of Thor","Seething Fire","Anvil of the Gods","NeowsBlessing","Ring of Hypnosis","Ring of Peace","Chameleon Ring","Incense Burner","Replay:Bandana"],"acts_visited":["Exordium"],"potions_floor_usage":[],"damage_taken":[{"damage":0.0,"enemies":"Jaw Worm","floor":1.0,"turns":1.0},{"damage":0.0,"enemies":"Small Slimes","floor":2.0,"turns":1.0},{"damage":0.0,"enemies":"2 Louse","floor":3.0,"turns":1.0},{"damage":30.0,"enemies":"2 Fungi Beasts","floor":4.0,"turns":5.0},{"damage":7.0,"enemies":"Blue Slaver","floor":7.0,"turns":5.0},{"damage":45.0,"enemies":"Lagavulin","floor":10.0,"turns":7.0},{"damage":3.0,"enemies":"3 Louse","floor":12.0,"turns":3.0},{"damage":35,"enemies":"The Guardian","floor":16,"turns":6}],"seed_played":"3059049745002172082","potions_obtained":[{"floor":1.0,"key":"Death Potion"},{"floor":2.0,"key":"Strength Potion"},{"floor":3.0,"key":"GamblersBrew"}],"is_trial":false,"path_per_floor":["M","M","M","M","?","R","M","R","T","E","$","M","?","?","R","B"],"character_chosen":"THE_SNECKO","items_purchased":["sneckomod:UnendingSupply","sneckomod:SnekBeam"],"campfire_rested":1,"item_purchase_floors":[11,11],"current_hp_per_floor":[90,90,90,66,66,66,59,59,59,14,14,11,11,4,32,0,0,0],"gold":117,"neow_bonus":"THREE_ENEMY_KILL","is_daily":false,"chose_seed":false,"campfire_upgraded":2,"win_rate":0.0,"timestamp":1612840917,"path_taken":["M","M","M","M","?","R","M","R","T","E","$","M","?","?","R","BOSS"],"items_purchased_type":["Card","Card"],"build_version":"2020-12-22","purchased_purges":0,"victory":false,"max_hp_per_floor":[90,90,90,96,96,96,96,96,96,96,96,96,96,96,96,96,96,96],"relic_stats":{"counters":[8,29],"obtain_stats":[{"Replay:Bandana":14,"Chameleon Ring":9,"NeowsBlessing":0,"Ring of Hypnosis":5,"Anvil of the Gods":0,"Ring of Peace":5,"Hammer of Thor":0,"Incense Burner":10,"Seething Fire":0,"sneckomod:SneckoSoul":0},{"Replay:Bandana":7,"Chameleon Ring":5,"NeowsBlessing":0,"Ring of Hypnosis":4,"Anvil of the Gods":0,"Ring of Peace":4,"Hammer of Thor":0,"Incense Burner":6,"Seething Fire":0,"sneckomod:SneckoSoul":0},{"Replay:Bandana":23,"Chameleon Ring":13,"NeowsBlessing":0,"Ring of Hypnosis":8,"Anvil of the Gods":0,"Ring of Peace":8,"Hammer of Thor":0,"Incense Burner":20,"Seething Fire":0,"sneckomod:SneckoSoul":0}]},"card_choices":[{"not_picked":["sneckomod:SoulCleanse","sneckomod:SoulDraw"],"picked":"sneckomod:RainOfDice","floor":1.0},{"not_picked":["sneckomod:QuickBite","sneckomod:MasterEye"],"picked":"sneckomod:DiceCrush","floor":2.0},{"not_picked":["sneckomod:SoulDraw","sneckomod:QuickBite"],"picked":"sneckomod:RainOfDice","floor":3.0},{"not_picked":["sneckomod:UnknownDraw","sneckomod:RainOfDice"],"picked":"sneckomod:UnknownRareAttack","floor":4.0},{"not_picked":["sneckomod:SnekBeam","sneckomod:DiceBlock"],"picked":"sneckomod:SnakeSap","floor":7.0},{"not_picked":["sneckomod:WideSting","sneckomod:ImprovisedGuard"],"picked":"sneckomod:UnknownX","floor":10.0},{"not_picked":["sneckomod:QuickBite","sneckomod:Nope"],"picked":"sneckomod:UnknownWeak","floor":12.0}],"player_experience":31721,"relics_obtained":[{"floor":5.0,"key":"Ring of Hypnosis"},{"floor":5.0,"key":"Ring of Peace"},{"floor":9.0,"key":"Chameleon Ring"},{"floor":10.0,"key":"Incense Burner"}],"event_choices":[{"damage_healed":0.0,"max_hp_gain":0.0,"max_hp_loss":0.0,"gold_gain":0.0,"event_name":"Scrap Ooze","player_choice":"Success","floor":14.0,"gold_loss":0.0,"damage_taken":7.0,"relics_obtained":["Replay:Bandana"]}],"is_beta":false,"boss_relics":[],"items_purged_floors":[],"is_endless":false,"potions_floor_spawned":[1,2,3,7,12],"killed_by":"The Guardian","ascension_level":0}}