{"host":"8gdkjaczyd21tne7","time":1612871307,"event":{"mods":["Ascension Reborn","BaseMod","Colored Powertips","Minty Spire (QoL Compilation)","Relic Stats","Spicy Shops","StSLib","The Bug Knight"],"gold_per_floor":[119,119,131,141,158,187,212,245,245,245,10,85,120,143,143,248,248,258,258,308,69,88,106,135,162,187,187,27,39,78,87,87,197,197,216,225,45,61,135,175,20,48,60,131,181,220,30,30,30,30],"floor_reached":51,"language":"ZHS","playtime":4994,"items_purged":["HollowMod:MidwifesHunger+1","Normality"],"score":1065,"play_id":"e9fe492f-f0f1-4738-b7ed-87669a202c32","local_time":"20210209194827","daily_mods":["Draft","Specialized","Vintage","Heirloom","Time Dilation","Flight"],"is_ascension_mode":true,"campfire_choices":[{"data":"HollowMod:SlysStrikes","floor":10,"key":"SMITH"},{"data":"HollowMod:BlackTendrils","floor":15,"key":"SMITH"},{"floor":32,"key":"REST"},{"floor":49,"key":"REST"}],"circlet_count":0,"master_deck":["HollowMod:CycloneSlash","HollowMod:CycloneSlash+1","HollowMod:CycloneSlash","HollowMod:CycloneSlash","HollowMod:HeavyBlow","HollowMod:PerfectDash","HollowMod:CoiledNail","HollowMod:MonarchWings+1","HollowMod:FallenFury","HollowMod:DescendingDark","HollowMod:DashSlash","HollowMod:SiblingsShadow+1","HollowMod:CoiledNail","HollowMod:SiblingsSouls","HollowMod:FallenFury","HollowMod:VengefulVoid","HollowMod:DashSlash","HollowMod:SlysStrikes+1","HollowMod:SiblingsSouls","HollowMod:BlackTendrils+1","Enlightenment","HollowMod:DescendingDark","HollowMod:SoulMaster","HollowMod:NewLittleFool+1","HollowMod:ShadowDash","HollowMod:ShadowDash","HollowMod:HuntersJournal","Decay","HollowMod:ZotesMagnificence","Writhe","HollowMod:ShadowDash","Dark Shackles","HollowMod:VengefulVoid+1","HollowMod:VoidDash","HollowMod:ShadowDash","HollowMod:ShadowDash","HollowMod:SiblingsSouls","Apotheosis","Jack Of All Trades","Panache"],"relics":["HollowMod:VesselMask","Torii","White Beast Statue","Gremlin Horn","Eternal Feather","Blue Candle","War Paint","Bottled Tornado","Strawberry","InkBottle","Potion Belt","Happy Flower","Odd Mushroom","Fusion Hammer","Du-Vu Doll","Kunai","Darkstone Periapt","Toy Ornithopter","Whetstone","Juzu Bracelet","CeramicFish","Membership Card","Mango","Shuriken","Empty Cage","StrikeDummy","Toolbox","Letter Opener","Meat on the Bone","Gambling Chip","Ancient Tea Set","MawBank","HornCleat","FossilizedHelix","Art of War","ClockworkSouvenir","Ginger"],"acts_visited":["Exordium","TheCity","TheBeyond"],"potions_floor_usage":[6,6,7,16,16,16,16,22,22,24,24,29,29,29,33,33,40,44,50,50,50,50,50],"damage_taken":[{"damage":0,"enemies":"Small Slimes","floor":1,"turns":2},{"damage":0,"enemies":"Cultist","floor":3,"turns":3},{"damage":0,"enemies":"2 Louse","floor":4,"turns":1},{"damage":16,"enemies":"Looter","floor":5,"turns":3},{"damage":15,"enemies":"HollowMod:MossKnight","floor":6,"turns":8},{"damage":1,"enemies":"Gremlin Nob","floor":7,"turns":3},{"damage":15,"enemies":"Lagavulin","floor":8,"turns":7},{"damage":13,"enemies":"3 Sentries","floor":13,"turns":3},{"damage":7,"enemies":"The Mushroom Lair","floor":14,"turns":2},{"damage":0,"enemies":"Slime Boss","floor":16,"turns":3},{"damage":21,"enemies":"Spheric Guardian","floor":18,"turns":4},{"damage":20,"enemies":"HollowMod:HuskSentry","floor":22,"turns":2},{"damage":0,"enemies":"3 Cultists","floor":23,"turns":2},{"damage":22,"enemies":"HollowMod:Nosk","floor":24,"turns":5},{"damage":15,"enemies":"Gremlin Leader","floor":25,"turns":3},{"damage":2,"enemies":"Centurion and Healer","floor":29,"turns":4},{"damage":1,"enemies":"HollowMod:Nosk","floor":30,"turns":6},{"damage":37,"enemies":"HollowMod:NKGrimm","floor":33,"turns":5},{"damage":10,"enemies":"Orb Walker","floor":35,"turns":2},{"damage":16,"enemies":"3 Shapes","floor":38,"turns":2},{"damage":9,"enemies":"Reptomancer","floor":40,"turns":3},{"damage":2,"enemies":"Giant Head","floor":42,"turns":7},{"damage":1,"enemies":"2 Orb Walkers","floor":44,"turns":3},{"damage":0,"enemies":"Reptomancer","floor":45,"turns":4},{"damage":3,"enemies":"Time Eater","floor":50,"turns":7}],"seed_played":"1324471010101879923","potions_obtained":[{"floor":3,"key":"DistilledChaos"},{"floor":4,"key":"Swift Potion"},{"floor":5,"key":"Block Potion"},{"floor":6,"key":"SkillPotion"},{"floor":7,"key":"SpeedPotion"},{"floor":8,"key":"EssenceOfSteel"},{"floor":13,"key":"SneckoOil"},{"floor":14,"key":"PowerPotion"},{"floor":16,"key":"LiquidMemories"},{"floor":18,"key":"Explosive Potion"},{"floor":22,"key":"Block Potion"},{"floor":23,"key":"ColorlessPotion"},{"floor":24,"key":"PowerPotion"},{"floor":25,"key":"Regen Potion"},{"floor":29,"key":"Fire Potion"},{"floor":30,"key":"DuplicationPotion"},{"floor":33,"key":"Weak Potion"},{"floor":35,"key":"Swift Potion"},{"floor":38,"key":"Regen Potion"},{"floor":40,"key":"Weak Potion"},{"floor":42,"key":"ColorlessPotion"},{"floor":44,"key":"FearPotion"},{"floor":45,"key":"AttackPotion"}],"is_trial":true,"path_per_floor":["M","?","M","M","M","E","E","E","T","R","$","?","E","?","R","B",null,"M","?","?","$","M","M","E","E","T","?","$","M","E","?","R","B",null,"M","?","$","M","T","E","$","E","T","?","E","?","$","?","R","B",null],"character_chosen":"THE_BUGKNIGHT","items_purchased":["Enlightenment","Potion Belt","Kunai","Membership Card","HollowMod:ShadowDash","HollowMod:ShadowDash","Dark Shackles","Toolbox","Ancient Tea Set","HollowMod:VoidDash","HollowMod:ShadowDash","ClockworkSouvenir","Ginger","Energy Potion"],"campfire_rested":2,"item_purchase_floors":[11,11,21,28,28,37,37,37,41,41,41,47,47,47],"current_hp_per_floor":[75,75,75,75,59,44,43,35,35,47,47,36,28,23,38,38,82,62,62,62,62,42,42,30,15,15,9,9,48,59,65,102,102,102,97,108,108,92,92,108,108,106,106,107,107,97,103,103,114,114],"gold":30,"neow_bonus":"","is_daily":false,"chose_seed":false,"campfire_upgraded":2,"win_rate":0.0,"timestamp":1612871307,"path_taken":["M","?","?","M","?","E","E","E","T","R","$","?","E","?","R","BOSS","M","?","?","$","?","M","E","E","T","?","$","M","E","?","R","BOSS","M","?","$","M","?","E","$","E","T","?","E","?","$","?","R","BOSS"],"items_purchased_type":["Card","Relic","Relic","Relic","Card","Card","Card","Relic","Relic","Card","Card","Relic","Relic","Potion"],"build_version":"2020-12-22","purchased_purges":2,"victory":true,"max_hp_per_floor":[75,75,75,75,75,75,75,82,82,82,82,82,82,82,82,82,82,82,82,82,82,82,82,82,82,82,82,82,96,96,102,102,102,102,102,108,108,108,108,108,108,108,108,108,108,108,114,114,114,114],"relic_stats":{"Darkstone Periapt":18,"Torii":17,"Gremlin Horn":[19,19],"Happy Flower":[21],"counters":[25,94],"Blue Candle":[2],"CeramicFish":144,"Eternal Feather":56,"Juzu Bracelet":2,"Whetstone":["HollowMod:CycloneSlash","HollowMod:MidwifesHunger"],"Letter Opener":[138],"Ginger":[2],"War Paint":["HollowMod:MonarchWings","HollowMod:SiblingsShadow"],"MawBank":60,"Shuriken":[18],"Gambling Chip":[11],"Art of War":[0],"Kunai":[31],"obtain_stats":[{"Darkstone Periapt":22,"Torii":0,"Gremlin Horn":3,"CeramicFish":26,"HollowMod:VesselMask":0,"Mango":29,"Juzu Bracelet":25,"Whetstone":24,"Ginger":47,"Bottled Tornado":7,"Empty Cage":34,"Ancient Tea Set":41,"ClockworkSouvenir":47,"HornCleat":43,"Strawberry":8,"Gambling Chip":40,"Toolbox":37,"Fusion Hammer":17,"Kunai":21,"InkBottle":9,"Potion Belt":11,"Happy Flower":13,"Blue Candle":5,"Eternal Feather":4,"Letter Opener":38,"War Paint":6,"Odd Mushroom":14,"MawBank":42,"White Beast Statue":1,"Du-Vu Doll":18,"Shuriken":30,"Art of War":45,"Membership Card":28,"StrikeDummy":35,"Toy Ornithopter":23,"FossilizedHelix":44,"Meat on the Bone":39},{"Darkstone Periapt":12,"Torii":0,"Gremlin Horn":2,"CeramicFish":15,"HollowMod:VesselMask":0,"Mango":16,"Juzu Bracelet":15,"Whetstone":14,"Ginger":24,"Bottled Tornado":6,"Empty Cage":18,"Ancient Tea Set":21,"ClockworkSouvenir":24,"HornCleat":22,"Strawberry":7,"Gambling Chip":21,"Toolbox":19,"Fusion Hammer":10,"Kunai":11,"InkBottle":7,"Potion Belt":7,"Happy Flower":8,"Blue Candle":4,"Eternal Feather":3,"Letter Opener":20,"War Paint":5,"Odd Mushroom":9,"MawBank":22,"White Beast Statue":1,"Du-Vu Doll":11,"Shuriken":17,"Art of War":24,"Membership Card":15,"StrikeDummy":19,"Toy Ornithopter":13,"FossilizedHelix":23,"Meat on the Bone":20},{"Darkstone Periapt":41,"Torii":0,"Gremlin Horn":5,"CeramicFish":51,"HollowMod:VesselMask":0,"Mango":55,"Juzu Bracelet":51,"Whetstone":48,"Ginger":87,"Bottled Tornado":20,"Empty Cage":66,"Ancient Tea Set":73,"ClockworkSouvenir":87,"HornCleat":80,"Strawberry":27,"Gambling Chip":73,"Toolbox":68,"Fusion Hammer":35,"Kunai":39,"InkBottle":27,"Potion Belt":27,"Happy Flower":30,"Blue Candle":9,"Eternal Feather":6,"Letter Opener":70,"War Paint":17,"Odd Mushroom":32,"MawBank":80,"White Beast Statue":2,"Du-Vu Doll":39,"Shuriken":61,"Art of War":87,"Membership Card":51,"StrikeDummy":68,"Toy Ornithopter":43,"FossilizedHelix":83,"Meat on the Bone":70}],"InkBottle":[32],"Toy Ornithopter":40,"Meat on the Bone":0},"card_choices":[{"not_picked":["HollowMod:WraithStrike","HollowMod:DoubleDash"],"picked":"HollowMod:HeavyBlow","floor":0},{"not_picked":["HollowMod:ShapeofUnn","HollowMod:InfectedCysts"],"picked":"HollowMod:PerfectDash","floor":0},{"not_picked":["HollowMod:VengefulVoid","HollowMod:NewLittleFool"],"picked":"HollowMod:CoiledNail","floor":0},{"not_picked":["HollowMod:HeavyBlow","HollowMod:AbyssShriek"],"picked":"HollowMod:MonarchWings","floor":0},{"not_picked":["HollowMod:WraithStrike","HollowMod:PureNailStrike"],"picked":"HollowMod:ChannelNail","floor":0},{"not_picked":["HollowMod:SoulShaman","HollowMod:InfectedAttack"],"picked":"HollowMod:FallenFury","floor":0},{"not_picked":["HollowMod:NewLittleFool","HollowMod:VengefulVoid"],"picked":"HollowMod:DescendingDark","floor":0},{"not_picked":["HollowMod:InfectedAttack","HollowMod:QuirrelsAssistance"],"picked":"HollowMod:SoulSplash","floor":0},{"not_picked":["HollowMod:DoubleDash","HollowMod:LifebloodCocoon"],"picked":"HollowMod:DashSlash","floor":0},{"not_picked":["HollowMod:TaintedHusks","HollowMod:CloakDash"],"picked":"HollowMod:SiblingsShadow","floor":0},{"not_picked":["HollowMod:BrokenVessel","HollowMod:NewJinnsSoul"],"picked":"HollowMod:CoiledNail","floor":0},{"not_picked":["HollowMod:FallenFury","HollowMod:CornifersMapStart"],"picked":"HollowMod:SiblingsSouls","floor":0},{"not_picked":["HollowMod:PerfectDash","HollowMod:VengefulVoid"],"picked":"HollowMod:FallenFury","floor":0},{"not_picked":["HollowMod:AbyssShriek","HollowMod:VengefulSpirit"],"picked":"HollowMod:VengefulVoid","floor":0},{"not_picked":["HollowMod:LifebloodCocoon","HollowMod:CloakDash"],"picked":"HollowMod:DashSlash","floor":0},{"not_picked":["HollowMod:FastStrike","HollowMod:NewLittleFool"],"picked":"HollowMod:SlysStrikes","floor":6},{"not_picked":["HollowMod:WraithStrike","HollowMod:DesolateDive"],"picked":"HollowMod:SiblingsSouls","floor":7},{"not_picked":["HollowMod:GrimmsGift","HollowMod:ElderbugsWisdom"],"picked":"HollowMod:BlackTendrils","floor":8},{"not_picked":["HollowMod:HowlingWraiths","HollowMod:GoodIntentions"],"picked":"HollowMod:DescendingDark","floor":13},{"not_picked":["HollowMod:theNailsmith","HollowMod:SlysStrikes"],"picked":"HollowMod:SoulMaster","floor":16},{"not_picked":["HollowMod:SoulShaman+1","HollowMod:CycloneSlash"],"picked":"HollowMod:NewLittleFool+1","floor":24},{"not_picked":["HollowMod:NewInfectedGuardian","HollowMod:SharpenedNail+1"],"picked":"HollowMod:ShadowDash","floor":25},{"not_picked":["HollowMod:SiblingsSouls+1","HollowMod:SharpenedNail"],"picked":"HollowMod:HuntersJournal","floor":30},{"not_picked":["HollowMod:PureVessel","HollowMod:HornetsHelp"],"picked":"HollowMod:ZotesMagnificence","floor":33},{"not_picked":["HollowMod:DoubleDash","HollowMod:HuntersJournal"],"picked":"HollowMod:VengefulVoid+1","floor":40},{"not_picked":["HollowMod:HeavyBlow+1","HollowMod:WraithStrike","HollowMod:ChannelNail+1"],"picked":"SKIP","floor":42},{"not_picked":["HollowMod:TaintedHusks+1","HollowMod:VengefulVoid"],"picked":"HollowMod:ShadowDash","floor":44},{"not_picked":["HollowMod:CloakDash","HollowMod:SoulShaman"],"picked":"HollowMod:SiblingsSouls","floor":45},{"not_picked":["Chrysalis","Madness"],"picked":"Apotheosis","floor":46},{"not_picked":["Trip","Impatience"],"picked":"Jack Of All Trades","floor":46},{"not_picked":["Flash of Steel","Secret Technique"],"picked":"Panache","floor":46}],"player_experience":207579,"relics_obtained":[{"floor":1,"key":"White Beast Statue"},{"floor":3,"key":"Gremlin Horn"},{"floor":4,"key":"Eternal Feather"},{"floor":5,"key":"Blue Candle"},{"floor":6,"key":"War Paint"},{"floor":7,"key":"Bottled Tornado"},{"floor":8,"key":"Strawberry"},{"floor":9,"key":"InkBottle"},{"floor":13,"key":"Happy Flower"},{"floor":14,"key":"Odd Mushroom"},{"floor":18,"key":"Du-Vu Doll"},{"floor":22,"key":"Darkstone Periapt"},{"floor":23,"key":"Toy Ornithopter"},{"floor":24,"key":"Whetstone"},{"floor":25,"key":"Juzu Bracelet"},{"floor":26,"key":"CeramicFish"},{"floor":29,"key":"Mango"},{"floor":30,"key":"Shuriken"},{"floor":35,"key":"StrikeDummy"},{"floor":38,"key":"Letter Opener"},{"floor":39,"key":"Meat on the Bone"},{"floor":40,"key":"Gambling Chip"},{"floor":42,"key":"MawBank"},{"floor":43,"key":"HornCleat"},{"floor":44,"key":"FossilizedHelix"},{"floor":45,"key":"Art of War"}],"event_choices":[{"damage_healed":0,"gold_gain":0,"cards_transformed":["HollowMod:ChannelNail"],"player_choice":"Transformed","damage_taken":0,"max_hp_gain":0,"max_hp_loss":0,"event_name":"Transmorgrifier","floor":2,"gold_loss":0,"cards_obtained":["HollowMod:MidwifesHunger"]},{"damage_healed":0,"gold_gain":75,"player_choice":"Gather Gold","damage_taken":11,"max_hp_gain":0,"max_hp_loss":0,"event_name":"World of Goop","floor":12,"gold_loss":0},{"damage_healed":0,"gold_gain":0,"player_choice":"Fought Mushrooms","damage_taken":0,"max_hp_gain":0,"max_hp_loss":0,"event_name":"Mushrooms","floor":14,"gold_loss":0},{"damage_healed":0,"gold_gain":0,"player_choice":"Ignored","damage_taken":0,"max_hp_gain":0,"max_hp_loss":0,"event_name":"Ghosts","floor":19,"gold_loss":0},{"damage_healed":0,"gold_gain":100,"player_choice":"Bet on Murderer","damage_taken":0,"max_hp_gain":0,"max_hp_loss":0,"event_name":"The Joust","floor":20,"gold_loss":50},{"damage_healed":0,"gold_gain":0,"player_choice":"","damage_taken":6,"max_hp_gain":0,"max_hp_loss":0,"event_name":"Knowing Skull","floor":27,"potions_obtained":[],"gold_loss":0,"cards_obtained":[]},{"damage_healed":0,"gold_gain":0,"player_choice":"Smashed Altar","damage_taken":0,"max_hp_gain":0,"max_hp_loss":0,"event_name":"Forgotten Altar","floor":31,"gold_loss":0,"cards_obtained":["Decay"]},{"damage_healed":26,"gold_gain":0,"player_choice":"Writhe","damage_taken":0,"max_hp_gain":0,"max_hp_loss":0,"event_name":"Winding Halls","floor":36,"gold_loss":0,"cards_obtained":["Writhe"]},{"damage_healed":0,"gold_gain":0,"player_choice":"Fight","damage_taken":0,"max_hp_gain":0,"max_hp_loss":0,"event_name":"Mysterious Sphere","floor":44,"gold_loss":0},{"damage_healed":0,"gold_gain":0,"player_choice":"Memory 3","damage_taken":10,"max_hp_gain":0,"max_hp_loss":0,"event_name":"SensoryStone","floor":46,"gold_loss":0}],"is_beta":false,"boss_relics":[{"not_picked":["Velvet Choker","Ectoplasm"],"picked":"Fusion Hammer"},{"not_picked":["Snecko Eye","Runic Pyramid"],"picked":"Empty Cage"}],"items_purged_floors":[37,47],"is_endless":false,"potions_floor_spawned":[3,4,5,6,7,8,13,14,16,18,22,23,24,25,29,30,33,35,38,40,42,44,45],"ascension_level":0}}