{"host":"wf1r1zhguvoo22rf","time":1612870349,"event":{"mods":["BaseMod","Colored Powertips","Minty Spire (QoL Compilation)","StSLib"],"gold_per_floor":[115,45,55,31,47,47,79,79,79,79,107,36,36,53,53,152,152,162,162,172,184,196,196,196,229,256,288,288,288,288],"floor_reached":29,"language":"ENG","playtime":1785,"items_purged":[],"score":298,"play_id":"5ef59462-5497-4500-a003-9db2d46dc66e","local_time":"20210209133229","is_ascension_mode":true,"campfire_choices":[{"data":"Noxious Fumes","floor":6,"key":"SMITH"},{"data":"Caltrops","floor":8,"key":"SMITH"},{"floor":15,"key":"REST"},{"floor":23,"key":"REST"},{"floor":28,"key":"REST"}],"circlet_count":0,"master_deck":["Strike_G","Strike_G","Strike_G","Strike_G","Defend_G","Defend_G","Defend_G+1","Survivor","Neutralize+1","Doppelganger+1","Skewer+1","Noxious Fumes+1","Caltrops+1","Leg Sweep+1","Bane","Riddle With Holes","Flying Knee","Catalyst","A Thousand Cuts","Clumsy","Good Instincts","Distraction","Die Die Die","CurseOfTheBell","Catalyst+1","Pain","Caltrops","Bane+1","Footwork"],"relics":["Astrolabe","Sundial","Paper Crane","Boot","Calling Bell","Lantern","Mercury Hourglass","Turnip","WarpedTongs","Snake Skull","War Paint","Singing Bowl"],"acts_visited":["Exordium","TheCity"],"potions_floor_usage":[7,11,22,22,27,29],"damage_taken":[{"damage":0,"enemies":"Cultist","floor":1,"turns":3},{"damage":3,"enemies":"2 Louse","floor":3,"turns":3},{"damage":4,"enemies":"Small Slimes","floor":5,"turns":3},{"damage":5,"enemies":"Lagavulin","floor":7,"turns":5},{"damage":18,"enemies":"3 Sentries","floor":11,"turns":4},{"damage":8,"enemies":"Red Slaver","floor":14,"turns":4},{"damage":9,"enemies":"The Guardian","floor":16,"turns":9},{"damage":33,"enemies":"Spheric Guardian","floor":18,"turns":5},{"damage":8,"enemies":"Chosen","floor":20,"turns":4},{"damage":13,"enemies":"Snake Plant","floor":21,"turns":4},{"damage":1,"enemies":"Centurion and Healer","floor":22,"turns":5},{"damage":35,"enemies":"Slavers","floor":25,"turns":4},{"damage":47,"enemies":"Book of Stabbing","floor":27,"turns":6},{"damage":29,"enemies":"Slavers","floor":29,"turns":1}],"seed_played":"-5865863456132835897","potions_obtained":[{"floor":1,"key":"GhostInAJar"},{"floor":3,"key":"ColorlessPotion"},{"floor":14,"key":"Explosive Potion"},{"floor":21,"key":"LiquidBronze"},{"floor":25,"key":"Regen Potion"},{"floor":27,"key":"Dexterity Potion"}],"is_trial":false,"path_per_floor":["M","$","M","$","M","R","E","R","T","?","E","$","?","M","R","B",null,"M","?","M","M","M","R","?","E","T","E","R","E"],"character_chosen":"THE_SILENT","items_purchased":["Caltrops","Bane","A Thousand Cuts"],"campfire_rested":3,"item_purchase_floors":[2,4,12],"current_hp_per_floor":[70,70,67,67,63,63,58,58,58,58,40,40,40,32,53,44,70,37,37,29,16,15,36,70,35,35,5,26,0,0],"gold":288,"neow_bonus":"BOSS_RELIC","is_daily":false,"chose_seed":false,"campfire_upgraded":2,"win_rate":0.0,"timestamp":1612870349,"path_taken":["M","?","M","$","M","R","E","R","T","?","E","$","?","M","R","BOSS","M","?","M","?","M","R","?","E","T","E","R","E"],"items_purchased_type":["Card","Card","Card"],"build_version":"2020-12-22","purchased_purges":0,"victory":false,"max_hp_per_floor":[70,70,70,70,70,70,70,70,70,70,70,70,70,70,70,70,70,70,70,70,70,70,70,70,70,70,72,72,72,72],"card_choices":[{"not_picked":["Dash","Bane"],"picked":"Noxious Fumes","floor":1},{"not_picked":["Prepared","Well Laid Plans"],"picked":"Leg Sweep","floor":3},{"not_picked":["Tactician","Sucker Punch"],"picked":"Riddle With Holes","floor":5},{"not_picked":["Sucker Punch","Blur"],"picked":"Flying Knee","floor":7},{"not_picked":["Underhanded Strike","Backflip"],"picked":"Catalyst","floor":11},{"not_picked":["Dagger Throw","Catalyst"],"picked":"Distraction","floor":14},{"not_picked":["Grand Finale","Glass Knife"],"picked":"Die Die Die","floor":16},{"not_picked":["Deflect","Bane"],"picked":"Catalyst+1","floor":18},{"not_picked":["Accuracy","Dash+1"],"picked":"Caltrops","floor":20},{"not_picked":["Dodge and Roll","Backflip"],"picked":"Bane+1","floor":21},{"not_picked":["Quick Slash","Backflip","Dagger Throw+1"],"picked":"SKIP","floor":22},{"not_picked":["Glass Knife","Catalyst"],"picked":"Footwork","floor":25},{"not_picked":["Sucker Punch","Phantasmal Killer","Predator"],"picked":"Singing Bowl","floor":27}],"player_experience":228127,"relics_obtained":[{"floor":7,"key":"Sundial"},{"floor":9,"key":"Paper Crane"},{"floor":11,"key":"Boot"},{"floor":17,"key":"Lantern"},{"floor":17,"key":"Mercury Hourglass"},{"floor":17,"key":"Turnip"},{"floor":25,"key":"Snake Skull"},{"floor":26,"key":"War Paint"},{"floor":27,"key":"Singing Bowl"}],"event_choices":[{"damage_healed":0,"gold_gain":0,"player_choice":"Grow","damage_taken":0,"max_hp_gain":0,"max_hp_loss":0,"event_name":"Living Wall","floor":10,"gold_loss":0,"cards_upgraded":["Neutralize"]},{"damage_healed":0,"gold_gain":0,"player_choice":"2 cards matched","damage_taken":0,"max_hp_gain":0,"max_hp_loss":0,"event_name":"Match and Keep!","floor":13,"gold_loss":0,"cards_obtained":["Clumsy","Good Instincts"]},{"damage_healed":0,"gold_gain":0,"player_choice":"Rummage","damage_taken":0,"relics_obtained":["WarpedTongs"],"max_hp_gain":0,"max_hp_loss":0,"event_name":"Accursed Blacksmith","floor":19,"gold_loss":0,"cards_obtained":["Pain"]},{"cards_removed":["Finisher"],"damage_healed":34,"gold_gain":0,"player_choice":"Offered Uncommon","damage_taken":0,"max_hp_gain":0,"max_hp_loss":0,"event_name":"Bonfire Elementals","floor":24,"gold_loss":0}],"is_beta":false,"boss_relics":[{"not_picked":["Cursed Key","Fusion Hammer"],"picked":"Calling Bell"}],"items_purged_floors":[],"is_endless":false,"potions_floor_spawned":[1,3,14,21,25,27],"killed_by":"Slavers","ascension_level":2}}