{"host":"qy1e0kd24tpj3i2m","time":1612895987,"event":{"mods":["Act Like it!","BaseMod","Better Skull","Better Vampires","Colored Map","Colored Powertips","Custom Start","Displayed Cursed Tome","Faster Ascension Climbing","Friendly Minions","GifTheSpireLib","Gremlin Skip","Highlight Path","Minty Spire (QoL Compilation)","Permanent Neow","Poor People Problems","Quick Restart","Red Circlet Mod","Relic Filter Mod","Relic Sorter","Reorder Act Four","SacredBarkPlus","Shop Mod","StSLib","SuperFastMode","Transform Curses","没有小屋子和绿帽子啦"],"gold_per_floor":[118,168,178,192,202,202,229,229,229,256,256,18,36,53,53,131,131,131],"floor_reached":17,"language":"ZHS","playtime":476,"items_purged":["Bash"],"score":294,"play_id":"948bcd54-9bd7-4d3b-8fee-1398944dad83","local_time":"20210210033947","is_ascension_mode":true,"campfire_choices":[{"data":"Body Slam","floor":6.0,"key":"SMITH"},{"data":"Evolve","floor":8.0,"key":"SMITH"},{"data":"Spot Weakness","floor":11.0,"key":"SMITH"},{"data":"Rage","floor":15.0,"key":"SMITH"}],"circlet_count":0,"master_deck":["AscendersBane","Strike_R","Strike_R","Strike_R","Strike_R","Strike_R","Defend_R","Defend_R","Defend_R","Defend_R","Rage+1","Rage","Body Slam+1","Evolve+1","Spot Weakness+1","Ball Lightning","Judgement"],"relics":["Coffee Dripper","White Beast Statue","Odd Mushroom","PrismaticShard","Busted Crown"],"acts_visited":["Exordium","TheCity"],"potions_floor_usage":[],"damage_taken":[{"damage":5.0,"enemies":"Small Slimes","floor":1.0,"turns":4.0},{"damage":0.0,"enemies":"Cultist","floor":3.0,"turns":3.0},{"damage":0.0,"enemies":"Jaw Worm","floor":4.0,"turns":3.0},{"damage":0.0,"enemies":"Looter","floor":5.0,"turns":3.0},{"damage":5.0,"enemies":"The Mushroom Lair","floor":10.0,"turns":4.0},{"damage":6.0,"enemies":"3 Louse","floor":13.0,"turns":3.0},{"damage":1.0,"enemies":"2 Fungi Beasts","floor":14.0,"turns":5.0},{"damage":60,"enemies":"Hexaghost","floor":16,"turns":10}],"seed_played":"-7244265000304371771","potions_obtained":[{"floor":4.0,"key":"Strength Potion"},{"floor":5.0,"key":"PowerPotion"},{"floor":10.0,"key":"BlessingOfTheForge"},{"floor":13.0,"key":"Energy Potion"},{"floor":14.0,"key":"FairyPotion"},{"floor":16,"key":"BlessingOfTheForge"}],"is_trial":false,"path_per_floor":["M","?","M","M","M","R","T","R","T","?","R","$","M","M","R","B",null],"character_chosen":"IRONCLAD","items_purchased":["PrismaticShard"],"campfire_rested":0,"item_purchase_floors":[12],"current_hp_per_floor":[63,56,56,56,56,56,56,56,56,51,51,51,45,44,44,10,59,59],"gold":131,"neow_bonus":"BOSS_RELIC","is_daily":false,"chose_seed":false,"campfire_upgraded":4,"win_rate":0.0,"timestamp":1612895987,"path_taken":["M","?","?","M","?","R","?","R","T","?","R","$","M","M","R","BOSS"],"items_purchased_type":["Relic"],"build_version":"2020-12-22","purchased_purges":1,"victory":false,"max_hp_per_floor":[75,75,75,75,75,75,75,75,75,75,75,75,75,75,75,75,75,75],"card_choices":[{"not_picked":["Iron Wave","Hemokinesis"],"picked":"Rage","floor":1.0},{"not_picked":["Iron Wave","Pummel"],"picked":"Rage","floor":3.0},{"not_picked":["Iron Wave","Sword Boomerang"],"picked":"Body Slam","floor":4.0},{"not_picked":["Uppercut","Dual Wield"],"picked":"Evolve","floor":5.0},{"not_picked":["Armaments","Exhume"],"picked":"Spot Weakness","floor":10.0},{"not_picked":["Calculated Gamble","Compile Driver","InnerPeace"],"picked":"SKIP","floor":13.0},{"not_picked":["Deadly Poison","ThirdEye"],"picked":"Ball Lightning","floor":14.0},{"not_picked":["Thunder Strike","Double Tap"],"picked":"Judgement","floor":16}],"player_experience":1000362,"relics_obtained":[{"floor":9.0,"key":"White Beast Statue"},{"floor":10.0,"key":"Odd Mushroom"}],"event_choices":[{"damage_healed":0.0,"max_hp_gain":0.0,"max_hp_loss":0.0,"gold_gain":50.0,"event_name":"FaceTrader","player_choice":"Touch","floor":2.0,"gold_loss":0.0,"damage_taken":7.0},{"damage_healed":0.0,"max_hp_gain":0.0,"max_hp_loss":0.0,"gold_gain":0.0,"event_name":"Mushrooms","player_choice":"Fought Mushrooms","floor":10.0,"gold_loss":0.0,"damage_taken":0.0}],"is_beta":false,"boss_relics":[{"not_picked":["Runic Pyramid","SacredBark"],"picked":"Busted Crown"}],"items_purged_floors":[12],"is_endless":false,"potions_floor_spawned":[4,5,10,13,14,16],"ascension_level":20}}