{"host":"za1qviwhp34x909e","time":1612866266,"event":{"mods":["BaseMod","Colored Map","Colored Powertips","Highlight Path","Minty Spire (QoL Compilation)","Quick Restart"],"gold_per_floor":[116,116,134,59,72,113,134,134,134,134,134,175,200,200,200,200,200],"floor_reached":16,"language":"ENG","playtime":561,"items_purged":["Injury"],"score":160,"play_id":"37ef954e-b562-465c-8561-f1e3d7cbbe18","local_time":"20210209042426","is_ascension_mode":true,"campfire_choices":[{"floor":11,"key":"REST"},{"data":"Regret","floor":15,"key":"PURGE"}],"circlet_count":0,"master_deck":["Strike_R","Strike_R","Strike_R","Strike_R","Strike_R","Defend_R","Defend_R","Defend_R","Defend_R","Bash","Thunderclap","Spot Weakness","Carnage","Flex","Sever Soul+1","Shrug It Off","Rage"],"relics":["Burning Blood","Incense Burner","Golden Idol","Thread and Needle","Dead Branch","Peace Pipe","Happy Flower","Akabeko"],"acts_visited":["Exordium"],"potions_floor_usage":[],"damage_taken":[{"damage":14,"enemies":"Jaw Worm","floor":1,"turns":3},{"damage":6,"enemies":"2 Louse","floor":3,"turns":2},{"damage":20,"enemies":"Small Slimes","floor":5,"turns":4},{"damage":40,"enemies":"Lagavulin","floor":6,"turns":7},{"damage":0,"enemies":"3 Louse","floor":7,"turns":4},{"damage":21,"enemies":"3 Sentries","floor":12,"turns":7},{"damage":8,"enemies":"2 Fungi Beasts","floor":13,"turns":3},{"damage":21,"enemies":"Slime Boss","floor":16,"turns":9}],"seed_played":"-7773260169634455296","potions_obtained":[{"floor":6,"key":"Ancient Potion"}],"is_trial":false,"path_per_floor":["M","?","M","$","M","E","M","?","T","?","R","E","M","?","R","B"],"character_chosen":"IRONCLAD","items_purchased":[],"campfire_rested":1,"item_purchase_floors":[],"current_hp_per_floor":[64,64,64,64,50,16,22,22,22,22,43,28,26,26,26,5,5],"gold":200,"neow_bonus":"ONE_RARE_RELIC","is_daily":false,"chose_seed":false,"campfire_upgraded":0,"win_rate":0.0,"timestamp":1612866266,"path_taken":["M","?","M","$","M","E","M","?","T","?","R","E","M","?","R","BOSS"],"items_purchased_type":[],"build_version":"2020-12-22","purchased_purges":1,"victory":false,"max_hp_per_floor":[72,72,72,72,72,72,72,72,72,72,72,72,72,72,72,72,72],"card_choices":[{"not_picked":["Fire Breathing","Wild Strike"],"picked":"Thunderclap","floor":1},{"not_picked":["Headbutt","Armaments"],"picked":"Spot Weakness","floor":3},{"not_picked":["Shrug It Off","Warcry"],"picked":"Carnage","floor":5},{"not_picked":["Thunderclap","Brutality"],"picked":"Flex","floor":6},{"not_picked":["Dark Embrace","Fire Breathing"],"picked":"Sever Soul","floor":7},{"not_picked":["Warcry","True Grit"],"picked":"Shrug It Off","floor":12},{"not_picked":["Pummel","Bludgeon"],"picked":"Rage","floor":13}],"player_experience":661490,"relics_obtained":[{"floor":6,"key":"Thread and Needle"},{"floor":9,"key":"Dead Branch"},{"floor":12,"key":"Happy Flower"}],"event_choices":[{"damage_healed":0,"gold_gain":0,"player_choice":"Take Wound","damage_taken":0,"relics_obtained":["Golden Idol"],"max_hp_gain":0,"max_hp_loss":0,"event_name":"Golden Idol","floor":2,"gold_loss":0,"cards_obtained":["Injury"]},{"damage_healed":0,"gold_gain":0,"player_choice":"Grow","damage_taken":0,"max_hp_gain":0,"max_hp_loss":0,"event_name":"Living Wall","floor":8,"gold_loss":0,"cards_upgraded":["Sever Soul"]},{"damage_healed":0,"gold_gain":0,"player_choice":"Searched \u00271\u0027 times","damage_taken":0,"relics_obtained":["Peace Pipe"],"max_hp_gain":0,"max_hp_loss":0,"event_name":"Dead Adventurer","floor":10,"gold_loss":0},{"damage_healed":0,"gold_gain":0,"player_choice":"Box","damage_taken":0,"relics_obtained":["Akabeko"],"max_hp_gain":0,"max_hp_loss":0,"event_name":"Big Fish","floor":14,"gold_loss":0,"cards_obtained":["Regret"]}],"is_beta":false,"boss_relics":[],"items_purged_floors":[4],"is_endless":false,"potions_floor_spawned":[6],"killed_by":"Slime Boss","ascension_level":9}}