{"host":"y0i0tbisecj7yjyn","time":1612853875,"event":{"mods":["A Penny For Your Troubles","AlwaysNeverKeys","BaseMod","BetterRewards","Colored Map","Colored Powertips","Curses Come First","Displayed Cursed Tome","Keyboard Shortcuts","Minty Spire (QoL Compilation)","Random Character Button","Rare Cards Sparkle","Relic Sorter","StSLib","SuperFastMode","Transform Curses","Weighted Paths"],"gold_per_floor":[112,125,141,161,174,174,202,221,221,236,236,270,345,47,47,167,167,181,181,196,220,220,220],"floor_reached":22,"language":"ENG","playtime":1413,"items_purged":[],"score":245,"play_id":"135bbf0f-d728-47e3-bb83-996a10ad2046","local_time":"20210209005755","is_ascension_mode":true,"campfire_choices":[{"data":"Envenom","floor":6,"key":"SMITH"},{"floor":15,"key":"REST"}],"circlet_count":0,"master_deck":["Strike_G","Strike_G","Strike_G","Strike_G","Strike_G","Defend_G","Defend_G","Defend_G","Defend_G","Defend_G","Survivor","Neutralize","All Out Attack","Outmaneuver","Cloak And Dagger","Dagger Spray","Envenom+1","PiercingWail","Caltrops","All Out Attack","PiercingWail","Corpse Explosion","Deadly Poison","Poisoned Stab"],"relics":["Ring of the Serpent","NeowsBlessing","Blood Vial","Sundial","Golden Idol","Mango","Orichalcum","Strawberry"],"acts_visited":["Exordium","TheCity"],"potions_floor_usage":[5,10,16,16,20],"damage_taken":[{"damage":0,"enemies":"Cultist","floor":1,"turns":1},{"damage":0,"enemies":"2 Louse","floor":2,"turns":1},{"damage":0,"enemies":"Small Slimes","floor":3,"turns":1},{"damage":2,"enemies":"3 Louse","floor":4,"turns":3},{"damage":16,"enemies":"Lots of Slimes","floor":5,"turns":3},{"damage":13,"enemies":"Gremlin Nob","floor":7,"turns":4},{"damage":0,"enemies":"Exordium Wildlife","floor":8,"turns":3},{"damage":0,"enemies":"3 Louse","floor":10,"turns":2},{"damage":36,"enemies":"Lagavulin","floor":12,"turns":10},{"damage":4,"enemies":"Hexaghost","floor":16,"turns":9},{"damage":41,"enemies":"Spheric Guardian","floor":18,"turns":9},{"damage":26,"enemies":"Shell Parasite","floor":20,"turns":8},{"damage":6,"enemies":"Cultist and Chosen","floor":21,"turns":5},{"damage":29,"enemies":"Snake Plant","floor":22,"turns":4}],"seed_played":"-1184609209847020500","potions_obtained":[{"floor":2,"key":"LiquidBronze"},{"floor":4,"key":"CultistPotion"},{"floor":5,"key":"SkillPotion"},{"floor":12,"key":"Weak Potion"},{"floor":18,"key":"Fire Potion"}],"is_trial":false,"path_per_floor":["M","M","M","M","M","R","E","M","T","M","?","E","?","$","R","B",null,"M","?","M","M","M"],"character_chosen":"THE_SILENT","items_purchased":["Orichalcum","Strawberry"],"campfire_rested":1,"item_purchase_floors":[14,14],"current_hp_per_floor":[70,70,70,68,52,52,39,41,41,43,43,23,12,19,46,44,91,50,50,26,22,0,0],"gold":220,"neow_bonus":"THREE_ENEMY_KILL","is_daily":false,"chose_seed":false,"campfire_upgraded":1,"win_rate":0.0,"timestamp":1612853875,"path_taken":["M","?","M","M","M","R","E","?","T","?","?","E","?","$","R","BOSS","M","?","M","?","M"],"items_purchased_type":["Relic","Relic"],"build_version":"2020-12-22","purchased_purges":0,"victory":false,"max_hp_per_floor":[70,70,70,70,70,70,70,70,70,70,70,84,84,91,91,91,91,91,91,91,91,91,91],"card_choices":[{"not_picked":["Flying Knee","Backflip"],"picked":"All Out Attack","floor":1},{"not_picked":["Calculated Gamble","Backflip"],"picked":"Outmaneuver","floor":2},{"not_picked":["Footwork","Dagger Throw"],"picked":"Cloak And Dagger","floor":3},{"not_picked":["Cloak And Dagger","Concentrate"],"picked":"Dagger Spray","floor":4},{"not_picked":["Dagger Spray","Blur"],"picked":"Envenom","floor":5},{"not_picked":["Expertise","Flying Knee"],"picked":"PiercingWail","floor":7},{"not_picked":["Bane","Choke"],"picked":"Caltrops","floor":8},{"not_picked":["Underhanded Strike","Prepared"],"picked":"All Out Attack","floor":10},{"not_picked":["Expertise","Acrobatics"],"picked":"PiercingWail","floor":12},{"not_picked":["Burst","Malaise"],"picked":"Corpse Explosion","floor":16},{"not_picked":["Tactician","Calculated Gamble"],"picked":"Deadly Poison","floor":18},{"not_picked":["Leg Sweep","Infinite Blades","Dagger Throw"],"picked":"SKIP","floor":20},{"not_picked":["PiercingWail","Masterful Stab+1"],"picked":"Poisoned Stab","floor":21}],"player_experience":401286,"relics_obtained":[{"floor":7,"key":"Blood Vial"},{"floor":9,"key":"Sundial"},{"floor":12,"key":"Mango"}],"event_choices":[{"damage_healed":0,"gold_gain":0,"player_choice":"Take Wound","damage_taken":0,"relics_obtained":["Golden Idol"],"max_hp_gain":0,"max_hp_loss":0,"event_name":"Golden Idol","floor":11,"gold_loss":0,"cards_obtained":["Injury"]},{"damage_healed":0,"gold_gain":75,"player_choice":"Gather Gold","damage_taken":11,"max_hp_gain":0,"max_hp_loss":0,"event_name":"World of Goop","floor":13,"gold_loss":0},{"cards_removed":["Injury"],"damage_healed":0,"gold_gain":0,"player_choice":"Purged","damage_taken":0,"max_hp_gain":0,"max_hp_loss":0,"event_name":"Purifier","floor":19,"gold_loss":0}],"is_beta":false,"boss_relics":[{"not_picked":["Black Star","Tiny House"],"picked":"Ring of the Serpent"}],"items_purged_floors":[],"is_endless":false,"potions_floor_spawned":[2,4,5,12,18],"killed_by":"Snake Plant","ascension_level":2}}