{"host":"za1qviwhp34x909e","time":1612863947,"event":{"mods":["BaseMod","Colored Map","Colored Powertips","Highlight Path","Minty Spire (QoL Compilation)","Quick Restart"],"gold_per_floor":[117,117,137,137,69,97,110,140,190,204,224,224,258,277,277,372,372,382,398,24,24,40,40,59,59,113,113,123,123,123],"floor_reached":29,"language":"ENG","playtime":1026,"items_purged":["Strike_B"],"score":444,"play_id":"6fcf637b-b425-4fa7-9fb3-e1d3e4bd2d76","local_time":"20210209034547","is_ascension_mode":true,"campfire_choices":[{"data":"Sunder","floor":12,"key":"SMITH"},{"data":"Lockon","floor":15,"key":"SMITH"},{"floor":23,"key":"REST"},{"floor":25,"key":"REST"},{"floor":27,"key":"REST"}],"circlet_count":0,"master_deck":["Strike_B","Strike_B","Strike_B","Defend_B","Defend_B","Defend_B","Defend_B","Zap","Dualcast","Coolheaded","Ball Lightning+1","Sunder+1","Loop","Streamline+1","Static Discharge","Hologram","Sweeping Beam","Ball Lightning","Ball Lightning","Heatsinks","Lockon+1","Conserve Battery","Echo Form","Ball Lightning","Defragment","Loop","RitualDagger","Self Repair"],"relics":["Cracked Core","NeowsBlessing","Sundial","Akabeko","Ancient Tea Set","Prayer Wheel","Orichalcum","Lantern","Philosopher\u0027s Stone","Singing Bowl","Whetstone"],"acts_visited":["Exordium","TheCity"],"potions_floor_usage":[8,11,13,16,22],"damage_taken":[{"damage":0,"enemies":"Cultist","floor":1,"turns":1},{"damage":0,"enemies":"Small Slimes","floor":3,"turns":1},{"damage":0,"enemies":"Gremlin Nob","floor":6,"turns":1},{"damage":4,"enemies":"Jaw Worm","floor":7,"turns":3},{"damage":13,"enemies":"3 Sentries","floor":8,"turns":3},{"damage":13,"enemies":"Red Slaver","floor":10,"turns":3},{"damage":5,"enemies":"Looter","floor":11,"turns":2},{"damage":6,"enemies":"Gremlin Nob","floor":13,"turns":3},{"damage":0,"enemies":"Blue Slaver","floor":14,"turns":2},{"damage":12,"enemies":"Hexaghost","floor":16,"turns":5},{"damage":17,"enemies":"3 Byrds","floor":18,"turns":3},{"damage":11,"enemies":"Chosen","floor":19,"turns":4},{"damage":29,"enemies":"Centurion and Healer","floor":22,"turns":6},{"damage":31,"enemies":"Snake Plant","floor":24,"turns":3},{"damage":10,"enemies":"Snecko","floor":28,"turns":3},{"damage":62,"enemies":"Slavers","floor":29,"turns":4}],"seed_played":"2209898293727138011","potions_obtained":[{"floor":3,"key":"PowerPotion"},{"floor":7,"key":"Fruit Juice"},{"floor":8,"key":"Weak Potion"},{"floor":14,"key":"PowerPotion"},{"floor":18,"key":"Fruit Juice"},{"floor":24,"key":"Regen Potion"}],"is_trial":false,"path_per_floor":["M","?","M","?","$","E","M","E","T","M","M","R","E","M","R","B",null,"M","M","$","?","M","R","M","R","T","R","M","E"],"character_chosen":"DEFECT","items_purchased":["Sunder","Singing Bowl","Swift Potion"],"campfire_rested":3,"item_purchase_floors":[5,20,20],"current_hp_per_floor":[68,68,68,61,61,61,57,44,44,31,31,31,25,25,25,13,63,46,35,35,29,9,35,6,33,33,60,61,0,0],"gold":123,"neow_bonus":"THREE_ENEMY_KILL","is_daily":false,"chose_seed":false,"campfire_upgraded":2,"win_rate":0.0,"timestamp":1612863947,"path_taken":["M","?","?","?","?","E","?","E","T","M","M","R","E","M","R","BOSS","M","M","$","?","M","R","M","R","T","R","M","E"],"items_purchased_type":["Card","Relic","Potion"],"build_version":"2020-12-22","purchased_purges":1,"victory":false,"max_hp_per_floor":[75,75,75,75,75,75,75,75,75,75,80,80,80,80,80,80,80,80,80,80,80,89,89,91,91,91,91,95,95,95],"card_choices":[{"not_picked":["Heatsinks","Beam Cell"],"picked":"Coolheaded","floor":1},{"not_picked":["Gash","Hologram"],"picked":"Ball Lightning","floor":3},{"not_picked":["Static Discharge","Chill"],"picked":"Loop","floor":6},{"not_picked":["Scrape","Sunder"],"picked":"Streamline","floor":7},{"not_picked":["Gash","Reinforced Body"],"picked":"Static Discharge","floor":8},{"not_picked":["Streamline","Stack"],"picked":"Hologram","floor":10},{"not_picked":["Multi-Cast","Beam Cell"],"picked":"Sweeping Beam","floor":10},{"not_picked":["FTL","Sunder"],"picked":"Ball Lightning","floor":11},{"not_picked":["Rebound","Compile Driver"],"picked":"Ball Lightning","floor":11},{"not_picked":["Multi-Cast","Leap"],"picked":"Heatsinks","floor":13},{"not_picked":["Consume","Undo"],"picked":"Lockon","floor":14},{"not_picked":["Coolheaded","Sweeping Beam"],"picked":"Conserve Battery","floor":14},{"not_picked":["Creative AI","Multi-Cast"],"picked":"Echo Form","floor":16},{"not_picked":["Coolheaded","Sunder"],"picked":"Ball Lightning","floor":18},{"not_picked":["Recycle","Leap"],"picked":"Defragment","floor":18},{"not_picked":["Storm","Leap"],"picked":"Loop","floor":19},{"not_picked":["Turbo","Hologram","Static Discharge"],"picked":"SKIP","floor":19},{"not_picked":["Compile Driver","Redo","Gash+1"],"picked":"Singing Bowl","floor":22},{"not_picked":["Lockon","Leap","Conserve Battery"],"picked":"Singing Bowl","floor":22},{"not_picked":["Meteor Strike","Beam Cell"],"picked":"Self Repair","floor":24},{"not_picked":["Leap","Steam","Barrage+1"],"picked":"Singing Bowl","floor":24},{"not_picked":["Static Discharge","Tempest","Auto Shields"],"picked":"Singing Bowl","floor":28},{"not_picked":["Gash","Multi-Cast","Turbo"],"picked":"Singing Bowl","floor":28}],"player_experience":660464,"relics_obtained":[{"floor":2,"key":"Sundial"},{"floor":6,"key":"Ancient Tea Set"},{"floor":8,"key":"Prayer Wheel"},{"floor":9,"key":"Orichalcum"},{"floor":13,"key":"Lantern"},{"floor":26,"key":"Whetstone"}],"event_choices":[{"damage_healed":0,"gold_gain":0,"player_choice":"Relic","damage_taken":0,"max_hp_gain":0,"max_hp_loss":0,"event_name":"Wheel of Change","floor":2,"gold_loss":0},{"damage_healed":0,"gold_gain":0,"player_choice":"Success","damage_taken":7,"relics_obtained":["Akabeko"],"max_hp_gain":0,"max_hp_loss":0,"event_name":"Scrap Ooze","floor":4,"gold_loss":0},{"damage_healed":0,"gold_gain":0,"player_choice":"Joined the Cult","damage_taken":6,"max_hp_gain":0,"max_hp_loss":0,"event_name":"Nest","floor":21,"gold_loss":0,"cards_obtained":["RitualDagger"]}],"is_beta":false,"boss_relics":[{"not_picked":["Calling Bell","Busted Crown"],"picked":"Philosopher\u0027s Stone"}],"items_purged_floors":[20],"is_endless":false,"potions_floor_spawned":[3,7,8,14,18,24],"killed_by":"Slavers","ascension_level":9}}