{"host":"lehbxtjrpalkmwwj","time":1612871749,"event":{"mods":["Aspiration","BaseMod","Colored Map","Colored Powertips","Conspire","GungeonMod","KomeijiMod","Lobotomy","Minty Spire (QoL Compilation)","Quick Restart","Replay The Spire","Shop Mod","StSLib","The Cursed","The Poker Player","[IsaacMod]ÒÔÈö¼âËþ"],"gold_per_floor":[13,13,34,47,61,96,160,193,216,232,248,268,303,316,316,435,435,460,483,483,508,523,567,592,592,617,268,268,306,327,363,363,486,486,983,1003,1003,471,804,839,858,883,910,910,941,941,941,953,953,953,953,953,86,117,117],"floor_reached":56,"language":"ZHS","playtime":2382,"items_purged":["Confused"],"score":1420,"play_id":"7dad8c80-3f30-40d0-b985-d65d5e1126e5","local_time":"20210209195549","is_ascension_mode":true,"campfire_choices":[{"floor":15.0,"key":"RECALL"},{"data":"Berserk","floor":25.0,"key":"SMITH"},{"data":"Shockwave","floor":32.0,"key":"SMITH"},{"floor":47,"key":"REST"},{"floor":49,"key":"DIG"},{"data":"Limit Break","floor":52,"key":"SMITH"}],"circlet_count":0,"master_deck":["Strike_R","Strike_R+1","Strike_R","Strike_R","Strike_R","Defend_R","Defend_R","Defend_R","Defend_R","Bash","SuicideKing","Feed","Flame Barrier","Bludgeon+1","Replay:Undeath\u0027s Touch","Clothesline","Perfected Strike","Flex","Heavy Blade","Berserk+1","Metallicize","Hemokinesis+1","PerfectMaid+1","Twin Strike","Intimidate","Exhume","ReplayTheSpireMod:Stacked","Iron Wave+1","Offering","Shockwave+1","Berserk","Limit Break+1","Clothesline+1","Flame Barrier","Clash","Twin Strike+1","Madness","Madness","Pot Of Greed","Pot Of Greed","Pot Of Greed","Pot Of Greed","Thunderclap","Thunderclap","Armaments+1","Clash+1","Infernal Blade","Sword Boomerang+1","ReplayTheSpireMod:Strike From Hell+1","Blind","DemoMod:BlackBlade","DemoMod:WhiteBlade+1","Pot Of Greed","Armaments+1"],"relics":["Burning Blood","HushsDoor","DeadEye","Lantern","ReplayFunnel","Odd Mushroom","GnawedLeaf","Painkiller Herb","BelialBook","Toy Ornithopter","ReplayTheSpireMod:Lightbulb","ClockworkSouvenir","aspiration:HiddenCompartment","DemoMod:OrangeGuonStone","Vajra","Busted Crown","GuppysPaw","DemoMod:MonsterBlood","aspiration:ChemicalBlood","DemoMod:Metronome","Replay:Mystery Machine","DemoMod:PoisonVial","Grinning Jar","conspire:TreasureMap","Gremlin Food","DemoMod:ChaffGrenade","Regal Pillow","Replay:Rubber Ducky","Bag of Marbles","Replay:Bottled Eggs","Whetstone","NineVolt","InkBottle"],"acts_visited":["Exordium","TheCity","TheBeyond","TheEnding"],"potions_floor_usage":[36,38,40,42,45,50,50,50,54,55,55,55,55],"damage_taken":[{"damage":13.0,"enemies":"Jaw Worm","floor":1.0,"turns":4.0},{"damage":0.0,"enemies":"Small Slimes","floor":3.0,"turns":3.0},{"damage":0.0,"enemies":"Cultist","floor":4.0,"turns":4.0},{"damage":7.0,"enemies":"2 Fungi Beasts","floor":5.0,"turns":3.0},{"damage":4.0,"enemies":"3 Sentries","floor":6.0,"turns":3.0},{"damage":27.0,"enemies":"Gremlin Nob","floor":7.0,"turns":5.0},{"damage":15.0,"enemies":"The Mushroom Lair","floor":8.0,"turns":3.0},{"damage":11.0,"enemies":"3 Louse","floor":10.0,"turns":4.0},{"damage":13.0,"enemies":"Blue Slaver","floor":11.0,"turns":3.0},{"damage":11.0,"enemies":"Looter","floor":12.0,"turns":2.0},{"damage":26.0,"enemies":"Lagavulin","floor":13.0,"turns":6.0},{"damage":8.0,"enemies":"Red Slaver","floor":14.0,"turns":4.0},{"damage":47.0,"enemies":"Fading Forest","floor":16.0,"turns":11.0},{"damage":22.0,"enemies":"Shell Parasite","floor":18.0,"turns":5.0},{"damage":8.0,"enemies":"2 Thieves","floor":19.0,"turns":4.0},{"damage":32.0,"enemies":"Shelled Parasite and Fungi","floor":21.0,"turns":7.0},{"damage":13.0,"enemies":"Centurion and Healer","floor":22.0,"turns":9.0},{"damage":5.0,"enemies":"Slavers","floor":23.0,"turns":5.0},{"damage":35.0,"enemies":"Snake Plant","floor":24.0,"turns":9.0},{"damage":24.0,"enemies":"Book of Stabbing","floor":29.0,"turns":4.0},{"damage":0.0,"enemies":"Snecko","floor":30.0,"turns":4.0},{"damage":15.0,"enemies":"Gremlin Leader","floor":31.0,"turns":7.0},{"damage":10.0,"enemies":"Collector","floor":33.0,"turns":8.0},{"damage":100000002,"enemies":"Orb Walker","floor":35,"turns":3},{"damage":19,"enemies":"3 Darklings","floor":36,"turns":3},{"damage":2,"enemies":"R_Hoarder","floor":40,"turns":4},{"damage":18,"enemies":"Jaw Worm Horde","floor":41,"turns":3},{"damage":14,"enemies":"Giant Head","floor":42,"turns":5},{"damage":27,"enemies":"Nemesis","floor":45,"turns":5},{"damage":8,"enemies":"Transient","floor":48,"turns":5},{"damage":64,"enemies":"Replay:Hell Engine","floor":50,"turns":9},{"damage":40,"enemies":"Shield and Spear","floor":54,"turns":6},{"damage":83,"enemies":"The Heart","floor":55,"turns":6}],"seed_played":"8403542322703450358","potions_obtained":[{"floor":1.0,"key":"BlessingOfTheForge"},{"floor":4.0,"key":"SpeedPotion"},{"floor":7.0,"key":"AttackPotion"},{"floor":10.0,"key":"EssenceOfSteel"},{"floor":12.0,"key":"CalmPotion"},{"floor":16.0,"key":"SkillPotion"},{"floor":18.0,"key":"AttackPotion"},{"floor":22.0,"key":"DemoMod:LeadSkinPotion"},{"floor":24.0,"key":"DuplicationPotion"},{"floor":30.0,"key":"BloodPotion"},{"floor":31.0,"key":"LifebloodPotion"},{"floor":35,"key":"Venom Potion"},{"floor":36,"key":"SteroidPotion"},{"floor":40,"key":"Venom Potion"},{"floor":42,"key":"Venom Potion"},{"floor":48,"key":"SpeedPotion"},{"floor":50,"key":"Venom Potion"},{"floor":54,"key":"Death Potion"}],"is_trial":false,"path_per_floor":["M","?","M","M","M","E","?","?","T","M","M","M","E","M","R","B",null,"?","?","?","?","?","E","?","T","T","T","?","E","?","E","T","B",null,"?","?","?","T","?","E","?","E","T","?","E","?","T","?","T","B",null,"T","T","E","B",null],"character_chosen":"IRONCLAD","items_purchased":["ReplayTheSpireMod:Lightbulb","ClockworkSouvenir","GuppysPaw","FairyPotion","Limit Break","DemoMod:PoisonVial","Grinning Jar","conspire:TreasureMap","Thunderclap","BloodPotion","Replay:Bottled Eggs","Whetstone","NineVolt","Strength Potion","Energy Potion","Blind","DemoMod:WhiteBlade+1"],"campfire_rested":1,"item_purchase_floors":[27,27,34,34,34,38,38,38,38,38,53,53,53,53,53,53,53],"current_hp_per_floor":[76,56,65,74,76,81,64,58,58,56,49,47,30,31,31,8,114,98,96,96,73,76,80,54,54,54,54,39,21,27,47,47,48,105,41,33,19,46,46,55,46,43,43,43,27,27,76,74,74,31,115,115,115,86,52],"gold":117,"neow_bonus":"THREE_RARE_CARDS","is_daily":false,"chose_seed":false,"campfire_upgraded":3,"win_rate":0.0,"timestamp":1612871749,"path_taken":["M","?","?","M","M","E","?","?","T","M","M","?","E","M","R","BOSS","?","?","?","?","?","E","?","T","T","T","?","E","?","E","T","BOSS","?","?","?","T","?","E","?","E","T","?","E","?","T","?","T","BOSS","T","T","E","BOSS"],"items_purchased_type":["Relic","Relic","Relic","Potion","Card","Relic","Relic","Relic","Card","Potion","Relic","Relic","Relic","Potion","Potion","Card","Card"],"build_version":"2020-12-22","purchased_purges":1,"victory":true,"max_hp_per_floor":[83,83,86,89,92,95,99,102,102,105,105,108,111,114,114,114,114,114,114,114,117,117,120,123,123,123,123,123,123,123,123,123,123,105,112,112,112,112,112,112,115,115,115,115,115,115,115,115,115,115,115,115,115,115,115],"card_choices":[{"not_picked":[],"picked":"SuicideKing","floor":0.0},{"not_picked":[],"picked":"SuicideKing","floor":0.0},{"not_picked":["Reaper","Limit Break"],"picked":"Feed","floor":0.0},{"not_picked":["Shrug It Off","Wild Strike"],"picked":"Flame Barrier","floor":1.0},{"not_picked":["Armaments","Reckless Charge"],"picked":"Bomb","floor":3.0},{"not_picked":["True Grit","ReplayTheSpireMod:LeadingStrike"],"picked":"Bludgeon","floor":4.0},{"not_picked":["ReplayTheSpireMod:Strike From Hell","Fiend Fire"],"picked":"Sword Boomerang","floor":5.0},{"not_picked":["True Grit","Warcry"],"picked":"Replay:Undeath\u0027s Touch","floor":6.0},{"not_picked":["Twin Strike","ReplayTheSpireMod:Strike From Hell"],"picked":"Clothesline","floor":7.0},{"not_picked":["Run Through","Bomb"],"picked":"Perfected Strike","floor":8.0},{"not_picked":["Shrug It Off","Wild Strike"],"picked":"Flex","floor":10.0},{"not_picked":["Replay:Undeath\u0027s Touch","Dual Wield"],"picked":"Bomb","floor":11.0},{"not_picked":["Havoc","Sentinel"],"picked":"Heavy Blade","floor":12.0},{"not_picked":["Fiend Fire","Sentinel","Seeing Red"],"picked":"SKIP","floor":13.0},{"not_picked":["Armaments","Searing Blow"],"picked":"Bomb","floor":14.0},{"not_picked":["Impervious","Feed"],"picked":"Berserk","floor":16.0},{"not_picked":["Searing Blow","Pommel Strike"],"picked":"Metallicize","floor":18.0},{"not_picked":["Clash","Replay:Undeath\u0027s Touch"],"picked":"Hemokinesis+1","floor":19.0},{"not_picked":["Armaments","Power Through"],"picked":"Twin Strike","floor":21.0},{"not_picked":["Thunderclap","DemoMod:BlackBlade"],"picked":"Intimidate","floor":22.0},{"not_picked":["Shrug It Off","Cleave"],"picked":"Exhume","floor":23.0},{"not_picked":["Havoc","Pommel Strike"],"picked":"ReplayTheSpireMod:Stacked","floor":24.0},{"not_picked":["conspire:ExplosiveBarrier","Warcry"],"picked":"Iron Wave+1","floor":29.0},{"not_picked":["ReplayTheSpireMod:Corrosion Curse","Pommel Strike+1"],"picked":"Offering","floor":30.0},{"not_picked":["Battle Trance","Clash"],"picked":"Shockwave","floor":31.0},{"not_picked":["Eclipse","Double Tap"],"picked":"Berserk","floor":33.0},{"not_picked":[],"picked":"Clothesline+1","floor":35},{"not_picked":[],"picked":"Flame Barrier","floor":35},{"not_picked":[],"picked":"Clash","floor":35},{"not_picked":[],"picked":"Twin Strike","floor":36},{"not_picked":[],"picked":"Armaments+1","floor":40},{"not_picked":[],"picked":"Clash+1","floor":41},{"not_picked":[],"picked":"Infernal Blade","floor":42},{"not_picked":[],"picked":"Sword Boomerang+1","floor":45},{"not_picked":[],"picked":"ReplayTheSpireMod:Strike From Hell+1","floor":48},{"not_picked":[],"picked":"Armaments+1","floor":54}],"player_experience":152533,"relics_obtained":[{"floor":6.0,"key":"Lantern"},{"floor":8.0,"key":"Odd Mushroom"},{"floor":13.0,"key":"GnawedLeaf"},{"floor":23.0,"key":"BelialBook"},{"floor":26.0,"key":"Toy Ornithopter"},{"floor":29.0,"key":"DemoMod:OrangeGuonStone"},{"floor":31.0,"key":"Vajra"},{"floor":35,"key":"DemoMod:MonsterBlood"},{"floor":35,"key":"aspiration:ChemicalBlood"},{"floor":35,"key":"DemoMod:Metronome"},{"floor":35,"key":"Replay:Mystery Machine"},{"floor":40,"key":"Gremlin Food"},{"floor":42,"key":"DemoMod:ChaffGrenade"},{"floor":43,"key":"Regal Pillow"},{"floor":45,"key":"Replay:Rubber Ducky"},{"floor":49,"key":"Bag of Marbles"},{"floor":54,"key":"InkBottle"}],"event_choices":[{"damage_healed":0.0,"max_hp_gain":0.0,"max_hp_loss":0.0,"gold_gain":0.0,"event_name":"Golden Idol","player_choice":"Take Damage","floor":2.0,"gold_loss":0.0,"damage_taken":20.0,"relics_obtained":["Golden Idol"]},{"damage_healed":0.0,"max_hp_gain":0.0,"max_hp_loss":0.0,"gold_gain":30.0,"event_name":"Dead Adventurer","player_choice":"Searched \u00273\u0027 times","floor":7.0,"gold_loss":0.0,"damage_taken":0.0,"relics_obtained":["ReplayFunnel"]},{"damage_healed":0.0,"max_hp_gain":0.0,"max_hp_loss":0.0,"gold_gain":0.0,"event_name":"Mushrooms","player_choice":"Fought Mushrooms","floor":8.0,"gold_loss":0.0,"damage_taken":0.0},{"damage_healed":0,"gold_gain":0,"player_choice":"Embrace Madness","damage_taken":14,"max_hp_gain":0,"max_hp_loss":0,"event_name":"Winding Halls","floor":37,"gold_loss":0,"cards_obtained":["Madness","Madness"]},{"damage_healed":0,"gold_gain":333,"player_choice":"Gave Idol","damage_taken":0,"max_hp_gain":0,"max_hp_loss":0,"event_name":"The Moai Head","floor":39,"relics_lost":["Golden Idol"],"gold_loss":0},{"cards_removed":["Sword Boomerang"],"damage_healed":0,"gold_gain":0,"player_choice":"Removed Attack","damage_taken":0,"max_hp_gain":0,"max_hp_loss":0,"event_name":"Falling","floor":46,"gold_loss":0}],"is_beta":false,"boss_relics":[{"not_picked":["MagicMushroom","Ectoplasm"],"picked":"Painkiller Herb"},{"not_picked":[]},{"not_picked":["Fusion Hammer","Ring of Chaos"],"picked":"Busted Crown"},{"not_picked":[]}],"items_purged_floors":[53],"is_endless":false,"potions_floor_spawned":[1,4,7,10,12,16,18,22,24,30,31,35,36,40,48],"ascension_level":2}}