{"host":"kh6fvhxn285ncg0o","time":1612844408,"event":{"mods":["Act Like it!","BaseMod","Colored Map","Friendly Minions","Keyboard Shortcuts","Minty Spire (QoL Compilation)","Quick Restart","Relic Stats","StSLib","SuperFastMode","UnlockEverythingMod"],"gold_per_floor":[12,12,32,51,67,67,107,107,107,145,145,145,159,172,172,266,266,284,302,227,227,227,267,267,167,167,27,43,43,43],"floor_reached":29,"language":"KOR","playtime":677,"items_purged":["Strike_R","Strike_R"],"score":706,"play_id":"ab39b09c-1f2f-423a-bcfc-d3b0af2a8289","local_time":"20210209132008","is_ascension_mode":true,"campfire_choices":[{"data":"Anger","floor":6.0,"key":"SMITH"},{"data":"Hemokinesis","floor":8.0,"key":"SMITH"},{"data":"Bash","floor":11.0,"key":"SMITH"},{"data":"Feel No Pain","floor":15.0,"key":"SMITH"},{"data":"Power Through","floor":24,"key":"SMITH"}],"circlet_count":0,"master_deck":["AscendersBane","Strike_R","Strike_R","Strike_R","Defend_R","Defend_R","Defend_R","Defend_R","Bash+1","Power Through+1","Anger+1","Disarm","Hemokinesis+1","Second Wind","Feel No Pain+1","Feed","Body Slam+1","Shockwave+1","Discovery+1"],"relics":["Burning Blood","Lizard Tail","Golden Idol","Matryoshka","Ancient Tea Set","Kunai","Mercury Hourglass","Coffee Dripper","Toxic Egg 2","Meat on the Bone","Darkstone Periapt"],"acts_visited":["Exordium","TheCity"],"potions_floor_usage":[18,19,29],"damage_taken":[{"damage":7.0,"enemies":"Small Slimes","floor":1.0,"turns":4.0},{"damage":11.0,"enemies":"Jaw Worm","floor":3.0,"turns":5.0},{"damage":0.0,"enemies":"2 Louse","floor":4.0,"turns":2.0},{"damage":29.0,"enemies":"Lots of Slimes","floor":5.0,"turns":8.0},{"damage":23.0,"enemies":"Lagavulin","floor":7.0,"turns":8.0},{"damage":8.0,"enemies":"Gremlin Nob","floor":10.0,"turns":3.0},{"damage":3.0,"enemies":"Looter","floor":13.0,"turns":2.0},{"damage":2.0,"enemies":"2 Fungi Beasts","floor":14.0,"turns":2.0},{"damage":53.0,"enemies":"Hexaghost","floor":16.0,"turns":9.0},{"damage":2,"enemies":"Spheric Guardian","floor":18,"turns":1},{"damage":6,"enemies":"3 Byrds","floor":19,"turns":5},{"damage":42,"enemies":"Gremlin Leader","floor":23,"turns":10},{"damage":12,"enemies":"Shelled Parasite and Fungi","floor":28,"turns":4},{"damage":43,"enemies":"Slavers","floor":29,"turns":3}],"seed_played":"-4968114602284857300","potions_obtained":[{"floor":4.0,"key":"ElixirPotion"},{"floor":7.0,"key":"BlessingOfTheForge"},{"floor":13.0,"key":"Explosive Potion"},{"floor":14.0,"key":"BloodPotion"},{"floor":16.0,"key":"Fire Potion"},{"floor":28,"key":"Explosive Potion"}],"is_trial":false,"path_per_floor":["M","?","M","M","M","R","E","R","T","E","R","?","M","M","R","B",null,"M","M","$","?","?","E","R","$","T","$","M","E"],"character_chosen":"IRONCLAD","items_purchased":["Shockwave+1","Discovery+1"],"campfire_rested":0,"item_purchase_floors":[27,27],"current_hp_per_floor":[67,67,62,68,45,45,28,28,28,26,26,26,29,33,33,37,60,67,70,70,70,70,34,34,34,34,34,40,0,0],"gold":43,"neow_bonus":"ONE_RARE_RELIC","is_daily":false,"chose_seed":false,"campfire_upgraded":5,"win_rate":0.0,"timestamp":1612844408,"path_taken":["M","?","M","M","M","R","E","R","T","E","R","?","M","M","R","BOSS","M","M","$","?","?","E","R","$","T","$","M","E"],"items_purchased_type":["Card","Card"],"build_version":"2020-12-22","purchased_purges":2,"victory":false,"max_hp_per_floor":[75,68,68,68,68,68,68,68,68,68,68,68,68,68,68,68,68,71,74,74,74,74,74,74,74,74,74,74,74,74],"relic_stats":{"Darkstone Periapt":0,"Lizard Tail":34,"counters":[14,66],"Golden Idol":71,"Kunai":[17],"obtain_stats":[{"Darkstone Periapt":26,"Lizard Tail":0,"Matryoshka":7,"Golden Idol":2,"Coffee Dripper":17,"Kunai":9,"Toxic Egg 2":23,"Ancient Tea Set":9,"Burning Blood":0,"Mercury Hourglass":10,"Meat on the Bone":26},{"Darkstone Periapt":12,"Lizard Tail":0,"Matryoshka":5,"Golden Idol":1,"Coffee Dripper":9,"Kunai":5,"Toxic Egg 2":12,"Ancient Tea Set":5,"Burning Blood":0,"Mercury Hourglass":6,"Meat on the Bone":12},{"Darkstone Periapt":59,"Lizard Tail":0,"Matryoshka":27,"Golden Idol":4,"Coffee Dripper":43,"Kunai":27,"Toxic Egg 2":59,"Ancient Tea Set":27,"Burning Blood":0,"Mercury Hourglass":30,"Meat on the Bone":59}],"Burning Blood":78,"Mercury Hourglass":[156],"Meat on the Bone":12},"card_choices":[{"not_picked":["Flex","Clothesline"],"picked":"Power Through","floor":1.0},{"not_picked":["Havoc","Flex"],"picked":"Anger","floor":3.0},{"not_picked":["Twin Strike","True Grit"],"picked":"Disarm","floor":5.0},{"not_picked":["Double Tap","Reaper"],"picked":"Hemokinesis","floor":7.0},{"not_picked":["Spot Weakness","True Grit"],"picked":"Second Wind","floor":13.0},{"not_picked":["Cleave","Clothesline"],"picked":"Feel No Pain","floor":14.0},{"not_picked":["Exhume","Brutality"],"picked":"Feed","floor":16.0},{"not_picked":["Iron Wave+1","Carnage"],"picked":"Body Slam+1","floor":18},{"not_picked":["Pummel","Flame Barrier","Reckless Charge+1"],"picked":"SKIP","floor":19},{"not_picked":["Twin Strike","Anger+1","Armaments+1"],"picked":"SKIP","floor":28}],"player_experience":1343690,"relics_obtained":[{"floor":7.0,"key":"Matryoshka"},{"floor":9.0,"key":"Ancient Tea Set"},{"floor":9.0,"key":"Kunai"},{"floor":10.0,"key":"Mercury Hourglass"},{"floor":23,"key":"Toxic Egg 2"},{"floor":26,"key":"Meat on the Bone"},{"floor":26,"key":"Darkstone Periapt"}],"event_choices":[{"damage_healed":0.0,"max_hp_gain":0.0,"max_hp_loss":7.0,"gold_gain":0.0,"event_name":"Golden Idol","player_choice":"Lose Max HP","floor":2.0,"gold_loss":0.0,"damage_taken":0.0,"relics_obtained":["Golden Idol"]},{"damage_healed":0.0,"max_hp_gain":0.0,"max_hp_loss":0.0,"gold_gain":0.0,"event_name":"Dead Adventurer","player_choice":"Searched \u00271\u0027 times","floor":12.0,"gold_loss":0.0,"damage_taken":0.0},{"damage_healed":0,"gold_gain":0,"player_choice":"Ignored","damage_taken":0,"max_hp_gain":0,"max_hp_loss":0,"event_name":"Cursed Tome","floor":21,"gold_loss":0},{"damage_healed":0,"gold_gain":0,"player_choice":"Ignored","damage_taken":0,"max_hp_gain":0,"max_hp_loss":0,"event_name":"Ghosts","floor":22,"gold_loss":0}],"is_beta":false,"boss_relics":[{"not_picked":["Black Blood","Ectoplasm"],"picked":"Coffee Dripper"}],"items_purged_floors":[20,25],"is_endless":false,"potions_floor_spawned":[4,7,13,14,16,28],"killed_by":"Slavers","ascension_level":20}}