{"host":"ydh61a5ftgdajrbo","time":1612861275,"event":{"mods":["100% Spire Juice","BaseMod","Colored Map","DeckTracker","Downfall","HololiveMod","Minty Spire (QoL Compilation)","Prisma Mod","Spire Arcade","StSLib","The Alterego","The Cursed","The Gatherer","The Jungle","The Mystic","The Servant 0.9.4","WarShipGirlsR/??¤Ö¤kR mod"],"gold_per_floor":[119,119,119,130,140,140,171,171,171,201,218,218,251,267,267,369,369,381,381,381,400,400,458,470,501,513,220,237,255,337,348,348,514,514,524,524,576,576,596,627,627,3,3,19,119,129,4,21,21,46],"floor_reached":51,"language":"ZHS","playtime":2666,"items_purged":["PrismaMod:MiyuCommonDefend","PrismaMod:MiyuCommonAttack","PrismaMod:MiyuCommonDefend"],"score":851,"play_id":"0cff60a4-81b3-45de-a255-5a2ccce985b6","local_time":"20210209170115","is_ascension_mode":false,"campfire_choices":[{"data":"PrismaMod:MiyuCheapChannelAttack","floor":6.0,"key":"SMITH"},{"data":"PrismaMod:MiyuEvokeAllAttack","floor":8.0,"key":"SMITH"},{"data":"PrismaMod:MiyuUberAOEAttack","floor":15.0,"key":"SMITH"},{"data":"PrismaMod:MiyuUncommonDexBuff","floor":24.0,"key":"SMITH"},{"data":"PrismaMod:MiyuCarnivalDefend","floor":32.0,"key":"SMITH"},{"floor":41,"key":"REST"},{"data":"PrismaMod:MiyuBride","floor":49,"key":"SMITH"}],"circlet_count":0,"master_deck":["PrismaMod:MiyuCommonDefend","PrismaMod:MiyuCommonAttack+1","PrismaMod:MiyuCheapChannelAttack+1","PrismaMod:MiyuCheapChannelDefend","PrismaMod:MiyuCheapDefend1","PrismaMod:MiyuEvokeCheapAttack+1","PrismaMod:MiyuUberAOEAttack+1","PrismaMod:MiyuEvokeAllAttack+1","PrismaMod:MiyuCommonAOEAttack+1","PrismaMod:MiyuCheapPlate","PrismaMod:MiyuCarnivalDefend+1","CurseOfTheBell","PrismaMod:MiyuUncommonDexBuff+1","PrismaMod:MiyuOrbIncreasePerm+1","PrismaMod:MiyuCheapChannelVul+1","PrismaMod:MiyuUncommonAttack+1","PrismaMod:MiyuAttackChannelVul+1","PrismaMod:MiyuCheapEvoke+1","PrismaMod:MiyuChannelAttackEvoke+1","PrismaMod:MiyuOrbIncreasePerm","PrismaMod:MiyuBride+1","PrismaMod:MiyuUncommonPlate+1","PrismaMod:MiyuDevil+1","PrismaMod:MiyuCheapAttack1+1","PrismaMod:MiyuUncommonDexBuff","PrismaMod:MiyuUncommonDexBuff+1"],"relics":["PrismaMod:PrismaSapphire","hexamod:Sixitude","Oddly Smooth Stone","Molten Egg 2","Ornamental Fan","Bronze Scales","Calling Bell","Guardian:PocketSentry","Mercury Hourglass","Calipers","theJungle:SpiritDisease","MawBank","Spirit Poop","hexamod:BolsterEngine","Whetstone","CaptainsWheel","Happy Flower","sneckomod:SneckoTalon","Dead Branch","Bag of Marbles","Meat on the Bone","Bottled Tornado","Nunchaku","Lizard Tail"],"acts_visited":["Exordium","Exordium","TheBeyond"],"potions_floor_usage":[40,50,50],"damage_taken":[{"damage":0.0,"enemies":"2 Louse","floor":1.0,"turns":3.0},{"damage":0.0,"enemies":"Small Slimes","floor":4.0,"turns":3.0},{"damage":0.0,"enemies":"Cultist","floor":5.0,"turns":2.0},{"damage":6.0,"enemies":"Lagavulin","floor":7.0,"turns":5.0},{"damage":0.0,"enemies":"Large Slime","floor":11.0,"turns":4.0},{"damage":0.0,"enemies":"Gremlin Nob","floor":13.0,"turns":2.0},{"damage":2.0,"enemies":"Blue Slaver","floor":14.0,"turns":3.0},{"damage":15.0,"enemies":"The Guardian","floor":16.0,"turns":5.0},{"damage":0.0,"enemies":"Shell Parasite","floor":18.0,"turns":3.0},{"damage":0.0,"enemies":"theJungle:5_Spyders","floor":21.0,"turns":6.0},{"damage":4.0,"enemies":"theJungle:2_Phrogs","floor":23.0,"turns":4.0},{"damage":9.0,"enemies":"theJungle:2_Flameangoes","floor":25.0,"turns":4.0},{"damage":0.0,"enemies":"Snake Plant","floor":28.0,"turns":3.0},{"damage":10.0,"enemies":"theJungle:Lyon","floor":29.0,"turns":3.0},{"damage":7.0,"enemies":"theJungle:Cassacara","floor":30.0,"turns":3.0},{"damage":4.0,"enemies":"theJungle:JungleHuntersEncounter","floor":31.0,"turns":3.0},{"damage":0.0,"enemies":"theJungle:QueenSpyder","floor":33.0,"turns":8.0},{"damage":14.0,"enemies":"3 Darklings","floor":35.0,"turns":3.0},{"damage":9.0,"enemies":"2 Orb Walkers","floor":37.0,"turns":4.0},{"damage":24.0,"enemies":"3 Shapes","floor":39.0,"turns":2.0},{"damage":23,"enemies":"Nemesis","floor":40,"turns":5},{"damage":0,"enemies":"Jaw Worm Horde","floor":44,"turns":3},{"damage":0,"enemies":"Maw","floor":46,"turns":5},{"damage":1,"enemies":"4 Shapes","floor":48,"turns":3},{"damage":18,"enemies":"Awakened One","floor":50,"turns":9}],"seed_played":"1891987215834036742","potions_obtained":[{"floor":7.0,"key":"Swift Potion"},{"floor":13.0,"key":"PowerPotion"},{"floor":14.0,"key":"SteroidPotion"},{"floor":23.0,"key":"BlessingOfTheForge"},{"floor":30.0,"key":"DistilledChaos"},{"floor":33.0,"key":"DuplicationPotion"},{"floor":40,"key":"Guardian:BlockOnCardUsePotion"}],"is_trial":false,"path_per_floor":["M","?","?","M","M","R","E","R","T","?","M","?","E","M","R","B",null,"M","?","?","M","?","E","R","M","T","$","M","M","E","M","R","B",null,"M","?","?","?","M","E","R","$","T","M","?","M","$","M","R","B",null],"character_chosen":"MIYU","items_purchased":["hexamod:BolsterEngine","PrismaMod:MiyuAttackChannelVul+1","PrismaMod:MiyuUncommonDexBuff","Bottled Tornado","DuplicationPotion","Nunchaku"],"campfire_rested":1,"item_purchase_floors":[27,27,42,42,42,42],"current_hp_per_floor":[82,75,72,72,72,72,66,66,66,66,66,66,66,64,64,49,82,82,82,82,82,82,78,78,69,69,69,69,59,52,48,48,48,82,68,68,59,59,35,12,36,36,36,48,48,48,48,47,47,41],"gold":46,"neow_bonus":"TEN_PERCENT_HP_BONUS","is_daily":false,"chose_seed":false,"campfire_upgraded":6,"win_rate":0.0,"timestamp":1612861275,"path_taken":["M","?","?","M","M","R","E","R","T","?","M","?","E","?","R","BOSS","M","?","?","M","?","E","R","M","T","$","M","M","E","M","R","BOSS","M","?","?","?","?","E","R","$","T","M","?","M","?","?","R","BOSS"],"items_purchased_type":["Relic","Card","Card","Relic","Potion","Relic"],"build_version":"2020-12-22","purchased_purges":3,"victory":true,"max_hp_per_floor":[82,82,82,82,82,82,82,82,82,82,82,82,82,82,82,82,82,82,82,82,82,82,82,82,82,82,82,82,82,82,82,82,82,82,82,82,82,82,82,82,82,82,82,82,82,82,82,82,82,82],"card_choices":[{"not_picked":["PrismaMod:MiyuEvokeBuffStr","PrismaMod:MiyuCheapAttack2"],"picked":"PrismaMod:MiyuCheapDefend1","floor":1.0},{"not_picked":["PrismaMod:MiyuChristmas","PrismaMod:MiyuCheapEvoke"],"picked":"PrismaMod:MiyuEvokeCheapAttack","floor":4.0},{"not_picked":["PrismaMod:MiyuEvokeAll","PrismaMod:MiyuUncommonAttack"],"picked":"PrismaMod:MiyuUberAOEAttack","floor":5.0},{"not_picked":["PrismaMod:MiyuCheapEvoke","PrismaMod:MiyuCheapPlate"],"picked":"PrismaMod:MiyuEvokeAllAttack","floor":7.0},{"not_picked":["PrismaMod:MiyuEvokeBuffStr","PrismaMod:MiyuDefenseExplosion+1"],"picked":"PrismaMod:MiyuCommonAOEAttack+1","floor":11.0},{"not_picked":["PrismaMod:MiyuCheapChannelRandom","PrismaMod:MiyuDefenseAbsorbMinor"],"picked":"PrismaMod:MiyuCheapPlate","floor":13.0},{"not_picked":["PrismaMod:MiyuCheapAttack2+1","PrismaMod:MiyuEvokeBuffStr","PrismaMod:MiyuEvokeCheapAttack+1"],"picked":"SKIP","floor":14.0},{"not_picked":["PrismaMod:MiyuUberDefend","PrismaMod:MiyuEvokeAllDefend"],"picked":"PrismaMod:MiyuCarnivalDefend","floor":16.0},{"not_picked":["PrismaMod:MiyuUncommonPlate","PrismaMod:MiyuAttackChannelAttack+1"],"picked":"PrismaMod:MiyuUncommonDexBuff","floor":18.0},{"not_picked":["PrismaMod:MiyuChristmas","PrismaMod:MiyuCheapEvoke+1"],"picked":"PrismaMod:MiyuOrbIncreasePerm+1","floor":21.0},{"not_picked":["PrismaMod:MiyuEvokeCheapAttack+1","PrismaMod:MiyuCheapDexBuff"],"picked":"PrismaMod:MiyuCheapChannelVul+1","floor":23.0},{"not_picked":["PrismaMod:MiyuCheapChannelWeak","PrismaMod:MiyuDefenseRemoval"],"picked":"PrismaMod:MiyuUncommonAttack+1","floor":25.0},{"not_picked":["PrismaMod:MiyuCheapChannelWeak+1","PrismaMod:MiyuEvokeCheapAttack+1"],"picked":"PrismaMod:MiyuCheapEvoke+1","floor":28.0},{"not_picked":["PrismaMod:MiyuCheapChannelVul","PrismaMod:MiyuCheapChannelDefend+1"],"picked":"PrismaMod:MiyuChannelAttackEvoke+1","floor":29.0},{"not_picked":["PrismaMod:MiyuCheapDefend1+1","PrismaMod:MiyuAttackChannelWeak+1"],"picked":"PrismaMod:MiyuOrbIncreasePerm","floor":30.0},{"not_picked":["PrismaMod:MiyuCheapStrBuff","PrismaMod:MiyuUberAOEAttack+1","PrismaMod:MiyuEvokeBuffDex"],"picked":"SKIP","floor":31.0},{"not_picked":["PrismaMod:MiyuChannelAttackEvoke+1","PrismaMod:MiyuEvokeAllDefend"],"picked":"PrismaMod:MiyuBride","floor":33.0},{"not_picked":["PrismaMod:MiyuCheapDexBuff","PrismaMod:MiyuUncommonAttack+1"],"picked":"PrismaMod:MiyuUncommonPlate+1","floor":35.0},{"not_picked":["PrismaMod:MiyuCheapChannelDefend+1","PrismaMod:MiyuEvokeBuffDex+1"],"picked":"PrismaMod:MiyuDevil+1","floor":39.0},{"not_picked":["PrismaMod:MiyuCheapChannelDefend+1","PrismaMod:MiyuUncommonStrBuff"],"picked":"PrismaMod:MiyuCheapAttack1+1","floor":40},{"not_picked":["PrismaMod:MiyuAttackChannelVul+1","PrismaMod:MiyuCheapStrBuff","PrismaMod:MiyuUberAOEAttack+1"],"picked":"SKIP","floor":44},{"not_picked":["PrismaMod:MiyuCheapChannelDefend+1","PrismaMod:MiyuAttackChannelWeak+1"],"picked":"PrismaMod:MiyuUncommonDexBuff+1","floor":46},{"not_picked":["PrismaMod:MiyuCheapChannelDefend+1","PrismaMod:MiyuMaid","PrismaMod:MiyuUncommonAttack+1"],"picked":"SKIP","floor":48}],"player_experience":372055,"relics_obtained":[{"floor":7.0,"key":"Oddly Smooth Stone"},{"floor":9.0,"key":"Molten Egg 2"},{"floor":13.0,"key":"Bronze Scales"},{"floor":17.0,"key":"Guardian:PocketSentry"},{"floor":17.0,"key":"Mercury Hourglass"},{"floor":17.0,"key":"Calipers"},{"floor":23.0,"key":"MawBank"},{"floor":26.0,"key":"Spirit Poop"},{"floor":30.0,"key":"Whetstone"},{"floor":30.0,"key":"CaptainsWheel"},{"floor":33.0,"key":"Happy Flower"},{"floor":37.0,"key":"Dead Branch"},{"floor":40,"key":"Meat on the Bone"},{"floor":43,"key":"Lizard Tail"}],"event_choices":[{"cards_removed":["PrismaMod:MiyuCommonAttack"],"damage_healed":0.0,"max_hp_gain":0.0,"max_hp_loss":0.0,"gold_gain":0.0,"event_name":"Golden Wing","player_choice":"Card Removal","floor":2.0,"gold_loss":0.0,"damage_taken":7.0},{"damage_healed":0.0,"max_hp_gain":0.0,"max_hp_loss":0.0,"gold_gain":0.0,"event_name":"Scrap Ooze","player_choice":"Success","floor":3.0,"gold_loss":0.0,"damage_taken":3.0,"relics_obtained":["hexamod:Sixitude"]},{"damage_healed":0.0,"max_hp_gain":0.0,"max_hp_loss":0.0,"gold_gain":30.0,"event_name":"Dead Adventurer","player_choice":"Searched \u00273\u0027 times","floor":10.0,"gold_loss":0.0,"damage_taken":0.0,"relics_obtained":["Ornamental Fan"]},{"cards_removed":["PrismaMod:MiyuCommonDefend"],"damage_healed":0.0,"max_hp_gain":0.0,"max_hp_loss":0.0,"gold_gain":0.0,"event_name":"Wheel of Change","player_choice":"Card Removal","floor":12.0,"gold_loss":0.0,"damage_taken":0.0},{"damage_healed":0.0,"max_hp_gain":0.0,"max_hp_loss":0.0,"gold_gain":0.0,"event_name":"The Woman in Blue","player_choice":"Bought 0 Potions","floor":22.0,"gold_loss":0.0,"damage_taken":0.0},{"damage_healed":0.0,"max_hp_gain":0.0,"max_hp_loss":0.0,"gold_gain":0.0,"event_name":"Mysterious Sphere","player_choice":"Fight","floor":37.0,"gold_loss":0.0,"damage_taken":0.0},{"damage_healed":0,"gold_gain":100,"player_choice":"Pray","damage_taken":0,"max_hp_gain":0,"max_hp_loss":0,"event_name":"Golden Shrine","floor":45,"gold_loss":0}],"is_beta":false,"boss_relics":[{"not_picked":["Hololive_TopUpMoneyS","Pandora\u0027s Box"],"picked":"Calling Bell"},{"not_picked":["Hololive_ChaosS","Velvet Choker"],"picked":"sneckomod:SneckoTalon"}],"items_purged_floors":[27,42,47],"is_endless":false,"potions_floor_spawned":[7,13,14,21,23,29,35,40,46],"ascension_level":0}}