{"host":"dzs26xzxvr8oc34c","time":1612877865,"event":{"mods":["BaseMod","Colored Map","Downfall","Minty Spire (QoL Compilation)","StSLib","SuperFastMode","Waifu the Spire"],"gold_per_floor":[99,111,111,125,145,180,180,214,226,338,350,202,227,254,272,272,272,272],"floor_reached":16,"language":"ZHS","playtime":1250,"items_purged":["Pain"],"score":118,"play_id":"92ede0bf-ef56-4a41-ac20-436b155be754","local_time":"20210209213745","is_ascension_mode":true,"campfire_choices":[{"data":"hexamod:Float","floor":1.0,"key":"SMITH"},{"data":"hexamod:CatchUp","floor":9,"key":"SMITH"},{"floor":11,"key":"REST"}],"circlet_count":0,"master_deck":["hexamod:Strike","hexamod:Strike","hexamod:Strike","hexamod:Defend","hexamod:Defend","hexamod:Defend","hexamod:Defend","hexamod:Sear","hexamod:Float+1","hexamod:ParanormalForm","hexamod:CatchUp+1","hexamod:GhostLash","hexamod:HeatShield","hexamod:SoulSteal","hexamod:ThermalTransfer","hexamod:Hexaguard","hexamod:SecondSeal","hexamod:FourthSeal","hexamod:FastForward","hexamod:EtherealExpedition"],"relics":["hexamod:SpiritBrand","WarpedTongs","Bottled Flame","Gremlin Horn","MawBank","downfall:GremlinWheel"],"acts_visited":["Exordium"],"potions_floor_usage":[10,10],"damage_taken":[{"damage":1.0,"enemies":"Jaw Worm","floor":2.0,"turns":5.0},{"damage":6.0,"enemies":"Cultist","floor":4.0,"turns":4.0},{"damage":7.0,"enemies":"Small Slimes","floor":5.0,"turns":3.0},{"damage":33.0,"enemies":"Gremlin Nob","floor":6.0,"turns":5.0},{"damage":9,"enemies":"3 Sentries","floor":8,"turns":5},{"damage":13,"enemies":"3 Sentries","floor":10,"turns":3},{"damage":8,"enemies":"downfall:FleeingMerchant","floor":12,"turns":4},{"damage":0,"enemies":"Exordium Thugs","floor":13,"turns":3},{"damage":0,"enemies":"Blue Slaver","floor":14,"turns":3},{"damage":9,"enemies":"Gremlin Gang","floor":15,"turns":4},{"damage":11,"enemies":"DF_ARCHETYPE_STREAMLINE","floor":16,"turns":6}],"seed_played":"8334137219529298208","potions_obtained":[{"floor":4.0,"key":"Fire Potion"},{"floor":8,"key":"AttackPotion"},{"floor":13,"key":"LiquidBronze"},{"floor":15,"key":"CultistPotion"}],"is_trial":false,"path_per_floor":["R","M","?","M","M","E","T","E","R","?","R","$","M","M","M","B"],"character_chosen":"THE_SPIRIT","items_purchased":["hexamod:SecondSeal"],"campfire_rested":1,"item_purchase_floors":[12],"current_hp_per_floor":[70,69,69,63,56,23,23,14,14,1,22,14,14,14,5,0,0,0],"gold":272,"neow_bonus":"TRANSFORM_CARD","is_daily":false,"chose_seed":false,"campfire_upgraded":2,"win_rate":0.0,"timestamp":1612877865,"path_taken":["R","M","?","?","M","E","T","E","R","?","R","$","M","M","M","BOSS"],"items_purchased_type":["Card"],"build_version":"2020-12-22","purchased_purges":1,"victory":false,"max_hp_per_floor":[70,70,70,70,70,70,70,70,70,70,70,70,70,70,70,70,70,70],"card_choices":[{"not_picked":["hexamod:BurningTouch","hexamod:HeatMetal"],"picked":"hexamod:CatchUp","floor":2.0},{"not_picked":["hexamod:NightmareGuise","hexamod:GhostShield"],"picked":"hexamod:GhostLash","floor":4.0},{"not_picked":["hexamod:SpectralSpark","hexamod:RainOfEmbers"],"picked":"hexamod:HeatShield","floor":5.0},{"not_picked":["hexamod:EmpoweredFlame","hexamod:SearingWound"],"picked":"hexamod:SoulSteal","floor":6.0},{"not_picked":["hexamod:RadiantFlame","hexamod:BacktrackSmack"],"picked":"hexamod:ThermalTransfer","floor":8},{"not_picked":["hexamod:Haunt","hexamod:BacktrackSmack"],"picked":"hexamod:Hexaguard","floor":12},{"not_picked":["hexamod:SuperheatedStrike","hexamod:GhostLash"],"picked":"hexamod:FourthSeal","floor":13},{"not_picked":["hexamod:SwordOfDarkness","hexamod:FlamesFromBeyond"],"picked":"hexamod:FastForward","floor":14},{"not_picked":["hexamod:Hexaguard","hexamod:HauntingEcho"],"picked":"hexamod:EtherealExpedition","floor":15}],"player_experience":1200889,"relics_obtained":[{"floor":6.0,"key":"Bottled Flame"},{"floor":7.0,"key":"Gremlin Horn"},{"floor":8,"key":"MawBank"},{"floor":10,"key":"downfall:GremlinWheel"}],"event_choices":[{"damage_healed":0.0,"max_hp_gain":0.0,"max_hp_loss":0.0,"gold_gain":0.0,"event_name":"Accursed Blacksmith","player_choice":"Rummage","floor":3.0,"gold_loss":0.0,"damage_taken":0.0,"relics_obtained":["WarpedTongs"],"cards_obtained":["Pain"]}],"is_beta":false,"boss_relics":[],"items_purged_floors":[12],"is_endless":false,"potions_floor_spawned":[4,8,13],"killed_by":"DF_ARCHETYPE_STREAMLINE","ascension_level":1}}