{"host":"2lo6hma6kymb0g9i","time":1612896310,"event":{"mods":["BaseMod","Colored Map","DeckTracker","Minty Spire (QoL Compilation)"],"gold_per_floor":[117,167,186,186,196,227,239,261,273,285,307,332,361,241,241,241,241],"floor_reached":16,"language":"JPN","playtime":686,"items_purged":["Pain"],"score":208,"play_id":"20b9be85-8239-46cb-8fac-be85a295766a","local_time":"20210210034510","is_ascension_mode":true,"campfire_choices":[{"data":"Pommel Strike","floor":7,"key":"SMITH"},{"data":"Armaments","floor":15,"key":"SMITH"}],"circlet_count":0,"master_deck":["AscendersBane","Strike_R","Strike_R","Strike_R","Strike_R","Strike_R","Defend_R","Defend_R","Defend_R","Defend_R","Bash","Shrug It Off","Pommel Strike+1","Blood for Blood","Shrug It Off","Armaments+1"],"relics":["Burning Blood","NeowsBlessing","Incense Burner","MawBank","White Beast Statue","WarpedTongs"],"acts_visited":["Exordium"],"potions_floor_usage":[11,12,16],"damage_taken":[{"damage":0,"enemies":"Jaw Worm","floor":1,"turns":1},{"damage":0,"enemies":"Cultist","floor":3,"turns":1},{"damage":0,"enemies":"Small Slimes","floor":5,"turns":1},{"damage":57,"enemies":"Gremlin Nob","floor":6,"turns":6},{"damage":1,"enemies":"Red Slaver","floor":8,"turns":5},{"damage":18,"enemies":"2 Fungi Beasts","floor":11,"turns":5},{"damage":4,"enemies":"Exordium Wildlife","floor":12,"turns":6},{"damage":8,"enemies":"Large Slime","floor":13,"turns":6},{"damage":36,"enemies":"The Guardian","floor":16,"turns":2}],"seed_played":"-3753817039421466026","potions_obtained":[{"floor":1,"key":"SpeedPotion"},{"floor":6,"key":"EssenceOfSteel"},{"floor":11,"key":"SpeedPotion"},{"floor":12,"key":"Energy Potion"}],"is_trial":false,"path_per_floor":["M","?","M","T","M","E","R","M","T","?","M","M","M","$","R","B"],"character_chosen":"IRONCLAD","items_purchased":["Armaments"],"campfire_rested":0,"item_purchase_floors":[14],"current_hp_per_floor":[74,67,73,73,75,24,24,29,29,29,17,19,17,17,17,0,0],"gold":241,"neow_bonus":"THREE_ENEMY_KILL","is_daily":false,"chose_seed":false,"campfire_upgraded":2,"win_rate":0.0,"timestamp":1612896310,"path_taken":["M","?","?","?","M","E","R","M","T","?","M","?","M","$","R","BOSS"],"items_purchased_type":["Card"],"build_version":"2020-12-22","purchased_purges":1,"victory":false,"max_hp_per_floor":[75,75,75,75,75,75,75,75,75,75,75,75,75,75,75,75,75],"card_choices":[{"not_picked":["Reckless Charge","Anger","Iron Wave"],"picked":"SKIP","floor":1},{"not_picked":["Thunderclap","Anger"],"picked":"Shrug It Off","floor":3},{"not_picked":["Thunderclap","Heavy Blade","Combust"],"picked":"SKIP","floor":5},{"not_picked":["Thunderclap","Heavy Blade","Combust"],"picked":"SKIP","floor":5},{"not_picked":["Iron Wave","Clothesline"],"picked":"Pommel Strike","floor":6},{"not_picked":["Rage","Twin Strike","Hemokinesis"],"picked":"SKIP","floor":8},{"not_picked":["Rampage","Sword Boomerang"],"picked":"Blood for Blood","floor":11},{"not_picked":["Armaments","Havoc","Reaper"],"picked":"SKIP","floor":12},{"not_picked":["Thunderclap","Cleave"],"picked":"Shrug It Off","floor":13}],"player_experience":1167160,"relics_obtained":[{"floor":4,"key":"Incense Burner"},{"floor":6,"key":"MawBank"},{"floor":9,"key":"White Beast Statue"}],"event_choices":[{"damage_healed":0,"gold_gain":50,"player_choice":"Touch","damage_taken":7,"max_hp_gain":0,"max_hp_loss":0,"event_name":"FaceTrader","floor":2,"gold_loss":0},{"damage_healed":0,"gold_gain":0,"player_choice":"Rummage","damage_taken":0,"relics_obtained":["WarpedTongs"],"max_hp_gain":0,"max_hp_loss":0,"event_name":"Accursed Blacksmith","floor":10,"gold_loss":0,"cards_obtained":["Pain"]}],"is_beta":false,"boss_relics":[],"items_purged_floors":[14],"is_endless":false,"potions_floor_spawned":[1,6,8,11,12,13],"killed_by":"The Guardian","ascension_level":20}}