{"host":"phy652c7lim9lcu2","time":1612833708,"event":{"mods":["BaseMod","Colored Powertips","Downfall","Googly Eyes","Hubris","Minty Spire (QoL Compilation)","Relic Stats","Spicy Shops","StSLib","everything is the same but u backflip on backflip"],"gold_per_floor":[117,131,145,157,175,202,202,234,234,261,50,50,64,115,115,220,220,231,243,261,261,18,18,18,18,45,45,45,45],"floor_reached":28,"language":"ENG","playtime":1084,"items_purged":["downfall:Haunted","Pride"],"score":333,"play_id":"bcbedf9d-31f3-4b60-acd7-1585a0219cc9","local_time":"20210209112148","is_ascension_mode":true,"campfire_choices":[{"data":"Neutralize","floor":7.0,"key":"SMITH"},{"data":"Tools of the Trade","floor":15,"key":"SMITH"},{"data":"Caltrops","floor":23,"key":"SMITH"},{"data":"Caltrops","floor":25,"key":"SMITH"},{"floor":27,"key":"REST"}],"circlet_count":0,"master_deck":["Strike_G+1","Strike_G+1","Strike_G+1","Strike_G+1","Strike_G+1","Defend_G+1","Defend_G+1","Defend_G+1","Defend_G+1","Defend_G+1","Survivor","Neutralize+1","Dagger Throw","Backflip","Blur","Heel Hook","Dagger Throw","Deadly Poison","Tools of the Trade+1","Backflip","Caltrops+1","Doubt","Caltrops+1","Dash","Backflip+1","Clumsy"],"relics":["Cursed Key","Happy Flower","The Specimen","StrikeDummy","hubris:DeckOfHolding","Lee\u0027s Waffle","hubris:CrackedHourglass","Membership Card","Oddly Smooth Stone"],"acts_visited":["Exordium","TheCity"],"potions_floor_usage":[10],"damage_taken":[{"damage":1.0,"enemies":"Jaw Worm","floor":1.0,"turns":5.0},{"damage":0.0,"enemies":"Small Slimes","floor":2.0,"turns":3.0},{"damage":0.0,"enemies":"2 Louse","floor":3.0,"turns":3.0},{"damage":0.0,"enemies":"Blue Slaver","floor":4.0,"turns":5.0},{"damage":1.0,"enemies":"Red Slaver","floor":5.0,"turns":3.0},{"damage":15.0,"enemies":"3 Sentries","floor":6.0,"turns":10.0},{"damage":35.0,"enemies":"Gremlin Nob","floor":8.0,"turns":5.0},{"damage":9,"enemies":"Lagavulin","floor":10,"turns":6},{"damage":6,"enemies":"3 Louse","floor":13,"turns":3},{"damage":19,"enemies":"Hexaghost","floor":16,"turns":9},{"damage":29,"enemies":"Shell Parasite","floor":18,"turns":5},{"damage":12,"enemies":"Spheric Guardian","floor":19,"turns":5},{"damage":11,"enemies":"Snake Plant","floor":20,"turns":4},{"damage":47,"enemies":"Gremlin Leader","floor":28,"turns":7}],"seed_played":"-5920358129964788272","potions_obtained":[{"floor":3.0,"key":"LiquidBronze"},{"floor":5.0,"key":"Dexterity Potion"},{"floor":6.0,"key":"Dexterity Potion"},{"floor":10,"key":"sneckomod:MuddlingPotion"},{"floor":13,"key":"Weak Potion"},{"floor":19,"key":"Swift Potion"},{"floor":20,"key":"Regen Potion"}],"is_trial":false,"path_per_floor":["M","M","M","M","M","E","R","E","T","E","$","?","M","T","R","B",null,"M","M","M","?","$","R","?","R","T","R","E"],"character_chosen":"THE_SILENT","items_purchased":["Lee\u0027s Waffle","Caltrops","Membership Card","Regen Potion"],"campfire_rested":1,"item_purchase_floors":[11,11,22,22],"current_hp_per_floor":[62,62,62,62,61,46,46,11,11,2,77,77,71,71,71,52,71,42,30,19,19,19,19,19,19,19,42,0,0],"gold":45,"neow_bonus":"BOSS_RELIC","is_daily":false,"chose_seed":false,"campfire_upgraded":4,"win_rate":0.0,"timestamp":1612833708,"path_taken":["M","M","M","M","M","E","R","E","T","E","$","?","M","?","R","BOSS","M","M","M","?","$","R","?","R","T","R","E"],"items_purchased_type":["Relic","Card","Relic","Potion"],"build_version":"2020-12-22","purchased_purges":2,"victory":false,"max_hp_per_floor":[70,70,70,70,70,70,70,70,70,70,77,77,77,77,77,77,77,77,77,77,77,77,77,77,77,77,77,77,77],"relic_stats":{"Lee\u0027s Waffle":75,"Happy Flower":[14],"counters":[14,73],"Cursed Key":3,"obtain_stats":[{"Lee\u0027s Waffle":11,"Happy Flower":6,"The Specimen":8,"Oddly Smooth Stone":26,"hubris:DeckOfHolding":10,"Membership Card":22,"hubris:CrackedHourglass":17,"Cursed Key":0,"StrikeDummy":9,"Ring of the Snake":0},{"Lee\u0027s Waffle":8,"Happy Flower":6,"The Specimen":7,"Oddly Smooth Stone":13,"hubris:DeckOfHolding":8,"Membership Card":13,"hubris:CrackedHourglass":10,"Cursed Key":0,"StrikeDummy":7,"Ring of the Snake":0},{"Lee\u0027s Waffle":40,"Happy Flower":29,"The Specimen":34,"Oddly Smooth Stone":66,"hubris:DeckOfHolding":40,"Membership Card":66,"hubris:CrackedHourglass":52,"Cursed Key":0,"StrikeDummy":34,"Ring of the Snake":0}]},"card_choices":[{"not_picked":["Sucker Punch","Catalyst"],"picked":"Dagger Throw","floor":1.0},{"not_picked":["Setup","Flying Knee"],"picked":"Backflip","floor":2.0},{"not_picked":["Riddle With Holes","Deadly Poison"],"picked":"Blur","floor":3.0},{"not_picked":["Prepared","Underhanded Strike"],"picked":"Heel Hook","floor":4.0},{"not_picked":["Tactician","Deflect"],"picked":"Dagger Throw","floor":5.0},{"not_picked":["Dodge and Roll","Choke"],"picked":"Deadly Poison","floor":6.0},{"not_picked":["Flying Knee","Glass Knife"],"picked":"Tools of the Trade","floor":8.0},{"not_picked":["Cloak And Dagger","Slice"],"picked":"Backflip","floor":10},{"not_picked":["Blade Dance","Endless Agony","Well Laid Plans"],"picked":"SKIP","floor":13},{"not_picked":["Dagger Throw+1","Blade Dance"],"picked":"Caltrops","floor":18},{"not_picked":["Infinite Blades","hubris:Counter"],"picked":"Dash","floor":19},{"not_picked":["Bane+1","Dagger Throw"],"picked":"Backflip+1","floor":20}],"player_experience":311384,"relics_obtained":[{"floor":6.0,"key":"Happy Flower"},{"floor":8.0,"key":"The Specimen"},{"floor":9,"key":"StrikeDummy"},{"floor":10,"key":"hubris:DeckOfHolding"},{"floor":26,"key":"Oddly Smooth Stone"}],"event_choices":[{"damage_healed":0,"gold_gain":0,"player_choice":"Ignored","damage_taken":0,"max_hp_gain":0,"max_hp_loss":0,"event_name":"Liars Game","floor":12,"gold_loss":0},{"damage_healed":0,"gold_gain":0,"player_choice":"Simplicity","damage_taken":0,"max_hp_gain":0,"max_hp_loss":0,"event_name":"Back to Basics","floor":24,"gold_loss":0,"cards_upgraded":["Strike_G","Strike_G","Strike_G","Strike_G","Strike_G","Defend_G","Defend_G","Defend_G","Defend_G","Defend_G"]}],"is_beta":false,"boss_relics":[{"not_picked":["Ectoplasm","hubris:Backtick"],"picked":"hubris:CrackedHourglass"}],"items_purged_floors":[11,22],"is_endless":false,"potions_floor_spawned":[3,5,6,10,13,19,20],"killed_by":"Gremlin Leader","ascension_level":8}}