{"host":"2g68u5ewu4bp0ui7","time":1612891548,"event":{"mods":["AchievementEnabler","BaseMod","Best Route Mod","Bestiary","Block Reminder","Colored Map","Colored Powertips","Highlight Path","Minty Spire (QoL Compilation)","Quick Restart","Shop Mod","SuperFastMode","everything is the same but u backflip on backflip","slay the spire mod where everything is the same but ironclad has a cowboy hat"],"gold_per_floor":[112,37,37,48,48,48,48,48,48,14,14,25,25,0,0,102,102,117,128,88,88,156,206,223,223,247,262,262,312,312,326,326,427,427,442,492,502,552,617,617,144,144,144,194,208,208,106,123,123,123],"floor_reached":51,"language":"ENG","playtime":1353,"items_purged":["Strike_R","Strike_R+1"],"score":808,"play_id":"89804f84-3251-4200-b804-c625c755ce70","local_time":"20210209192548","is_ascension_mode":false,"campfire_choices":[{"floor":7,"key":"RECALL"},{"data":"Spot Weakness","floor":11,"key":"SMITH"},{"data":"Defend_R","floor":15,"key":"SMITH"},{"floor":25,"key":"REST"},{"floor":28,"key":"REST"},{"floor":30,"key":"REST"},{"data":"Heavy Blade","floor":32,"key":"SMITH"},{"floor":40,"key":"REST"},{"data":"Metallicize","floor":42,"key":"SMITH"},{"floor":46,"key":"REST"},{"floor":49,"key":"REST"}],"circlet_count":0,"master_deck":["Strike_R+1","Strike_R+1","Defend_R+1","Defend_R+1","Defend_R+1","Defend_R+1","Bash+1","Cleave+1","Spot Weakness+1","Inflame+1","Metallicize+1","Shrug It Off+1","Heavy Blade+1","Limit Break"],"relics":["Black Blood","Singing Bowl","Philosopher\u0027s Stone","SsserpentHead","Potion Belt","TungstenRod","Letter Opener"],"acts_visited":["Exordium","TheCity","TheBeyond"],"potions_floor_usage":[16,22,33,39,50,50,50],"damage_taken":[{"damage":0,"enemies":"2 Louse","floor":1,"turns":3},{"damage":1,"enemies":"Cultist","floor":4,"turns":3},{"damage":0,"enemies":"Small Slimes","floor":12,"turns":2},{"damage":50,"enemies":"Hexaghost","floor":16,"turns":9},{"damage":28,"enemies":"3 Byrds","floor":18,"turns":6},{"damage":26,"enemies":"2 Thieves","floor":19,"turns":4},{"damage":18,"enemies":"Snecko","floor":22,"turns":5},{"damage":23,"enemies":"Chosen and Byrds","floor":24,"turns":6},{"damage":34,"enemies":"Sentry and Sphere","floor":27,"turns":6},{"damage":5,"enemies":"Snecko","floor":31,"turns":3},{"damage":68,"enemies":"Automaton","floor":33,"turns":7},{"damage":32,"enemies":"3 Darklings","floor":35,"turns":6},{"damage":7,"enemies":"Orb Walker","floor":37,"turns":4},{"damage":30,"enemies":"Maw","floor":39,"turns":6},{"damage":32,"enemies":"3 Darklings","floor":45,"turns":7},{"damage":29,"enemies":"Sphere and 2 Shapes","floor":48,"turns":6},{"damage":94,"enemies":"Time Eater","floor":50,"turns":10}],"seed_played":"-571206426309998818","potions_obtained":[{"floor":4,"key":"SteroidPotion"},{"floor":16,"key":"SpeedPotion"},{"floor":18,"key":"BloodPotion"},{"floor":19,"key":"AttackPotion"},{"floor":27,"key":"FearPotion"},{"floor":39,"key":"ColorlessPotion"}],"is_trial":false,"path_per_floor":["M","$","?","M","?","?","R","$","T","$","R","M","?","?","R","B",null,"M","M","$","?","M","?","M","R","T","M","R","?","R","M","R","B",null,"M","?","M","?","M","R","$","R","T","?","M","R","$","M","R","B",null],"character_chosen":"IRONCLAD","items_purchased":["Spot Weakness","Metallicize","TungstenRod","Regen Potion","Limit Break"],"campfire_rested":6,"item_purchase_floors":[10,20,41,41,47],"current_hp_per_floor":[80,80,80,80,80,80,80,80,80,80,80,82,82,82,82,40,84,62,44,44,44,49,49,32,57,57,31,57,57,83,86,86,26,92,74,74,81,81,65,94,94,94,94,93,75,95,95,80,97,30],"gold":123,"neow_bonus":"UPGRADE_CARD","is_daily":false,"chose_seed":false,"campfire_upgraded":4,"win_rate":0.0,"timestamp":1612891548,"path_taken":["M","$","?","M","?","?","R","$","T","$","R","?","?","?","R","BOSS","M","M","$","?","?","?","M","R","T","M","R","?","R","M","R","BOSS","M","?","M","?","?","R","$","R","T","?","M","R","?","M","R","BOSS"],"items_purchased_type":["Card","Card","Relic","Potion","Card"],"build_version":"2020-12-22","purchased_purges":2,"victory":true,"max_hp_per_floor":[80,80,80,80,80,80,80,80,80,80,80,82,82,82,82,84,84,84,86,86,86,86,86,86,86,86,88,88,88,88,90,90,92,92,94,94,96,96,98,98,98,98,98,93,95,95,95,97,97,97],"card_choices":[{"not_picked":["Entrench","Second Wind"],"picked":"Cleave","floor":1},{"not_picked":["Wild Strike","Disarm","Warcry"],"picked":"SKIP","floor":4},{"not_picked":["Cleave","Bloodletting","Armaments"],"picked":"Singing Bowl","floor":12},{"not_picked":["Reaper","Offering","Impervious"],"picked":"Singing Bowl","floor":16},{"not_picked":["Dual Wield+1","Shrug It Off+1"],"picked":"Inflame+1","floor":18},{"not_picked":["Rupture","Thunderclap","Feel No Pain+1"],"picked":"Singing Bowl","floor":19},{"not_picked":["Disarm","Anger"],"picked":"Shrug It Off+1","floor":22},{"not_picked":["Clash","Power Through+1"],"picked":"Heavy Blade","floor":24},{"not_picked":["Pummel","Hemokinesis","Thunderclap"],"picked":"Singing Bowl","floor":27},{"not_picked":["Rupture","Twin Strike","Clothesline"],"picked":"Singing Bowl","floor":31},{"not_picked":["Impervious","Bludgeon","Barricade"],"picked":"Singing Bowl","floor":33},{"not_picked":["Entrench","Havoc+1","Dropkick+1"],"picked":"Singing Bowl","floor":35},{"not_picked":["Whirlwind","Headbutt+1","Sever Soul"],"picked":"Singing Bowl","floor":37},{"not_picked":["Headbutt","Twin Strike","Combust"],"picked":"Singing Bowl","floor":39},{"not_picked":["Power Through+1","Clothesline+1","Flex+1"],"picked":"Singing Bowl","floor":45},{"not_picked":["Perfected Strike","Clothesline+1","Pommel Strike+1"],"picked":"Singing Bowl","floor":48}],"player_experience":82529,"relics_obtained":[{"floor":9,"key":"Singing Bowl"},{"floor":26,"key":"Potion Belt"},{"floor":43,"key":"Letter Opener"}],"event_choices":[{"damage_healed":0,"gold_gain":0,"player_choice":"Ignored","damage_taken":0,"max_hp_gain":0,"max_hp_loss":0,"event_name":"Liars Game","floor":3,"gold_loss":0},{"damage_healed":0,"gold_gain":0,"player_choice":"Ignored","damage_taken":0,"max_hp_gain":0,"max_hp_loss":0,"event_name":"Shining Light","floor":5,"gold_loss":0},{"damage_healed":0,"gold_gain":0,"player_choice":"Upgraded","damage_taken":0,"max_hp_gain":0,"max_hp_loss":0,"event_name":"Upgrade Shrine","floor":6,"gold_loss":0,"cards_upgraded":["Cleave"]},{"damage_healed":0,"gold_gain":0,"player_choice":"Ignored","damage_taken":0,"max_hp_gain":0,"max_hp_loss":0,"event_name":"Golden Idol","floor":13,"gold_loss":0},{"damage_healed":0,"gold_gain":0,"player_choice":"Left Gold","damage_taken":0,"max_hp_gain":0,"max_hp_loss":0,"event_name":"World of Goop","floor":14,"gold_loss":25},{"damage_healed":0,"gold_gain":0,"player_choice":"Trade","damage_taken":0,"relics_obtained":["SsserpentHead"],"max_hp_gain":0,"max_hp_loss":0,"event_name":"FaceTrader","floor":21,"gold_loss":0},{"damage_healed":0,"gold_gain":0,"player_choice":"Ignored","damage_taken":0,"max_hp_gain":0,"max_hp_loss":0,"event_name":"The Mausoleum","floor":23,"gold_loss":0},{"damage_healed":0,"gold_gain":0,"player_choice":"Simplicity","damage_taken":0,"max_hp_gain":0,"max_hp_loss":0,"event_name":"Back to Basics","floor":29,"gold_loss":0,"cards_upgraded":["Strike_R","Strike_R","Strike_R","Strike_R","Defend_R","Defend_R","Defend_R"]},{"cards_removed":["Strike_R"],"damage_healed":0,"gold_gain":0,"player_choice":"Removed Attack","damage_taken":0,"max_hp_gain":0,"max_hp_loss":0,"event_name":"Falling","floor":36,"gold_loss":0},{"damage_healed":0,"gold_gain":0,"player_choice":"Ignored","damage_taken":0,"max_hp_gain":0,"max_hp_loss":0,"event_name":"NoteForYourself","floor":38,"gold_loss":0},{"damage_healed":0,"gold_gain":0,"player_choice":"Max HP","damage_taken":0,"max_hp_gain":0,"max_hp_loss":5,"event_name":"Winding Halls","floor":44,"gold_loss":0}],"is_beta":false,"boss_relics":[{"not_picked":["Sozu","Runic Cube"],"picked":"Philosopher\u0027s Stone"},{"not_picked":["Runic Pyramid","Tiny House"],"picked":"Black Blood"}],"items_purged_floors":[2,41],"is_endless":false,"potions_floor_spawned":[4,16,18,19,27,39],"ascension_level":0}}