{"host":"vflj39ie5n27t074","time":1612905676,"event":{"mods":["BaseMod","BetterRewards","Bossed Relics","Colored Map","Colored Powertips","Downfall","Hubris","Infinite Spire","Marisa????????","Minty Spire (QoL Compilation)","Replay The Spire","SIMod","StSLib","The Bug Knight","The Jungle","The Mystic","The Servant 0.9.4"],"gold_per_floor":[109,284,284,284,298,298,298,311,383,397,397,322,332,332,332],"floor_reached":14,"language":"ENG","playtime":4712,"items_purged":["Strike_TS"],"score":84,"play_id":"614a08c6-145a-4a5a-b802-e90624aa1184","local_time":"20210209152116","is_ascension_mode":true,"campfire_choices":[{"data":"ConcertedEfforts","floor":6,"key":"SMITH"},{"data":"TasteRainbow","floor":11,"key":"SMITH"}],"circlet_count":0,"master_deck":["Strike_AJ+1","Strike_RR","Strike_RD","Defend_TS","Defend_PP","Defend_FS","Defend_AJ","ConcertedEfforts+1","HarmonyShield","Yay","FollowTherRainbow+1","TasteRainbow+1","Dear_Princess","Boundary"],"relics":["The_element_of_harmony","HornCleat"],"acts_visited":["Exordium"],"potions_floor_usage":[14],"damage_taken":[{"damage":2,"enemies":"Jaw Worm","floor":1,"turns":4},{"damage":0,"enemies":"Small Slimes","floor":5,"turns":4},{"damage":7,"enemies":"2 Louse","floor":8,"turns":2},{"damage":29,"enemies":"Exordium Thugs","floor":10,"turns":7},{"damage":14,"enemies":"3 Louse","floor":13,"turns":4},{"damage":43,"enemies":"Gremlin Nob","floor":14,"turns":4}],"seed_played":"6729820220487952460","potions_obtained":[{"floor":5,"key":"GamblersBrew"},{"floor":8,"key":"PowerPotion"},{"floor":13,"key":"Strength Potion"}],"is_trial":false,"path_per_floor":["M","?","?","?","M","R","?","M","T","M","R","$","M","E"],"character_chosen":"TWI_CLASS","items_purchased":[],"campfire_rested":0,"item_purchase_floors":[],"current_hp_per_floor":[88,88,88,88,88,88,88,81,81,52,52,52,38,0,0],"gold":332,"neow_bonus":"TEN_PERCENT_HP_BONUS","is_daily":false,"chose_seed":false,"campfire_upgraded":2,"win_rate":0.0,"timestamp":1612905676,"path_taken":["M","?","?","?","M","R","?","M","T","?","R","?","M","E"],"items_purchased_type":[],"build_version":"2020-12-22","purchased_purges":1,"victory":false,"max_hp_per_floor":[90,90,90,90,90,90,90,90,90,90,90,90,90,90,90],"card_choices":[{"not_picked":["Magic_Beam"],"picked":"Yay","floor":1},{"not_picked":["ThunderCloud"],"picked":"FollowTherRainbow","floor":1},{"not_picked":["SwiftKick","GemstoneDetection"],"picked":"SKIP","floor":5},{"not_picked":["Smile","ThunderCloud"],"picked":"SKIP","floor":5},{"not_picked":["HideCarefully"],"picked":"TasteRainbow","floor":8},{"not_picked":["CowboySkills","RushToSky"],"picked":"SKIP","floor":8},{"not_picked":["Lasso"],"picked":"Dear_Princess","floor":10},{"not_picked":["Honesty","ReinventMyself"],"picked":"SKIP","floor":10},{"not_picked":["AppleFever"],"picked":"Boundary","floor":13},{"not_picked":["AppleFever","PartyAlone"],"picked":"SKIP","floor":13}],"player_experience":127603,"relics_obtained":[{"floor":9,"key":"HornCleat"}],"event_choices":[{"damage_healed":0,"gold_gain":175,"player_choice":"AGREE","damage_taken":0,"max_hp_gain":0,"max_hp_loss":0,"event_name":"Liars Game","floor":2,"gold_loss":0,"cards_obtained":["Doubt"]},{"cards_removed":["Doubt"],"damage_healed":0,"gold_gain":0,"player_choice":"Purged","damage_taken":0,"max_hp_gain":0,"max_hp_loss":0,"event_name":"Purifier","floor":7,"gold_loss":0}],"is_beta":false,"boss_relics":[],"items_purged_floors":[12],"is_endless":false,"potions_floor_spawned":[5,8,13],"killed_by":"Gremlin Nob","ascension_level":1}}