{"host":"okvf2hy7r209l3k2","time":1612843677,"event":{"mods":["BaseMod","Block Reminder","Colored Map","Colored Powertips","Downfall","Hermit","Highlight Path","Minty Spire (QoL Compilation)","Permanent Neow","Quick Restart","StSLib","The Cursed","The Disciple","The Hierophant","The Necromancer","The Runesmith","The Servant 0.9.4"],"gold_per_floor":[111,131,131,44,64,89,99,117,117,117,149,149,22,37,37,162,162,175,175,194,37,37],"floor_reached":21,"language":"ENG","playtime":1837,"items_purged":["Runesmith:Strike_RS"],"score":191,"play_id":"c01eed93-9fcb-4991-b93f-ef2d45db0dd0","local_time":"20210208190757","is_ascension_mode":false,"campfire_choices":[{"floor":10.0,"key":"REST"},{"floor":15,"key":"REST"}],"circlet_count":0,"master_deck":["Runesmith:Strike_RS+1","Runesmith:Strike_RS+1","Runesmith:Strike_RS","Runesmith:Defend_RS","Runesmith:Defend_RS","Runesmith:Defend_RS","Runesmith:Defend_RS","Runesmith:CraftFirestone+1","Runesmith:Fortify","Runesmith:HeatedChisel","Runesmith:PoweredAnvil","Runesmith:CraftProtectio","Runesmith:LightningRod","Runesmith:Grindstone","Runesmith:PerfectChisel","Runesmith:BackupBattery","Runesmith:CraftProtectio","Runesmith:UnlimitedPower","Runesmith:Discharge+1","Runesmith:ChaoticBlast","Runesmith:StaticCage+1","Runesmith:Defend_RS"],"relics":["Runesmith:BrokenRuby","Centennial Puzzle","Potion Belt","PreservedInsect","Golden Idol","SlaversCollar","DollysMirror"],"acts_visited":["Exordium","TheCity"],"potions_floor_usage":[18,20],"damage_taken":[{"damage":1.0,"enemies":"Jaw Worm","floor":1.0,"turns":4.0},{"damage":8.0,"enemies":"Small Slimes","floor":2.0,"turns":3.0},{"damage":12.0,"enemies":"2 Louse","floor":5.0,"turns":4.0},{"damage":24.0,"enemies":"Gremlin Nob","floor":6.0,"turns":5.0},{"damage":7.0,"enemies":"Red Slaver","floor":7.0,"turns":3.0},{"damage":1.0,"enemies":"Blue Slaver","floor":8.0,"turns":3.0},{"damage":1.0,"enemies":"Lagavulin","floor":11.0,"turns":8.0},{"damage":4.0,"enemies":"Looter","floor":14.0,"turns":5.0},{"damage":8,"enemies":"The Guardian","floor":16,"turns":10},{"damage":28,"enemies":"3 Byrds","floor":18,"turns":8},{"damage":26,"enemies":"2 Thieves","floor":20,"turns":4}],"seed_played":"4671087316316120858","potions_obtained":[{"floor":5.0,"key":"bronze:BurnAndBuffPotion"},{"floor":6.0,"key":"LiquidMemories"},{"floor":7.0,"key":"Swift Potion"},{"floor":16,"key":"PowerPotion"},{"floor":18,"key":"AttackPotion"},{"floor":20,"key":"Swift Potion"}],"is_trial":false,"path_per_floor":["M","M","?","$","M","E","M","M","T","R","E","?","$","M","R","B",null,"M","?","M","$"],"character_chosen":"RUNESMITH_CLASS","items_purchased":["Runesmith:PoweredAnvil","Runesmith:CraftProtectio","Runesmith:CraftProtectio","DollysMirror"],"campfire_rested":2,"item_purchase_floors":[4,4,13,21],"current_hp_per_floor":[69,61,47,47,35,11,4,3,3,24,23,6,6,2,23,15,70,42,42,16,16,16],"gold":37,"neow_bonus":"UPGRADE_CARD","is_daily":false,"chose_seed":false,"campfire_upgraded":0,"win_rate":0.0,"timestamp":1612843677,"path_taken":["M","M","?","$","M","E","M","M","T","R","E","?","$","M","R","BOSS","M","?","M","$"],"items_purchased_type":["Card","Card","Card","Relic"],"build_version":"2020-12-22","purchased_purges":1,"victory":false,"max_hp_per_floor":[70,70,70,70,70,70,70,70,70,70,70,70,70,70,70,70,70,70,70,70,70,70],"card_choices":[{"not_picked":["Runesmith:Overpower","Runesmith:MakeshiftArmor","Runesmith:FieryHammer"],"picked":"SKIP","floor":1.0},{"not_picked":["Runesmith:EnergizedChisel","Runesmith:Augment"],"picked":"Runesmith:HeatedChisel","floor":2.0},{"not_picked":["Runesmith:HeatExchange","Runesmith:Reinforce"],"picked":"Runesmith:LightningRod","floor":5.0},{"not_picked":["Runesmith:Reinforce","Runesmith:Discharge"],"picked":"Runesmith:Grindstone","floor":6.0},{"not_picked":["Runesmith:StaticCage","Runesmith:Malloc"],"picked":"Runesmith:PerfectChisel","floor":7.0},{"not_picked":["Runesmith:DoubleUp","Runesmith:HeatExchange"],"picked":"Runesmith:BackupBattery","floor":8.0},{"not_picked":["Runesmith:UnstableHammer","Runesmith:EnergizedChisel","Runesmith:Repurpose"],"picked":"SKIP","floor":11.0},{"not_picked":["Runesmith:Malloc","Runesmith:PerfectChisel","Runesmith:Overpower"],"picked":"SKIP","floor":14},{"not_picked":["Runesmith:LastStand","Runesmith:ArcReactor"],"picked":"Runesmith:UnlimitedPower","floor":16},{"not_picked":["Runesmith:Accelerate","Runesmith:EarthShield+1"],"picked":"Runesmith:Discharge+1","floor":18},{"not_picked":["Runesmith:MakeshiftArmor","Runesmith:Discharge"],"picked":"Runesmith:StaticCage+1","floor":20}],"player_experience":223294,"relics_obtained":[{"floor":6.0,"key":"Centennial Puzzle"},{"floor":9.0,"key":"Potion Belt"},{"floor":11.0,"key":"PreservedInsect"}],"event_choices":[{"damage_healed":0.0,"max_hp_gain":0.0,"max_hp_loss":0.0,"gold_gain":0.0,"event_name":"Shining Light","player_choice":"Entered Light","floor":3.0,"gold_loss":0.0,"damage_taken":14.0,"cards_upgraded":["Runesmith:Strike_RS","Runesmith:Strike_RS"]},{"damage_healed":0.0,"max_hp_gain":0.0,"max_hp_loss":0.0,"gold_gain":0.0,"event_name":"Golden Idol","player_choice":"Take Damage","floor":12.0,"gold_loss":0.0,"damage_taken":17.0,"relics_obtained":["Golden Idol"]},{"damage_healed":0,"gold_gain":0,"player_choice":"Read","damage_taken":0,"max_hp_gain":0,"max_hp_loss":0,"event_name":"The Library","floor":19,"gold_loss":0,"cards_obtained":["Runesmith:ChaoticBlast"]}],"is_beta":false,"boss_relics":[{"not_picked":["bronze:MakeshiftBattery","Sozu"],"picked":"SlaversCollar"}],"items_purged_floors":[13],"is_endless":false,"potions_floor_spawned":[5,6,7,16,18,20],"ascension_level":0}}