{"host":"2i0myh7fqij2ti1z","time":1612853513,"event":{"mods":["Aspiration","BaseMod","Better Third Choice","Colored Powertips","Conspire","Evolution","FoggyMod","GifTheSpireLib","Highlight Path","Hubris","Minty Spire (QoL Compilation)","Permanent Neow","Quick Restart","Random Character Button","Random Character Mod","Replay The Spire","Shop Mod","StSLib","Stuff the Spire","Transform Curses","Wandering Minibosses","óô»ðÖ¸ÄÏ"],"gold_per_floor":[114,114,19,19,31,69,81,125,137,149,161,204,216,259,271,383,395,395],"floor_reached":17,"language":"ENG","playtime":797,"items_purged":["Defend_R"],"score":478,"play_id":"73b6ab51-0d06-4477-bd7b-2a99d6faa716","local_time":"20210209145153","is_ascension_mode":true,"campfire_choices":[{"data":"Brutality","floor":10,"key":"SMITH"},{"data":"Double Tap","floor":15,"key":"SMITH"}],"circlet_count":0,"master_deck":["Pommel Strike","Twin Strike","ReplayTheSpireMod:Strike From Hell","Thunderclap","Bash","StuffTheSpire:Slingshot+1","Brutality+1","Limit Break","Double Tap+1","Hemokinesis","ReplayTheSpireMod:Limb From Limb","StuffTheSpire:Incineration+1","Carnage+1","hubris:CleavingFinish+1"],"relics":["StuffTheSpire:OccultApparatus","SlaversCollar","Black Star","Juzu Bracelet","hubris:Towel","Membership Card","MawBank","hubris:TenFootPole","ReplayTheSpireMod:Lightbulb","Replay:Ringing Soul","Bottled Flame","hubris:FunFungus","Regal Pillow","hubris:SphereOfDissonance","Kunai","Strawberry","Replay:PocketPolymizer","Astrolabe"],"acts_visited":["Exordium","TheCity"],"potions_floor_usage":[6,12,14],"damage_taken":[{"damage":0,"enemies":"Jaw Worm","floor":1,"turns":3},{"damage":8,"enemies":"Lagavulin","floor":6,"turns":4},{"damage":13,"enemies":"Replay:BlueRogue","floor":8,"turns":3},{"damage":2,"enemies":"Lagavulin","floor":12,"turns":3},{"damage":10,"enemies":"Gremlin Nob","floor":14,"turns":3},{"damage":31,"enemies":"Hexaghost","floor":16,"turns":4}],"seed_played":"-3208611812227675390","potions_obtained":[{"floor":1,"key":"Weak Potion"},{"floor":6,"key":"SteroidPotion"},{"floor":8,"key":"AttackPotion"}],"is_trial":false,"path_per_floor":["M","?","$","?","$","E","$","E","T","R","?","E","T","E","R","B",null],"character_chosen":"IRONCLAD","items_purchased":["Membership Card"],"campfire_rested":0,"item_purchase_floors":[3],"current_hp_per_floor":[72,72,72,54,54,46,46,36,36,36,36,41,44,46,49,19,82,82],"gold":395,"neow_bonus":"BOSS_RELIC","is_daily":false,"chose_seed":false,"campfire_upgraded":2,"win_rate":0.0,"timestamp":1612853513,"path_taken":["M","?","$","?","$","E","?","E","T","R","?","E","?","E","R","BOSS"],"items_purchased_type":["Relic"],"build_version":"2020-12-22","purchased_purges":1,"victory":false,"max_hp_per_floor":[80,80,80,80,80,80,80,83,83,83,83,86,86,96,99,99,102,102],"card_choices":[{"not_picked":["Body Slam","Headbutt","Shrug It Off"],"picked":"SKIP","floor":1},{"not_picked":["ReplayTheSpireMod:LeadingStrike","Metallicize"],"picked":"Brutality","floor":6},{"not_picked":["ReplayTheSpireMod:Strike From Hell","Havoc"],"picked":"Limit Break","floor":8},{"not_picked":["Shrug It Off","Wild Strike"],"picked":"Double Tap","floor":12},{"not_picked":["Second Wind","ReplayTheSpireMod:Strike From Hell"],"picked":"Hemokinesis","floor":14}],"player_experience":331871,"relics_obtained":[{"floor":6,"key":"hubris:TenFootPole"},{"floor":6,"key":"ReplayTheSpireMod:Lightbulb"},{"floor":8,"key":"Replay:Ringing Soul"},{"floor":8,"key":"Bottled Flame"},{"floor":9,"key":"hubris:FunFungus"},{"floor":12,"key":"Regal Pillow"},{"floor":12,"key":"hubris:SphereOfDissonance"},{"floor":13,"key":"Kunai"},{"floor":14,"key":"Strawberry"},{"floor":14,"key":"Replay:PocketPolymizer"}],"event_choices":[{"damage_healed":0,"gold_gain":0,"player_choice":"Relic ","damage_taken":18,"max_hp_gain":0,"max_hp_loss":0,"event_name":"betterThird:BetterScrap","floor":4,"gold_loss":0,"cards_obtained":["StuffTheSpire:ForEach"]}],"is_beta":false,"boss_relics":[{"not_picked":["aspiration:FutureDiary","Ooze Armor"],"picked":"Astrolabe"}],"items_purged_floors":[3],"is_endless":false,"potions_floor_spawned":[1,6,8],"ascension_level":10}}