{"host":"l4p18zw33fr8bdc3","time":1612839875,"event":{"mods":["AchievementEnabler","BaseMod","Bestiary","Block Reminder","Colored Map","Colored Powertips","Curses Come First","Minty Spire (QoL Compilation)","Quick Restart","Rare Cards Sparkle","StSLib"],"gold_per_floor":[110,120,131,33,33,65,65,20,20,54,54,65,79,89,89,194,194,207,219,238,258,268,268,303,303,303,319,319,329,29,47,47,142,142,162,172,172,172],"floor_reached":37,"language":"ENG","playtime":3236,"items_purged":["Strike_P","Strike_P"],"score":493,"play_id":"ed114b5c-e411-4fc8-a21a-f4ef10fb8c36","local_time":"20210208220435","is_ascension_mode":true,"campfire_choices":[{"data":"Eruption","floor":7.0,"key":"SMITH"},{"data":"Scrawl","floor":11.0,"key":"SMITH"},{"floor":15.0,"key":"REST"},{"data":"MasterReality","floor":23.0,"key":"SMITH"},{"floor":28.0,"key":"REST"},{"floor":32,"key":"REST"}],"circlet_count":0,"master_deck":["Strike_P","Defend_P","Defend_P","Defend_P","Defend_P","Eruption+1","Vigilance","Scrawl+1","EmptyFist","CutThroughFate","FlurryOfBlows","Evaluate","ReachHeaven","CutThroughFate","Weave","Vengeance","EmptyMind","DeceiveReality","WaveOfTheHand","FlurryOfBlows","Wallop","MasterReality+1","Crescendo+1","Prostrate+1","FollowUp","SandsOfTime+1","Brilliance","Adaptation","EmptyFist+1","DeceiveReality","DevaForm","CarveReality+1","Blasphemy","Wireheading+1","TalkToTheHand"],"relics":["PureWater","Prayer Wheel","Bottled Lightning","Bag of Marbles","VioletLotus","Strawberry","OrangePellets","Cursed Key"],"acts_visited":["TheCity","TheBeyond"],"potions_floor_usage":[31,31,33,35,37],"damage_taken":[{"damage":3.0,"enemies":"Small Slimes","floor":1.0,"turns":4.0},{"damage":0.0,"enemies":"Cultist","floor":2.0,"turns":3.0},{"damage":5.0,"enemies":"Jaw Worm","floor":3.0,"turns":4.0},{"damage":4.0,"enemies":"Lagavulin","floor":6.0,"turns":4.0},{"damage":8.0,"enemies":"Gremlin Nob","floor":10.0,"turns":3.0},{"damage":4.0,"enemies":"Exordium Wildlife","floor":12.0,"turns":2.0},{"damage":0.0,"enemies":"2 Fungi Beasts","floor":13.0,"turns":2.0},{"damage":6.0,"enemies":"3 Louse","floor":14.0,"turns":3.0},{"damage":35.0,"enemies":"The Guardian","floor":16.0,"turns":11.0},{"damage":1.0,"enemies":"Spheric Guardian","floor":18.0,"turns":3.0},{"damage":5.0,"enemies":"2 Thieves","floor":19.0,"turns":2.0},{"damage":0.0,"enemies":"Shelled Parasite and Fungi","floor":20.0,"turns":2.0},{"damage":5.0,"enemies":"Chosen and Byrds","floor":21.0,"turns":4.0},{"damage":1.0,"enemies":"Centurion and Healer","floor":22.0,"turns":3.0},{"damage":33.0,"enemies":"Slavers","floor":24.0,"turns":5.0},{"damage":15.0,"enemies":"Snake Plant","floor":27.0,"turns":4.0},{"damage":13.0,"enemies":"Snecko","floor":29.0,"turns":3.0},{"damage":4,"enemies":"Shelled Parasite and Fungi","floor":31,"turns":3},{"damage":18,"enemies":"Champ","floor":33,"turns":8},{"damage":15,"enemies":"3 Darklings","floor":35,"turns":4},{"damage":46,"enemies":"3 Shapes","floor":36,"turns":4},{"damage":50,"enemies":"Spire Growth","floor":37,"turns":2}],"seed_played":"-8258816956196245918","potions_obtained":[{"floor":3.0,"key":"Ancient Potion"},{"floor":5.0,"key":"Weak Potion"},{"floor":5.0,"key":"Explosive Potion"},{"floor":5.0,"key":"AttackPotion"},{"floor":6.0,"key":"SneckoOil"},{"floor":12.0,"key":"LiquidBronze"},{"floor":16.0,"key":"SteroidPotion"},{"floor":18.0,"key":"BottledMiracle"},{"floor":22.0,"key":"Strength Potion"},{"floor":27.0,"key":"Strength Potion"},{"floor":29.0,"key":"Weak Potion"},{"floor":33,"key":"PowerPotion"},{"floor":35,"key":"Dexterity Potion"},{"floor":36,"key":"PowerPotion"}],"is_trial":false,"path_per_floor":["M","M","M","$","?","E","R","$","T","E","R","M","M","M","R","B",null,"M","M","M","M","M","R","E","?","T","M","R","M","$","M","R","B",null,"M","M","M"],"character_chosen":"WATCHER","items_purchased":["Evaluate","CutThroughFate","OrangePellets","SteroidPotion"],"campfire_rested":3,"item_purchase_floors":[4,8,30,30],"current_hp_per_floor":[69,69,64,64,64,60,60,60,60,52,52,48,48,42,63,28,72,71,66,66,61,60,60,34,34,34,19,42,29,29,25,48,30,79,64,18,0,0],"gold":172,"neow_bonus":"ONE_RANDOM_RARE_CARD","is_daily":false,"chose_seed":false,"campfire_upgraded":3,"win_rate":0.0,"timestamp":1612839875,"path_taken":["M","M","M","$","?","E","R","$","T","E","R","M","M","M","R","BOSS","M","?","M","M","M","R","E","?","T","M","R","M","$","M","R","BOSS","M","M","M"],"items_purchased_type":["Card","Card","Relic","Potion"],"build_version":"2020-12-22","purchased_purges":2,"victory":false,"max_hp_per_floor":[72,72,72,72,72,72,72,72,72,72,72,72,72,72,72,72,72,72,72,72,72,72,72,79,79,79,79,79,79,79,79,79,79,79,79,79,79,79],"card_choices":[{"not_picked":["Prostrate","Protect"],"picked":"EmptyFist","floor":1.0},{"not_picked":["Consecrate","Prostrate"],"picked":"CutThroughFate","floor":2.0},{"not_picked":["SandsOfTime","PathToVictory"],"picked":"FlurryOfBlows","floor":3.0},{"not_picked":["CrushJoints","Swivel"],"picked":"ReachHeaven","floor":6.0},{"not_picked":["InnerPeace","Meditate"],"picked":"Weave","floor":10.0},{"not_picked":["CrushJoints","PathToVictory"],"picked":"Vengeance","floor":12.0},{"not_picked":["SashWhip","LikeWater"],"picked":"EmptyMind","floor":12.0},{"not_picked":["FollowUp","Collect"],"picked":"DeceiveReality","floor":13.0},{"not_picked":["Conclude","Indignation"],"picked":"WaveOfTheHand","floor":13.0},{"not_picked":["EmptyFist","Wish"],"picked":"FlurryOfBlows","floor":14.0},{"not_picked":["LikeWater","Crescendo"],"picked":"Wallop","floor":14.0},{"not_picked":["Wish","Judgement"],"picked":"MasterReality","floor":16.0},{"not_picked":["Perseverance","CrushJoints+1"],"picked":"Crescendo+1","floor":18.0},{"not_picked":["EmptyBody","Indignation+1"],"picked":"Prostrate+1","floor":18.0},{"not_picked":["FlyingSleeves","ClearTheMind"],"picked":"FollowUp","floor":19.0},{"not_picked":["EmptyBody","Fasting2","Swivel"],"picked":"SKIP","floor":19.0},{"not_picked":["FollowUp","PathToVictory"],"picked":"SandsOfTime+1","floor":20.0},{"not_picked":["FollowUp+1","CarveReality+1","EmptyBody"],"picked":"SKIP","floor":20.0},{"not_picked":["InnerPeace","Prostrate"],"picked":"Brilliance","floor":21.0},{"not_picked":["FlurryOfBlows+1","FollowUp","BowlingBash"],"picked":"SKIP","floor":21.0},{"not_picked":["Sanctity+1","FollowUp"],"picked":"Adaptation","floor":22.0},{"not_picked":["SashWhip","Crescendo"],"picked":"EmptyFist+1","floor":22.0},{"not_picked":["ReachHeaven","BowlingBash"],"picked":"DeceiveReality","floor":24.0},{"not_picked":["MentalFortress","EmptyBody+1"],"picked":"DevaForm","floor":27.0},{"not_picked":["PathToVictory+1","Evaluate","FlurryOfBlows"],"picked":"SKIP","floor":27.0},{"not_picked":["EmptyFist+1","SashWhip+1","FlyingSleeves"],"picked":"SKIP","floor":29.0},{"not_picked":["WindmillStrike","WreathOfFlame","Fasting2+1"],"picked":"SKIP","floor":29.0},{"not_picked":["ForeignInfluence","CutThroughFate"],"picked":"CarveReality+1","floor":31},{"not_picked":["FlurryOfBlows","CrushJoints","EmptyMind"],"picked":"SKIP","floor":31},{"not_picked":["Wish","MasterReality"],"picked":"Blasphemy","floor":33},{"not_picked":["Crescendo","BowlingBash"],"picked":"Wireheading+1","floor":35},{"not_picked":["Evaluate","Pray"],"picked":"TalkToTheHand","floor":35},{"not_picked":["EmptyMind","FlurryOfBlows+1","DeceiveReality"],"picked":"SKIP","floor":36},{"not_picked":["FlyingSleeves","CarveReality+1","Adaptation"],"picked":"SKIP","floor":36}],"player_experience":265367,"relics_obtained":[{"floor":6.0,"key":"Prayer Wheel"},{"floor":9.0,"key":"Bottled Lightning"},{"floor":10.0,"key":"Bag of Marbles"},{"floor":24.0,"key":"Strawberry"}],"event_choices":[{"damage_healed":0.0,"max_hp_gain":0.0,"max_hp_loss":0.0,"gold_gain":0.0,"event_name":"Lab","player_choice":"Got Potions","floor":5.0,"gold_loss":0.0,"damage_taken":0.0},{"cards_removed":["Strike_P"],"damage_healed":0.0,"max_hp_gain":0.0,"max_hp_loss":0.0,"gold_gain":0.0,"event_name":"Back to Basics","player_choice":"Elegance","floor":25.0,"gold_loss":0.0,"damage_taken":0.0}],"is_beta":false,"boss_relics":[{"not_picked":["HolyWater","Calling Bell"],"picked":"VioletLotus"},{"not_picked":["Pandora\u0027s Box","Empty Cage"],"picked":"Cursed Key"}],"items_purged_floors":[4,30],"is_endless":false,"potions_floor_spawned":[3,6,12,16,18,22,27,29,33,35,36],"killed_by":"Spire Growth","ascension_level":3}}