{"host":"37ccm3d17clopct7","time":1612894180,"event":{"mods":["BaseMod","GungeonMod","Hermit","Lobotomy","Minty Spire (QoL Compilation)","StSLib","The Bug Knight","The Cursed","The Hierophant","The Jungle","The Runesmith"],"gold_per_floor":[118,118,138,138,157,186,186,186,186,198,218,218,62,62,62,161,161,178,191,202,22,22,22,35,35,35,45,45,65,65,79,79,179,179,194,194,21,37,53,87,87,105,105,123,141,141,155,170,170,170,170],"floor_reached":52,"language":"KOR","playtime":2589,"items_purged":["Strike_G","Strike_G","Strike_G"],"score":690,"play_id":"27d77c9d-7e30-4663-ac6a-5da170194589","local_time":"20210210030940","is_ascension_mode":false,"campfire_choices":[{"floor":7,"key":"REST"},{"floor":12,"key":"REST"},{"data":"Terror","floor":15,"key":"SMITH"},{"data":"Survivor","floor":23,"key":"SMITH"},{"data":"Noxious Fumes","floor":25,"key":"SMITH"},{"data":"Noxious Fumes","floor":32,"key":"SMITH"},{"floor":41,"key":"REST"},{"floor":49,"key":"REST"}],"circlet_count":0,"master_deck":["Defend_G","Defend_G","Defend_G","Defend_G","Survivor+1","Neutralize","Terror+1","Sucker Punch","Escape Plan","PiercingWail","Deflect","Blur","Noxious Fumes+1","CurseOfTheBell","Dodge and Roll+1","Outmaneuver","Footwork+1","Noxious Fumes+1","Sucker Punch+1","Backflip+1","Escape Plan","Dagger Spray+1","Die Die Die","Enlightenment","Flying Knee","Prepared","Slice","Phantasmal Killer","Terror+1","Blur","Prepared"],"relics":["Ring of the Snake","Bag of Preparation","HollowMod:PaleOreRelic","Kunai","Du-Vu Doll","Happy Flower","Calling Bell","Boot","DemoMod:PinkGuonStone","CaptainsWheel","Darkstone Periapt","Black Star","DemoMod:GundromedaStrain","StoneCalendar","Gremlin Horn"],"acts_visited":["Exordium","TheCity","TheBeyond"],"potions_floor_usage":[6,40,47,50,50],"damage_taken":[{"damage":3,"enemies":"Small Slimes","floor":1,"turns":3},{"damage":0,"enemies":"Cultist","floor":3,"turns":4},{"damage":0,"enemies":"Jaw Worm","floor":5,"turns":3},{"damage":34,"enemies":"3 Sentries","floor":6,"turns":15},{"damage":3,"enemies":"Gremlin Gang","floor":10,"turns":7},{"damage":0,"enemies":"Looter","floor":11,"turns":3},{"damage":9,"enemies":"The Guardian","floor":16,"turns":14},{"damage":0,"enemies":"Spheric Guardian","floor":18,"turns":6},{"damage":0,"enemies":"Chosen","floor":19,"turns":6},{"damage":12,"enemies":"3 Cultists","floor":20,"turns":9},{"damage":3,"enemies":"Centurion and Healer","floor":24,"turns":9},{"damage":0,"enemies":"Snake Plant","floor":27,"turns":6},{"damage":1,"enemies":"3 Cultists","floor":29,"turns":6},{"damage":0,"enemies":"Shelled Parasite and Fungi","floor":31,"turns":6},{"damage":14,"enemies":"Collector","floor":33,"turns":9},{"damage":0,"enemies":"3 Shapes","floor":35,"turns":3},{"damage":0,"enemies":"3 Darklings","floor":38,"turns":4},{"damage":3,"enemies":"Maw","floor":39,"turns":10},{"damage":29,"enemies":"Nemesis","floor":40,"turns":11},{"damage":12,"enemies":"4 Shapes","floor":42,"turns":6},{"damage":3,"enemies":"3 Darklings","floor":44,"turns":4},{"damage":1,"enemies":"Sphere and 2 Shapes","floor":45,"turns":5},{"damage":29,"enemies":"Transient","floor":47,"turns":5},{"damage":3,"enemies":"Spire Growth","floor":48,"turns":5},{"damage":41,"enemies":"Donu and Deca","floor":50,"turns":10}],"seed_played":"-1297960023671165264","potions_obtained":[{"floor":3,"key":"Swift Potion"},{"floor":6,"key":"CunningPotion"},{"floor":11,"key":"Energy Potion"},{"floor":20,"key":"SpeedPotion"},{"floor":24,"key":"SpeedPotion"},{"floor":27,"key":"Poison Potion"},{"floor":33,"key":"DemoMod:LeadSkinPotion"},{"floor":40,"key":"SkillPotion"},{"floor":44,"key":"Block Potion"},{"floor":46,"key":"GhostInAJar"}],"is_trial":false,"path_per_floor":["M","?","M","?","M","E","R","?","T","M","M","R","$","?","R","B",null,"M","M","M","$","?","R","M","R","T","M","?","M","?","M","R","B",null,"M","?","$","M","M","E","R","M","T","M","M","?","M","M","R","B",null,null],"character_chosen":"THE_SILENT","items_purchased":["Noxious Fumes","Noxious Fumes","Flying Knee"],"campfire_rested":4,"item_purchase_floors":[13,21,37],"current_hp_per_floor":[67,67,67,60,60,26,47,47,47,44,44,65,65,65,65,56,77,77,77,65,65,65,65,62,62,62,62,62,61,61,61,61,47,77,77,77,77,77,74,45,68,56,56,53,52,52,23,20,43,2,2],"gold":170,"neow_bonus":"RANDOM_COMMON_RELIC","is_daily":false,"chose_seed":false,"campfire_upgraded":4,"win_rate":0.0,"timestamp":1612894180,"path_taken":["M","?","M","?","M","E","R","?","T","M","?","R","$","?","R","BOSS","M","M","M","$","?","R","?","R","T","M","?","M","?","M","R","BOSS","M","?","$","M","M","E","R","M","T","M","M","?","M","M","R","BOSS"],"items_purchased_type":["Card","Card","Card"],"build_version":"2020-12-22","purchased_purges":3,"victory":true,"max_hp_per_floor":[70,70,70,70,70,70,70,70,70,70,70,70,70,70,70,70,77,77,77,77,77,77,77,77,77,77,77,77,77,77,77,77,77,77,77,77,77,77,77,77,77,77,77,77,77,77,77,77,77,77,77],"card_choices":[{"not_picked":["Flying Knee","Outmaneuver"],"picked":"Terror","floor":1},{"not_picked":["Dodge and Roll","Blade Dance"],"picked":"Sucker Punch","floor":3},{"not_picked":["Sucker Punch","Catalyst"],"picked":"Escape Plan","floor":5},{"not_picked":["Dodge and Roll","Bane"],"picked":"PiercingWail","floor":6},{"not_picked":["Leg Sweep","Infinite Blades"],"picked":"Deflect","floor":10},{"not_picked":["Endless Agony","Cloak And Dagger"],"picked":"Blur","floor":11},{"not_picked":["Eviscerate","Underhanded Strike"],"picked":"Dodge and Roll","floor":18},{"not_picked":["Skewer","Well Laid Plans"],"picked":"Outmaneuver","floor":19},{"not_picked":["PiercingWail","Eviscerate"],"picked":"Footwork+1","floor":20},{"not_picked":["Deadly Poison","Skewer"],"picked":"Sucker Punch+1","floor":24},{"not_picked":["Dagger Throw","All Out Attack"],"picked":"Backflip+1","floor":27},{"not_picked":["Riddle With Holes","Underhanded Strike"],"picked":"Escape Plan","floor":29},{"not_picked":["PiercingWail","Deflect"],"picked":"Dagger Spray+1","floor":31},{"not_picked":["Burst","A Thousand Cuts"],"picked":"Die Die Die","floor":33},{"not_picked":["Outmaneuver","Riddle With Holes","Cloak And Dagger+1"],"picked":"SKIP","floor":35},{"not_picked":["Deep Breath","Panache"],"picked":"Enlightenment","floor":36},{"not_picked":["Outmaneuver+1","Leg Sweep+1"],"picked":"Prepared","floor":38},{"not_picked":["Outmaneuver","Prepared"],"picked":"Slice","floor":39},{"not_picked":["Dagger Spray","PiercingWail"],"picked":"Phantasmal Killer","floor":40},{"not_picked":["Endless Agony","Accuracy+1"],"picked":"Terror+1","floor":42},{"not_picked":["Flying Knee+1","Outmaneuver","Sucker Punch"],"picked":"SKIP","floor":44},{"not_picked":["Riddle With Holes","Blade Dance","Expertise"],"picked":"SKIP","floor":45},{"not_picked":["Dodge and Roll+1","Blade Dance"],"picked":"Blur","floor":47},{"not_picked":["Deadly Poison","Outmaneuver+1"],"picked":"Prepared","floor":48}],"player_experience":157829,"relics_obtained":[{"floor":6,"key":"HollowMod:PaleOreRelic"},{"floor":9,"key":"Du-Vu Doll"},{"floor":17,"key":"Boot"},{"floor":17,"key":"DemoMod:PinkGuonStone"},{"floor":17,"key":"CaptainsWheel"},{"floor":26,"key":"Darkstone Periapt"},{"floor":40,"key":"DemoMod:GundromedaStrain"},{"floor":40,"key":"StoneCalendar"},{"floor":43,"key":"Gremlin Horn"}],"event_choices":[{"cards_removed":["Strike_G"],"damage_healed":0,"gold_gain":0,"player_choice":"Forget","damage_taken":0,"max_hp_gain":0,"max_hp_loss":0,"event_name":"Living Wall","floor":2,"gold_loss":0},{"cards_removed":["Defend_G"],"damage_healed":0,"gold_gain":0,"player_choice":"Card Removal","damage_taken":7,"max_hp_gain":0,"max_hp_loss":0,"event_name":"Golden Wing","floor":4,"gold_loss":0},{"damage_healed":0,"gold_gain":0,"player_choice":"Gave Potion","damage_taken":0,"relics_obtained":["Kunai"],"max_hp_gain":0,"max_hp_loss":0,"event_name":"WeMeetAgain","floor":8,"gold_loss":0},{"damage_healed":0,"gold_gain":0,"player_choice":"Searched \u00271\u0027 times","damage_taken":0,"relics_obtained":["Happy Flower"],"max_hp_gain":0,"max_hp_loss":0,"event_name":"Dead Adventurer","floor":14,"gold_loss":0},{"damage_healed":0,"gold_gain":0,"player_choice":"Upgraded","damage_taken":0,"max_hp_gain":0,"max_hp_loss":0,"event_name":"Upgrade Shrine","floor":22,"gold_loss":0,"cards_upgraded":["Dodge and Roll"]},{"cards_removed":["Strike_G"],"damage_healed":0,"gold_gain":0,"player_choice":"Elegance","damage_taken":0,"max_hp_gain":0,"max_hp_loss":0,"event_name":"Back to Basics","floor":28,"gold_loss":0},{"damage_healed":0,"gold_gain":0,"player_choice":"Memory 1","damage_taken":0,"max_hp_gain":0,"max_hp_loss":0,"event_name":"SensoryStone","floor":36,"gold_loss":0},{"damage_healed":0,"gold_gain":0,"player_choice":"Got Potions","damage_taken":0,"max_hp_gain":0,"max_hp_loss":0,"event_name":"Lab","floor":46,"gold_loss":0}],"is_beta":false,"boss_relics":[{"not_picked":["Busted Crown","Runesmith:UraniumAnvil"],"picked":"Calling Bell"},{"not_picked":["Coffee Dripper","Snecko Eye"],"picked":"Black Star"}],"items_purged_floors":[13,21,37],"is_endless":false,"potions_floor_spawned":[3,6,11,20,24,27,29,33,38,39,40,44],"ascension_level":0}}