{"host":"7wmszz0w4jucpwgw","time":1612913593,"event":{"mods":["Act Like it!","BaseMod","Best Route Mod","Minty Spire (QoL Compilation)","Prisma Mod","Shop Mod","StSLib","Waifu the Spire"],"gold_per_floor":[115,115,115,129,79,79,107,107,107,120,120,120,135,155,155,250,250,268,268,268,193,210,241,241,251,251,265,265,165,40,56,56,159,159,171,197,217,217,267,295,295,325,325,325,33,33,44,99,99,99,99,99,49,80,80,80],"floor_reached":55,"language":"ENG","playtime":3067,"items_purged":["PrismaMod:ChloeCommonAttack","PrismaMod:ChloeCommonDefend","PrismaMod:ChloeCommonAttack","PrismaMod:ChloeCommonAttack"],"score":716,"play_id":"366a659e-9352-42ba-a59d-6892af6b742d","local_time":"20210209153313","is_ascension_mode":false,"campfire_choices":[{"data":"PrismaMod:ChloeEyeOfTheEuryale","floor":6.0,"key":"SMITH"},{"data":"PrismaMod:ChloeCheapAttack","floor":8.0,"key":"SMITH"},{"data":"PrismaMod:ChloeExcalibur","floor":12.0,"key":"SMITH"},{"data":"PrismaMod:ChloeAnyPowerTrace","floor":15.0,"key":"SMITH"},{"data":"PrismaMod:ChloeExcalibur","floor":24.0,"key":"SMITH"},{"data":"PrismaMod:ChloeCheapAttackTwo","floor":28.0,"key":"SMITH"},{"data":"PrismaMod:ChloeGaeBolg","floor":32.0,"key":"SMITH"},{"data":"PrismaMod:ChloeRitsuka","floor":41.0,"key":"SMITH"},{"floor":44,"key":"RECALL"},{"data":"PrismaMod:ChloeCheapAttack","floor":49,"key":"SMITH"},{"data":"PrismaMod:ChloeCarnivalDefend","floor":52,"key":"SMITH"}],"circlet_count":0,"master_deck":["PrismaMod:ChloeCommonDefend","PrismaMod:ChloeCommonDefend","PrismaMod:ChloeCommonDefend","PrismaMod:ChloeCommonDefend","PrismaMod:ChloeCheapAttack+1","PrismaMod:ChloeCheapDefend","PrismaMod:ChloeExcalibur+1","PrismaMod:ChloeEyeOfTheEuryale+1","PrismaMod:ChloeExcalibur+1","PrismaMod:ChloeCheapAttack+1","PrismaMod:ChloeAnyPowerTrace+1","PrismaMod:ChloeCarnivalDefend+1","PrismaMod:ChloeCheapAttackTwo+1","PrismaMod:ChloeGaeBolg+1","PrismaMod:ChloeDevil+","PrismaMod:ChloeRitsuka+1","Madness","Madness","PrismaMod:ChloeMordred+1"],"relics":["PrismaMod:PrismaTraceOn","PreservedInsect","Bronze Scales","HornCleat","Sozu","Blue Candle","Matryoshka","Smiling Mask","Calipers","White Beast Statue","Ginger","Anchor","Letter Opener","Unceasing Top","StoneCalendar","Whetstone"],"acts_visited":["Exordium","TheCity","TheBeyond","TheEnding"],"potions_floor_usage":[50,55],"damage_taken":[{"damage":1.0,"enemies":"Jaw Worm","floor":1.0,"turns":5.0},{"damage":0.0,"enemies":"Small Slimes","floor":4.0,"turns":3.0},{"damage":9.0,"enemies":"3 Sentries","floor":7.0,"turns":7.0},{"damage":0.0,"enemies":"Cultist","floor":10.0,"turns":2.0},{"damage":0.0,"enemies":"Large Slime","floor":13.0,"turns":2.0},{"damage":0.0,"enemies":"Blue Slaver","floor":14.0,"turns":3.0},{"damage":16.0,"enemies":"The Guardian","floor":16.0,"turns":5.0},{"damage":0.0,"enemies":"Spheric Guardian","floor":18.0,"turns":3.0},{"damage":0.0,"enemies":"3 Byrds","floor":22.0,"turns":3.0},{"damage":8.0,"enemies":"Book of Stabbing","floor":23.0,"turns":2.0},{"damage":2.0,"enemies":"Snecko","floor":25.0,"turns":5.0},{"damage":6.0,"enemies":"Centurion and Healer","floor":27.0,"turns":4.0},{"damage":0.0,"enemies":"Snake Plant","floor":31.0,"turns":4.0},{"damage":33.0,"enemies":"Automaton","floor":33.0,"turns":7.0},{"damage":0.0,"enemies":"Orb Walker","floor":35.0,"turns":3.0},{"damage":4.0,"enemies":"3 Darklings","floor":37.0,"turns":6.0},{"damage":1.0,"enemies":"Mind Bloom Boss Battle","floor":39.0,"turns":4.0},{"damage":8.0,"enemies":"Giant Head","floor":40.0,"turns":6.0},{"damage":12.0,"enemies":"Reptomancer","floor":42.0,"turns":5.0},{"damage":8,"enemies":"Sphere and 2 Shapes","floor":47,"turns":3},{"damage":1,"enemies":"2 Orb Walkers","floor":48,"turns":5},{"damage":37,"enemies":"Donu and Deca","floor":50,"turns":8},{"damage":12,"enemies":"Shield and Spear","floor":54,"turns":3},{"damage":87,"enemies":"The Heart","floor":55,"turns":8}],"seed_played":"-683763475405906908","potions_obtained":[{"floor":1.0,"key":"Block Potion"},{"floor":10.0,"key":"Block Potion"}],"is_trial":false,"path_per_floor":["M","?","?","M","?","R","E","R","T","M","?","R","M","M","R","B",null,"M","?","?","$","M","E","R","M","T","M","R","$","$","M","R","B",null,"M","T","M","?","?","E","R","E","T","R","$","?","M","?","R","B",null,"R","$","E","B"],"character_chosen":"CHLOE","items_purchased":["Unceasing Top"],"campfire_rested":0,"item_purchase_floors":[45],"current_hp_per_floor":[74,74,74,74,74,74,65,65,65,65,65,65,65,65,65,49,75,75,75,75,75,75,67,67,65,65,59,59,59,59,59,59,26,75,75,75,73,73,74,67,67,57,57,57,57,48,40,41,41,6,75,75,75,63,0,0],"gold":80,"neow_bonus":"RANDOM_COMMON_RELIC","is_daily":false,"chose_seed":false,"campfire_upgraded":10,"win_rate":0.0,"timestamp":1612913593,"path_taken":["M","?","?","M","?","R","E","R","T","M","?","R","M","?","R","BOSS","M","?","?","$","M","E","R","M","T","M","R","?","$","?","R","BOSS","M","?","M","?","?","E","R","E","T","R","$","?","M","?","R","BOSS","R","$","E","BOSS"],"items_purchased_type":["Relic"],"build_version":"2020-12-22","purchased_purges":4,"victory":false,"max_hp_per_floor":[75,75,75,75,75,75,75,75,75,75,75,75,75,75,75,75,75,75,75,75,75,75,75,75,75,75,75,75,75,75,75,75,75,75,75,75,75,75,75,75,75,75,75,75,75,75,75,75,75,75,75,75,75,75,75,75],"card_choices":[{"not_picked":["PrismaMod:ChloeCheapAttackTwo","PrismaMod:ChloeExhaustOne"],"picked":"PrismaMod:ChloeExcalibur","floor":1.0},{"not_picked":["PrismaMod:ChloeCommonAOEAttack","PrismaMod:ChloeCheapAttack"],"picked":"PrismaMod:ChloeEyeOfTheEuryale","floor":4.0},{"not_picked":["PrismaMod:ChloeExhaustOne","PrismaMod:ChloeBetterTracePools"],"picked":"PrismaMod:ChloeExcalibur","floor":7.0},{"not_picked":["PrismaMod:ChloeDiscardRecovery","PrismaMod:ChloeExhaustOne","PrismaMod:ChloeEyeOfTheEuryale"],"picked":"SKIP","floor":10.0},{"not_picked":["PrismaMod:ChloeExhaustOne","PrismaMod:ChloeCheapAttackTwo"],"picked":"PrismaMod:ChloeAnyPowerTrace","floor":13.0},{"not_picked":["PrismaMod:ChloeCheapAttackTwo","PrismaMod:ChloeCheapDefend","PrismaMod:ChloeChristmas"],"picked":"SKIP","floor":14.0},{"not_picked":["PrismaMod:ChloeGreatTracePools","PrismaMod:ChloeAnyRareTrace"],"picked":"PrismaMod:ChloeCarnivalDefend","floor":16.0},{"not_picked":["PrismaMod:ChloeExhaustOne","PrismaMod:ChloeCheapDefendTwo","PrismaMod:ChloeCheapAttackTwo"],"picked":"SKIP","floor":18.0},{"not_picked":["PrismaMod:ChloeExhaustOne","PrismaMod:ChloeCheapDefendTwo"],"picked":"PrismaMod:ChloeCheapAttackTwo","floor":18.0},{"not_picked":["PrismaMod:ChloeRitsuka","PrismaMod:ChloeCheapAttackTwo","PrismaMod:ChloeRhongomyniad+1"],"picked":"SKIP","floor":22.0},{"not_picked":["PrismaMod:ChloeReshuffleDiscard","PrismaMod:ChloeCheapDefendTwo","PrismaMod:ChloeCaladbolg"],"picked":"SKIP","floor":23.0},{"not_picked":["PrismaMod:ChloeCheapDefendTwo","PrismaMod:ChloeCheapDefend","PrismaMod:ChloeDiscardRecovery"],"picked":"SKIP","floor":25.0},{"not_picked":["PrismaMod:ChloeAnyRareTrace","PrismaMod:ChloeCheapAttack","PrismaMod:ChloeCheapDefendTwo"],"picked":"SKIP","floor":27.0},{"not_picked":["PrismaMod:ChloeDiscardRecovery+1","PrismaMod:ChloeCaladbolg","PrismaMod:ChloeCheapAttackTwo"],"picked":"SKIP","floor":31.0},{"not_picked":["PrismaMod:ChloeGreatTracePools","PrismaMod:ChloeCarnivalAOEAttack"],"picked":"PrismaMod:ChloeDevil","floor":33.0},{"not_picked":["PrismaMod:ChloeCheapAttack+1","PrismaMod:ChloeCaladbolg+1","PrismaMod:ChloeChristmas+1"],"picked":"SKIP","floor":35.0},{"not_picked":["PrismaMod:ChloeCheapAttack+1","PrismaMod:ChloeCommonAOEAttack","PrismaMod:ChloeCheapDefendTwo+1"],"picked":"SKIP","floor":37.0},{"not_picked":["PrismaMod:ChloeMordred","PrismaMod:ChloeExcalibur+1"],"picked":"PrismaMod:ChloeRitsuka","floor":39.0},{"not_picked":["PrismaMod:ChloeCheapDefend","PrismaMod:ChloeCheapDefendTwo","PrismaMod:ChloeUnlimitedBladeWorks"],"picked":"SKIP","floor":40.0},{"not_picked":["PrismaMod:ChloeAnyUncommonTrace","PrismaMod:ChloeExhaustOne","PrismaMod:ChloeCheapDefendTwo"],"picked":"SKIP","floor":42},{"not_picked":["PrismaMod:ChloeCommonAOEAttack","PrismaMod:ChloeExhaustOne+1"],"picked":"PrismaMod:ChloeMordred+1","floor":47},{"not_picked":["PrismaMod:ChloeCheapAttackTwo+1","PrismaMod:ChloeCheapDefend+1","PrismaMod:ChloeCheapAttack+1"],"picked":"SKIP","floor":54}],"player_experience":298759,"relics_obtained":[{"floor":7.0,"key":"Bronze Scales"},{"floor":9.0,"key":"HornCleat"},{"floor":23.0,"key":"Blue Candle"},{"floor":26.0,"key":"Matryoshka"},{"floor":36.0,"key":"Smiling Mask"},{"floor":39.0,"key":"Calipers"},{"floor":40.0,"key":"White Beast Statue"},{"floor":42,"key":"Ginger"},{"floor":43,"key":"Anchor"},{"floor":43,"key":"Letter Opener"},{"floor":48,"key":"StoneCalendar"},{"floor":54,"key":"Whetstone"}],"event_choices":[{"cards_removed":["PrismaMod:ChloeCommonAttack"],"damage_healed":0.0,"max_hp_gain":0.0,"max_hp_loss":0.0,"gold_gain":0.0,"event_name":"Living Wall","player_choice":"Forget","floor":2.0,"gold_loss":0.0,"damage_taken":0.0},{"damage_healed":0.0,"max_hp_gain":0.0,"max_hp_loss":0.0,"gold_gain":0.0,"event_name":"Liars Game","player_choice":"Ignored","floor":3.0,"gold_loss":0.0,"damage_taken":0.0},{"cards_removed":["PrismaMod:ChloeCommonAttack"],"damage_healed":0.0,"max_hp_gain":0.0,"max_hp_loss":0.0,"gold_gain":0.0,"event_name":"The Cleric","player_choice":"Card Removal","floor":5.0,"gold_loss":50.0,"damage_taken":0.0},{"damage_healed":0.0,"max_hp_gain":0.0,"max_hp_loss":0.0,"gold_gain":0.0,"event_name":"Match and Keep!","player_choice":"1 cards matched","floor":11.0,"gold_loss":0.0,"damage_taken":0.0,"cards_obtained":["PrismaMod:ChloeCheapAttack"]},{"damage_healed":0.0,"max_hp_gain":0.0,"max_hp_loss":0.0,"gold_gain":0.0,"event_name":"Ghosts","player_choice":"Ignored","floor":19.0,"gold_loss":0.0,"damage_taken":0.0},{"damage_healed":0.0,"max_hp_gain":0.0,"max_hp_loss":0.0,"gold_gain":0.0,"event_name":"The Library","player_choice":"Read","floor":20.0,"gold_loss":0.0,"damage_taken":0.0,"cards_obtained":["PrismaMod:ChloeGaeBolg"]},{"damage_healed":0.0,"max_hp_gain":0.0,"max_hp_loss":0.0,"gold_gain":0.0,"event_name":"SensoryStone","player_choice":"Memory 1","floor":38.0,"gold_loss":0.0,"damage_taken":0.0},{"damage_healed":0.0,"max_hp_gain":0.0,"max_hp_loss":0.0,"gold_gain":0.0,"event_name":"MindBloom","player_choice":"Fight","floor":39.0,"gold_loss":0.0,"damage_taken":0.0},{"damage_healed":0,"gold_gain":0,"player_choice":"Embrace Madness","damage_taken":9,"max_hp_gain":0,"max_hp_loss":0,"event_name":"Winding Halls","floor":46,"gold_loss":0,"cards_obtained":["Madness","Madness"]},{"damage_healed":0,"gold_gain":0,"player_choice":"Fight","damage_taken":0,"max_hp_gain":0,"max_hp_loss":0,"event_name":"Mysterious Sphere","floor":48,"gold_loss":0}],"is_beta":false,"boss_relics":[{"not_picked":["Velvet Choker","Snecko Eye"],"picked":"Sozu"},{"not_picked":["SacredBark","Cursed Key","Runic Dome"]}],"items_purged_floors":[21,29,30,53],"is_endless":false,"potions_floor_spawned":[1,10,22,31,37,40,42,47,48,54],"killed_by":"The Heart","ascension_level":0}}