{"host":"y7b1p9nkx4idorr2","time":1612876898,"event":{"mods":["AchievementEnabler","Act Like it!","BaseMod","Colored Map","Downfall","GifTheSpireLib","Googly Eyes","Highlight Path","Mimic Mod","Minty Spire (QoL Compilation)","Shop Mod","Spicy Shops","StSLib","Unceasing Turn Reminder"],"gold_per_floor":[99,99,99,274,374,31,105,124,24,124,154,0,13,44,59,156,156,156,169,197,197,197,197],"floor_reached":21,"language":"ENG","playtime":1090,"items_purged":[],"score":204,"play_id":"23feacbc-e7ac-48f9-93af-107b9324136b","local_time":"20210209072138","is_ascension_mode":true,"campfire_choices":[{"floor":1,"key":"RECALL"}],"circlet_count":0,"master_deck":["sneckomod:Strike","sneckomod:Strike+1","sneckomod:Defend","sneckomod:Defend","sneckomod:Defend","sneckomod:TailWhip+1","sneckomod:SnekBite","sneckomod:Unknown1Cost","Doubt","sneckomod:UnknownExhaust","sneckomod:Cheat+1","sneckomod:Unknown2Cost","sneckomod:QuickBite+1","bronze:Allocate+1","Guardian:SpikerProtocol","sneckomod:DiceCrush+1","sneckomod:SnakeSap+1","Flash of Steel+1","Parasite","sneckomod:WideSting+1","sneckomod:UnknownColorless","sneckomod:UnknownDraw","sneckomod:RainOfDice+1","sneckomod:SlitherStrike+1","sneckomod:Restock","sneckomod:UnknownX","Barricade","sneckomod:DiceBlock+1","bronze:BurnOut+1","sneckomod:CheapStock"],"relics":["sneckomod:SneckoSoul","downfall:HeartsMalice","Membership Card","bronze:BronzeIdol","Molten Egg 2","Kunai","downfall:HeartBlessingRed","downfall:GremlinSack","Nunchaku","Pantograph","Smiling Mask","SlaversCollar"],"acts_visited":["Exordium","TheCity"],"potions_floor_usage":[12,16,20],"damage_taken":[{"damage":0,"enemies":"Small Slimes","floor":2,"turns":1},{"damage":0,"enemies":"downfall:Heads","floor":5,"turns":1},{"damage":0,"enemies":"downfall:FleeingMerchant","floor":6,"turns":1},{"damage":0,"enemies":"2 Louse","floor":8,"turns":2},{"damage":16,"enemies":"2 Louse","floor":10,"turns":3},{"damage":13,"enemies":"Lagavulin","floor":11,"turns":5},{"damage":10,"enemies":"downfall:FleeingMerchant","floor":12,"turns":4},{"damage":0,"enemies":"Jaw Worm","floor":13,"turns":1},{"damage":18,"enemies":"3 Sentries","floor":14,"turns":4},{"damage":11,"enemies":"3 Louse","floor":15,"turns":3},{"damage":20,"enemies":"SI_SHIV_ARCHETYPE","floor":16,"turns":4},{"damage":25,"enemies":"3 Byrds","floor":19,"turns":4},{"damage":0,"enemies":"Chosen","floor":20,"turns":4},{"damage":65,"enemies":"3 Cultists","floor":21,"turns":6}],"seed_played":"-6501988923759508237","potions_obtained":[{"floor":5,"key":"Dexterity Potion"},{"floor":11,"key":"SteroidPotion"},{"floor":13,"key":"SpeedPotion"},{"floor":15,"key":"CultistPotion"},{"floor":16,"key":"Slimebound:ThreeZeroPotion"}],"is_trial":false,"path_per_floor":["R","M","?","?","?","$","T","M","R","?","E","$","M","E","M","B",null,"R","M","M","M"],"character_chosen":"THE_SNECKO","items_purchased":["Membership Card","bronze:BronzeIdol","Molten Egg 2","Pantograph","sneckomod:RainOfDice+1"],"campfire_rested":0,"item_purchase_floors":[6,6,6,12,12],"current_hp_per_floor":[90,90,90,90,90,90,90,90,90,79,66,56,56,38,27,32,90,90,65,65,0,0,0],"gold":197,"neow_bonus":"THREE_ENEMY_KILL","is_daily":false,"chose_seed":false,"campfire_upgraded":0,"win_rate":0.0,"timestamp":1612876898,"path_taken":["R","M","?","?","?","?","T","M","R","?","E","$","M","E","M","BOSS","R","M","M","M"],"items_purchased_type":["Relic","Relic","Relic","Relic","Card"],"build_version":"2020-12-22","purchased_purges":0,"victory":false,"max_hp_per_floor":[90,90,90,90,90,90,90,90,90,90,90,90,90,90,90,90,90,90,90,90,90,90,90],"card_choices":[{"not_picked":["sneckomod:SnakeSap","sneckomod:UnknownDraw"],"picked":"sneckomod:Unknown1Cost","floor":2},{"not_picked":["sneckomod:Nope","sneckomod:UnknownCommonSkill"],"picked":"sneckomod:UnknownExhaust","floor":5},{"not_picked":["sneckomod:Rotation","sneckomod:SerpentMind"],"picked":"sneckomod:Unknown2Cost","floor":6},{"not_picked":["sneckomod:SerpentIdol","sneckomod:DiceCrush+1"],"picked":"sneckomod:QuickBite+1","floor":8},{"not_picked":["sneckomod:MixItUp+1","sneckomod:UnknownCommonSkill"],"picked":"sneckomod:WideSting+1","floor":10},{"not_picked":["sneckomod:SoulCleanse","sneckomod:Nope"],"picked":"sneckomod:UnknownColorless","floor":11},{"not_picked":["sneckomod:UnknownCommonSkill","sneckomod:Unknown1Cost"],"picked":"sneckomod:UnknownDraw","floor":12},{"not_picked":["sneckomod:Unknown2Cost","sneckomod:UnknownDraw"],"picked":"sneckomod:SlitherStrike+1","floor":13},{"not_picked":["sneckomod:Cheat","sneckomod:UnlimitedRolls"],"picked":"sneckomod:Restock","floor":14},{"not_picked":["sneckomod:SoulRoll","sneckomod:UnknownBlock"],"picked":"sneckomod:UnknownX","floor":15},{"not_picked":["sneckomod:Unknown1Cost","sneckomod:WideSting+1"],"picked":"sneckomod:DiceBlock+1","floor":19},{"not_picked":["sneckomod:UnknownCommonSkill+1","sneckomod:UnknownClassHEXA_GHOST_PURPLE+1"],"picked":"sneckomod:CheapStock","floor":20}],"player_experience":2322150,"relics_obtained":[{"floor":7,"key":"Kunai"},{"floor":10,"key":"downfall:GremlinSack"},{"floor":11,"key":"Nunchaku"},{"floor":14,"key":"Smiling Mask"}],"event_choices":[],"is_beta":false,"boss_relics":[{"not_picked":["Runic Dome","Sozu"],"picked":"SlaversCollar"}],"items_purged_floors":[],"is_endless":false,"potions_floor_spawned":[5,11,13,15,16,19],"killed_by":"3 Cultists","ascension_level":2}}