{"host":"2fcuechlb8c23yrb","time":1612900962,"event":{"mods":["2.2 Compatiblity","AchievementEnabler","BaseMod","Bestiary","Better Match","Block Reminder","Colored Map","Colored Powertips","DeckTracker","Displayed Cursed Tome","GifTheSpireLib","Highlight Path","Minty Spire (QoL Compilation)","Quick Restart","Rare Cards Sparkle","Relic Sorter","Relic Stats","StSLib"],"gold_per_floor":[114,128,128,138,138,174,60,60,60],"floor_reached":8,"language":"ENG","playtime":282,"items_purged":[],"score":56,"play_id":"ccf02a54-cf83-4f78-8267-65d4b945e0d3","local_time":"20210209150242","is_ascension_mode":false,"campfire_choices":[],"circlet_count":0,"master_deck":["Strike_R","Strike_R","Strike_R","Strike_R","Strike_R","Defend_R","Defend_R","Defend_R","Defend_R","Bash","Armaments+1","Flex","Ghostly Armor","Inflame","Seeing Red"],"relics":["Burning Blood","NeowsBlessing","Golden Idol","Blood Vial"],"acts_visited":["Exordium"],"potions_floor_usage":[6],"damage_taken":[{"damage":0,"enemies":"Cultist","floor":1,"turns":1},{"damage":0,"enemies":"2 Louse","floor":2,"turns":1},{"damage":0,"enemies":"Jaw Worm","floor":4,"turns":1},{"damage":24,"enemies":"Lagavulin","floor":6,"turns":10},{"damage":46,"enemies":"Gremlin Nob","floor":8,"turns":5}],"seed_played":"839451157215986241","potions_obtained":[{"floor":4,"key":"SpeedPotion"}],"is_trial":false,"path_per_floor":["M","M","?","M","?","E","$","E"],"character_chosen":"IRONCLAD","items_purchased":["Inflame","Seeing Red"],"campfire_rested":0,"item_purchase_floors":[7,7],"current_hp_per_floor":[80,80,80,80,60,42,42,0,0],"gold":60,"neow_bonus":"THREE_ENEMY_KILL","is_daily":false,"chose_seed":false,"campfire_upgraded":0,"win_rate":0.0,"timestamp":1612900962,"path_taken":["M","?","?","?","?","E","?","E"],"items_purchased_type":["Card","Card"],"build_version":"2020-12-22","purchased_purges":0,"victory":false,"max_hp_per_floor":[80,80,80,80,80,80,80,80,80],"relic_stats":{"Blood Vial":2,"counters":[5,18],"Golden Idol":7,"obtain_stats":[{"Blood Vial":6,"NeowsBlessing":0,"Golden Idol":5,"Burning Blood":0},{"Blood Vial":4,"NeowsBlessing":0,"Golden Idol":3,"Burning Blood":0},{"Blood Vial":13,"NeowsBlessing":0,"Golden Idol":3,"Burning Blood":0}],"Burning Blood":6},"card_choices":[{"not_picked":["Anger","Battle Trance","Warcry"],"picked":"SKIP","floor":1},{"not_picked":["Thunderclap","Dark Embrace"],"picked":"Armaments","floor":2},{"not_picked":["Sword Boomerang","Thunderclap"],"picked":"Flex","floor":4},{"not_picked":["Limit Break","Hemokinesis"],"picked":"Ghostly Armor","floor":6}],"player_experience":84182,"relics_obtained":[{"floor":6,"key":"Blood Vial"}],"event_choices":[{"damage_healed":0,"gold_gain":0,"player_choice":"Upgraded","damage_taken":0,"max_hp_gain":0,"max_hp_loss":0,"event_name":"Upgrade Shrine","floor":3,"gold_loss":0,"cards_upgraded":["Armaments"]},{"damage_healed":0,"gold_gain":0,"player_choice":"Take Damage","damage_taken":20,"relics_obtained":["Golden Idol"],"max_hp_gain":0,"max_hp_loss":0,"event_name":"Golden Idol","floor":5,"gold_loss":0}],"is_beta":false,"boss_relics":[],"items_purged_floors":[],"is_endless":false,"potions_floor_spawned":[4],"killed_by":"Gremlin Nob","ascension_level":0}}