{"host":"vzugls1u57eppbds","time":1612908563,"event":{"mods":["AchievementEnabler","BaseMod","Better Third Choice","Ironclad Rager","Minty Spire (QoL Compilation)","Relic Stats","Shop Mod","StSLib"],"gold_per_floor":[210,8,8,8,18,18,43,43,43,78,95,108,108,141,141,240,240,252,18,33,33,33,33,65,65,65,100,200,216,241,98,98,98,98],"floor_reached":33,"language":"ENG","playtime":1077,"items_purged":[],"score":434,"play_id":"889daeab-6669-4811-9733-b20579fccb30","local_time":"20210209230923","is_ascension_mode":true,"campfire_choices":[{"data":"Infernal Blade","floor":6,"key":"SMITH"},{"data":"Iron Wave","floor":8,"key":"SMITH"},{"floor":15,"key":"REST"},{"floor":23,"key":"REST"},{"floor":25,"key":"REST"},{"floor":32,"key":"REST"}],"circlet_count":0,"master_deck":["Strike_R+1","Strike_R","Strike_R","Strike_R","Strike_R","Defend_R","Defend_R","Defend_R","Defend_R","Bash","Iron Wave+1","Shrug It Off+1","Infernal Blade+1","Wild Strike","Sword Boomerang","Fire Breathing","Infernal Blade","Immolate","True Grit","Rampage","Evolve","Burning Pact","Ghostly Armor"],"relics":["Burning Blood","Bag of Marbles","Du-Vu Doll","Potion Belt","The Courier","Oddly Smooth Stone","Bronze Scales","SlaversCollar","Bird Faced Urn","Smiling Mask","CaptainsWheel","Vajra","WingedGreaves","Mummified Hand","Red Mask","Membership Card"],"acts_visited":["Exordium","TheCity"],"potions_floor_usage":[28,33,33,33,33],"damage_taken":[{"damage":1,"enemies":"Cultist","floor":1,"turns":4},{"damage":0,"enemies":"2 Louse","floor":5,"turns":3},{"damage":32,"enemies":"3 Sentries","floor":7,"turns":12},{"damage":16,"enemies":"Gremlin Nob","floor":10,"turns":3},{"damage":0,"enemies":"Small Slimes","floor":11,"turns":2},{"damage":2,"enemies":"Blue Slaver","floor":12,"turns":3},{"damage":2,"enemies":"3 Sentries","floor":14,"turns":5},{"damage":41,"enemies":"The Guardian","floor":16,"turns":14},{"damage":10,"enemies":"2 Thieves","floor":18,"turns":3},{"damage":0,"enemies":"Chosen","floor":20,"turns":4},{"damage":56,"enemies":"Book of Stabbing","floor":24,"turns":5},{"damage":30,"enemies":"Gremlin Leader","floor":27,"turns":6},{"damage":14,"enemies":"Colosseum Slavers","floor":28,"turns":4},{"damage":1,"enemies":"Colosseum Nobs","floor":28,"turns":4},{"damage":40,"enemies":"3 Cultists","floor":29,"turns":5},{"damage":0,"enemies":"Masked Bandits","floor":30,"turns":2},{"damage":91,"enemies":"Champ","floor":33,"turns":10}],"seed_played":"644571449925569441","potions_obtained":[{"floor":12,"key":"SpeedPotion"},{"floor":14,"key":"BlessingOfTheForge"},{"floor":24,"key":"EssenceOfSteel"},{"floor":28,"key":"Weak Potion"},{"floor":29,"key":"Regen Potion"}],"is_trial":false,"path_per_floor":["M","$","?","?","M","R","E","R","T","E","M","M","?","E","R","B",null,"M","$","M","?","?","R","E","R","T","E","?","M","?","$","R","B"],"character_chosen":"IRONCLAD","items_purchased":["Bag of Marbles","Shrug It Off","Bird Faced Urn","Membership Card","BloodPotion"],"campfire_rested":4,"item_purchase_floors":[2,2,19,31,31],"current_hp_per_floor":[77,77,77,70,76,76,50,50,50,40,46,50,34,38,62,27,67,63,63,69,69,54,79,31,56,56,36,37,7,13,13,38,0,0],"gold":98,"neow_bonus":"HUNDRED_GOLD","is_daily":false,"chose_seed":false,"campfire_upgraded":2,"win_rate":0.0,"timestamp":1612908563,"path_taken":["M","$","?","?","M","R","E","R","T","E","M","M","?","E","R","BOSS","M","$","M","?","?","R","E","R","T","E","?","?","?","$","R","BOSS"],"items_purchased_type":["Relic","Card","Relic","Relic","Potion"],"build_version":"2020-12-22","purchased_purges":0,"victory":false,"max_hp_per_floor":[80,80,80,80,80,80,80,80,80,80,80,80,80,80,80,80,80,80,80,80,80,85,85,85,85,85,85,85,85,85,85,85,85,85],"relic_stats":{"counters":[17,89],"Mummified Hand":[4],"Bronze Scales":[192],"Bird Faced Urn":[18],"Smiling Mask":0,"obtain_stats":[{"Potion Belt":7,"Oddly Smooth Stone":10,"Vajra":27,"The Courier":9,"Smiling Mask":24,"Burning Blood":0,"Du-Vu Doll":3,"SlaversCollar":17,"CaptainsWheel":26,"Mummified Hand":28,"Bronze Scales":14,"Bird Faced Urn":19,"WingedGreaves":28,"Bag of Marbles":2,"Red Mask":30,"Membership Card":31},{"Potion Belt":3,"Oddly Smooth Stone":4,"Vajra":12,"The Courier":3,"Smiling Mask":11,"Burning Blood":0,"Du-Vu Doll":1,"SlaversCollar":8,"CaptainsWheel":11,"Mummified Hand":14,"Bronze Scales":7,"Bird Faced Urn":9,"WingedGreaves":14,"Bag of Marbles":1,"Red Mask":16,"Membership Card":16},{"Potion Belt":19,"Oddly Smooth Stone":22,"Vajra":64,"The Courier":19,"Smiling Mask":58,"Burning Blood":0,"Du-Vu Doll":4,"SlaversCollar":46,"CaptainsWheel":58,"Mummified Hand":72,"Bronze Scales":32,"Bird Faced Urn":49,"WingedGreaves":72,"Bag of Marbles":4,"Red Mask":79,"Membership Card":79}],"Burning Blood":96},"card_choices":[{"not_picked":["Heavy Blade","Blood for Blood"],"picked":"Iron Wave","floor":1},{"not_picked":["Shrug It Off","Body Slam"],"picked":"Infernal Blade","floor":5},{"not_picked":["Berserk","Flex"],"picked":"Wild Strike","floor":7},{"not_picked":["Armaments","Bloodletting"],"picked":"Sword Boomerang","floor":10},{"not_picked":["Inflame","Anger"],"picked":"Fire Breathing","floor":11},{"not_picked":["Thunderclap","Anger","Seeing Red"],"picked":"SKIP","floor":12},{"not_picked":["Cleave","Warcry"],"picked":"Infernal Blade","floor":14},{"not_picked":["Offering","Berserk"],"picked":"Immolate","floor":16},{"not_picked":["Clash","Searing Blow"],"picked":"True Grit","floor":18},{"not_picked":["Hemokinesis+1","Battle Trance"],"picked":"Rampage","floor":20},{"not_picked":["Bludgeon","Warcry"],"picked":"Evolve","floor":24},{"not_picked":["Whirlwind+1","Metallicize","Iron Wave"],"picked":"SKIP","floor":27},{"not_picked":["Dropkick","Blood for Blood"],"picked":"Burning Pact","floor":28},{"not_picked":["Twin Strike","Heavy Blade","Seeing Red+1"],"picked":"SKIP","floor":29},{"not_picked":["Shockwave","Thunderclap"],"picked":"Ghostly Armor","floor":30}],"player_experience":247039,"relics_obtained":[{"floor":7,"key":"Potion Belt"},{"floor":9,"key":"The Courier"},{"floor":10,"key":"Oddly Smooth Stone"},{"floor":14,"key":"Bronze Scales"},{"floor":24,"key":"Smiling Mask"},{"floor":26,"key":"CaptainsWheel"},{"floor":27,"key":"Vajra"},{"floor":28,"key":"WingedGreaves"},{"floor":28,"key":"Mummified Hand"},{"floor":30,"key":"Red Mask"}],"event_choices":[{"damage_healed":0,"gold_gain":0,"player_choice":"Box","damage_taken":0,"relics_obtained":["Du-Vu Doll"],"max_hp_gain":0,"max_hp_loss":0,"event_name":"Big Fish","floor":3,"gold_loss":0,"cards_obtained":["Regret"]},{"cards_removed":["Regret"],"damage_healed":0,"gold_gain":0,"player_choice":"Card Removal","damage_taken":7,"max_hp_gain":0,"max_hp_loss":0,"event_name":"Golden Wing","floor":4,"gold_loss":0},{"damage_healed":50,"gold_gain":0,"player_choice":"Upgrade","damage_taken":16,"max_hp_gain":0,"max_hp_loss":80,"event_name":"betterThird:BetterShining","floor":13,"gold_loss":0,"cards_upgraded":["Strike_R","Shrug It Off"]},{"damage_healed":0,"gold_gain":0,"player_choice":"Ignored","damage_taken":0,"max_hp_gain":0,"max_hp_loss":0,"event_name":"Vampires","floor":21,"gold_loss":0},{"damage_healed":0,"gold_gain":0,"player_choice":"Shed Blood","damage_taken":20,"max_hp_gain":5,"max_hp_loss":0,"event_name":"Forgotten Altar","floor":22,"gold_loss":0},{"damage_healed":0,"gold_gain":0,"player_choice":"Fight","damage_taken":0,"max_hp_gain":0,"max_hp_loss":0,"event_name":"Colosseum","floor":28,"gold_loss":0},{"damage_healed":0,"gold_gain":0,"player_choice":"Fought Nobs","damage_taken":0,"max_hp_gain":0,"max_hp_loss":0,"event_name":"Colosseum","floor":28,"gold_loss":0},{"damage_healed":0,"gold_gain":0,"player_choice":"Fought Bandits","damage_taken":0,"max_hp_gain":0,"max_hp_loss":0,"event_name":"Masked Bandits","floor":30,"gold_loss":0}],"is_beta":false,"boss_relics":[{"not_picked":["Fusion Hammer","Runic Dome"],"picked":"SlaversCollar"}],"items_purged_floors":[],"is_endless":false,"potions_floor_spawned":[12,14,24,28,28,29],"killed_by":"Champ","ascension_level":9}}