{"host":"iy54rgx5egu9t31x","time":1612873416,"event":{"mods":["2.2 Compatiblity","Act Like it!","Always Whale","BaseMod","Downfall","Gensokyo","Minty Spire (QoL Compilation)","Quick Restart","StSLib","SuperFastMode"],"gold_per_floor":[99,116,135,155,170,10,10,29,29,49,88,88,98,125,145,258,258,58,84,100,100,127,120,120,142,142,142],"floor_reached":26,"language":"ZHS","playtime":1109,"items_purged":[],"score":333,"play_id":"cf8a2fc7-9f54-4fa1-aa1e-0641fd215f68","local_time":"20210209202336","is_ascension_mode":true,"campfire_choices":[{"floor":1.0,"key":"RECALL"},{"data":"hexamod:TimeWarp","floor":9.0,"key":"SMITH"},{"data":"hexamod:VolcanoVisage","floor":18.0,"key":"SMITH"}],"circlet_count":0,"master_deck":["hexamod:Strike","hexamod:Strike","hexamod:Strike","hexamod:Defend","hexamod:Defend","hexamod:Defend","hexamod:Sear","hexamod:HauntingEcho","hexamod:FlamesFromBeyond","hexamod:ShieldOfDarkness","hexamod:TimeWarp+1","hexamod:SpectersWail","hexamod:SecondSeal","hexamod:SpectralAdrenaline","hexamod:GhostflameBarrier","hexamod:CatchUp","hexamod:ThermalTransfer","hexamod:FlamesFromBeyond","hexamod:VolcanoVisage+1","hexamod:HeatCrush+1","hexamod:SpectralSpark","hexamod:TimeOfNeed","hexamod:SpectralSpark+1","hexamod:BacktrackSmack+1","hexamod:GhostShield"],"relics":["hexamod:SpiritBrand","Ancient Tea Set","Lantern","Gremlin Horn","Happy Flower","Thread and Needle","Philosopher\u0027s Stone","downfall:HeartBlessingRed","downfall:HeartBlessingBlue","Ice Cream","Frozen Eye"],"acts_visited":["Gensokyo:Gensokyo","Gensokyo:Gensokyoer"],"potions_floor_usage":[26,26],"damage_taken":[{"damage":1.0,"enemies":"Gensokyo:3_Fairies","floor":2.0,"turns":5.0},{"damage":0.0,"enemies":"Gensokyo:Python","floor":3.0,"turns":3.0},{"damage":0.0,"enemies":"Gensokyo:Gryphon","floor":4.0,"turns":3.0},{"damage":4.0,"enemies":"Gensokyo:Python_and_Kodama","floor":5.0,"turns":3.0},{"damage":5.0,"enemies":"Gensokyo:Gryphon_and_Rabbit","floor":8.0,"turns":4.0},{"damage":0.0,"enemies":"Gensokyo:VengefulSpirit","floor":10.0,"turns":4.0},{"damage":0.0,"enemies":"Gensokyo:Cirno","floor":11.0,"turns":5.0},{"damage":0.0,"enemies":"Gensokyo:Kitsune","floor":13.0,"turns":3.0},{"damage":0.0,"enemies":"Gensokyo:2_Rabbits","floor":14.0,"turns":3.0},{"damage":0.0,"enemies":"Gensokyo:Python_and_Kodama","floor":15.0,"turns":4.0},{"damage":0.0,"enemies":"SI_SHIV_ARCHETYPE","floor":16.0,"turns":11.0},{"damage":3.0,"enemies":"Gensokyo:CosmicMonolith","floor":19.0,"turns":3.0},{"damage":0.0,"enemies":"Gensokyo:3_Dogs","floor":20.0,"turns":3.0},{"damage":16.0,"enemies":"Gensokyo:Chomper_and_Gloop","floor":22.0,"turns":5.0},{"damage":6.0,"enemies":"downfall:FleeingMerchant","floor":23.0,"turns":4.0},{"damage":20.0,"enemies":"Gensokyo:Monolith_and_Dog","floor":25.0,"turns":4.0},{"damage":38,"enemies":"Gensokyo:Koishi","floor":26,"turns":4}],"seed_played":"5043865625681581787","potions_obtained":[{"floor":2.0,"key":"Ancient Potion"},{"floor":8.0,"key":"Dexterity Potion"},{"floor":10.0,"key":"SteroidPotion"},{"floor":15.0,"key":"Fire Potion"},{"floor":16.0,"key":"SkillPotion"},{"floor":25.0,"key":"LiquidBronze"}],"is_trial":false,"path_per_floor":["R","M","M","M","M","COS","T","M","R","M","E","?","M","M","M","B",null,"R","M","M","?","M","$","T","M","E"],"character_chosen":"THE_SPIRIT","items_purchased":[],"campfire_rested":0,"item_purchase_floors":[],"current_hp_per_floor":[63,62,62,62,58,58,58,53,53,53,53,53,53,53,53,53,63,73,70,70,70,54,48,48,28,0,0],"gold":142,"neow_bonus":"TRANSFORM_TWO_CARDS","is_daily":false,"chose_seed":false,"campfire_upgraded":2,"win_rate":0.0,"timestamp":1612873416,"path_taken":["R","M","M","M","M","COS","T","M","R","M","E","?","M","M","M","BOSS","R","M","M","?","M","?","T","?","E"],"items_purchased_type":[],"build_version":"2020-12-22","purchased_purges":0,"victory":false,"max_hp_per_floor":[63,63,63,63,63,63,63,63,63,63,63,63,63,63,63,63,63,73,73,73,73,73,73,73,73,73,73],"card_choices":[{"not_picked":["hexamod:GhostLash","hexamod:HeatMetal"],"picked":"hexamod:ShieldOfDarkness","floor":2.0},{"not_picked":["hexamod:GhostShield","hexamod:ShieldOfDarkness"],"picked":"hexamod:SuperheatedStrike","floor":3.0},{"not_picked":["hexamod:PhantomCloak","hexamod:HeatMetal"],"picked":"hexamod:TimeWarp","floor":4.0},{"not_picked":["hexamod:GhostOfSpireFuture","hexamod:ShieldOfDarkness"],"picked":"hexamod:SpectersWail","floor":5.0},{"not_picked":["hexamod:PhantomFireball","hexamod:SwordOfDarkness"],"picked":"hexamod:SecondSeal","floor":8.0},{"not_picked":["hexamod:BurningTouch","hexamod:HeatMetal"],"picked":"hexamod:SpectralAdrenaline","floor":10.0},{"not_picked":["hexamod:GhostShield","hexamod:RadiantFlame"],"picked":"hexamod:GhostflameBarrier","floor":11.0},{"not_picked":["hexamod:SpectersWail","hexamod:GhostOfSpireFuture"],"picked":"hexamod:CatchUp","floor":13.0},{"not_picked":["hexamod:FastForward","hexamod:Firestarter"],"picked":"hexamod:ThermalTransfer","floor":14.0},{"not_picked":["hexamod:CatchUp","hexamod:SuperheatedStrike"],"picked":"hexamod:FlamesFromBeyond","floor":15.0},{"not_picked":["hexamod:FlameSwitch","hexamod:ParanormalForm"],"picked":"hexamod:VolcanoVisage","floor":16.0},{"not_picked":["hexamod:FastForward","hexamod:AdvancingGuard"],"picked":"hexamod:HeatCrush+1","floor":19.0},{"not_picked":["hexamod:HauntingEcho","hexamod:InspiringFlames"],"picked":"hexamod:SpectralSpark","floor":20.0},{"not_picked":["hexamod:ThermalTransfer+1","hexamod:SwordOfDarkness"],"picked":"hexamod:SpectralSpark+1","floor":22.0},{"not_picked":["hexamod:RainOfEmbers","hexamod:NightmareStrike"],"picked":"hexamod:BacktrackSmack+1","floor":23.0},{"not_picked":["hexamod:SuperheatedStrike","hexamod:FastForward"],"picked":"hexamod:GhostShield","floor":25.0}],"player_experience":587208,"relics_obtained":[{"floor":11.0,"key":"Gremlin Horn"},{"floor":24.0,"key":"Ice Cream"}],"event_choices":[],"is_beta":false,"boss_relics":[{"not_picked":["hexamod:IceCube","Fusion Hammer"],"picked":"Philosopher\u0027s Stone"}],"items_purged_floors":[],"is_endless":false,"potions_floor_spawned":[2,8,10,15,16,25],"killed_by":"Gensokyo:Koishi","ascension_level":3}}