{"host":"kx62hxkutszy5nb0","time":1612870947,"event":{"mods":["2.2 Compatiblity","AchievementEnabler","Aspiration","BaseMod","Better Altar","Better Match","Better Note","Better Sensory Stone","Better Skull","Better Third Choice","Better Vampires","CCEM2","Colored Map","Colored Powertips","Conspire","Custom Start","Dark Map","Defuse TimeMaze Blight","Displayed Cursed Tome","Downfall","Fiend Mod","Hermit","Hubris","Infinite Spire","Jorbs\u0027s Wanderer Trilogy","Koishi","Marked Mod","Minty Spire (QoL Compilation)","Prisma Mod","Relic Sorter","Relic Stats","Replay The Spire","Shade Mod","Shop Mod","Spikes Relics","StSLib","Td1madao Mod","The Alterego","The Construct","The Cursed","The Exalted","The Forsaken","The Judge","The Jungle","The Marked","TheSwordswoman","TheVacant","Uncapped","Virulent Crown","Yuri Mod","everything is the same but u backflip on backflip"],"gold_per_floor":[114,125,141,141,152,186,29,64,64,84,98,70,90,30,30,126,126,143,418,428,439,364,364,364,364],"floor_reached":24,"language":"ENG","playtime":1336,"items_purged":[],"score":225,"play_id":"6107c780-4328-40e0-8356-160dfdf24a5e","local_time":"20210209214227","is_ascension_mode":false,"campfire_choices":[{"floor":15,"key":"REST"},{"floor":23,"key":"REST"}],"circlet_count":0,"master_deck":["theForsaken:TheForsaken_Strike","theForsaken:TheForsaken_Strike","theForsaken:TheForsaken_Strike","theForsaken:TheForsaken_Strike","theForsaken:TheForsaken_Defend","theForsaken:TheForsaken_Defend","theForsaken:TheForsaken_Defend","theForsaken:TheForsaken_Defend","theForsaken:Smite+1","theForsaken:Penitence","theForsaken:PreciseStrike","theForsaken:WardingHymn","theForsaken:DivineGuidance","theForsaken:RainingSunlight","theForsaken:SpinAttack","theForsaken:Thunderbolt","theForsaken:BottledPlague","theForsaken:ShieldBash","theForsaken:BountifulSunlight","theForsaken:DefensiveStance","theForsaken:DefensiveStance","theForsaken:SpreadingPlague","theForsaken:BattleHymn+1","Regret","theForsaken:BlightOfFamine","theForsaken:HymnOfRest","theForsaken:DarkBargain+1","theForsaken:Enfeeble+1","theForsaken:WardingHymn+1"],"relics":["theForsaken:JudgementScales","ReplayTheSpireMod:TigerMarble","Bromod:ArcaneDeflection","Lee\u0027s Waffle","CCEMRelics:Sandal","Black Star"],"acts_visited":["Exordium","TheCity"],"potions_floor_usage":[10,16,16,16,20,21,21,24],"damage_taken":[{"damage":10,"enemies":"Small Slimes","floor":1,"turns":4},{"damage":1,"enemies":"Cultist","floor":2,"turns":3},{"damage":0,"enemies":"2 Louse","floor":3,"turns":3},{"damage":16,"enemies":"Lots of Slimes","floor":5,"turns":9},{"damage":23,"enemies":"Gremlin Nob","floor":6,"turns":4},{"damage":10,"enemies":"3 Louse","floor":10,"turns":2},{"damage":13,"enemies":"Blue Slaver","floor":11,"turns":4},{"damage":13,"enemies":"2 Fungi Beasts","floor":13,"turns":3},{"damage":20,"enemies":"Slime Boss","floor":16,"turns":11},{"damage":20,"enemies":"Chosen","floor":18,"turns":7},{"damage":37,"enemies":"3 Byrds","floor":20,"turns":5},{"damage":24,"enemies":"Shelled Parasite and Fungi","floor":21,"turns":6},{"damage":61,"enemies":"Gremlin Leader","floor":24,"turns":8}],"seed_played":"8974065379948838046","potions_obtained":[{"floor":1,"key":"LiquidMemories"},{"floor":6,"key":"AttackPotion"},{"floor":8,"key":"Languid Potion"},{"floor":8,"key":"Weak Potion"},{"floor":11,"key":"DuplicationPotion"},{"floor":13,"key":"Doom Potion"},{"floor":21,"key":"CultistPotion"}],"is_trial":false,"path_per_floor":["M","M","M","?","M","E","$","?","T","M","M","?","M","$","R","B",null,"M","?","M","M","?","R","E"],"character_chosen":"THE_FORSAKEN","items_purchased":["Lee\u0027s Waffle","theForsaken:DefensiveStance"],"campfire_rested":2,"item_purchase_floors":[7,14],"current_hp_per_floor":[58,63,63,63,63,44,72,44,44,34,24,24,16,16,37,48,72,60,60,40,30,30,51,0,0],"gold":364,"neow_bonus":"RANDOM_COMMON_RELIC","is_daily":false,"chose_seed":false,"campfire_upgraded":0,"win_rate":0.0,"timestamp":1612870947,"path_taken":["M","M","M","?","?","E","$","?","T","?","M","?","M","$","R","BOSS","M","?","M","M","?","R","E"],"items_purchased_type":["Relic","Card"],"build_version":"2020-12-22","purchased_purges":0,"victory":false,"max_hp_per_floor":[65,65,65,65,65,65,72,72,72,72,72,72,72,72,72,72,72,72,72,72,73,73,73,73,73],"relic_stats":{"Lee\u0027s Waffle":28,"counters":[13,68],"Black Star":0,"obtain_stats":[{"Lee\u0027s Waffle":7,"Bromod:ArcaneDeflection":6,"CCEMRelics:Sandal":9,"ReplayTheSpireMod:TigerMarble":0,"Black Star":17,"theForsaken:JudgementScales":0},{"Lee\u0027s Waffle":5,"Bromod:ArcaneDeflection":5,"CCEMRelics:Sandal":5,"ReplayTheSpireMod:TigerMarble":0,"Black Star":9,"theForsaken:JudgementScales":0},{"Lee\u0027s Waffle":23,"Bromod:ArcaneDeflection":23,"CCEMRelics:Sandal":23,"ReplayTheSpireMod:TigerMarble":0,"Black Star":42,"theForsaken:JudgementScales":0}]},"card_choices":[{"not_picked":["theForsaken:PowerUp","theForsaken:CreepingInfection"],"picked":"theForsaken:PreciseStrike","floor":1},{"not_picked":["theForsaken:FatRoll","theForsaken:FuryStrikes"],"picked":"theForsaken:WardingHymn","floor":2},{"not_picked":["theForsaken:BlindFaith","theForsaken:HymnOfPatience"],"picked":"theForsaken:DivineGuidance","floor":3},{"not_picked":["theForsaken:HorrifyingStrike","theForsaken:Thunderbolt"],"picked":"theForsaken:RainingSunlight","floor":5},{"not_picked":["theForsaken:DesperatePlea","theForsaken:DarkBarrier"],"picked":"theForsaken:SpinAttack","floor":6},{"not_picked":["theForsaken:ShieldBash","theForsaken:ChargeAttack"],"picked":"theForsaken:Thunderbolt","floor":8},{"not_picked":["theForsaken:Parry","theForsaken:BlessedWeapon"],"picked":"theForsaken:BottledPlague","floor":10},{"not_picked":["theForsaken:CorruptDeck","theForsaken:NobleSacrifice"],"picked":"theForsaken:ShieldBash","floor":11},{"not_picked":["theForsaken:WordsOfPestilence","theForsaken:PanicDive"],"picked":"theForsaken:BountifulSunlight","floor":13},{"not_picked":["theForsaken:CorruptedForm","theForsaken:Horror"],"picked":"theForsaken:SpreadingPlague","floor":16},{"not_picked":["theForsaken:HealingLight","theForsaken:PanicDive"],"picked":"theForsaken:BattleHymn+1","floor":18},{"not_picked":["theForsaken:Thunderbolt","theForsaken:BindingThorns+1"],"picked":"theForsaken:BlightOfFamine","floor":20},{"not_picked":["theForsaken:BlightOfFamine","theForsaken:HorrifyingStrike"],"picked":"theForsaken:HymnOfRest","floor":21},{"not_picked":["theForsaken:LightRoll+1","theForsaken:BottledPlague+1"],"picked":"theForsaken:DarkBargain+1","floor":22},{"not_picked":["theForsaken:BlightOfFamine+1","theForsaken:WordsOfPestilence+1"],"picked":"theForsaken:Enfeeble+1","floor":22},{"not_picked":["theForsaken:SolarFlare+1","theForsaken:Devotion+1"],"picked":"theForsaken:WardingHymn+1","floor":22}],"player_experience":744215,"relics_obtained":[{"floor":6,"key":"Bromod:ArcaneDeflection"},{"floor":9,"key":"CCEMRelics:Sandal"}],"event_choices":[{"damage_healed":0,"gold_gain":0,"player_choice":"Forge","damage_taken":0,"max_hp_gain":0,"max_hp_loss":0,"event_name":"Accursed Blacksmith","floor":4,"gold_loss":0,"cards_upgraded":["theForsaken:Smite"]},{"damage_healed":0,"gold_gain":0,"player_choice":"Left","damage_taken":0,"max_hp_gain":0,"max_hp_loss":0,"event_name":"betterThird:BetterGoop","floor":12,"gold_loss":28},{"damage_healed":0,"gold_gain":275,"player_choice":"Desecrate","damage_taken":0,"max_hp_gain":0,"max_hp_loss":0,"event_name":"Golden Shrine","floor":19,"gold_loss":0,"cards_obtained":["Regret"]},{"damage_healed":0,"gold_gain":0,"player_choice":"3","damage_taken":0,"max_hp_gain":0,"max_hp_loss":0,"event_name":"betterMatch:BetterMatch","floor":22,"gold_loss":0,"cards_obtained":["betterMatch:UncommonCard"]}],"is_beta":false,"boss_relics":[{"not_picked":["Snecko Eye","hubris:CrackedHourglass"],"picked":"Black Star"}],"items_purged_floors":[],"is_endless":false,"potions_floor_spawned":[1,6,11,13,21],"killed_by":"Gremlin Leader","ascension_level":0}}