{"host":"5jyeqch4fosnsiz2","time":1612897613,"event":{"mods":["BaseMod","Bestiary","Colored Map","Colored Powertips","Filter the Spire","Minty Spire (QoL Compilation)","Relic Stats","StSLib","Waifu the Spire","ojb\u0027s Better Paths Mod","ojb\u0027s Info Mod"],"gold_per_floor":[112,112,112,122,72,105,121,147,147,147,164,180,4,16,16,114,114,126,144,69,79,79,79,89,89,134,134,134,17,35,48,48,149,149,162,182,196,23,23,23,23,23],"floor_reached":41,"language":"ENG","playtime":1891,"items_purged":["Carnage+1","Strike_R"],"score":430,"play_id":"4c2f267a-b4a7-49bd-bc7c-96c969948095","local_time":"20210209140653","is_ascension_mode":false,"campfire_choices":[{"data":"Armaments","floor":10,"key":"SMITH"},{"floor":15,"key":"REST"},{"data":"Body Slam","floor":23,"key":"SMITH"},{"data":"True Grit","floor":27,"key":"SMITH"},{"data":"Spot Weakness","floor":32,"key":"SMITH"},{"data":"Reaper","floor":40,"key":"SMITH"}],"circlet_count":0,"master_deck":["Strike_R","Defend_R","Bash","Cleave","Twin Strike","Armaments+1","Metallicize+1","Body Slam+1","True Grit+1","Metallicize+1","Reaper+1","Iron Wave+1","Rupture+1","Bloodletting","Shrug It Off","Shame","Spot Weakness+1","Shrug It Off","Combust+1","Berserk+1","CurseOfTheBell","Metallicize+1","Clash"],"relics":["Burning Blood","Magic Flower","Singing Bowl","Frozen Egg 2","HornCleat","Astrolabe","Bag of Marbles","Blue Candle","Toy Ornithopter","Calling Bell","Nunchaku","Matryoshka","Torii"],"acts_visited":["Exordium","TheCity","TheBeyond"],"potions_floor_usage":[8,12,16,16,24,30,31,35],"damage_taken":[{"damage":0,"enemies":"Small Slimes","floor":1,"turns":3},{"damage":14,"enemies":"Jaw Worm","floor":4,"turns":4},{"damage":30,"enemies":"3 Sentries","floor":6,"turns":7},{"damage":4,"enemies":"2 Louse","floor":7,"turns":2},{"damage":32,"enemies":"Lagavulin","floor":8,"turns":6},{"damage":0,"enemies":"2 Fungi Beasts","floor":11,"turns":4},{"damage":9,"enemies":"Exordium Thugs","floor":12,"turns":5},{"damage":0,"enemies":"Looter","floor":14,"turns":4},{"damage":7,"enemies":"The Guardian","floor":16,"turns":14},{"damage":1,"enemies":"Chosen","floor":18,"turns":7},{"damage":13,"enemies":"Shell Parasite","floor":19,"turns":8},{"damage":8,"enemies":"Snecko","floor":21,"turns":8},{"damage":30,"enemies":"Sentry and Sphere","floor":24,"turns":10},{"damage":41,"enemies":"3 Cultists","floor":30,"turns":7},{"damage":14,"enemies":"Snake Plant","floor":31,"turns":4},{"damage":30,"enemies":"Automaton","floor":33,"turns":11},{"damage":66,"enemies":"3 Darklings","floor":35,"turns":6},{"damage":19,"enemies":"3 Shapes","floor":36,"turns":9},{"damage":15,"enemies":"3 Darklings","floor":37,"turns":6},{"damage":111,"enemies":"Nemesis","floor":41,"turns":10}],"seed_played":"5274666865789100875","potions_obtained":[{"floor":4,"key":"SpeedPotion"},{"floor":8,"key":"DuplicationPotion"},{"floor":12,"key":"GamblersBrew"},{"floor":16,"key":"ElixirPotion"},{"floor":24,"key":"SkillPotion"},{"floor":30,"key":"DistilledChaos"},{"floor":33,"key":"ColorlessPotion"}],"is_trial":false,"path_per_floor":["M","?","?","M","?","E","M","E","T","R","M","M","$","M","R","B",null,"M","M","$","M","?","R","M","T","T","R","?","$","M","M","R","B",null,"M","M","M","$","?","R","E"],"character_chosen":"IRONCLAD","items_purchased":["True Grit","SkillPotion","Metallicize+1","Spot Weakness","Shrug It Off","Metallicize+1"],"campfire_rested":1,"item_purchase_floors":[13,13,13,29,29,38],"current_hp_per_floor":[65,58,55,50,50,31,36,13,13,13,24,24,24,35,60,62,86,88,84,84,88,88,88,71,71,71,71,53,53,61,66,66,45,97,53,69,103,103,103,103,0,0],"gold":23,"neow_bonus":"ONE_RARE_RELIC","is_daily":false,"chose_seed":false,"campfire_upgraded":5,"win_rate":0.0,"timestamp":1612897613,"path_taken":["M","?","?","M","?","E","M","E","T","R","M","M","$","M","R","BOSS","M","M","$","M","?","R","M","?","T","R","?","$","M","M","R","BOSS","M","M","M","$","?","R","E"],"items_purchased_type":["Card","Potion","Card","Card","Card","Card"],"build_version":"2020-12-22","purchased_purges":2,"victory":false,"max_hp_per_floor":[80,80,80,80,80,82,82,82,82,82,84,84,84,86,86,86,86,88,88,88,88,88,88,90,90,90,90,95,95,95,97,97,97,97,99,101,103,103,103,103,103,103],"relic_stats":{"Nunchaku":[3],"Singing Bowl":18,"Torii":5,"counters":[20,135],"Astrolabe":["Iron Wave","Rupture","Carnage"],"Blue Candle":[11],"Magic Flower":[87],"obtain_stats":[{"Singing Bowl":3,"Torii":34,"Astrolabe":17,"Blue Candle":25,"Magic Flower":0,"Frozen Egg 2":6,"Burning Blood":0,"Calling Bell":34,"Nunchaku":34,"HornCleat":8,"Matryoshka":34,"Bag of Marbles":22,"Toy Ornithopter":26},{"Singing Bowl":1,"Torii":16,"Astrolabe":9,"Blue Candle":13,"Magic Flower":0,"Frozen Egg 2":3,"Burning Blood":0,"Calling Bell":16,"Nunchaku":16,"HornCleat":5,"Matryoshka":16,"Bag of Marbles":12,"Toy Ornithopter":13},{"Singing Bowl":3,"Torii":104,"Astrolabe":49,"Blue Candle":82,"Magic Flower":0,"Frozen Egg 2":14,"Burning Blood":0,"Calling Bell":104,"Nunchaku":104,"HornCleat":22,"Matryoshka":104,"Bag of Marbles":72,"Toy Ornithopter":82}],"Burning Blood":160,"Toy Ornithopter":24},"card_choices":[{"not_picked":["Power Through","Clash"],"picked":"Cleave","floor":1},{"not_picked":["True Grit","Battle Trance"],"picked":"Twin Strike","floor":4},{"not_picked":["Bloodletting","Rampage","Thunderclap"],"picked":"Singing Bowl","floor":6},{"not_picked":["Perfected Strike","Heavy Blade"],"picked":"Armaments","floor":7},{"not_picked":["Combust+1","Fiend Fire"],"picked":"Metallicize+1","floor":8},{"not_picked":["Dark Embrace+1","Headbutt","Combust+1"],"picked":"Singing Bowl","floor":11},{"not_picked":["Whirlwind","Feel No Pain+1"],"picked":"Body Slam","floor":12},{"not_picked":["Perfected Strike","Body Slam","Cleave"],"picked":"Singing Bowl","floor":14},{"not_picked":["Offering","Impervious"],"picked":"Reaper","floor":16},{"not_picked":["Pummel","Reckless Charge","Warcry"],"picked":"Singing Bowl","floor":18},{"not_picked":["Sentinel","Ghostly Armor"],"picked":"Bloodletting","floor":19},{"not_picked":["Iron Wave","Twin Strike"],"picked":"Shrug It Off","floor":21},{"not_picked":["Cleave","Evolve+1","Pommel Strike"],"picked":"Singing Bowl","floor":24},{"not_picked":["Havoc+1","Perfected Strike"],"picked":"Combust+1","floor":30},{"not_picked":["Sword Boomerang","Pommel Strike","Whirlwind"],"picked":"Singing Bowl","floor":31},{"not_picked":["Brutality+1","Offering"],"picked":"Berserk+1","floor":33},{"not_picked":["Cleave+1","Iron Wave","Flex"],"picked":"Singing Bowl","floor":35},{"not_picked":["Searing Blow","Body Slam","Clash"],"picked":"Singing Bowl","floor":36},{"not_picked":["Rampage","True Grit","Cleave"],"picked":"Singing Bowl","floor":37}],"player_experience":389223,"relics_obtained":[{"floor":6,"key":"Frozen Egg 2"},{"floor":8,"key":"HornCleat"},{"floor":25,"key":"Blue Candle"},{"floor":26,"key":"Toy Ornithopter"},{"floor":34,"key":"Nunchaku"},{"floor":34,"key":"Matryoshka"},{"floor":34,"key":"Torii"}],"event_choices":[{"cards_removed":["Defend_R"],"damage_healed":0,"gold_gain":0,"player_choice":"Card Removal","damage_taken":7,"max_hp_gain":0,"max_hp_loss":0,"event_name":"Golden Wing","floor":2,"gold_loss":0},{"damage_healed":0,"gold_gain":0,"player_choice":"Success","damage_taken":3,"relics_obtained":["Singing Bowl"],"max_hp_gain":0,"max_hp_loss":0,"event_name":"Scrap Ooze","floor":3,"gold_loss":0},{"cards_removed":["Strike_R"],"damage_healed":0,"gold_gain":0,"player_choice":"Card Removal","damage_taken":0,"max_hp_gain":0,"max_hp_loss":0,"event_name":"The Cleric","floor":5,"gold_loss":50},{"damage_healed":0,"gold_gain":0,"player_choice":"Stole Relic","damage_taken":0,"relics_obtained":["Bag of Marbles"],"max_hp_gain":0,"max_hp_loss":0,"event_name":"Addict","floor":22,"gold_loss":0,"cards_obtained":["Shame"]},{"damage_healed":0,"gold_gain":0,"player_choice":"Shed Blood","damage_taken":23,"max_hp_gain":5,"max_hp_loss":0,"event_name":"Forgotten Altar","floor":28,"gold_loss":0},{"damage_healed":0,"gold_gain":0,"cards_transformed":["Defend_R"],"player_choice":"Transformed","damage_taken":0,"max_hp_gain":0,"max_hp_loss":0,"event_name":"Transmorgrifier","floor":39,"gold_loss":0,"cards_obtained":["Clash"]}],"is_beta":false,"boss_relics":[{"not_picked":["Philosopher\u0027s Stone","Runic Cube"],"picked":"Astrolabe"},{"not_picked":["Runic Pyramid","Busted Crown"],"picked":"Calling Bell"}],"items_purged_floors":[20,38],"is_endless":false,"potions_floor_spawned":[4,8,12,16,24,30,33],"killed_by":"Nemesis","ascension_level":0}}