{"host":"665g8wmplxs7g59h","time":1612879082,"event":{"mods":["AchievementEnabler","BaseMod","Colored Map","DeckTracker","Minty Spire (QoL Compilation)","Permanent Neow","SuperFastMode"],"gold_per_floor":[109,30,41,56,74,74,93,168,168,200,200,217,236,206,206,309,309,323,323,323,323,3,28,28,38,62,72,72,82,3,20,20,121,121,134,151,151,161,161,187,187,222,222,222,237,254,3,16,16,16,16,16,16,42,42],"floor_reached":56,"language":"KOR","playtime":3031,"items_purged":["Strike_R","Flex"],"score":1483,"play_id":"784bbeeb-0ad0-4b25-887e-73f5c9360c0c","local_time":"20210209225802","is_ascension_mode":false,"campfire_choices":[{"data":"Barricade","floor":6.0,"key":"SMITH"},{"data":"Entrench","floor":11.0,"key":"SMITH"},{"data":"Rampage","floor":15.0,"key":"SMITH"},{"data":"Entrench","floor":24,"key":"SMITH"},{"data":"Armaments","floor":32,"key":"SMITH"},{"floor":41,"key":"RECALL"},{"data":"True Grit","floor":44,"key":"SMITH"},{"data":"Offering","floor":49,"key":"SMITH"},{"data":"Shrug It Off","floor":52,"key":"SMITH"}],"circlet_count":0,"master_deck":["Strike_R","Strike_R","Defend_R","Defend_R","Defend_R","Defend_R","Barricade+1","Entrench+1","True Grit+1","Entrench+1","Shrug It Off+1","Rampage+1","Offering+1","CurseOfTheBell","Ghostly Armor","Armaments+1","Impervious","Ghostly","Ghostly","Ghostly","Ghostly","Ghostly","Body Slam+1","Fiend Fire","Impervious"],"relics":["Burning Blood","InkBottle","Question Card","Calling Bell","Bronze Scales","Frozen Egg 2","Pocketwatch","Bottled Tornado","Self Forming Clay","Sozu","Boot","Lantern","Darkstone Periapt","Oddly Smooth Stone","Ginger"],"acts_visited":["Exordium","TheCity","TheBeyond","TheEnding"],"potions_floor_usage":[46,50,55],"damage_taken":[{"damage":0.0,"enemies":"2 Louse","floor":1.0,"turns":3.0},{"damage":3.0,"enemies":"Small Slimes","floor":3.0,"turns":3.0},{"damage":1.0,"enemies":"Jaw Worm","floor":4.0,"turns":3.0},{"damage":8.0,"enemies":"3 Louse","floor":5.0,"turns":5.0},{"damage":6.0,"enemies":"Exordium Wildlife","floor":7.0,"turns":4.0},{"damage":10.0,"enemies":"3 Sentries","floor":10.0,"turns":16.0},{"damage":22.0,"enemies":"Large Slime","floor":12.0,"turns":20.0},{"damage":3.0,"enemies":"Blue Slaver","floor":13.0,"turns":9.0},{"damage":7.0,"enemies":"Looter","floor":14.0,"turns":4.0},{"damage":0.0,"enemies":"Slime Boss","floor":16.0,"turns":31.0},{"damage":37.0,"enemies":"3 Byrds","floor":18.0,"turns":5.0},{"damage":0.0,"enemies":"2 Thieves","floor":19.0,"turns":1.0},{"damage":18,"enemies":"Book of Stabbing","floor":23,"turns":8},{"damage":0,"enemies":"Snecko","floor":25,"turns":15},{"damage":6,"enemies":"3 Cultists","floor":27,"turns":9},{"damage":2,"enemies":"Shelled Parasite and Fungi","floor":29,"turns":8},{"damage":2,"enemies":"Centurion and Healer","floor":31,"turns":9},{"damage":6,"enemies":"Collector","floor":33,"turns":5},{"damage":0,"enemies":"Orb Walker","floor":35,"turns":3},{"damage":0,"enemies":"3 Shapes","floor":36,"turns":7},{"damage":0,"enemies":"Sphere and 2 Shapes","floor":38,"turns":4},{"damage":1,"enemies":"Reptomancer","floor":40,"turns":7},{"damage":0,"enemies":"Giant Head","floor":42,"turns":6},{"damage":0,"enemies":"Jaw Worm Horde","floor":45,"turns":5},{"damage":0,"enemies":"3 Darklings","floor":46,"turns":9},{"damage":6,"enemies":"Maw","floor":48,"turns":7},{"damage":6,"enemies":"Awakened One","floor":50,"turns":8},{"damage":3,"enemies":"Shield and Spear","floor":54,"turns":8},{"damage":7,"enemies":"The Heart","floor":55,"turns":8}],"seed_played":"3831073180166404856","potions_obtained":[{"floor":3.0,"key":"EntropicBrew"},{"floor":4.0,"key":"AttackPotion"},{"floor":5.0,"key":"Fire Potion"},{"floor":10.0,"key":"SkillPotion"},{"floor":27,"key":"Block Potion"}],"is_trial":false,"path_per_floor":["M","$","M","M","M","R","M","?","T","E","R","M","M","M","R","B",null,"M","M","?","?","$","E","R","M","T","M","?","M","$","M","R","B",null,"M","M","?","M","?","E","R","E","T","R","M","M","$","M","R","B",null,"R","$","E","B",null],"character_chosen":"IRONCLAD","items_purchased":["Entrench","Bottled Tornado","Fiend Fire","Oddly Smooth Stone"],"campfire_rested":0,"item_purchase_floors":[2,22,30,47],"current_hp_per_floor":[62,62,65,70,68,68,68,57,57,53,53,37,40,39,39,45,80,49,55,55,55,55,43,43,49,49,49,40,40,40,40,40,40,40,40,40,40,40,38,38,38,38,38,38,38,38,38,38,38,38,38,38,38,38,37],"gold":42,"neow_bonus":"TRANSFORM_TWO_CARDS","is_daily":false,"chose_seed":false,"campfire_upgraded":8,"win_rate":0.0,"timestamp":1612879082,"path_taken":["M","$","M","M","M","R","M","?","T","E","R","M","M","M","R","BOSS","M","M","?","?","$","E","R","M","T","?","?","M","$","M","R","BOSS","M","M","?","M","?","E","R","E","T","R","M","M","$","M","R","BOSS","R","$","E","BOSS"],"items_purchased_type":["Card","Relic","Card","Relic"],"build_version":"2020-12-22","purchased_purges":2,"victory":true,"max_hp_per_floor":[80,80,80,80,80,80,80,80,80,80,80,80,80,80,80,80,80,80,80,80,80,80,80,80,80,80,80,40,40,40,40,40,40,40,40,40,40,40,38,38,38,38,38,38,38,38,38,38,38,38,38,38,38,38,38],"card_choices":[{"not_picked":["Clothesline","Uppercut","Dual Wield"],"picked":"SKIP","floor":1.0},{"not_picked":["Carnage","Metallicize"],"picked":"True Grit","floor":3.0},{"not_picked":["Rage","Twin Strike"],"picked":"Entrench","floor":4.0},{"not_picked":["Iron Wave","Havoc","Clothesline"],"picked":"SKIP","floor":5.0},{"not_picked":["Wild Strike","Immolate"],"picked":"Shrug It Off","floor":7.0},{"not_picked":["Double Tap","Dropkick","Sever Soul"],"picked":"SKIP","floor":10.0},{"not_picked":["Flex","Clothesline","Fire Breathing","Reckless Charge"],"picked":"SKIP","floor":12.0},{"not_picked":["Carnage","Havoc","Sentinel","Wild Strike"],"picked":"SKIP","floor":13.0},{"not_picked":["Armaments","Bloodletting","True Grit"],"picked":"Rampage","floor":14.0},{"not_picked":["Limit Break","Bludgeon","Juggernaut"],"picked":"Offering","floor":16.0},{"not_picked":["Uppercut","Perfected Strike","Clash"],"picked":"Ghostly Armor","floor":18.0},{"not_picked":["Clothesline","Armaments","Feel No Pain+1"],"picked":"Impervious","floor":23},{"not_picked":["Metallicize+1","Sentinel","Heavy Blade","Headbutt"],"picked":"SKIP","floor":25},{"not_picked":["Clothesline+1","Wild Strike+1","Bloodletting","Rupture+1"],"picked":"SKIP","floor":27},{"not_picked":["Clash","True Grit","Pommel Strike"],"picked":"Body Slam+1","floor":29},{"not_picked":["Sentinel","Thunderclap","Heavy Blade","Twin Strike"],"picked":"SKIP","floor":31},{"not_picked":["Reaper","Barricade+1","Exhume"],"picked":"Impervious","floor":33},{"not_picked":["Evolve+1","Heavy Blade+1","True Grit+1","Spot Weakness"],"picked":"SKIP","floor":35},{"not_picked":["True Grit","Thunderclap","Havoc+1","Iron Wave"],"picked":"SKIP","floor":36},{"not_picked":["Dual Wield","Clothesline","Fiend Fire","Combust+1"],"picked":"SKIP","floor":38},{"not_picked":["Perfected Strike+1","Twin Strike+1","Pommel Strike+1","Flex+1"],"picked":"SKIP","floor":40},{"not_picked":["Anger","Armaments","Havoc","Clash+1"],"picked":"SKIP","floor":42},{"not_picked":["Sword Boomerang+1","Wild Strike+1","True Grit+1","Feel No Pain+1"],"picked":"SKIP","floor":45},{"not_picked":["Pommel Strike+1","Perfected Strike","Headbutt+1","Demon Form+1"],"picked":"SKIP","floor":46},{"not_picked":["Flame Barrier+1","Thunderclap+1","Sword Boomerang+1","Flex"],"picked":"SKIP","floor":48},{"not_picked":["Dropkick+1","Havoc+1","Heavy Blade+1","Headbutt"],"picked":"SKIP","floor":54}],"player_experience":78152,"relics_obtained":[{"floor":9.0,"key":"InkBottle"},{"floor":10.0,"key":"Question Card"},{"floor":17.0,"key":"Bronze Scales"},{"floor":17.0,"key":"Frozen Egg 2"},{"floor":17.0,"key":"Pocketwatch"},{"floor":23,"key":"Self Forming Clay"},{"floor":40,"key":"Boot"},{"floor":42,"key":"Lantern"},{"floor":43,"key":"Darkstone Periapt"},{"floor":54,"key":"Ginger"}],"event_choices":[{"damage_healed":0.0,"max_hp_gain":0.0,"max_hp_loss":0.0,"gold_gain":75.0,"event_name":"World of Goop","player_choice":"Gather Gold","floor":8.0,"gold_loss":0.0,"damage_taken":11.0},{"damage_healed":0.0,"max_hp_gain":0.0,"max_hp_loss":0.0,"gold_gain":0.0,"event_name":"The Mausoleum","player_choice":"Ignored","floor":20.0,"gold_loss":0.0,"damage_taken":0.0},{"damage_healed":0.0,"max_hp_gain":0.0,"max_hp_loss":0.0,"gold_gain":0.0,"event_name":"The Library","player_choice":"Read","floor":21.0,"gold_loss":0.0,"damage_taken":0.0,"cards_obtained":["Armaments"]},{"damage_healed":0,"gold_gain":0,"player_choice":"Became a Ghost","damage_taken":0,"max_hp_gain":0,"max_hp_loss":40,"event_name":"Ghosts","floor":28,"gold_loss":0,"cards_obtained":["Ghostly","Ghostly","Ghostly","Ghostly","Ghostly"]},{"cards_removed":["Strike_R"],"damage_healed":0,"gold_gain":0,"player_choice":"Removed Attack","damage_taken":0,"max_hp_gain":0,"max_hp_loss":0,"event_name":"Falling","floor":37,"gold_loss":0},{"damage_healed":0,"gold_gain":0,"player_choice":"Max HP","damage_taken":0,"max_hp_gain":0,"max_hp_loss":2,"event_name":"Winding Halls","floor":39,"gold_loss":0}],"is_beta":false,"boss_relics":[{"not_picked":["Philosopher\u0027s Stone","Coffee Dripper"],"picked":"Calling Bell"},{"not_picked":["Mark of Pain","Black Star"],"picked":"Sozu"}],"items_purged_floors":[22,47],"is_endless":false,"potions_floor_spawned":[3,4,5,10,13,16,27,29,31,36,38,54],"ascension_level":0}}