{"host":"50qwps766cbz6ukm","time":1612871625,"event":{"mods":["BaseMod","Colored Map","Colored Powertips","DeckTracker","Highlight Path","Minty Spire (QoL Compilation)","Quick Restart","Remove Card Discount Mod","StSLib","SuperFastMode","Synergy Search"],"gold_per_floor":[112,112,125,125,125,171,183,221,281,24,37,69,85,101,101,206,206,237,252,252,252,264,264,296,145,168,180,180,191,209,237,237,237,237],"floor_reached":33,"language":"ENG","playtime":692,"items_purged":["Strike_P","Strike_P","Strike_P","Defend_P","Defend_P","Defend_P","Defend_P","Strike_P"],"score":497,"play_id":"56a014fd-08b7-4f69-a928-c685263653b0","local_time":"20210209135345","is_ascension_mode":true,"campfire_choices":[{"data":"ForeignInfluence","floor":7,"key":"SMITH"},{"data":"Vigilance","floor":15,"key":"SMITH"},{"floor":23,"key":"REST"},{"floor":28,"key":"REST"},{"floor":32,"key":"REST"}],"circlet_count":0,"master_deck":["Eruption+1","Vigilance+1","ForeignInfluence+1","CarveReality","Consecrate+1","Alpha","FlurryOfBlows+1","TalkToTheHand+1","Establishment","MentalFortress"],"relics":["PureWater","NeowsBlessing","MawBank","Omamori","Lantern","MealTicket","Molten Egg 2","Eternal Feather","Black Star","StrikeDummy","Pear","Vajra","Juzu Bracelet","Red Mask"],"acts_visited":["Exordium","TheCity"],"potions_floor_usage":[33,33,33],"damage_taken":[{"damage":0,"enemies":"2 Louse","floor":1,"turns":2},{"damage":0,"enemies":"Jaw Worm","floor":3,"turns":1},{"damage":0,"enemies":"Gremlin Nob","floor":6,"turns":1},{"damage":17,"enemies":"Lagavulin","floor":8,"turns":6},{"damage":0,"enemies":"Cultist","floor":11,"turns":2},{"damage":0,"enemies":"3 Sentries","floor":12,"turns":1},{"damage":0,"enemies":"Exordium Wildlife","floor":13,"turns":1},{"damage":0,"enemies":"Blue Slaver","floor":14,"turns":1},{"damage":20,"enemies":"The Guardian","floor":16,"turns":4},{"damage":0,"enemies":"2 Thieves","floor":18,"turns":1},{"damage":28,"enemies":"Shell Parasite","floor":19,"turns":4},{"damage":0,"enemies":"Snecko","floor":22,"turns":2},{"damage":31,"enemies":"Slavers","floor":24,"turns":3},{"damage":12,"enemies":"3 Cultists","floor":27,"turns":3},{"damage":20,"enemies":"Snake Plant","floor":29,"turns":4},{"damage":0,"enemies":"Sentry and Sphere","floor":30,"turns":3},{"damage":18,"enemies":"Masked Bandits","floor":31,"turns":3},{"damage":51,"enemies":"Collector","floor":33,"turns":5}],"seed_played":"-7321638982154620351","potions_obtained":[{"floor":8,"key":"EssenceOfSteel"},{"floor":11,"key":"Regen Potion"},{"floor":12,"key":"EssenceOfSteel"},{"floor":29,"key":"Strength Potion"}],"is_trial":false,"path_per_floor":["M","?","M","?","?","E","R","E","T","$","M","E","M","M","R","B",null,"M","M","?","?","M","R","E","$","T","M","R","M","M","?","R","B"],"character_chosen":"WATCHER","items_purchased":["Molten Egg 2","Vajra"],"campfire_rested":3,"item_purchase_floors":[10,25],"current_hp_per_floor":[65,65,65,65,65,65,65,48,48,63,63,63,63,63,66,46,66,66,38,25,9,9,35,14,29,29,17,46,26,26,8,40,0,0],"gold":237,"neow_bonus":"THREE_ENEMY_KILL","is_daily":false,"chose_seed":false,"campfire_upgraded":2,"win_rate":0.0,"timestamp":1612871625,"path_taken":["M","?","M","?","?","E","R","E","T","$","?","E","M","M","R","BOSS","M","M","?","?","?","R","E","$","T","M","R","M","M","?","R","BOSS"],"items_purchased_type":["Relic","Relic"],"build_version":"2020-12-22","purchased_purges":8,"victory":false,"max_hp_per_floor":[72,72,72,72,72,72,72,72,72,72,72,72,72,72,72,72,72,72,72,77,77,77,77,87,87,87,87,87,87,87,87,87,87,87],"card_choices":[{"not_picked":["JustLucky","ThirdEye"],"picked":"BowlingBash","floor":1},{"not_picked":["ClearTheMind","CrushJoints","Vault"],"picked":"SKIP","floor":3},{"not_picked":["SashWhip","CrushJoints"],"picked":"ForeignInfluence","floor":6},{"not_picked":["ThirdEye","FlyingSleeves"],"picked":"CarveReality","floor":8},{"not_picked":["Prostrate","Nirvana"],"picked":"Consecrate+1","floor":11},{"not_picked":["BowlingBash+1","Evaluate","WaveOfTheHand"],"picked":"SKIP","floor":12},{"not_picked":["CrushJoints+1","WaveOfTheHand","Crescendo"],"picked":"SKIP","floor":13},{"not_picked":["Perseverance","Sanctity","Worship"],"picked":"SKIP","floor":14},{"not_picked":["Ragnarok+1","ConjureBlade"],"picked":"Alpha","floor":16},{"not_picked":["WindmillStrike+1","Crescendo+1","CrushJoints+1"],"picked":"SKIP","floor":18},{"not_picked":["Protect","Halt"],"picked":"FlurryOfBlows+1","floor":19},{"not_picked":["BowlingBash+1","Evaluate"],"picked":"TalkToTheHand+1","floor":22},{"not_picked":["WreathOfFlame","JustLucky+1"],"picked":"Establishment","floor":24},{"not_picked":["Crescendo+1","FollowUp+1","SashWhip+1"],"picked":"SKIP","floor":27},{"not_picked":["ReachHeaven+1","EmptyBody","CutThroughFate+1"],"picked":"SKIP","floor":29},{"not_picked":["CarveReality+1","FearNoEvil+1"],"picked":"MentalFortress","floor":30}],"player_experience":586254,"relics_obtained":[{"floor":6,"key":"Omamori"},{"floor":8,"key":"Lantern"},{"floor":9,"key":"MealTicket"},{"floor":12,"key":"Eternal Feather"},{"floor":24,"key":"StrikeDummy"},{"floor":24,"key":"Pear"},{"floor":26,"key":"Juzu Bracelet"},{"floor":31,"key":"Red Mask"}],"event_choices":[{"damage_healed":0,"gold_gain":0,"player_choice":"Grow","damage_taken":0,"max_hp_gain":0,"max_hp_loss":0,"event_name":"Living Wall","floor":2,"gold_loss":0,"cards_upgraded":["Eruption"]},{"damage_healed":0,"gold_gain":0,"player_choice":"Ignored","damage_taken":0,"max_hp_gain":0,"max_hp_loss":0,"event_name":"Golden Wing","floor":4,"gold_loss":0},{"cards_removed":["BowlingBash"],"damage_healed":0,"gold_gain":0,"player_choice":"Gave Card","damage_taken":0,"relics_obtained":["MawBank"],"max_hp_gain":0,"max_hp_loss":0,"event_name":"WeMeetAgain","floor":5,"gold_loss":0},{"damage_healed":0,"gold_gain":0,"player_choice":"Shed Blood","damage_taken":18,"max_hp_gain":5,"max_hp_loss":0,"event_name":"Forgotten Altar","floor":20,"gold_loss":0},{"damage_healed":0,"gold_gain":0,"player_choice":"Obtained Book","damage_taken":16,"max_hp_gain":0,"max_hp_loss":0,"event_name":"Cursed Tome","floor":21,"gold_loss":0},{"damage_healed":0,"gold_gain":0,"player_choice":"Fought Bandits","damage_taken":0,"max_hp_gain":0,"max_hp_loss":0,"event_name":"Masked Bandits","floor":31,"gold_loss":0}],"is_beta":false,"boss_relics":[{"not_picked":["Runic Pyramid","VioletLotus"],"picked":"Black Star"}],"items_purged_floors":[10,10,10,10,10,10,10,10],"is_endless":false,"potions_floor_spawned":[8,11,12,18,29],"killed_by":"Collector","ascension_level":8}}