{"host":"7wi4qgm5yw4j7oz0","time":1612888681,"event":{"mods":["AchievementEnabler","BaseMod","Block Reminder","Colored Map","Colored Powertips","Highlight Path","Minty Spire (QoL Compilation)","Permanent Neow","Random Character Button","Rare Cards Sparkle","StSLib","everything is the same but u backflip on backflip"],"gold_per_floor":[112,112,129,54,68,68,86,86,86],"floor_reached":8,"language":"KOR","playtime":327,"items_purged":["Strike_R"],"score":67,"play_id":"3433c839-552d-4e85-a79b-5c6b1d2b8058","local_time":"20210210013801","is_ascension_mode":true,"campfire_choices":[{"data":"Rampage","floor":6.0,"key":"SMITH"}],"circlet_count":0,"master_deck":["Strike_R","Strike_R","Strike_R","Defend_R","Defend_R","Defend_R","Defend_R","Bash","Rampage+1","Thunderclap","Evolve"],"relics":["Burning Blood"],"acts_visited":["Exordium"],"potions_floor_usage":[7],"damage_taken":[{"damage":16.0,"enemies":"Jaw Worm","floor":1.0,"turns":4.0},{"damage":13.0,"enemies":"Small Slimes","floor":3.0,"turns":4.0},{"damage":6.0,"enemies":"Cultist","floor":5.0,"turns":3.0},{"damage":7,"enemies":"Large Slime","floor":7,"turns":3},{"damage":55,"enemies":"3 Sentries","floor":8,"turns":8}],"seed_played":"-8595645110693334928","potions_obtained":[{"floor":5.0,"key":"DuplicationPotion"}],"is_trial":false,"path_per_floor":["M","?","M","$","M","R","M","E"],"character_chosen":"IRONCLAD","items_purchased":[],"campfire_rested":0,"item_purchase_floors":[],"current_hp_per_floor":[62,62,55,55,55,55,54,0,0],"gold":86,"neow_bonus":"REMOVE_CARD","is_daily":false,"chose_seed":false,"campfire_upgraded":1,"win_rate":0.0,"timestamp":1612888681,"path_taken":["M","?","M","$","M","R","M","E"],"items_purchased_type":[],"build_version":"2020-12-22","purchased_purges":1,"victory":false,"max_hp_per_floor":[80,80,80,80,80,80,80,80,80],"card_choices":[{"not_picked":["Warcry","Clothesline"],"picked":"Rampage","floor":1.0},{"not_picked":["Sever Soul","Sword Boomerang"],"picked":"Thunderclap","floor":3.0},{"not_picked":["Body Slam","Armaments","Anger"],"picked":"SKIP","floor":5.0},{"not_picked":["Clash","Iron Wave"],"picked":"Evolve","floor":7}],"player_experience":280980,"relics_obtained":[],"event_choices":[{"damage_healed":0.0,"max_hp_gain":0.0,"max_hp_loss":0.0,"gold_gain":0.0,"event_name":"Golden Idol","player_choice":"Ignored","floor":2.0,"gold_loss":0.0,"damage_taken":0.0}],"is_beta":false,"boss_relics":[],"items_purged_floors":[4],"is_endless":false,"potions_floor_spawned":[5],"killed_by":"3 Sentries","ascension_level":8}}