{"host":"5cnm2qapaqj5mmu7","time":1612886440,"event":{"mods":["BaseMod","Bestiary","Colored Map","Filter the Spire","Minty Spire (QoL Compilation)","StSLib"],"gold_per_floor":[116,134,134,145,164,164,191,191,191,223,223,223,247,197,197,323,323,311,7,7,7,106,106,106],"floor_reached":23,"language":"ENG","playtime":821,"items_purged":["Strike_B"],"score":266,"play_id":"68543cee-95b0-40dd-9db2-4963e7419d69","local_time":"20210209170040","is_ascension_mode":true,"campfire_choices":[{"data":"Streamline","floor":6.0,"key":"SMITH"},{"data":"Genetic Algorithm","floor":8.0,"key":"SMITH"},{"floor":12.0,"key":"REST"},{"floor":15.0,"key":"REST"}],"circlet_count":0,"master_deck":["Strike_B","Strike_B","Defend_B","Defend_B","Defend_B","Defend_B","Zap","Dualcast","Melter","Beam Cell","Streamline+1","Gash","Genetic Algorithm+1","Steam Power","Scrape","Machine Learning","Gash","Gash"],"relics":["SlaversCollar","Nunchaku","Ancient Tea Set","The Courier","Golden Idol","SacredBark","Blood Vial","Frozen Eye"],"acts_visited":["Exordium","TheCity"],"potions_floor_usage":[],"damage_taken":[{"damage":4.0,"enemies":"Jaw Worm","floor":1.0,"turns":4.0},{"damage":0.0,"enemies":"2 Louse","floor":2.0,"turns":3.0},{"damage":1.0,"enemies":"Cultist","floor":4.0,"turns":3.0},{"damage":12.0,"enemies":"3 Louse","floor":5.0,"turns":4.0},{"damage":15.0,"enemies":"Lagavulin","floor":7.0,"turns":5.0},{"damage":16.0,"enemies":"Gremlin Nob","floor":10.0,"turns":4.0},{"damage":13.0,"enemies":"Exordium Wildlife","floor":13.0,"turns":4.0},{"damage":11.0,"enemies":"Slime Boss","floor":16.0,"turns":5.0},{"damage":34,"enemies":"2 Thieves","floor":18,"turns":4},{"damage":51,"enemies":"Book of Stabbing","floor":23,"turns":4}],"seed_played":"3750726734102179369","potions_obtained":[{"floor":1.0,"key":"AttackPotion"},{"floor":5.0,"key":"BlessingOfTheForge"},{"floor":13.0,"key":"Strength Potion"}],"is_trial":false,"path_per_floor":["M","M","?","M","M","R","E","R","T","E","?","R","M","?","R","B",null,"M","$","?","$","?","E"],"character_chosen":"DEFECT","items_purchased":["Blood Vial","Frozen Eye"],"campfire_rested":2,"item_purchase_floors":[19,19],"current_hp_per_floor":[64,64,57,56,44,44,29,29,29,13,13,35,22,22,44,33,65,31,31,31,31,31,0,0],"gold":106,"neow_bonus":"BOSS_RELIC","is_daily":false,"chose_seed":false,"campfire_upgraded":2,"win_rate":0.0,"timestamp":1612886440,"path_taken":["M","M","?","M","M","R","E","R","T","E","?","R","M","?","R","BOSS","M","$","?","?","?","E"],"items_purchased_type":["Relic","Relic"],"build_version":"2020-12-22","purchased_purges":1,"victory":false,"max_hp_per_floor":[75,75,75,75,75,75,75,75,75,75,75,75,75,75,75,75,75,75,75,75,75,75,75,75],"card_choices":[{"not_picked":["Scrape","Turbo"],"picked":"Melter","floor":1.0},{"not_picked":["Aggregate","Hologram"],"picked":"Beam Cell","floor":2.0},{"not_picked":["Barrage","Redo"],"picked":"Streamline","floor":4.0},{"not_picked":["Beam Cell","Steam"],"picked":"Gash","floor":5.0},{"not_picked":["Streamline","Redo"],"picked":"Genetic Algorithm","floor":7.0},{"not_picked":["Redo","Turbo"],"picked":"Steam Power","floor":10.0},{"not_picked":["Turbo","Coolheaded"],"picked":"Scrape","floor":13.0},{"not_picked":["Biased Cognition","Multi-Cast"],"picked":"Machine Learning","floor":16.0},{"not_picked":["BootSequence","Cold Snap"],"picked":"Gash","floor":18}],"player_experience":587988,"relics_obtained":[{"floor":7.0,"key":"Nunchaku"},{"floor":9.0,"key":"Ancient Tea Set"},{"floor":10.0,"key":"The Courier"}],"event_choices":[{"cards_removed":["Strike_B"],"damage_healed":0.0,"max_hp_gain":0.0,"max_hp_loss":0.0,"gold_gain":0.0,"event_name":"Golden Wing","player_choice":"Card Removal","floor":3.0,"gold_loss":0.0,"damage_taken":7.0},{"damage_healed":0.0,"max_hp_gain":0.0,"max_hp_loss":0.0,"gold_gain":0.0,"event_name":"Golden Idol","player_choice":"Take Wound","floor":11.0,"gold_loss":0.0,"damage_taken":0.0,"relics_obtained":["Golden Idol"],"cards_obtained":["Injury"]},{"cards_removed":["Injury"],"damage_healed":0.0,"max_hp_gain":0.0,"max_hp_loss":0.0,"gold_gain":0.0,"event_name":"The Cleric","player_choice":"Card Removal","floor":14.0,"gold_loss":50.0,"damage_taken":0.0},{"damage_healed":0,"gold_gain":0,"player_choice":"Copied","damage_taken":0,"max_hp_gain":0,"max_hp_loss":0,"event_name":"Duplicator","floor":20,"gold_loss":0,"cards_obtained":["Gash"]},{"damage_healed":0,"gold_gain":99,"player_choice":"Stole From Cult","damage_taken":0,"max_hp_gain":0,"max_hp_loss":0,"event_name":"Nest","floor":22,"gold_loss":0}],"is_beta":false,"boss_relics":[{"not_picked":["Cursed Key","Inserter"],"picked":"SacredBark"}],"items_purged_floors":[19],"is_endless":false,"potions_floor_spawned":[1,5,13],"killed_by":"Book of Stabbing","ascension_level":7}}