{"host":"tetq3wi5anb97imq","time":1612829428,"event":{"mods":["BaseMod","Block Reminder","Minty Spire (QoL Compilation)","Quick Restart","StSLib","SuperFastMode"],"gold_per_floor":[118,133,203,278,144,172,172,207,207,177,212,224,241,259,259,334,334,347,359,379,304,319,319,651,670,670,670,701,716,716,716],"floor_reached":30,"language":"ENG","playtime":805,"items_purged":["Strike_G"],"score":734,"play_id":"c1d45bae-8ce4-4da4-98f5-76c5a3b8b91b","local_time":"20210208221028","is_ascension_mode":true,"campfire_choices":[{"data":"Noxious Fumes","floor":7.0,"key":"SMITH"},{"data":"Bouncing Flask","floor":15.0,"key":"SMITH"},{"floor":23.0,"key":"REST"},{"floor":27.0,"key":"REST"}],"circlet_count":0,"master_deck":["AscendersBane","Strike_G","Strike_G","Strike_G","Strike_G","Defend_G","Defend_G","Defend_G","Defend_G","Defend_G","Survivor","Neutralize","Flying Knee","Predator","Footwork","Trip","Noxious Fumes+1","Noxious Fumes","Poisoned Stab","Dash","Bouncing Flask+1","After Image","Wraith Form v2","Dodge and Roll","Dagger Throw","Noxious Fumes","Skewer","Leg Sweep","PiercingWail"],"relics":["Ring of the Snake","NeowsBlessing","Darkstone Periapt","Blue Candle","Ninja Scroll","Boot","Velvet Choker","Old Coin","Oddly Smooth Stone","TungstenRod"],"acts_visited":["Exordium","TheCity"],"potions_floor_usage":[30],"damage_taken":[{"damage":0.0,"enemies":"2 Louse","floor":1.0,"turns":1.0},{"damage":0.0,"enemies":"Jaw Worm","floor":2.0,"turns":1.0},{"damage":0.0,"enemies":"Lagavulin","floor":6.0,"turns":1.0},{"damage":25.0,"enemies":"Gremlin Nob","floor":8.0,"turns":4.0},{"damage":10.0,"enemies":"3 Sentries","floor":11.0,"turns":6.0},{"damage":0.0,"enemies":"Small Slimes","floor":12.0,"turns":2.0},{"damage":4.0,"enemies":"Blue Slaver","floor":13.0,"turns":3.0},{"damage":0.0,"enemies":"3 Louse","floor":14.0,"turns":4.0},{"damage":0.0,"enemies":"Hexaghost","floor":16.0,"turns":7.0},{"damage":16.0,"enemies":"Spheric Guardian","floor":18.0,"turns":6.0},{"damage":2.0,"enemies":"Chosen","floor":19.0,"turns":3.0},{"damage":20.0,"enemies":"Shelled Parasite and Fungi","floor":20.0,"turns":7.0},{"damage":0.0,"enemies":"Chosen and Byrds","floor":22.0,"turns":6.0},{"damage":15.0,"enemies":"Book of Stabbing","floor":24.0,"turns":6.0},{"damage":13.0,"enemies":"Cultist and Chosen","floor":25.0,"turns":5.0},{"damage":13.0,"enemies":"Gremlin Leader","floor":28.0,"turns":6.0},{"damage":1,"enemies":"Snake Plant","floor":29,"turns":5},{"damage":9,"enemies":"Slavers","floor":30,"turns":2}],"seed_played":"-7336291620537164762","potions_obtained":[{"floor":6.0,"key":"Fire Potion"},{"floor":10.0,"key":"Energy Potion"},{"floor":11.0,"key":"LiquidBronze"},{"floor":13.0,"key":"PowerPotion"},{"floor":16.0,"key":"BlessingOfTheForge"},{"floor":19.0,"key":"ColorlessPotion"},{"floor":25.0,"key":"Explosive Potion"},{"floor":29,"key":"Explosive Potion"}],"is_trial":false,"path_per_floor":["M","M","?","?","$","E","R","E","T","?","E","M","M","M","R","B",null,"M","M","M","$","M","R","E","M","T","R","E","M","E"],"character_chosen":"THE_SILENT","items_purchased":["Footwork","Trip"],"campfire_rested":2,"item_purchase_floors":[5,5],"current_hp_per_floor":[59,59,59,48,48,48,48,23,23,23,13,13,9,9,9,9,52,36,34,14,14,14,33,18,5,5,24,11,10,1,1],"gold":716,"neow_bonus":"THREE_ENEMY_KILL","is_daily":false,"chose_seed":false,"campfire_upgraded":2,"win_rate":0.0,"timestamp":1612829428,"path_taken":["M","M","?","?","?","E","R","E","T","?","E","M","M","M","R","BOSS","M","M","M","$","?","R","E","M","T","R","E","M","E"],"items_purchased_type":["Card","Card"],"build_version":"2020-12-22","purchased_purges":1,"victory":false,"max_hp_per_floor":[66,66,66,66,66,66,66,66,66,66,66,66,66,66,66,66,66,66,66,66,66,66,66,66,66,66,66,66,66,66,66],"card_choices":[{"not_picked":["Quick Slash","Eviscerate"],"picked":"Flying Knee","floor":1.0},{"not_picked":["Dagger Spray","Blur"],"picked":"Predator","floor":2.0},{"not_picked":["Setup","Flying Knee"],"picked":"Noxious Fumes","floor":6.0},{"not_picked":["Infinite Blades","Deadly Poison"],"picked":"Noxious Fumes","floor":8.0},{"not_picked":["Bane","Acrobatics"],"picked":"Poisoned Stab","floor":11.0},{"not_picked":["Dagger Spray","Dodge and Roll"],"picked":"Dash","floor":12.0},{"not_picked":["Reflex","Flying Knee"],"picked":"Bouncing Flask","floor":13.0},{"not_picked":["Caltrops","Dagger Spray"],"picked":"After Image","floor":14.0},{"not_picked":["Grand Finale","Tools of the Trade"],"picked":"Wraith Form v2","floor":16.0},{"not_picked":["Dagger Spray","Sucker Punch"],"picked":"Dodge and Roll","floor":18.0},{"not_picked":["Blade Dance","Outmaneuver"],"picked":"Dagger Throw","floor":19.0},{"not_picked":["Dagger Spray","Flying Knee"],"picked":"Noxious Fumes","floor":20.0},{"not_picked":["Deflect","Slice","Poisoned Stab"],"picked":"SKIP","floor":22.0},{"not_picked":["Dagger Throw","Dodge and Roll"],"picked":"Skewer","floor":24.0},{"not_picked":["Prepared","Storm of Steel"],"picked":"Leg Sweep","floor":25.0},{"not_picked":["Escape Plan","Sucker Punch","Underhanded Strike"],"picked":"SKIP","floor":28},{"not_picked":["Deflect","Sucker Punch"],"picked":"PiercingWail","floor":29}],"player_experience":1659611,"relics_obtained":[{"floor":6.0,"key":"Darkstone Periapt"},{"floor":8.0,"key":"Blue Candle"},{"floor":9.0,"key":"Ninja Scroll"},{"floor":11.0,"key":"Boot"},{"floor":24.0,"key":"Old Coin"},{"floor":26.0,"key":"Oddly Smooth Stone"},{"floor":28,"key":"TungstenRod"}],"event_choices":[{"damage_healed":0.0,"max_hp_gain":0.0,"max_hp_loss":0.0,"gold_gain":70.0,"event_name":"Golden Wing","player_choice":"Gained Gold","floor":3.0,"gold_loss":0.0,"damage_taken":0.0},{"damage_healed":0.0,"max_hp_gain":0.0,"max_hp_loss":0.0,"gold_gain":75.0,"event_name":"World of Goop","player_choice":"Gather Gold","floor":4.0,"gold_loss":0.0,"damage_taken":11.0},{"damage_healed":0.0,"max_hp_gain":0.0,"max_hp_loss":0.0,"gold_gain":0.0,"event_name":"The Woman in Blue","player_choice":"Bought 2 Potions","floor":10.0,"gold_loss":0.0,"damage_taken":0.0}],"is_beta":false,"boss_relics":[{"not_picked":["Coffee Dripper","Fusion Hammer"],"picked":"Velvet Choker"}],"items_purged_floors":[21],"is_endless":false,"potions_floor_spawned":[6,11,13,16,19,25,29],"killed_by":"Slavers","ascension_level":20}}