{"host":"nwjx7hbomubpmo86","time":1612897722,"event":{"mods":["AchievementEnabler","BaseMod","Better Note","Better Third Choice","Downfall","Hubris","Minty Spire (QoL Compilation)","Replay The Spire","StSLib","The Death Knight","slay the spire mod where everything is the same but ironclad has a cowboy hat"],"gold_per_floor":[99,99,109,120,120,148,148,148,161,178,138,47,60,95,107,202,202,256,19,36,45,45,145,145,210,244,294,294,344,344,394,427,536,536,495,521,10,60,12,39,39,58,58,103,127,173,173,223,263,281],"floor_reached":51,"language":"ENG","playtime":3403,"items_purged":["hexamod:Strike"],"score":931,"play_id":"06edfd37-864a-4d3c-bb37-5c7a3628fb4e","local_time":"20210209200842","is_ascension_mode":true,"campfire_choices":[{"data":"hexamod:Sear","floor":1.0,"key":"SMITH"},{"floor":28.0,"key":"REST"},{"floor":30.0,"key":"RECALL"},{"floor":43.0,"key":"REST"},{"floor":47.0,"key":"REST"}],"circlet_count":0,"master_deck":["hexamod:Strike+1","hexamod:Strike","hexamod:Defend+1","hexamod:Defend","hexamod:Defend+1","hexamod:Defend","hexamod:Sear+1","hexamod:Float","hexamod:FlamesFromBeyond+1","hexamod:AdvancingGuard","hexamod:BurningTouch","hexamod:FourthSeal","hexamod:NightmareStrike","hexamod:FirstSeal","hexamod:NightmareStrike","hexamod:ExtraCrispy","hexamod:SearingWound+1","hexamod:SoulSteal","hexamod:RadiantFlame","hexamod:SearingWound+1","hexamod:SuperheatedStrike+1","hexamod:PhantomFireball","hexamod:AdvancingGuard","hexamod:RecurringNightmare","hexamod:NightmareStrike+1","hexamod:ThirdSeal","hexamod:RadiantFlame","hexamod:RecurringNightmare","hexamod:DynamicBlow+1","hexamod:SuperheatedStrike+1","hexamod:NightmareStrike","hexamod:UnlimitedPower+1","hexamod:Haunt+1","hexamod:HeatMetal+1","hexamod:GhostLash","hexamod:SpectersWail","hexamod:FifthSeal","hexamod:SuperheatedStrike","hexamod:UnlimitedPower","hexamod:WildfireWeapon","hexamod:SixthSeal","hexamod:ThirdSeal","hexamod:SpectersWail","expansioncontent:Chronoboost","hexamod:SpectralAdrenaline+1","hexamod:RainOfEmbers","hexamod:BurningTouch","hexamod:AdvancingGuard","hexamod:EmpoweredFlame+1","hexamod:SixthSeal","hexamod:BurningTouch+1","hexamod:Rewind+1","hexamod:SixthSeal","hexamod:ShieldOfDarkness+1","hexamod:FirstSeal","hexamod:ChargedBarrage","hexamod:HeatShield+1","hexamod:RecurringNightmare","hexamod:AdvancingGuard+1"],"relics":["hexamod:SpiritBrand","hubris:Icosahedron","hubris:BundleOfHerbs","Bag of Preparation","Torii","Fusion Hammer","Guide Book","Whetstone","downfall:CloakOfManyFaces","CultistMask","FaceOfCleric","NlothsMask","GremlinMask","SsserpentHead","Replay:Bandana","Art of War","hubris:TerracottaHorce","downfall:HeartBlessingRed","Kunai","hubris:Towel","Bird Faced Urn","hexamod:InflammatoryLetter","DeathKnight:SindragosasSkull"],"acts_visited":["Exordium","TheCity","TheBeyond"],"potions_floor_usage":[49,49,50],"damage_taken":[{"damage":0.0,"enemies":"2 Louse","floor":3.0,"turns":4.0},{"damage":12.0,"enemies":"Jaw Worm","floor":4.0,"turns":3.0},{"damage":13.0,"enemies":"Lagavulin","floor":6.0,"turns":6.0},{"damage":0.0,"enemies":"Cultist","floor":9.0,"turns":3.0},{"damage":0.0,"enemies":"Blue Slaver","floor":10.0,"turns":4.0},{"damage":13.0,"enemies":"Lots of Slimes","floor":11.0,"turns":5.0},{"damage":0.0,"enemies":"downfall:FleeingMerchant","floor":12.0,"turns":4.0},{"damage":0.0,"enemies":"Large Slime","floor":13.0,"turns":3.0},{"damage":6.0,"enemies":"Gremlin Nob","floor":14.0,"turns":3.0},{"damage":8.0,"enemies":"Exordium Wildlife","floor":15.0,"turns":3.0},{"damage":9.0,"enemies":"IC_STATUS_ARCHETYPE","floor":16.0,"turns":5.0},{"damage":13.0,"enemies":"downfall:FleeingMerchant","floor":19.0,"turns":4.0},{"damage":7.0,"enemies":"Chosen","floor":20.0,"turns":3.0},{"damage":2.0,"enemies":"downfall:FleeingMerchant","floor":21.0,"turns":3.0},{"damage":1.0,"enemies":"downfall:FaceTrader","floor":23.0,"turns":5.0},{"damage":1.0,"enemies":"Spheric Guardian","floor":25.0,"turns":4.0},{"damage":16.0,"enemies":"Book of Stabbing","floor":26.0,"turns":4.0},{"damage":9.0,"enemies":"Centurion and Healer","floor":32.0,"turns":2.0},{"damage":45.0,"enemies":"DF_ARCHETYPE_CLAW","floor":33.0,"turns":6.0},{"damage":1.0,"enemies":"3 Darklings","floor":36.0,"turns":3.0},{"damage":18.0,"enemies":"3 Shapes","floor":40.0,"turns":5.0},{"damage":27.0,"enemies":"Transient","floor":42.0,"turns":5.0},{"damage":1.0,"enemies":"Nemesis","floor":44.0,"turns":3.0},{"damage":18.0,"enemies":"Spire Growth","floor":45.0,"turns":3.0},{"damage":79.0,"enemies":"Giant Head","floor":46.0,"turns":8.0},{"damage":19,"enemies":"Jaw Worm Horde","floor":49,"turns":5},{"damage":60,"enemies":"WA_ARCHETYPE_DIVINITY","floor":50,"turns":8}],"seed_played":"8855508066621286408","potions_obtained":[{"floor":9.0,"key":"Venom Potion"},{"floor":10.0,"key":"SkillPotion"},{"floor":11.0,"key":"EntropicBrew"},{"floor":13.0,"key":"Regen Potion"},{"floor":13.0,"key":"DistilledChaos"},{"floor":14.0,"key":"Elixir"},{"floor":15.0,"key":"Block Potion"},{"floor":16.0,"key":"Death Potion"},{"floor":16.0,"key":"hexamod:SoulburnPotion"},{"floor":19.0,"key":"Adrenaline Potion"},{"floor":20.0,"key":"Energy Potion"},{"floor":21.0,"key":"DistilledChaos"},{"floor":23.0,"key":"hexamod:SoulburnPotion"},{"floor":25.0,"key":"Toxic Potion"},{"floor":26.0,"key":"Toxic Potion"},{"floor":32.0,"key":"PowerPotion"},{"floor":33.0,"key":"DistilledChaos"},{"floor":36.0,"key":"GamblersBrew"},{"floor":44.0,"key":"Toxic Potion"},{"floor":46.0,"key":"Swift Potion"},{"floor":46.0,"key":"DuplicationPotion"},{"floor":49,"key":"LiquidBronze"}],"is_trial":false,"path_per_floor":["R","?","M","M","?","E","T","?","M","M","M","$","M","E","M","B",null,"R","$","M","$","T","?","T","M","E","?","R","T","R","?","M","B",null,"R","M","$","?","$","M","T","M","R","E","M","E","R","?","M","B",null],"character_chosen":"THE_SPIRIT","items_purchased":["hexamod:ExtraCrispy","hexamod:PhantomFireball","hexamod:AdvancingGuard","hexamod:RecurringNightmare","hexamod:NightmareStrike","hexamod:DynamicBlow+1","hexamod:SuperheatedStrike","Guide Book","Kunai","hexamod:SpectersWail","expansioncontent:Chronoboost","hexamod:SpectralAdrenaline","hexamod:RainOfEmbers","hexamod:BurningTouch"],"campfire_rested":3,"item_purchase_floors":[12,19,19,19,19,21,21,21,37,37,37,37,37,39],"current_hp_per_floor":[70,70,70,58,58,45,45,45,45,45,32,39,46,59,58,56,70,70,64,64,69,69,70,70,71,63,63,72,72,72,72,64,27,62,62,62,62,62,62,67,67,73,77,78,65,36,60,60,63,32],"gold":281,"neow_bonus":"RANDOM_COMMON_RELIC","is_daily":false,"chose_seed":false,"campfire_upgraded":1,"win_rate":0.0,"timestamp":1612897722,"path_taken":["R","?","M","M","?","E","T","?","M","M","M","$","M","E","M","BOSS","R","$","M","$","?","?","T","?","E","?","R","?","R","?","M","BOSS","R","M","$","?","$","M","T","M","R","E","M","E","R","?","M","BOSS"],"items_purchased_type":["Card","Card","Card","Card","Card","Card","Card","Relic","Relic","Card","Card","Card","Card","Card"],"build_version":"2020-12-22","purchased_purges":1,"victory":true,"max_hp_per_floor":[70,70,70,70,70,70,70,70,70,70,70,70,70,70,70,70,70,70,70,70,70,70,70,70,71,72,72,72,72,72,72,73,74,74,74,75,75,75,75,76,76,77,77,78,79,80,80,80,81,82],"card_choices":[{"not_picked":["hexamod:FastForward","hexamod:ThermalTransfer"],"picked":"hexamod:FlamesFromBeyond","floor":3.0},{"not_picked":["hexamod:HauntingEcho","hexamod:SwordOfDarkness"],"picked":"hexamod:AdvancingGuard","floor":4.0},{"not_picked":["hexamod:GhostOfSpireFuture","hexamod:ExtraCrispy"],"picked":"hexamod:BurningTouch","floor":6.0},{"not_picked":["hexamod:Again","hexamod:BacktrackSmack"],"picked":"hexamod:FourthSeal","floor":9.0},{"not_picked":["hexamod:SpectralAdrenaline","hexamod:FastForward"],"picked":"hexamod:NightmareStrike","floor":10.0},{"not_picked":["hexamod:AdvancingGuard","hexamod:HeatMetal"],"picked":"hexamod:FirstSeal","floor":11.0},{"not_picked":["hexamod:Rewind","hexamod:NecessarySacrifice"],"picked":"hexamod:NightmareStrike","floor":12.0},{"not_picked":["hexamod:SpectersWail","hexamod:BacktrackSmack"],"picked":"hexamod:SearingWound","floor":13.0},{"not_picked":["hexamod:GhostLash","hexamod:Firestarter"],"picked":"hexamod:SoulSteal","floor":14.0},{"not_picked":["hexamod:Firestarter","hexamod:SwordOfDarkness"],"picked":"hexamod:RadiantFlame","floor":15.0},{"not_picked":["hexamod:ApocalypticArmor","hexamod:UnleashSpirits"],"picked":"hexamod:SearingWound","floor":16.0},{"not_picked":["hexamod:FastForward+1","hexamod:HauntingEcho"],"picked":"hexamod:SuperheatedStrike","floor":19.0},{"not_picked":["hexamod:AdvancingGuard","hexamod:ShieldOfDarkness+1"],"picked":"hexamod:ThirdSeal","floor":20.0},{"not_picked":["hexamod:Incineration","hexamod:BacktrackSmack"],"picked":"hexamod:RadiantFlame","floor":21.0},{"not_picked":["hexamod:SecondSeal","hexamod:HauntingEcho"],"picked":"hexamod:RecurringNightmare","floor":21.0},{"not_picked":["hexamod:SpectersWail","hexamod:ShieldOfDarkness"],"picked":"hexamod:NightmareStrike","floor":23.0},{"not_picked":["hexamod:HeatShield+1","hexamod:ThermalTransfer"],"picked":"hexamod:UnlimitedPower","floor":23.0},{"not_picked":["hexamod:SecondSeal","hexamod:HeatShield+1"],"picked":"hexamod:Haunt","floor":25.0},{"not_picked":["hexamod:BurningTouch+1","hexamod:NecessarySacrifice"],"picked":"hexamod:HeatMetal+1","floor":25.0},{"not_picked":["hexamod:NightmareGuise","hexamod:PhantomFireball"],"picked":"hexamod:GhostLash","floor":26.0},{"not_picked":["hexamod:GhostflameInferno","hexamod:Hexaguard"],"picked":"hexamod:SpectersWail","floor":26.0},{"not_picked":["hexamod:Firestarter","hexamod:SwordOfDarkness"],"picked":"hexamod:SuperheatedStrike","floor":32.0},{"not_picked":["hexamod:GhostOfSpirePresent","hexamod:ApocalypseNow"],"picked":"hexamod:UnlimitedPower","floor":33.0},{"not_picked":["hexamod:GhostOfSpirePresent","hexamod:UnlimitedPower"],"picked":"hexamod:WildfireWeapon","floor":33.0},{"not_picked":["hexamod:SecondSeal","hexamod:FirstSeal"],"picked":"hexamod:SixthSeal","floor":36.0},{"not_picked":["hexamod:BacktrackSmack+1","hexamod:SpectersWail"],"picked":"hexamod:ThirdSeal","floor":36.0},{"not_picked":["hexamod:NightmareStrike","hexamod:InspiringFlames+1"],"picked":"hexamod:AdvancingGuard","floor":40.0},{"not_picked":["hexamod:HeatShield","hexamod:HauntingEcho"],"picked":"hexamod:EmpoweredFlame+1","floor":40.0},{"not_picked":["hexamod:FirstSeal","hexamod:ThirdSeal"],"picked":"hexamod:SixthSeal","floor":42.0},{"not_picked":["hexamod:Firestarter+1","hexamod:HauntingEcho+1"],"picked":"hexamod:BurningTouch+1","floor":42.0},{"not_picked":["hexamod:ShieldOfDarkness+1","hexamod:BacktrackSmack"],"picked":"hexamod:Rewind+1","floor":42.0},{"not_picked":["hexamod:SecondSeal","hexamod:ThirdSeal"],"picked":"hexamod:SixthSeal","floor":44.0},{"not_picked":["hexamod:AdvancingGuard","hexamod:NightmareStrike+1"],"picked":"hexamod:ShieldOfDarkness+1","floor":44.0},{"not_picked":["hexamod:PowerFromBeyond+1","hexamod:SpectersWail"],"picked":"hexamod:FirstSeal","floor":45.0},{"not_picked":["hexamod:Firestarter+1","hexamod:SkipABeat"],"picked":"hexamod:ChargedBarrage","floor":46.0},{"not_picked":["hexamod:BurningTouch","hexamod:GhostOfSpirePast"],"picked":"hexamod:HeatShield+1","floor":46.0},{"not_picked":["hexamod:Firestarter+1","hexamod:Hexaguard"],"picked":"hexamod:RecurringNightmare","floor":49},{"not_picked":["hexamod:Firestarter+1","hexamod:InspiringFlames+1"],"picked":"hexamod:AdvancingGuard+1","floor":49}],"player_experience":549330,"relics_obtained":[{"floor":6.0,"key":"hubris:BundleOfHerbs"},{"floor":7.0,"key":"Bag of Preparation"},{"floor":14.0,"key":"Torii"},{"floor":22.0,"key":"Whetstone"},{"floor":23.0,"key":"downfall:CloakOfManyFaces"},{"floor":26.0,"key":"Replay:Bandana"},{"floor":29.0,"key":"Art of War"},{"floor":41.0,"key":"Bird Faced Urn"},{"floor":44.0,"key":"hexamod:InflammatoryLetter"},{"floor":46.0,"key":"DeathKnight:SindragosasSkull"}],"event_choices":[{"damage_healed":0,"gold_gain":0,"player_choice":"Ignored","damage_taken":0,"max_hp_gain":0,"max_hp_loss":0,"event_name":"Mysterious Sphere","floor":48,"gold_loss":0}],"is_beta":false,"boss_relics":[{"not_picked":["hubris:Stopwatch","Kintsugi"],"picked":"Fusion Hammer"},{"not_picked":["Ring of Chaos","Pandora\u0027s Box"],"picked":"hubris:TerracottaHorce"}],"items_purged_floors":[21],"is_endless":false,"potions_floor_spawned":[9,11,13,16,23,26,32,33,36,44,46],"ascension_level":2}}