{"host":"s24sb66hw4a4sfft","time":1612889636,"event":{"mods":["AchievementEnabler","BaseMod","Colored Map","Colored Powertips","Googly Eyes","Hermit","Hubris","Minty Spire (QoL Compilation)","Quick Restart","Shop Mod","StSLib"],"gold_per_floor":[109,127,127,127,138,170,170,182,208,208,208,208],"floor_reached":11,"language":"ENG","playtime":334,"items_purged":[],"score":73,"play_id":"14e49972-cd6a-4c95-b97d-45fbb9c60298","local_time":"20210209115356","is_ascension_mode":false,"campfire_choices":[{"floor":7,"key":"REST"},{"data":"hermit:Ricochet","floor":10,"key":"SMITH"}],"circlet_count":0,"master_deck":["hermit:Strike_Hermit","hermit:Strike_Hermit","hermit:Strike_Hermit","hermit:Defend_Hermit","hermit:Defend_Hermit","hermit:Defend_Hermit","hermit:Defend_Hermit","hermit:Snapshot+1","hermit:Covet","hermit:Purgatory","hermit:Ricochet+1"],"relics":["hermit:Momento","CeramicFish","Orichalcum"],"acts_visited":["Exordium"],"potions_floor_usage":[11],"damage_taken":[{"damage":30,"enemies":"Cultist","floor":1,"turns":2},{"damage":6,"enemies":"Jaw Worm","floor":2,"turns":5},{"damage":3,"enemies":"Small Slimes","floor":5,"turns":3},{"damage":30,"enemies":"Lagavulin","floor":6,"turns":6},{"damage":1,"enemies":"Exordium Wildlife","floor":8,"turns":3},{"damage":17,"enemies":"3 Sentries","floor":11,"turns":3}],"seed_played":"-9059120519137639379","potions_obtained":[{"floor":5,"key":"Energy Potion"},{"floor":6,"key":"ColorlessPotion"},{"floor":8,"key":"Ancient Potion"}],"is_trial":false,"path_per_floor":["M","M","?","?","M","E","R","M","T","R","E"],"character_chosen":"HERMIT","items_purchased":[],"campfire_rested":1,"item_purchase_floors":[],"current_hp_per_floor":[45,39,39,39,36,6,28,27,27,27,10,10],"gold":208,"neow_bonus":"ONE_RANDOM_RARE_CARD","is_daily":false,"chose_seed":false,"campfire_upgraded":1,"win_rate":0.0,"timestamp":1612889636,"path_taken":["M","M","?","?","M","E","R","M","T","R","E"],"items_purchased_type":[],"build_version":"2020-12-22","purchased_purges":0,"victory":false,"max_hp_per_floor":[75,75,75,75,75,75,75,75,75,75,75,75],"card_choices":[{"not_picked":["hermit:SprayPray","hermit:Combo","hermit:CalledShot"],"picked":"SKIP","floor":1},{"not_picked":["hermit:Desperado","hermit:HoleUp","hermit:Virtue"],"picked":"SKIP","floor":2},{"not_picked":["hermit:Desperado","hermit:ShadowCloak"],"picked":"hermit:Ricochet","floor":5},{"not_picked":["hermit:CalledShot","hermit:Snipe","hermit:Desperado"],"picked":"SKIP","floor":6},{"not_picked":["hermit:Snipe","hermit:LoneWolf","hermit:Misfire"],"picked":"SKIP","floor":8}],"player_experience":593813,"relics_obtained":[{"floor":6,"key":"CeramicFish"},{"floor":9,"key":"Orichalcum"}],"event_choices":[{"damage_healed":0,"gold_gain":0,"player_choice":"Grow","damage_taken":0,"max_hp_gain":0,"max_hp_loss":0,"event_name":"Living Wall","floor":3,"gold_loss":0,"cards_upgraded":["hermit:Snapshot"]},{"cards_removed":["hermit:Strike_Hermit"],"damage_healed":0,"gold_gain":0,"player_choice":"Purged","damage_taken":0,"max_hp_gain":0,"max_hp_loss":0,"event_name":"Purifier","floor":4,"gold_loss":0}],"is_beta":false,"boss_relics":[],"items_purged_floors":[],"is_endless":false,"potions_floor_spawned":[5,6,8],"killed_by":"3 Sentries","ascension_level":0}}