{"host":"l15sdf2mmi0nobpi","time":1612855938,"event":{"mods":["ATMod(°¢èªMod)","BaseMod","Highlight Path","Minty Spire (QoL Compilation)","Quick Restart","StSLib","The Runesmith","¡¾¹¦ÄÜMod¡¿Neow½±Àø"],"gold_per_floor":[118,45,220,33,33,33,77,77,126,140,140,175,200,200,200,330,330,348,348,177,193,212,246,264,283,283,322,347,387,312,351,351,470,470,484,759,709,283,298,339,339,382,427,427,452,492,512,537,537,537,537,537,151,192,192],"floor_reached":56,"language":"ZHS","playtime":3265,"items_purged":["Doubt","Runesmith:Strike_RS","Regret","Runesmith:Defend_RS","Runesmith:Defend_RS"],"score":1768,"play_id":"ea02b560-3b5b-432e-b665-44271c6df714","local_time":"20210209153218","is_ascension_mode":true,"campfire_choices":[{"data":"AT_OneInchPunch","floor":6.0,"key":"SMITH"},{"data":"Runesmith:Reinforce","floor":8.0,"key":"SMITH"},{"data":"Runesmith:BackupBattery","floor":11.0,"key":"SMITH"},{"data":"Runesmith:Permafrost","floor":15.0,"key":"SMITH"},{"floor":32.0,"key":"RECALL"},{"data":"Runesmith:CraftFirestone","floor":41.0,"key":"PURGE"},{"data":"Runesmith:LightningRod","floor":44.0,"key":"PURGE"},{"data":"Runesmith:Defend_RS","floor":49,"key":"PURGE"},{"data":"Runesmith:Defend_RS","floor":52,"key":"PURGE"}],"circlet_count":0,"master_deck":["Runesmith:Fortify","AT_OneInchPunch+1","Runesmith:CraftMagma","Runesmith:Permafrost+1","Runesmith:Reinforce+1","Runesmith:Firestorm","Runesmith:BackupBattery+1","Runesmith:Repurpose","Runesmith:CraftIndustria","Runesmith:Terraform+1","Runesmith:ArcReactor","Runesmith:LithiumIon","Runesmith:Retool+1","Runesmith:Prism","Runesmith:CraftProtectio+1","Runesmith:UnlimitedPower","Runesmith:StaticCage","Runesmith:PoweredAnvil","Runesmith:Reinforce+1","Runesmith:Retool+1","Runesmith:PoweredAnvil","Runesmith:OneForEveryone","Deep Breath"],"relics":["Runesmith:BrokenRuby","AT_ATBox","NeowsBlessing","Golden Idol","AT_SeraphEmbrace","AT_ArcaneBoots","AT_SunfireAegis","Pear","Fusion Hammer","Question Card","Smiling Mask","Toy Ornithopter","Runesmith:Locket","AT_Kusabimaru","Runic Pyramid","Peace Pipe","AT_EbonyIvory","Runesmith:MiniCore","Pen Nib","DollysMirror","AT_BellowingDragoncrestRing"],"acts_visited":["Exordium","TheCity","TheBeyond","TheEnding"],"potions_floor_usage":[45,55,55],"damage_taken":[{"damage":0.0,"enemies":"Cultist","floor":1.0,"turns":1.0},{"damage":0.0,"enemies":"Lagavulin","floor":7.0,"turns":2.0},{"damage":0.0,"enemies":"2 Louse","floor":10.0,"turns":5.0},{"damage":2.0,"enemies":"3 Sentries","floor":12.0,"turns":5.0},{"damage":0.0,"enemies":"Small Slimes","floor":13.0,"turns":3.0},{"damage":0.0,"enemies":"The Guardian","floor":16.0,"turns":7.0},{"damage":0.0,"enemies":"3 Byrds","floor":18.0,"turns":4.0},{"damage":0.0,"enemies":"Chosen","floor":21.0,"turns":3.0},{"damage":4.0,"enemies":"Snake Plant","floor":22.0,"turns":4.0},{"damage":15.0,"enemies":"Book of Stabbing","floor":23.0,"turns":4.0},{"damage":0.0,"enemies":"Centurion and Healer","floor":24.0,"turns":5.0},{"damage":0.0,"enemies":"Shelled Parasite and Fungi","floor":25.0,"turns":3.0},{"damage":4.0,"enemies":"Gremlin Leader","floor":27.0,"turns":5.0},{"damage":0.0,"enemies":"Snake Plant","floor":28.0,"turns":4.0},{"damage":0.0,"enemies":"Slavers","floor":29.0,"turns":4.0},{"damage":0.0,"enemies":"Book of Stabbing","floor":31.0,"turns":4.0},{"damage":0.0,"enemies":"Collector","floor":33.0,"turns":7.0},{"damage":0.0,"enemies":"Orb Walker","floor":35.0,"turns":4.0},{"damage":0.0,"enemies":"3 Darklings","floor":39.0,"turns":4.0},{"damage":3.0,"enemies":"Reptomancer","floor":40.0,"turns":4.0},{"damage":0.0,"enemies":"Nemesis","floor":42.0,"turns":5.0},{"damage":3,"enemies":"Jaw Worm Horde","floor":45,"turns":3},{"damage":0,"enemies":"Giant Head","floor":46,"turns":7},{"damage":0,"enemies":"Spire Growth","floor":47,"turns":5},{"damage":0,"enemies":"Transient","floor":48,"turns":5},{"damage":0,"enemies":"Time Eater","floor":50,"turns":13},{"damage":0,"enemies":"Shield and Spear","floor":54,"turns":5},{"damage":48,"enemies":"The Heart","floor":55,"turns":8}],"seed_played":"6493493893590997932","potions_obtained":[{"floor":7.0,"key":"SteroidPotion"},{"floor":12.0,"key":"ColorlessPotion"},{"floor":16.0,"key":"PowerPotion"},{"floor":21.0,"key":"SkillPotion"},{"floor":23.0,"key":"Dexterity Potion"},{"floor":27.0,"key":"SkillPotion"},{"floor":45,"key":"Strength Potion"}],"is_trial":false,"path_per_floor":["M","$","?","$","?","R","E","R","T","M","R","E","M","?","R","B",null,"M","?","$","M","M","E","M","M","T","E","M","E","?","E","R","B",null,"M","?","$","$","M","E","R","E","T","R","M","E","M","M","R","B",null,"R","$","E","B",null],"character_chosen":"RUNESMITH_CLASS","items_purchased":["Runesmith:Permafrost","Runesmith:Reinforce","Runesmith:Firestorm","Runesmith:LithiumIon","Peace Pipe","Runesmith:PoweredAnvil","DollysMirror","Runesmith:PoweredAnvil","Runesmith:OneForEveryone","Deep Breath"],"campfire_rested":0,"item_purchase_floors":[2,4,4,20,38,38,53,53,53,53],"current_hp_per_floor":[70,70,70,70,53,53,53,53,53,53,53,51,51,28,28,28,80,80,80,80,80,76,61,61,61,61,57,57,57,57,57,57,57,80,80,80,80,80,80,77,77,77,77,77,77,77,77,77,77,77,80,80,80,80,32],"gold":192,"neow_bonus":"THREE_ENEMY_KILL","is_daily":false,"chose_seed":false,"campfire_upgraded":4,"win_rate":0.0,"timestamp":1612855938,"path_taken":["M","$","?","$","?","R","E","R","T","M","R","E","M","?","R","BOSS","M","?","$","M","M","E","M","M","T","E","M","E","?","E","R","BOSS","M","?","?","$","?","E","R","E","T","R","M","E","M","M","R","BOSS","R","$","E","BOSS"],"items_purchased_type":["Card","Card","Card","Card","Relic","Card","Relic","Card","Card","Card"],"build_version":"2020-12-22","purchased_purges":5,"victory":true,"max_hp_per_floor":[70,70,70,70,70,70,70,70,70,70,70,70,70,80,80,80,80,80,80,80,80,80,80,80,80,80,80,80,80,80,80,80,80,80,80,80,80,80,80,80,80,80,80,80,80,80,80,80,80,80,80,80,80,80,80],"card_choices":[{"not_picked":["Runesmith:CraftProtectio","Runesmith:BackupBattery"],"picked":"Runesmith:CraftMagma","floor":1.0},{"not_picked":["Runesmith:HeatedChisel","Runesmith:ElementalConversion","Runesmith:WhiteBalance"],"picked":"SKIP","floor":7.0},{"not_picked":["Runesmith:HeatExchange","Runesmith:FieryHammer"],"picked":"Runesmith:BackupBattery","floor":10.0},{"not_picked":["Runesmith:ChargedHammer","Runesmith:StaticCage"],"picked":"Runesmith:Repurpose","floor":12.0},{"not_picked":["Runesmith:Overpower","Runesmith:RuneHurl","Runesmith:NegativeSpace"],"picked":"SKIP","floor":13.0},{"not_picked":["Runesmith:LastStand","Runesmith:FissionHammer"],"picked":"Runesmith:CraftIndustria","floor":16.0},{"not_picked":["Runesmith:HeatExchange","Runesmith:EarthShield+1"],"picked":"Runesmith:Terraform+1","floor":18.0},{"not_picked":["Runesmith:HammerThrow","Runesmith:Grindstone","Runesmith:Terraform+1"],"picked":"SKIP","floor":21.0},{"not_picked":["Runesmith:Grindstone","Runesmith:RuneHurl"],"picked":"Runesmith:Retool+1","floor":22.0},{"not_picked":["Runesmith:Refine","Runesmith:OneForEveryone","Runesmith:LightningRod"],"picked":"SKIP","floor":23.0},{"not_picked":["Runesmith:Superposition+1","Runesmith:Electrocute","Runesmith:UnstableHammer+1","Runesmith:FieryHammer"],"picked":"SKIP","floor":24.0},{"not_picked":["Runesmith:HammerThrow+1","Runesmith:EnergizedChisel","Runesmith:RunicBlueprint"],"picked":"Runesmith:Prism","floor":25.0},{"not_picked":["Runesmith:UnstableHammer","Runesmith:ArcReactor","Runesmith:HeatExchange","Runesmith:Firewall"],"picked":"SKIP","floor":27.0},{"not_picked":["Runesmith:Retool","Runesmith:Grindstone","Runesmith:CraftProtectio+1","Runesmith:Overpower+1"],"picked":"SKIP","floor":28.0},{"not_picked":["Runesmith:Retool","Runesmith:Grindstone","Runesmith:Overpower+1"],"picked":"Runesmith:CraftProtectio+1","floor":28.0},{"not_picked":["Runesmith:Overpower+1","Runesmith:Attraction","Runesmith:CraftProtectio","Runesmith:ChaoticBlast+1"],"picked":"SKIP","floor":29.0},{"not_picked":["Runesmith:Overpower+1","Runesmith:CraftProtectio","Runesmith:DuctTape","Runesmith:HammerThrow+1"],"picked":"SKIP","floor":31.0},{"not_picked":["Runesmith:Duplicate","Runesmith:FissionHammer","Runesmith:CraftPrismatica"],"picked":"Runesmith:UnlimitedPower","floor":33.0},{"not_picked":["Runesmith:ChiselStab","Runesmith:MakeshiftArmor+1","Runesmith:NanitesCloud"],"picked":"Runesmith:StaticCage","floor":35.0},{"not_picked":["Runesmith:UnstableHammer","Runesmith:ShiftingStrike+1","Runesmith:CraftProtectio+1","Runesmith:EnergizedChisel"],"picked":"SKIP","floor":39.0},{"not_picked":["Runesmith:BackupBattery+1","Runesmith:MakeshiftArmor","Runesmith:CraftPrismatica","Runesmith:DoubleUp"],"picked":"SKIP","floor":40.0},{"not_picked":["Runesmith:RuneHurl","Runesmith:CraftProtectio+1","Runesmith:MakeshiftArmor","Runesmith:Overpower"],"picked":"SKIP","floor":42.0},{"not_picked":["Runesmith:ChiselStab","Runesmith:WhiteBalance+1","Runesmith:Malloc+1","Runesmith:UnstableHammer+1"],"picked":"SKIP","floor":45},{"not_picked":["Runesmith:CraftSpiculum+1","Runesmith:FieryHammer+1","Runesmith:Permafrost","Runesmith:Discharge+1"],"picked":"SKIP","floor":46},{"not_picked":["Runesmith:CraftVitae","Runesmith:Grindstone+1","Runesmith:Superposition","Runesmith:CraftProtectio"],"picked":"SKIP","floor":47},{"not_picked":["Runesmith:HeatExchange","Runesmith:ChiselStab","Runesmith:UnstableHammer"],"picked":"Runesmith:Reinforce+1","floor":48},{"not_picked":["Runesmith:DoubleUp","Runesmith:EnergizedChisel","Runesmith:Accelerate","Runesmith:Empowerment"],"picked":"SKIP","floor":54}],"player_experience":568432,"relics_obtained":[{"floor":7.0,"key":"AT_ArchangelStaff"},{"floor":9.0,"key":"AT_SpeedBoots"},{"floor":12.0,"key":"AT_SunfireAegis"},{"floor":23.0,"key":"Question Card"},{"floor":26.0,"key":"Smiling Mask"},{"floor":27.0,"key":"Toy Ornithopter"},{"floor":29.0,"key":"Runesmith:Locket"},{"floor":31.0,"key":"AT_Kusabimaru"},{"floor":40.0,"key":"AT_EbonyIvory"},{"floor":42.0,"key":"Runesmith:MiniCore"},{"floor":46,"key":"Pen Nib"},{"floor":54,"key":"AT_BellowingDragoncrestRing"}],"event_choices":[{"damage_healed":0.0,"max_hp_gain":0.0,"max_hp_loss":0.0,"gold_gain":175.0,"event_name":"Liars Game","player_choice":"AGREE","floor":3.0,"gold_loss":0.0,"damage_taken":0.0,"cards_obtained":["Doubt"]},{"damage_healed":0.0,"max_hp_gain":0.0,"max_hp_loss":0.0,"gold_gain":0.0,"event_name":"Golden Idol","player_choice":"Take Damage","floor":5.0,"gold_loss":0.0,"damage_taken":17.0,"relics_obtained":["Golden Idol"]},{"damage_healed":0.0,"max_hp_gain":0.0,"max_hp_loss":0.0,"gold_gain":0.0,"event_name":"Scrap Ooze","player_choice":"Success","floor":14.0,"gold_loss":0.0,"damage_taken":33.0,"relics_obtained":["Pear"]},{"damage_healed":0.0,"max_hp_gain":0.0,"max_hp_loss":0.0,"gold_gain":0.0,"cards_transformed":["Runesmith:Strike_RS","Runesmith:Strike_RS"],"event_name":"Drug Dealer","player_choice":"Became Test Subject","floor":19.0,"gold_loss":0.0,"damage_taken":0.0,"cards_obtained":["Runesmith:ArcReactor","Runesmith:LightningRod"]},{"cards_removed":["Runesmith:Strike_RS"],"damage_healed":0.0,"max_hp_gain":0.0,"max_hp_loss":0.0,"gold_gain":0.0,"event_name":"Beggar","player_choice":"Gave Gold","floor":30.0,"gold_loss":75.0,"damage_taken":0.0},{"damage_healed":0.0,"max_hp_gain":0.0,"max_hp_loss":0.0,"gold_gain":275.0,"event_name":"Golden Shrine","player_choice":"Desecrate","floor":36.0,"gold_loss":0.0,"damage_taken":0.0,"cards_obtained":["Regret"]}],"is_beta":false,"boss_relics":[{"not_picked":["Philosopher\u0027s Stone","Black Star"],"picked":"Fusion Hammer"},{"not_picked":["Pandora\u0027s Box","SacredBark"],"picked":"Runic Pyramid"}],"items_purged_floors":[4,20,37,38,53],"is_endless":false,"potions_floor_spawned":[7,12,16,21,23,27,31,33,40,45,47],"ascension_level":1}}