{"host":"edndssuekvzbh3is","time":1612844418,"event":{"mods":["BaseMod","Colored Map","Colored Powertips","Minty Spire (QoL Compilation)","SuperFastMode"],"gold_per_floor":[109,109,124,137,152,152,185,197,245,264,214,214,246,256,256,357,357,370,383,383,298,20,39,39,55,55,90,114,126,13,41,41,139,139,158,174,187,187,187,187],"floor_reached":39,"language":"ENG","playtime":1342,"items_purged":["Grand Finale"],"score":667,"play_id":"2fc6a9a8-167c-4bca-99d2-f762409a7d90","local_time":"20210208232018","is_ascension_mode":true,"campfire_choices":[{"data":"Dagger Spray","floor":6,"key":"SMITH"},{"floor":15,"key":"REST"},{"data":"Blade Dance","floor":24,"key":"SMITH"},{"data":"Blade Dance","floor":29,"key":"SMITH"},{"floor":32,"key":"REST"}],"circlet_count":0,"master_deck":["Survivor+1","Neutralize","Blade Dance","Dagger Spray+1","Burst","Poisoned Stab","Blade Dance","Dodge and Roll","Noxious Fumes","PiercingWail","Dodge and Roll","After Image","Bouncing Flask","Endless Agony","Blur","Cloak And Dagger","Blade Dance+1","Acrobatics","Sucker Punch","Cloak And Dagger+1","Outmaneuver+1","Infinite Blades","Blade Dance+1","Finisher+1","Cloak And Dagger+1","Calculated Gamble","Blade Dance","Prepared","After Image","Prepared","Deflect+1","Deflect","Writhe"],"relics":["Ring of the Snake","Ancient Tea Set","Lantern","Blue Candle","Boot","Pen Nib","Pandora\u0027s Box","Darkstone Periapt","Question Card","White Beast Statue","MawBank","War Paint","Fusion Hammer"],"acts_visited":["Exordium","TheCity","TheBeyond"],"potions_floor_usage":[13,16,16,27,27,33,33,39],"damage_taken":[{"damage":3,"enemies":"2 Louse","floor":1,"turns":4},{"damage":0,"enemies":"Jaw Worm","floor":3,"turns":4},{"damage":2,"enemies":"Small Slimes","floor":4,"turns":3},{"damage":0,"enemies":"Looter","floor":5,"turns":4},{"damage":12,"enemies":"Gremlin Nob","floor":7,"turns":4},{"damage":0,"enemies":"2 Fungi Beasts","floor":8,"turns":2},{"damage":2,"enemies":"Exordium Thugs","floor":10,"turns":3},{"damage":6,"enemies":"3 Sentries","floor":13,"turns":4},{"damage":0,"enemies":"Gremlin Gang","floor":14,"turns":2},{"damage":0,"enemies":"Slime Boss","floor":16,"turns":4},{"damage":11,"enemies":"2 Thieves","floor":18,"turns":3},{"damage":0,"enemies":"Spheric Guardian","floor":19,"turns":3},{"damage":1,"enemies":"Cultist and Chosen","floor":23,"turns":6},{"damage":6,"enemies":"Chosen and Byrds","floor":25,"turns":3},{"damage":0,"enemies":"Book of Stabbing","floor":27,"turns":5},{"damage":4,"enemies":"Centurion and Healer","floor":28,"turns":5},{"damage":0,"enemies":"Slavers","floor":31,"turns":4},{"damage":79,"enemies":"Champ","floor":33,"turns":11},{"damage":12,"enemies":"Orb Walker","floor":35,"turns":4},{"damage":38,"enemies":"3 Shapes","floor":36,"turns":6},{"damage":21,"enemies":"3 Darklings","floor":37,"turns":5},{"damage":31,"enemies":"4 Shapes","floor":39,"turns":6}],"seed_played":"1583415099062414011","potions_obtained":[{"floor":7,"key":"Poison Potion"},{"floor":8,"key":"Swift Potion"},{"floor":10,"key":"PowerPotion"},{"floor":14,"key":"GhostInAJar"},{"floor":25,"key":"DuplicationPotion"},{"floor":27,"key":"Regen Potion"},{"floor":28,"key":"SmokeBomb"},{"floor":31,"key":"Fruit Juice"},{"floor":33,"key":"Strength Potion"},{"floor":35,"key":"SmokeBomb"},{"floor":36,"key":"BlessingOfTheForge"},{"floor":37,"key":"Block Potion"}],"is_trial":false,"path_per_floor":["M","?","M","M","M","R","E","M","T","M","?","?","E","M","R","B",null,"M","M","?","?","$","M","R","M","T","E","M","R","$","E","R","B",null,"M","M","M","?","M"],"character_chosen":"THE_SILENT","items_purchased":["Question Card","Infinite Blades","Blade Dance"],"campfire_rested":2,"item_purchase_floors":[22,22,30],"current_hp_per_floor":[67,64,64,62,62,62,50,50,50,48,48,41,35,35,56,56,70,59,59,59,59,59,58,58,52,52,52,48,48,48,48,69,10,75,63,25,4,29,0,0],"gold":187,"neow_bonus":"RANDOM_COMMON_RELIC","is_daily":false,"chose_seed":false,"campfire_upgraded":3,"win_rate":0.0,"timestamp":1612844418,"path_taken":["M","?","M","M","M","R","E","M","T","M","?","?","E","M","R","BOSS","M","M","?","?","$","M","R","M","T","E","M","R","$","E","R","BOSS","M","M","M","?","M"],"items_purchased_type":["Relic","Card","Card"],"build_version":"2020-12-22","purchased_purges":1,"victory":false,"max_hp_per_floor":[70,70,70,70,70,70,70,70,70,70,70,70,70,70,70,70,70,70,70,70,70,70,70,70,70,70,70,70,70,70,70,70,75,75,75,75,75,81,81,81],"card_choices":[{"not_picked":["Bane","Prepared"],"picked":"Blade Dance","floor":1},{"not_picked":["Noxious Fumes","Acrobatics"],"picked":"Dagger Spray","floor":3},{"not_picked":["Endless Agony","Concentrate"],"picked":"Burst","floor":4},{"not_picked":["Dagger Spray","Concentrate"],"picked":"Poisoned Stab","floor":5},{"not_picked":["Finisher","Quick Slash"],"picked":"Blade Dance","floor":7},{"not_picked":["Flying Knee","Dagger Throw"],"picked":"Dodge and Roll","floor":8},{"not_picked":["Deflect","Crippling Poison"],"picked":"Noxious Fumes","floor":10},{"not_picked":["Endless Agony","Dagger Throw"],"picked":"PiercingWail","floor":13},{"not_picked":["Sucker Punch","Dagger Throw"],"picked":"Dodge and Roll","floor":14},{"not_picked":["Envenom","Wraith Form v2"],"picked":"After Image","floor":16},{"not_picked":["Catalyst","Terror"],"picked":"Cloak And Dagger","floor":18},{"not_picked":["Catalyst","Backstab"],"picked":"Outmaneuver+1","floor":19},{"not_picked":["Reflex+1","Prepared","Backflip+1"],"picked":"Blade Dance","floor":23},{"not_picked":["Crippling Poison","Bouncing Flask+1","Noxious Fumes"],"picked":"Finisher+1","floor":25},{"not_picked":["Underhanded Strike","Unload","Riddle With Holes+1"],"picked":"Cloak And Dagger+1","floor":27},{"not_picked":["Sucker Punch+1","Quick Slash","Infinite Blades"],"picked":"Calculated Gamble","floor":28},{"not_picked":["Flying Knee","Dagger Throw","All Out Attack+1"],"picked":"Prepared","floor":31},{"not_picked":["Tools of the Trade","Venomology","Die Die Die"],"picked":"After Image","floor":33},{"not_picked":["Slice","Riddle With Holes","Bouncing Flask"],"picked":"Prepared","floor":35},{"not_picked":["Finisher","Backflip","Deadly Poison"],"picked":"Deflect+1","floor":36},{"not_picked":["Sucker Punch","Blade Dance","Reflex+1"],"picked":"Deflect","floor":37}],"player_experience":361248,"relics_obtained":[{"floor":7,"key":"Blue Candle"},{"floor":9,"key":"Boot"},{"floor":13,"key":"Pen Nib"},{"floor":26,"key":"White Beast Statue"},{"floor":27,"key":"MawBank"},{"floor":31,"key":"War Paint"}],"event_choices":[{"damage_healed":0,"gold_gain":0,"player_choice":"Success","damage_taken":3,"relics_obtained":["Lantern"],"max_hp_gain":0,"max_hp_loss":0,"event_name":"Scrap Ooze","floor":2,"gold_loss":0},{"cards_removed":["Strike_G"],"damage_healed":0,"gold_gain":0,"player_choice":"Card Removal","damage_taken":0,"max_hp_gain":0,"max_hp_loss":0,"event_name":"The Cleric","floor":11,"gold_loss":50},{"cards_removed":["Strike_G"],"damage_healed":0,"gold_gain":0,"player_choice":"Card Removal","damage_taken":7,"max_hp_gain":0,"max_hp_loss":0,"event_name":"Golden Wing","floor":12,"gold_loss":0},{"damage_healed":0,"gold_gain":0,"player_choice":"Ignored","damage_taken":0,"max_hp_gain":0,"max_hp_loss":0,"event_name":"Vampires","floor":20,"gold_loss":0},{"damage_healed":0,"gold_gain":0,"player_choice":"Obtained Relic","damage_taken":0,"relics_obtained":["Darkstone Periapt"],"max_hp_gain":0,"max_hp_loss":0,"event_name":"Addict","floor":21,"gold_loss":85},{"damage_healed":19,"gold_gain":0,"player_choice":"Writhe","damage_taken":0,"max_hp_gain":0,"max_hp_loss":0,"event_name":"Winding Halls","floor":38,"gold_loss":0,"cards_obtained":["Writhe"]}],"is_beta":false,"boss_relics":[{"not_picked":["Runic Dome","Cursed Key"],"picked":"Pandora\u0027s Box"},{"not_picked":["Philosopher\u0027s Stone","Tiny House"],"picked":"Fusion Hammer"}],"items_purged_floors":[30],"is_endless":false,"potions_floor_spawned":[7,8,10,14,25,27,28,31,33,35,36,37],"killed_by":"4 Shapes","ascension_level":4}}