{"host":"oigynbtg272c19pw","time":1612880033,"event":{"mods":["BaseMod","Colored Map","Minty Spire (QoL Compilation)","Relic Stats","Slay the Relics Exporter","StSLib"],"gold_per_floor":[116,13,26,45,10,43,43,43,43,60,71,114,139,162,162,162,162],"floor_reached":16,"playtime":504,"items_purged":["Strike_P"],"score":228,"play_id":"2d551c10-2fef-47c4-8319-400b7f2edf88","local_time":"20210209151353","is_ascension_mode":true,"campfire_choices":[{"data":"BowlingBash","floor":8,"key":"SMITH"},{"data":"SignatureMove","floor":15,"key":"SMITH"}],"circlet_count":0,"master_deck":["AscendersBane","Strike_P","Strike_P","Strike_P","Defend_P","Defend_P","Defend_P","Defend_P","Eruption","Vigilance","InnerPeace","FlyingSleeves","Swivel","BowlingBash+1","FlurryOfBlows","EmptyBody","SignatureMove+1","Conclude","WaveOfTheHand","Halt"],"relics":["PureWater","NeowsBlessing","HornCleat","Damaru","CeramicFish"],"acts_visited":["Exordium"],"potions_floor_usage":[6,10,10,11],"damage_taken":[{"damage":0,"enemies":"Cultist","floor":1,"turns":1},{"damage":0,"enemies":"2 Louse","floor":3,"turns":1},{"damage":0,"enemies":"Jaw Worm","floor":4,"turns":1},{"damage":12,"enemies":"3 Sentries","floor":6,"turns":5},{"damage":2,"enemies":"Lots of Slimes","floor":10,"turns":4},{"damage":4,"enemies":"Red Slaver","floor":11,"turns":4},{"damage":23,"enemies":"Gremlin Nob","floor":12,"turns":4},{"damage":0,"enemies":"Looter","floor":13,"turns":4},{"damage":0,"enemies":"Exordium Wildlife","floor":14,"turns":2},{"damage":29,"enemies":"Slime Boss","floor":16,"turns":10}],"seed_played":"-5094843162572269389","potions_obtained":[{"floor":1,"key":"SkillPotion"},{"floor":6,"key":"Regen Potion"},{"floor":7,"key":"LiquidMemories"},{"floor":10,"key":"Weak Potion"},{"floor":13,"key":"StancePotion"}],"is_trial":false,"path_per_floor":["M","$","M","M","?","E","?","R","T","M","M","E","M","M","R","B"],"character_chosen":"WATCHER","items_purchased":["FlyingSleeves"],"campfire_rested":0,"item_purchase_floors":[2],"current_hp_per_floor":[61,61,61,61,68,56,56,56,56,63,59,36,36,36,36,7,7],"gold":162,"neow_bonus":"THREE_ENEMY_KILL","is_daily":false,"chose_seed":false,"campfire_upgraded":2,"win_rate":0.0,"timestamp":1612880033,"path_taken":["M","$","M","?","?","E","?","R","T","?","M","E","M","M","R","BOSS"],"items_purchased_type":["Card"],"build_version":"2020-12-13","purchased_purges":1,"victory":false,"max_hp_per_floor":[68,68,68,68,68,68,68,68,68,68,68,68,68,68,68,68,68],"relic_stats":{"counters":[10,36],"CeramicFish":27,"obtain_stats":[{"HornCleat":6,"NeowsBlessing":0,"CeramicFish":12,"Damaru":9,"PureWater":0},{"HornCleat":4,"NeowsBlessing":0,"CeramicFish":7,"Damaru":4,"PureWater":0},{"HornCleat":8,"NeowsBlessing":0,"CeramicFish":20,"Damaru":8,"PureWater":0}]},"card_choices":[{"not_picked":["Vengeance","BowlingBash"],"picked":"InnerPeace","floor":1},{"not_picked":["Study","FlurryOfBlows"],"picked":"Swivel","floor":3},{"not_picked":["Prostrate","Halt"],"picked":"BowlingBash","floor":4},{"not_picked":["Swivel","ClearTheMind"],"picked":"FlurryOfBlows","floor":6},{"not_picked":["ClearTheMind","Fasting2"],"picked":"EmptyBody","floor":10},{"not_picked":["Protect","FlurryOfBlows"],"picked":"SignatureMove","floor":11},{"not_picked":["CrushJoints","Swivel"],"picked":"Conclude","floor":12},{"not_picked":["SashWhip","Evaluate"],"picked":"WaveOfTheHand","floor":13},{"not_picked":["ClearTheMind","Protect"],"picked":"Halt","floor":14}],"player_experience":1573871,"relics_obtained":[{"floor":6,"key":"HornCleat"},{"floor":9,"key":"Damaru"},{"floor":12,"key":"CeramicFish"}],"event_choices":[{"damage_healed":17,"gold_gain":0,"player_choice":"Healed","damage_taken":0,"max_hp_gain":0,"max_hp_loss":0,"event_name":"The Cleric","floor":5,"gold_loss":35},{"damage_healed":0,"gold_gain":0,"player_choice":"Got Potions","damage_taken":0,"max_hp_gain":0,"max_hp_loss":0,"event_name":"Lab","floor":7,"gold_loss":0}],"is_beta":false,"boss_relics":[],"items_purged_floors":[2],"is_endless":false,"potions_floor_spawned":[1,6,10,13],"killed_by":"Slime Boss","ascension_level":20}}