{"host":"qekv59dthhdg54sz","time":1612867009,"event":{"mods":["AchievementEnabler","BaseMod","Colored Map","DeckTracker","KOR Keyword Fix","Minty Spire (QoL Compilation)","Rare Cards Sparkle","StSLib","SuperFastMode"],"gold_per_floor":[117,192,192,26,26,26,42,42,42,55,80,99,113,38,38,115,115,129,129,129],"floor_reached":19,"language":"KOR","playtime":315,"items_purged":["Strike_G"],"score":334,"play_id":"3bebb7fa-5e0e-4f49-94cc-529893e52caf","local_time":"20210209193649","is_ascension_mode":true,"campfire_choices":[{"data":"Neutralize","floor":6,"key":"SMITH"},{"data":"Poisoned Stab","floor":8,"key":"SMITH"},{"floor":15,"key":"REST"}],"circlet_count":0,"master_deck":["AscendersBane","Strike_G","Strike_G","Strike_G","Defend_G+1","Defend_G","Defend_G","Defend_G","Survivor","Neutralize+1","Dagger Spray+1","Poisoned Stab+1","Night Terror","Noxious Fumes","Well Laid Plans","After Image","Deadly Poison"],"relics":["Ring of the Snake","Snake Skull","Shuriken","Toy Ornithopter","SacredBark"],"acts_visited":["Exordium","TheCity"],"potions_floor_usage":[16,18],"damage_taken":[{"damage":0,"enemies":"2 Louse","floor":1,"turns":3},{"damage":2,"enemies":"Jaw Worm","floor":7,"turns":4},{"damage":0,"enemies":"Small Slimes","floor":10,"turns":3},{"damage":15,"enemies":"Lagavulin","floor":11,"turns":4},{"damage":15,"enemies":"3 Louse","floor":12,"turns":2},{"damage":5,"enemies":"Blue Slaver","floor":13,"turns":4},{"damage":27,"enemies":"The Guardian","floor":16,"turns":9},{"damage":14,"enemies":"Chosen","floor":18,"turns":7},{"damage":0,"enemies":"3 Byrds","floor":19,"turns":2}],"seed_played":"-8136520945314783663","potions_obtained":[{"floor":1,"key":"Fruit Juice"},{"floor":7,"key":"Explosive Potion"},{"floor":12,"key":"Regen Potion"}],"is_trial":false,"path_per_floor":["M","?","?","$","?","R","M","R","T","M","E","M","M","$","R","B",null,"M","M"],"character_chosen":"THE_SILENT","items_purchased":["Snake Skull"],"campfire_rested":1,"item_purchase_floors":[4],"current_hp_per_floor":[59,48,30,30,50,50,48,48,48,48,33,18,13,13,31,24,51,52,52,52],"gold":129,"neow_bonus":"REMOVE_TWO","is_daily":false,"chose_seed":false,"campfire_upgraded":2,"win_rate":0.0,"timestamp":1612867009,"path_taken":["M","?","?","$","?","R","M","R","T","M","E","?","M","$","R","BOSS","M","M"],"items_purchased_type":["Relic"],"build_version":"2020-12-22","purchased_purges":1,"victory":false,"max_hp_per_floor":[60,60,60,60,60,60,60,60,60,60,60,60,60,60,60,60,60,70,70,70],"card_choices":[{"not_picked":["Accuracy","Backflip"],"picked":"Dagger Spray","floor":1},{"not_picked":["Cloak And Dagger","Blade Dance"],"picked":"Poisoned Stab","floor":7},{"not_picked":["Slice","Flying Knee"],"picked":"Night Terror","floor":10},{"not_picked":["Dagger Spray","Dodge and Roll"],"picked":"Noxious Fumes","floor":11},{"not_picked":["Acrobatics","Quick Slash"],"picked":"Well Laid Plans","floor":12},{"not_picked":["Underhanded Strike","Concentrate","Footwork"],"picked":"SKIP","floor":13},{"not_picked":["Venomology","Envenom"],"picked":"After Image","floor":16},{"not_picked":["Deflect","Underhanded Strike"],"picked":"Deadly Poison","floor":18}],"player_experience":882518,"relics_obtained":[{"floor":9,"key":"Shuriken"},{"floor":11,"key":"Toy Ornithopter"}],"event_choices":[{"damage_healed":0,"gold_gain":75,"player_choice":"Gather Gold","damage_taken":11,"max_hp_gain":0,"max_hp_loss":0,"event_name":"World of Goop","floor":2,"gold_loss":0},{"damage_healed":0,"gold_gain":0,"player_choice":"Entered Light","damage_taken":18,"max_hp_gain":0,"max_hp_loss":0,"event_name":"Shining Light","floor":3,"gold_loss":0,"cards_upgraded":["Defend_G","Dagger Spray"]},{"damage_healed":20,"gold_gain":0,"player_choice":"Banana","damage_taken":0,"max_hp_gain":0,"max_hp_loss":0,"event_name":"Big Fish","floor":5,"gold_loss":0}],"is_beta":false,"boss_relics":[{"not_picked":["Runic Pyramid","Ectoplasm"],"picked":"SacredBark"}],"items_purged_floors":[14],"is_endless":false,"potions_floor_spawned":[1,7,12],"killed_by":"3 Byrds","ascension_level":20}}