{"host":"l12hrjjiowxu1z6t","time":1612836913,"event":{"mods":["AchievementEnabler","BaseMod","Colored Map","Colored Powertips","Highlight Path","Marisa????????","Minty Spire (QoL Compilation)","Rare Cards Sparkle","Relic Stats"],"gold_per_floor":[118,133,144,157,157,177,189,223,223,223,223],"floor_reached":10,"language":"ENG","playtime":464,"items_purged":[],"score":76,"play_id":"b5070c9a-531f-48e8-b5bf-4cf2e2b07a5c","local_time":"20210209021513","is_ascension_mode":true,"campfire_choices":[],"circlet_count":0,"master_deck":["Strike_G","Strike_G","Strike_G","Strike_G","Strike_G","Defend_G","Defend_G","Defend_G","Defend_G","Defend_G","Survivor","Neutralize","Finisher","Accuracy","Dash","Blade Dance","Sucker Punch","Choke","Outmaneuver"],"relics":["Ring of the Snake","Tiny Chest","Bag of Marbles"],"acts_visited":["Exordium"],"potions_floor_usage":[],"damage_taken":[{"damage":2.0,"enemies":"Jaw Worm","floor":1.0,"turns":4.0},{"damage":1.0,"enemies":"Cultist","floor":2.0,"turns":4.0},{"damage":5.0,"enemies":"2 Louse","floor":3.0,"turns":2.0},{"damage":4.0,"enemies":"Exordium Thugs","floor":4.0,"turns":4.0},{"damage":14.0,"enemies":"3 Louse","floor":6.0,"turns":4.0},{"damage":2.0,"enemies":"Blue Slaver","floor":7.0,"turns":2.0},{"damage":24.0,"enemies":"Gremlin Nob","floor":8.0,"turns":4.0},{"damage":27,"enemies":"Lagavulin","floor":10,"turns":5}],"seed_played":"5698556255216570287","potions_obtained":[{"floor":3.0,"key":"LiquidBronze"},{"floor":4.0,"key":"CultistPotion"},{"floor":6.0,"key":"Strength Potion"},{"floor":7.0,"key":"LiquidBronze"}],"is_trial":false,"path_per_floor":["M","M","M","M","?","M","M","E","T","E"],"character_chosen":"THE_SILENT","items_purchased":[],"campfire_rested":0,"item_purchase_floors":[],"current_hp_per_floor":[75,74,69,65,65,51,49,25,25,0,0],"gold":223,"neow_bonus":"TEN_PERCENT_HP_BONUS","is_daily":false,"chose_seed":false,"campfire_upgraded":0,"win_rate":0.0,"timestamp":1612836913,"path_taken":["M","M","M","M","?","M","M","E","T","E"],"items_purchased_type":[],"build_version":"2020-12-22","purchased_purges":0,"victory":false,"max_hp_per_floor":[77,77,77,77,77,77,77,77,77,77,77],"relic_stats":{"counters":[8,29],"Tiny Chest":0,"obtain_stats":[{"Tiny Chest":5,"Bag of Marbles":9,"Ring of the Snake":0},{"Tiny Chest":4,"Bag of Marbles":7,"Ring of the Snake":0},{"Tiny Chest":14,"Bag of Marbles":24,"Ring of the Snake":0}],"Ring of the Snake":[16]},"card_choices":[{"not_picked":["Dagger Spray","Bane"],"picked":"Finisher","floor":1.0},{"not_picked":["Deflect","Acrobatics"],"picked":"Accuracy","floor":2.0},{"not_picked":["Acrobatics","Choke"],"picked":"Dash","floor":3.0},{"not_picked":["Slice","Eviscerate"],"picked":"Blade Dance","floor":4.0},{"not_picked":["Leg Sweep","Reflex"],"picked":"Sucker Punch","floor":6.0},{"not_picked":["Dash","Well Laid Plans"],"picked":"Choke","floor":7.0},{"not_picked":["Dash","Footwork"],"picked":"Outmaneuver","floor":8.0}],"player_experience":101905,"relics_obtained":[{"floor":9.0,"key":"Bag of Marbles"}],"event_choices":[{"damage_healed":0.0,"max_hp_gain":0.0,"max_hp_loss":0.0,"gold_gain":0.0,"event_name":"WeMeetAgain","player_choice":"Gave Potion","floor":5.0,"gold_loss":0.0,"damage_taken":0.0,"relics_obtained":["Tiny Chest"]}],"is_beta":false,"boss_relics":[],"items_purged_floors":[],"is_endless":false,"potions_floor_spawned":[3,4,6,7],"killed_by":"Lagavulin","ascension_level":1}}