{"host":"oehe2dxjvdgux73m","time":1612887866,"event":{"mods":["AchievementEnabler","BaseMod","Colored Map","Colored Powertips","DeckTracker","Keyboard Shortcuts","Minty Spire (QoL Compilation)","Permanent Neow","Quick Restart","StSLib","SuperFastMode"],"gold_per_floor":[13,31,31,49,49,49,49,49,49,49,49,66,66,66,66,137,137,108,125,125,47,57,68,84,84,84],"floor_reached":25,"language":"KOR","playtime":534,"items_purged":[],"score":386,"play_id":"da31abde-db03-406a-88fe-4a699463521e","local_time":"20210210012426","is_ascension_mode":true,"campfire_choices":[{"data":"Noxious Fumes","floor":6.0,"key":"SMITH"},{"data":"Blade Dance","floor":10.0,"key":"SMITH"},{"data":"Footwork","floor":13.0,"key":"SMITH"},{"data":"Neutralize","floor":15.0,"key":"SMITH"}],"circlet_count":0,"master_deck":["AscendersBane","Strike_G","Strike_G","Strike_G","Strike_G","Defend_G","Defend_G","Defend_G","Defend_G","Defend_G","Survivor","Neutralize+1","Poisoned Stab","Blade Dance+1","Blade Dance+1","Noxious Fumes+1","Footwork+1","Malaise","Deadly Poison","Backflip","Well Laid Plans","Footwork","Backflip"],"relics":["Ring of the Snake","StoneCalendar","Bottled Tornado","Snake Skull","Fusion Hammer"],"acts_visited":["Exordium","TheCity"],"potions_floor_usage":[24,25],"damage_taken":[{"damage":9.0,"enemies":"Jaw Worm","floor":1.0,"turns":6.0},{"damage":3.0,"enemies":"Small Slimes","floor":2.0,"turns":5.0},{"damage":0.0,"enemies":"Cultist","floor":4.0,"turns":3.0},{"damage":13.0,"enemies":"Large Slime","floor":12.0,"turns":5.0},{"damage":12.0,"enemies":"The Guardian","floor":16.0,"turns":8.0},{"damage":11.0,"enemies":"2 Thieves","floor":18.0,"turns":4.0},{"damage":22.0,"enemies":"Spheric Guardian","floor":19.0,"turns":4.0},{"damage":14.0,"enemies":"Snake Plant","floor":22.0,"turns":7.0},{"damage":4.0,"enemies":"Centurion and Healer","floor":23.0,"turns":7.0},{"damage":8,"enemies":"Snecko","floor":24,"turns":6},{"damage":6,"enemies":"Snake Plant","floor":25,"turns":2}],"seed_played":"8729323401610627112","potions_obtained":[{"floor":1.0,"key":"ColorlessPotion"},{"floor":2.0,"key":"BlessingOfTheForge"},{"floor":16.0,"key":"GamblersBrew"},{"floor":23.0,"key":"LiquidMemories"}],"is_trial":false,"path_per_floor":["M","M","?","M","?","R","$","$","T","R","T","M","R","?","R","B",null,"M","M","?","$","M","M","M","M"],"character_chosen":"THE_SILENT","items_purchased":["Well Laid Plans"],"campfire_rested":0,"item_purchase_floors":[21],"current_hp_per_floor":[50,47,47,47,52,52,52,52,52,52,52,39,39,39,39,27,60,49,27,27,27,13,9,1,0,0],"gold":84,"neow_bonus":"ONE_RARE_RELIC","is_daily":false,"chose_seed":false,"campfire_upgraded":4,"win_rate":0.0,"timestamp":1612887866,"path_taken":["M","M","?","M","?","R","?","$","T","R","?","?","R","?","R","BOSS","M","M","?","$","M","M","?","M"],"items_purchased_type":["Card"],"build_version":"2020-12-22","purchased_purges":0,"victory":false,"max_hp_per_floor":[66,66,66,66,71,71,71,71,71,71,71,71,71,71,71,71,71,71,71,71,71,71,71,71,71,71],"card_choices":[{"not_picked":["Infinite Blades","Underhanded Strike"],"picked":"Poisoned Stab","floor":1.0},{"not_picked":["Backflip","Deadly Poison"],"picked":"Blade Dance","floor":2.0},{"not_picked":["Cloak And Dagger","Dodge and Roll"],"picked":"Noxious Fumes","floor":4.0},{"not_picked":["Deflect","Deadly Poison"],"picked":"Footwork","floor":12.0},{"not_picked":["Doppelganger","Grand Finale"],"picked":"Malaise","floor":16.0},{"not_picked":["Prepared","Flying Knee"],"picked":"Deadly Poison","floor":18.0},{"not_picked":["Burst","PiercingWail"],"picked":"Backflip","floor":19.0},{"not_picked":["Prepared","Skewer","Bane"],"picked":"SKIP","floor":22.0},{"not_picked":["Dagger Spray","Poisoned Stab"],"picked":"Footwork","floor":23.0},{"not_picked":["Sucker Punch","Eviscerate"],"picked":"Backflip","floor":24}],"player_experience":443515,"relics_obtained":[{"floor":9.0,"key":"Bottled Tornado"},{"floor":11.0,"key":"Snake Skull"}],"event_choices":[{"damage_healed":0.0,"max_hp_gain":0.0,"max_hp_loss":0.0,"gold_gain":0.0,"cards_transformed":["Strike_G"],"event_name":"Living Wall","player_choice":"Change","floor":3.0,"gold_loss":0.0,"damage_taken":0.0,"cards_obtained":["Blade Dance"]},{"damage_healed":0.0,"max_hp_gain":5.0,"max_hp_loss":0.0,"gold_gain":0.0,"event_name":"Big Fish","player_choice":"Donut","floor":5.0,"gold_loss":0.0,"damage_taken":0.0},{"damage_healed":0.0,"max_hp_gain":0.0,"max_hp_loss":0.0,"gold_gain":0.0,"event_name":"The Cleric","player_choice":"Leave","floor":14.0,"gold_loss":0.0,"damage_taken":0.0},{"damage_healed":0.0,"max_hp_gain":0.0,"max_hp_loss":0.0,"gold_gain":0.0,"event_name":"Accursed Blacksmith","player_choice":"Forge","floor":20.0,"gold_loss":0.0,"damage_taken":0.0,"cards_upgraded":["Blade Dance"]}],"is_beta":false,"boss_relics":[{"not_picked":["Runic Pyramid","Ring of the Serpent"],"picked":"Fusion Hammer"}],"items_purged_floors":[],"is_endless":false,"potions_floor_spawned":[1,2,16,18,23],"killed_by":"Snake Plant","ascension_level":20}}