{"host":"e5u7qs1emxzejr12","time":1612871042,"event":{"mods":["100% Spire Juice","2.2 Compatiblity","Act Like it!","Arknights","Ascension Unlocker","BaseMod","CapriCore","Card Forge","Colored Powertips","Custom Start","GifTheSpireLib","Highlight Path","Marisa（F雨　魔理沙）","Minty Spire (QoL Compilation)","Monster B Gone","MostiFishMod","Quick Restart","Relic Filter Mod","Reliquary","Replay The Spire","StSLib","SuperFastMode","The Animator","The Blackbeard","WarShipGirlsR/战舰少女R mod","篝火指南"],"gold_per_floor":[156,216,288,327,327,433,569,690,690],"floor_reached":8,"language":"ZHS","playtime":839,"items_purged":[],"score":156,"play_id":"ba58ed55-b076-4f31-b993-29f954e9156a","local_time":"20210209194402","daily_mods":["Heirloom","Flight","DeadlyEvents","Elite Swarm","Midas"],"is_ascension_mode":true,"campfire_choices":[],"circlet_count":0,"master_deck":["AscendersBane","animator:Strike_Konosuba+1","animator:Defend_Konosuba+1","animator:Strike+1","animator:Defend+1","animator:Defend+1","animator:Kazuma+1","animator:Aqua+1","animator:Ain+1","animator:Tatsumaki+1","animator:Chris+1","animator:Chris+1","animator:Gilgamesh+4","animator:LeleiLaLalena+1"],"relics":["animator:LivingPicture","animator:TheMissingPiece","Hammer of Thor","Seething Fire","Anvil of the Gods","DaveBox","animator:PurgingStone","JellyFishMachine","BionicSphere","SynthV:TestCard","Blood Vial","animator:OldCoffin","CombinedTypeHook"],"acts_visited":["Exordium"],"potions_floor_usage":[7,7],"damage_taken":[{"damage":0.0,"enemies":"Cultist","floor":1.0,"turns":3.0},{"damage":0.0,"enemies":"Small Slimes","floor":2.0,"turns":3.0},{"damage":0.0,"enemies":"Jaw Worm","floor":3.0,"turns":3.0},{"damage":0.0,"enemies":"Exordium Wildlife","floor":4.0,"turns":3.0},{"damage":23,"enemies":"Lagavulin","floor":6,"turns":6},{"damage":19,"enemies":"Gremlin Nob","floor":7,"turns":4},{"damage":20,"enemies":"Lagavulin","floor":8,"turns":6}],"seed_played":"-7354753710679970116","potions_obtained":[{"floor":1.0,"key":"SkillPotion"},{"floor":4.0,"key":"GamblersBrew"},{"floor":8,"key":"SneckoOil"}],"is_trial":true,"path_per_floor":["M","M","M","M","?","E","E","E"],"character_chosen":"THE_ANIMATOR","items_purchased":[],"campfire_rested":0,"item_purchase_floors":[],"current_hp_per_floor":[57,60,60,60,60,37,23,8,8],"gold":690,"neow_bonus":"","is_daily":false,"chose_seed":false,"campfire_upgraded":0,"win_rate":0.0,"timestamp":1612871042,"path_taken":["M","M","?","?","?","E","E","E"],"items_purchased_type":[],"build_version":"2020-12-22","purchased_purges":0,"victory":false,"max_hp_per_floor":[60,60,60,60,60,60,60,60,60],"card_choices":[{"not_picked":["animator:IrohaTamaki","animator:DwarfShaman"],"picked":"animator:Ain","floor":1.0},{"not_picked":["animator:Sloth","animator:Shigure","animator:Alexander","animator:DolaCouronne"],"picked":"animator:Tatsumaki","floor":2.0},{"not_picked":["animator:Shion","animator:Priestess","animator:Bozes","animator:Kyubey"],"picked":"animator:Chris","floor":3.0},{"not_picked":["animator:Mitsurugi","animator:Eris","animator:Kazuma","animator:Verdia"],"picked":"animator:Chris","floor":4.0},{"not_picked":["animator:Elesis","animator:Saitama","animator:Greed","animator:Kyubey"],"picked":"animator:Gilgamesh","floor":6},{"not_picked":["animator:Demiurge","animator:Rimuru","animator:Gilgamesh","animator:Shiro"],"picked":"animator:LeleiLaLalena","floor":7}],"player_experience":104014,"relics_obtained":[{"floor":1.0,"key":"SynthV:TestCard"},{"floor":6,"key":"Blood Vial"},{"floor":7,"key":"animator:OldCoffin"},{"floor":8,"key":"CombinedTypeHook"}],"event_choices":[{"cards_removed":["animator:Strike"],"damage_healed":0.0,"max_hp_gain":0.0,"max_hp_loss":0.0,"gold_gain":0.0,"event_name":"Purifier","player_choice":"Purged","floor":5.0,"gold_loss":0.0,"damage_taken":0.0}],"is_beta":false,"boss_relics":[],"items_purged_floors":[],"is_endless":false,"potions_floor_spawned":[1,4,8],"killed_by":"Lagavulin","ascension_level":20}}