{"host":"l15sdf2mmi0nobpi","time":1612865163,"event":{"mods":["ATMod(°¢èªMod)","BaseMod","Highlight Path","Minty Spire (QoL Compilation)","Quick Restart","StSLib","The Runesmith","¡¾¹¦ÄÜMod¡¿Neow½±Àø"],"gold_per_floor":[117,127,140,159,171,171,203,203,203,203,203,239,97,97,97,223,223,238,163,187,187,212,212,255,273,273,311,327,327,371,496,496,616,616,629,629,642,642,642,683,683,196,196,196,229,254,292,316,316,316],"floor_reached":51,"language":"ZHS","playtime":3570,"items_purged":["Runesmith:Strike_RS","Runesmith:Defend_RS"],"score":1063,"play_id":"e084fa67-532c-4acd-b13d-57ff4ce26808","local_time":"20210209180603","is_ascension_mode":true,"campfire_choices":[{"data":"Runesmith:BackupBattery","floor":6.0,"key":"SMITH"},{"data":"Runesmith:LithiumIon","floor":8.0,"key":"SMITH"},{"data":"Runesmith:Fortify","floor":11.0,"key":"SMITH"},{"data":"Runesmith:LithiumIon","floor":15.0,"key":"SMITH"},{"data":"Runesmith:CraftFirestone","floor":23.0,"key":"PURGE"},{"floor":29.0,"key":"REST"},{"data":"Runesmith:Defend_RS","floor":32.0,"key":"PURGE"},{"data":"Runesmith:Defend_RS","floor":41.0,"key":"PURGE"},{"data":"Runesmith:Defend_RS","floor":44.0,"key":"PURGE"},{"data":"Runesmith:GrandSlam","floor":49,"key":"SMITH"}],"circlet_count":0,"master_deck":["Runesmith:Fortify+1","AT_FamilyPortrait","Runesmith:LithiumIon+1","Runesmith:Augment","Runesmith:Retool","Runesmith:CraftMagma","Runesmith:DoubleUp","Runesmith:BackupBattery+1","Runesmith:CraftProtectio","Runesmith:UnlimitedPower+1","Runesmith:LithiumIon+1","Runesmith:MetallurgicalResearch","Runesmith:EnergizedChisel","Runesmith:Permafrost+1","Runesmith:Reinforce+1","Runesmith:PoweredAnvil+1","Runesmith:PoweredAnvil+1","Runesmith:GrandSlam+1","Runesmith:RuneHurl+1","Runesmith:Repurpose"],"relics":["Runesmith:BrokenRuby","AT_ATBox","Toy Ornithopter","Golden Idol","Peace Pipe","Runic Pyramid","StrikeDummy","Regal Pillow","AT_SilvercatRing","AT_ChloranthyRing","Runesmith:Locket","Kunai","Cursed Key","Anchor","Boot","Bag of Preparation","Art of War","AT_BladeRuinedKing"],"acts_visited":["Exordium","TheCity","TheBeyond"],"potions_floor_usage":[],"damage_taken":[{"damage":0.0,"enemies":"2 Louse","floor":1.0,"turns":3.0},{"damage":2.0,"enemies":"Small Slimes","floor":2.0,"turns":4.0},{"damage":0.0,"enemies":"Cultist","floor":3.0,"turns":4.0},{"damage":1.0,"enemies":"Looter","floor":4.0,"turns":4.0},{"damage":0.0,"enemies":"Exordium Wildlife","floor":5.0,"turns":6.0},{"damage":2.0,"enemies":"Gremlin Nob","floor":7.0,"turns":3.0},{"damage":2.0,"enemies":"Lagavulin","floor":12.0,"turns":7.0},{"damage":0.0,"enemies":"Hexaghost","floor":16.0,"turns":11.0},{"damage":0.0,"enemies":"Spheric Guardian","floor":18.0,"turns":4.0},{"damage":0.0,"enemies":"Chosen","floor":20.0,"turns":7.0},{"damage":2.0,"enemies":"Snecko","floor":22.0,"turns":7.0},{"damage":24.0,"enemies":"Gremlin Leader","floor":24.0,"turns":7.0},{"damage":9.0,"enemies":"Snake Plant","floor":25.0,"turns":5.0},{"damage":0.0,"enemies":"Book of Stabbing","floor":27.0,"turns":9.0},{"damage":6.0,"enemies":"Chosen and Byrds","floor":28.0,"turns":8.0},{"damage":21.0,"enemies":"Gremlin Leader","floor":30.0,"turns":10.0},{"damage":10.0,"enemies":"Colosseum Slavers","floor":31.0,"turns":6.0},{"damage":5.0,"enemies":"Colosseum Nobs","floor":31.0,"turns":7.0},{"damage":9.0,"enemies":"Collector","floor":33.0,"turns":11.0},{"damage":0.0,"enemies":"3 Darklings","floor":35.0,"turns":7.0},{"damage":0.0,"enemies":"Orb Walker","floor":37.0,"turns":5.0},{"damage":0.0,"enemies":"Giant Head","floor":40.0,"turns":9.0},{"damage":0.0,"enemies":"Reptomancer","floor":45.0,"turns":5.0},{"damage":6.0,"enemies":"3 Darklings","floor":46.0,"turns":6.0},{"damage":4.0,"enemies":"Nemesis","floor":47.0,"turns":5.0},{"damage":0.0,"enemies":"Sphere and 2 Shapes","floor":48.0,"turns":3.0},{"damage":12,"enemies":"Donu and Deca","floor":50,"turns":9}],"seed_played":"-8616003360018840052","potions_obtained":[{"floor":4.0,"key":"LiquidMemories"},{"floor":5.0,"key":"EntropicBrew"},{"floor":7.0,"key":"Dexterity Potion"},{"floor":12.0,"key":"SteroidPotion"},{"floor":16.0,"key":"LiquidMemories"},{"floor":27.0,"key":"LiquidMemories"},{"floor":33.0,"key":"Swift Potion"},{"floor":45.0,"key":"Dexterity Potion"},{"floor":46.0,"key":"SpeedPotion"},{"floor":48.0,"key":"PowerPotion"}],"is_trial":false,"path_per_floor":["M","M","M","M","M","R","E","R","T","?","R","E","$","?","R","B",null,"M","?","M","?","M","R","E","M","T","E","M","R","E","?","R","B",null,"M","?","M","?","?","E","R","$","T","R","E","M","E","M","R","B",null],"character_chosen":"RUNESMITH_CLASS","items_purchased":["Runesmith:LithiumIon","Bag of Preparation","Runesmith:PoweredAnvil","Art of War"],"campfire_rested":1,"item_purchase_floors":[13,42,42,42],"current_hp_per_floor":[49,47,47,46,46,46,44,44,44,44,44,42,42,42,42,42,65,65,65,65,65,63,63,39,30,30,35,29,63,42,37,37,28,65,65,65,65,65,62,62,62,62,62,62,62,56,52,52,52,40],"gold":316,"neow_bonus":"TRANSFORM_TWO_CARDS","is_daily":false,"chose_seed":false,"campfire_upgraded":5,"win_rate":0.0,"timestamp":1612865163,"path_taken":["M","M","M","M","M","R","E","R","T","?","R","E","$","?","R","BOSS","M","?","M","?","M","R","E","?","T","E","M","R","E","?","R","BOSS","M","?","?","?","?","E","R","$","T","R","E","M","E","M","R","BOSS"],"items_purchased_type":["Card","Relic","Card","Relic"],"build_version":"2020-12-22","purchased_purges":2,"victory":true,"max_hp_per_floor":[70,70,70,70,70,70,70,70,70,65,65,65,65,65,65,65,65,65,65,65,65,65,65,65,65,65,65,65,65,65,65,65,65,65,65,65,65,65,62,62,62,62,62,62,62,62,62,62,62,62],"card_choices":[{"not_picked":["Runesmith:RuneHurl","Runesmith:CraftProtectio"],"picked":"Runesmith:Retool","floor":1.0},{"not_picked":["Runesmith:HeatExchange","Runesmith:CraftObretio"],"picked":"Runesmith:CraftMagma","floor":2.0},{"not_picked":["Runesmith:Attraction","Runesmith:RunicBlueprint"],"picked":"Runesmith:DoubleUp","floor":3.0},{"not_picked":["Runesmith:UnstableHammer","Runesmith:DoubleUp","Runesmith:HammerThrow"],"picked":"SKIP","floor":4.0},{"not_picked":["Runesmith:CraftReservo","Runesmith:HeatExchange"],"picked":"Runesmith:BackupBattery","floor":5.0},{"not_picked":["Runesmith:ChargedHammer","Runesmith:CraftObretio"],"picked":"Runesmith:CraftProtectio","floor":7.0},{"not_picked":["Runesmith:HammerAndChisel","Runesmith:Grindstone"],"picked":"Runesmith:UnlimitedPower","floor":12.0},{"not_picked":["Runesmith:ArcReactor","Runesmith:CraftIndustria"],"picked":"Runesmith:MetallurgicalResearch","floor":16.0},{"not_picked":["Runesmith:EarthShield","Runesmith:MakeshiftArmor","Runesmith:CraftVitae+1"],"picked":"SKIP","floor":18.0},{"not_picked":["Runesmith:HeatedChisel","Runesmith:HammerThrow","Runesmith:FieryHammer"],"picked":"SKIP","floor":20.0},{"not_picked":["Runesmith:CraftProtectio+1","Runesmith:Firewall","Runesmith:HammerTime"],"picked":"SKIP","floor":22.0},{"not_picked":["Runesmith:ChiselStab+1","Runesmith:UnstableHammer+1"],"picked":"Runesmith:EnergizedChisel","floor":24.0},{"not_picked":["Runesmith:Refine+1","Runesmith:Terraform"],"picked":"Runesmith:Permafrost","floor":25.0},{"not_picked":["Runesmith:WhiteBalance","Runesmith:BackupBattery+1","Runesmith:EarthShield+1"],"picked":"SKIP","floor":27.0},{"not_picked":["Runesmith:GrandSlam","Runesmith:EarthShield","Runesmith:RuneHurl"],"picked":"SKIP","floor":28.0},{"not_picked":["Runesmith:RuneHurl+1","Runesmith:CraftSpiculum"],"picked":"Runesmith:Reinforce+1","floor":30.0},{"not_picked":["Runesmith:Grindstone+1","Runesmith:EnergizedChisel","Runesmith:BackupBattery"],"picked":"SKIP","floor":35.0},{"not_picked":["Runesmith:MakeshiftArmor","Runesmith:ShiftingStrike+1","Runesmith:BackupBattery+1"],"picked":"SKIP","floor":37.0},{"not_picked":["Runesmith:FissionHammer","Runesmith:CraftReservo+1"],"picked":"Runesmith:PoweredAnvil","floor":40.0},{"not_picked":["Runesmith:Grindstone+1","Runesmith:ShiftingStrike+1","Runesmith:GrandSlam"],"picked":"SKIP","floor":45.0},{"not_picked":["Runesmith:Grindstone+1","Runesmith:ShiftingStrike+1","Runesmith:GrandSlam"],"picked":"SKIP","floor":45.0},{"not_picked":["Runesmith:Grindstone+1","Runesmith:ShiftingStrike+1"],"picked":"Runesmith:GrandSlam","floor":45.0},{"not_picked":["Runesmith:HammerThrow","Runesmith:EnergizedChisel+1"],"picked":"Runesmith:RuneHurl+1","floor":46.0},{"not_picked":["Runesmith:RuneHurl+1","Runesmith:CraftIncendium","Runesmith:Augment"],"picked":"SKIP","floor":47.0},{"not_picked":["Runesmith:Discharge","Runesmith:WhiteBalance"],"picked":"Runesmith:Repurpose","floor":48.0}],"player_experience":575062,"relics_obtained":[{"floor":7.0,"key":"Toy Ornithopter"},{"floor":12.0,"key":"Peace Pipe"},{"floor":24.0,"key":"StrikeDummy"},{"floor":26.0,"key":"Regal Pillow"},{"floor":27.0,"key":"AT_SilvercatRing"},{"floor":30.0,"key":"AT_ChloranthyRing"},{"floor":31.0,"key":"Runesmith:Locket"},{"floor":31.0,"key":"Kunai"},{"floor":36.0,"key":"Anchor"},{"floor":40.0,"key":"Boot"},{"floor":45.0,"key":"AT_BladeRuinedKing"}],"event_choices":[{"damage_healed":0.0,"max_hp_gain":0.0,"max_hp_loss":5.0,"gold_gain":0.0,"event_name":"Golden Idol","player_choice":"Lose Max HP","floor":10.0,"gold_loss":0.0,"damage_taken":0.0,"relics_obtained":["Golden Idol"]},{"damage_healed":0.0,"max_hp_gain":0.0,"max_hp_loss":0.0,"gold_gain":0.0,"event_name":"Liars Game","player_choice":"Ignored","floor":14.0,"gold_loss":0.0,"damage_taken":0.0},{"cards_removed":["Runesmith:Strike_RS"],"damage_healed":0.0,"max_hp_gain":0.0,"max_hp_loss":0.0,"gold_gain":0.0,"event_name":"Beggar","player_choice":"Gave Gold","floor":19.0,"gold_loss":75.0,"damage_taken":0.0},{"damage_healed":0.0,"max_hp_gain":0.0,"max_hp_loss":0.0,"gold_gain":0.0,"event_name":"Lab","player_choice":"Got Potions","floor":21.0,"gold_loss":0.0,"damage_taken":0.0},{"damage_healed":0.0,"max_hp_gain":0.0,"max_hp_loss":0.0,"gold_gain":0.0,"event_name":"Colosseum","player_choice":"Fight","floor":31.0,"gold_loss":0.0,"damage_taken":0.0},{"damage_healed":0.0,"max_hp_gain":0.0,"max_hp_loss":0.0,"gold_gain":0.0,"event_name":"Colosseum","player_choice":"Fought Nobs","floor":31.0,"gold_loss":0.0,"damage_taken":0.0},{"damage_healed":0.0,"max_hp_gain":0.0,"max_hp_loss":0.0,"gold_gain":0.0,"event_name":"Wheel of Change","player_choice":"Relic","floor":36.0,"gold_loss":0.0,"damage_taken":0.0},{"damage_healed":0.0,"max_hp_gain":0.0,"max_hp_loss":0.0,"gold_gain":0.0,"event_name":"Tomb of Lord Red Mask","player_choice":"Ignored","floor":38.0,"gold_loss":0.0,"damage_taken":0.0},{"damage_healed":0.0,"max_hp_gain":0.0,"max_hp_loss":3.0,"gold_gain":0.0,"event_name":"Winding Halls","player_choice":"Max HP","floor":39.0,"gold_loss":0.0,"damage_taken":0.0}],"is_beta":false,"boss_relics":[{"not_picked":["Black Star","Snecko Eye"],"picked":"Runic Pyramid"},{"not_picked":["SlaversCollar","Runesmith:UraniumAnvil"],"picked":"Cursed Key"}],"items_purged_floors":[13,42],"is_endless":false,"potions_floor_spawned":[4,5,7,12,16,22,27,28,30,31,33,45,46,48],"ascension_level":3}}