{"host":"kk6i5v7sjcm8i50x","time":1612904292,"event":{"mods":["BaseMod","Bestiary","Colored Map","Downfall","Hubris","Minty Spire (QoL Compilation)","Reliquary","StSLib","The Saiyan"],"gold_per_floor":[116,130,140,140,14,14,41,41,41,57,97,97,97,111,111,111,111],"floor_reached":16,"language":"ENG","playtime":541,"items_purged":["Defend_P"],"score":135,"play_id":"0a855684-c58d-49aa-b1d0-a0f6c11b6213","local_time":"20210209155812","is_ascension_mode":false,"campfire_choices":[{"data":"Eruption","floor":6,"key":"SMITH"},{"floor":12,"key":"REST"},{"floor":15,"key":"REST"}],"circlet_count":0,"master_deck":["Strike_P","Strike_P","Strike_P","Strike_P","Defend_P","Defend_P","Defend_P","Eruption+1","Vigilance","Worship","Fasting2+1","CrushJoints","Meditate","Wireheading","MasterReality"],"relics":["PureWater","NeowsBlessing","reliquary:PorcupineQuills","Golden Idol","Sundial","reliquary:PurpleTingedLeaf","hubris:TenFootPole"],"acts_visited":["Exordium"],"potions_floor_usage":[7,11,11],"damage_taken":[{"damage":0,"enemies":"Cultist","floor":1,"turns":1},{"damage":0,"enemies":"2 Louse","floor":2,"turns":1},{"damage":0,"enemies":"Small Slimes","floor":3,"turns":2},{"damage":45,"enemies":"3 Sentries","floor":7,"turns":7},{"damage":11,"enemies":"Looter","floor":10,"turns":3},{"damage":0,"enemies":"Lagavulin","floor":11,"turns":4},{"damage":16,"enemies":"3 Louse","floor":14,"turns":3},{"damage":46,"enemies":"Slime Boss","floor":16,"turns":6}],"seed_played":"-8623491258674931092","potions_obtained":[{"floor":2,"key":"Dexterity Potion"},{"floor":7,"key":"FearPotion"},{"floor":10,"key":"Guardian:BlockOnCardUsePotion"}],"is_trial":false,"path_per_floor":["M","M","M","?","$","R","E","?","T","M","E","R","?","M","R","B"],"character_chosen":"WATCHER","items_purchased":["PowerPotion"],"campfire_rested":2,"item_purchase_floors":[5],"current_hp_per_floor":[72,72,72,72,72,72,27,27,27,16,16,36,33,18,38,0,0],"gold":111,"neow_bonus":"THREE_ENEMY_KILL","is_daily":false,"chose_seed":false,"campfire_upgraded":1,"win_rate":0.0,"timestamp":1612904292,"path_taken":["M","?","M","?","?","R","E","?","T","M","E","R","?","M","R","BOSS"],"items_purchased_type":["Potion"],"build_version":"2020-12-22","purchased_purges":1,"victory":false,"max_hp_per_floor":[72,72,72,72,72,72,72,67,67,67,67,67,67,67,67,67,67],"card_choices":[{"not_picked":["JustLucky","ClearTheMind"],"picked":"Worship","floor":1},{"not_picked":["ThirdEye","WreathOfFlame"],"picked":"Fasting2","floor":2},{"not_picked":["PathToVictory","DeceiveReality"],"picked":"CrushJoints","floor":3},{"not_picked":["EmptyFist","Nirvana"],"picked":"Meditate","floor":7},{"not_picked":["PathToVictory","CarveReality"],"picked":"Wireheading","floor":10},{"not_picked":["Swivel","WreathOfFlame","Sanctity"],"picked":"SKIP","floor":11},{"not_picked":["EmptyFist","Crescendo"],"picked":"MasterReality","floor":14}],"player_experience":185444,"relics_obtained":[{"floor":7,"key":"reliquary:PorcupineQuills"},{"floor":9,"key":"Sundial"},{"floor":11,"key":"reliquary:PurpleTingedLeaf"}],"event_choices":[{"damage_healed":0,"gold_gain":0,"player_choice":"Upgraded","damage_taken":0,"max_hp_gain":0,"max_hp_loss":0,"event_name":"Upgrade Shrine","floor":4,"gold_loss":0,"cards_upgraded":["Fasting2"]},{"damage_healed":0,"gold_gain":0,"player_choice":"Lose Max HP","damage_taken":0,"relics_obtained":["Golden Idol"],"max_hp_gain":0,"max_hp_loss":5,"event_name":"Golden Idol","floor":8,"gold_loss":0},{"damage_healed":0,"gold_gain":0,"player_choice":"Success","damage_taken":3,"relics_obtained":["hubris:TenFootPole"],"max_hp_gain":0,"max_hp_loss":0,"event_name":"Scrap Ooze","floor":13,"gold_loss":0}],"is_beta":false,"boss_relics":[],"items_purged_floors":[5],"is_endless":false,"potions_floor_spawned":[2,7,10],"killed_by":"Slime Boss","ascension_level":0}}