{"host":"zoyu9oa60f8m99tp","time":1612889033,"event":{"mods":["Act Like it!","BaseMod","Colored Map","Gensokyo","Luminous","Minty Spire (QoL Compilation)","Shop Mod","StSLib","Yakumo Yukari mod"],"gold_per_floor":[140,140,140,165,184,194,194,194,271,271,271],"floor_reached":10,"language":"ZHS","playtime":276,"items_purged":[],"score":56,"play_id":"44d0ed9a-e405-481c-b393-5434cd7b6d9c","local_time":"20210210004353","is_ascension_mode":false,"campfire_choices":[],"circlet_count":0,"master_deck":["AT_purpleEX","AT_purpleEX","AT_purpleEX","AT_purpleEX","Defend_purpleEX","Defend_purpleEX","Defend_purpleEX","Defend_purpleEX","Observe_purple_1","WeekHit_purple+1","Fantasy_PerpetualMotionMachine_purple","ExternalForce_HighSpeedFlying_purple"],"relics":["Boundary_crack","Memoryfragments_purpleEX","Gensokyo:Justice","Toy Ornithopter","Gensokyo:OccultBall","Pantograph"],"acts_visited":["Exordium"],"potions_floor_usage":[],"damage_taken":[{"damage":0,"enemies":"Gensokyo:Python","floor":1,"turns":2},{"damage":7,"enemies":"Gensokyo:Gryphon","floor":5,"turns":3},{"damage":3,"enemies":"Gensokyo:2_Kodama","floor":6,"turns":2},{"damage":63,"enemies":"Gensokyo:Aya","floor":10,"turns":8}],"seed_played":"6632022834527781432","potions_obtained":[{"floor":1,"key":"Energy Potion"},{"floor":5,"key":"SpeedPotion"}],"is_trial":false,"path_per_floor":["M","?","?","T","M","M","?","?","T","E"],"character_chosen":"Youkari","items_purchased":[],"campfire_rested":0,"item_purchase_floors":[],"current_hp_per_floor":[70,70,70,70,63,60,60,53,53,0,0],"gold":271,"neow_bonus":"ONE_RANDOM_RARE_CARD","is_daily":false,"chose_seed":false,"campfire_upgraded":0,"win_rate":0.0,"timestamp":1612889033,"path_taken":["M","?","?","?","M","?","?","?","T","E"],"items_purchased_type":[],"build_version":"2020-12-22","purchased_purges":0,"victory":false,"max_hp_per_floor":[70,70,70,70,70,70,70,70,70,70,70],"card_choices":[{"not_picked":["Boundary_of_Extermination_purpleEX","DarkRealmRedLine_purple"],"picked":"WeekHit_purple","floor":1},{"not_picked":["RuleDissolution_purple","Nest_LightFlightworm_purple"],"picked":"Fantasy_PerpetualMotionMachine_purple","floor":5},{"not_picked":["Mirror_FormAndEmptin_purple","DimensionStaggered_purple"],"picked":"ExternalForce_HighSpeedFlying_purple","floor":6}],"player_experience":9518,"relics_obtained":[{"floor":4,"key":"Toy Ornithopter"},{"floor":9,"key":"Pantograph"}],"event_choices":[],"is_beta":false,"boss_relics":[],"items_purged_floors":[],"is_endless":false,"potions_floor_spawned":[1,5],"killed_by":"Gensokyo:Aya","ascension_level":0}}