{"host":"630px4nyj50z5id8","time":1612875849,"event":{"mods":["BaseMod","Better Note","Colored Powertips","Good Game Mod","Minty Spire (QoL Compilation)","Quick Restart","Rare Cards Sparkle","Relic Filter Mod","Replay The Spire","StSLib","Waifu the Spire"],"gold_per_floor":[116,116,66,66,86,119,119,119,147,147,147,159,194,213,54,65,65,161,161,178,253,263,33,33,64,64,64,64],"floor_reached":27,"language":"ZHS","playtime":1027,"items_purged":["Strike_R","Strike_R"],"score":409,"play_id":"95c087a3-d2b8-488b-8689-c58d3cb104ee","local_time":"20210209210409","is_ascension_mode":true,"campfire_choices":[{"data":"Dark Embrace","floor":10.0,"key":"SMITH"},{"data":"ReplayTheSpireMod:From All Sides","floor":17.0,"key":"SMITH"},{"data":"Dual Wield","floor":26,"key":"SMITH"}],"circlet_count":0,"master_deck":["Strike_R","Defend_R","Defend_R","Defend_R","Defend_R","Bash","ReplayTheSpireMod:From All Sides+1","Dark Embrace+1","ReplayTheSpireMod:Strike From Hell","Flex","ReplayTheSpireMod:Corrosion Curse","Intimidate","Evolve","Trip","Dual Wield+1","Demonic Infusion","Pommel Strike+1","Bloodletting","Sword Boomerang","Pain","Second Wind+1"],"relics":["Burning Blood","REME:ComplimentaryCards","NeowsBlessing","FossilizedHelix","Onion Ring","Divine Protection","Mummified Hand","Sozu","WarpedTongs","Mango"],"acts_visited":["Exordium","TheCity"],"potions_floor_usage":[25,27],"damage_taken":[{"damage":0.0,"enemies":"Jaw Worm","floor":1.0,"turns":1.0},{"damage":0.0,"enemies":"2 Louse","floor":5.0,"turns":2.0},{"damage":0.0,"enemies":"Lagavulin","floor":6.0,"turns":1.0},{"damage":10.0,"enemies":"Gremlin Nob","floor":9.0,"turns":4.0},{"damage":0.0,"enemies":"Small Slimes","floor":12.0,"turns":3.0},{"damage":17.0,"enemies":"3 Sentries","floor":13.0,"turns":5.0},{"damage":8.0,"enemies":"Exordium Thugs","floor":14.0,"turns":6.0},{"damage":0.0,"enemies":"Blue Slaver","floor":16.0,"turns":2.0},{"damage":17.0,"enemies":"Slime Boss","floor":18.0,"turns":13.0},{"damage":0.0,"enemies":"Shell Parasite","floor":20.0,"turns":1.0},{"damage":11.0,"enemies":"3 Byrds","floor":22.0,"turns":6.0},{"damage":21,"enemies":"Replay:Snechameleon","floor":25,"turns":5},{"damage":65,"enemies":"Slavers","floor":27,"turns":6}],"seed_played":"-6563142150137899329","potions_obtained":[{"floor":4.0,"key":"Adrenaline Potion"},{"floor":4.0,"key":"BlessingOfTheForge"},{"floor":4.0,"key":"Fruit Juice"},{"floor":5.0,"key":"Flashbang"},{"floor":13.0,"key":"Block Potion"}],"is_trial":false,"path_per_floor":["M","?","?","?","M","E","PTL","PTL","E","R","T","M","E","M","$","M","R","B",null,"M","?","M","$","?","E","R","E"],"character_chosen":"IRONCLAD","items_purchased":["Trip","Bloodletting","Sword Boomerang"],"campfire_rested":0,"item_purchase_floors":[15,23,23],"current_hp_per_floor":[78,78,78,78,85,85,85,85,81,81,81,85,74,72,72,78,78,67,81,85,77,72,72,72,71,71,6,6],"gold":64,"neow_bonus":"THREE_ENEMY_KILL","is_daily":false,"chose_seed":false,"campfire_upgraded":3,"win_rate":0.0,"timestamp":1612875849,"path_taken":["M","?","?","?","M","E","PTL","PTL","E","R","T","M","E","?","$","M","R","BOSS","M","?","M","?","?","E","R","E"],"items_purchased_type":["Card","Card","Card"],"build_version":"2020-12-22","purchased_purges":2,"victory":false,"max_hp_per_floor":[80,80,80,80,85,85,85,85,85,85,85,85,85,85,85,85,85,85,85,85,85,85,85,85,99,99,99,99],"card_choices":[{"not_picked":["Warcry","Armaments"],"picked":"Dark Embrace","floor":1.0},{"not_picked":["Clothesline","Pummel"],"picked":"Flex","floor":5.0},{"not_picked":["Warcry","ReplayTheSpireMod:Strike From Hell"],"picked":"ReplayTheSpireMod:Corrosion Curse","floor":6.0},{"not_picked":["Wild Strike","Corruption","Warcry"],"picked":"SKIP","floor":9.0},{"not_picked":["Havoc","Run Through","Dropkick"],"picked":"SKIP","floor":12.0},{"not_picked":["Entrench","Life Link"],"picked":"Intimidate","floor":13.0},{"not_picked":["Metallicize","Twin Strike"],"picked":"Evolve","floor":14.0},{"not_picked":["Power Through","Headbutt"],"picked":"Dual Wield","floor":16.0},{"not_picked":["Feed","Immolate"],"picked":"Demonic Infusion","floor":18.0},{"not_picked":["Sentinel","ReplayReversal+1"],"picked":"Pommel Strike+1","floor":20.0},{"not_picked":["Evolve+1","Body Slam","Run Through+1"],"picked":"SKIP","floor":22.0},{"not_picked":["Defy Death","ReplayTheSpireMod:Stacked"],"picked":"Second Wind+1","floor":25}],"player_experience":442018,"relics_obtained":[{"floor":6.0,"key":"FossilizedHelix"},{"floor":9.0,"key":"Onion Ring"},{"floor":11.0,"key":"Divine Protection"},{"floor":13.0,"key":"Mummified Hand"},{"floor":25,"key":"Mango"}],"event_choices":[{"damage_healed":0.0,"max_hp_gain":0.0,"max_hp_loss":0.0,"gold_gain":0.0,"cards_transformed":["Strike_R"],"event_name":"Living Wall","player_choice":"Change","floor":2.0,"gold_loss":0.0,"damage_taken":0.0,"cards_obtained":["ReplayTheSpireMod:Strike From Hell"]},{"cards_removed":["Strike_R"],"damage_healed":0.0,"max_hp_gain":0.0,"max_hp_loss":0.0,"gold_gain":0.0,"event_name":"The Cleric","player_choice":"Card Removal","floor":3.0,"gold_loss":50.0,"damage_taken":0.0},{"damage_healed":0.0,"max_hp_gain":0.0,"max_hp_loss":0.0,"gold_gain":0.0,"event_name":"Lab","player_choice":"Got Potions","floor":4.0,"gold_loss":0.0,"damage_taken":0.0},{"damage_healed":0.0,"max_hp_gain":0.0,"max_hp_loss":0.0,"gold_gain":75.0,"event_name":"FaceTrader","player_choice":"Touch","floor":21.0,"gold_loss":0.0,"damage_taken":8.0},{"damage_healed":0.0,"max_hp_gain":0.0,"max_hp_loss":0.0,"gold_gain":0.0,"event_name":"Accursed Blacksmith","player_choice":"Rummage","floor":24.0,"gold_loss":0.0,"damage_taken":0.0,"relics_obtained":["WarpedTongs"],"cards_obtained":["Pain"]}],"is_beta":false,"boss_relics":[{"not_picked":["Philosopher\u0027s Stone","Empty Cage"],"picked":"Sozu"}],"items_purged_floors":[15,23],"is_endless":false,"potions_floor_spawned":[5,12,13,22],"killed_by":"Slavers","ascension_level":8}}