{"host":"bakf0s4odzu8z5xt","time":1612909389,"event":{"mods":["2.2 Compatiblity","BaseMod","Downfall","Friendly Minions","Minty Spire (QoL Compilation)","StSLib"],"gold_per_floor":[99,112,131,145,145,177,177,177,188,204,204,220,220,248,260,355,355,355,388,388,406,406,432,432,432,447,247,247,265,318,346,357,459,459,359,378,392,403,228,245,245,245,195,195,195,195,195,223,241,241,241,268,12,12,12,12],"floor_reached":57,"language":"ENG","playtime":4408,"items_purged":["Slimebound:Strike_Slimebound","Slimebound:Tackle","Slimebound:DivideAndConquer+1"],"score":1289,"play_id":"4c651a30-b8c6-4620-8afd-b43f6b9548b0","local_time":"20210209162309","is_ascension_mode":true,"campfire_choices":[{"data":"Slimebound:Split","floor":1.0,"key":"SMITH"},{"floor":8.0,"key":"REST"},{"data":"Slimebound:Prepare","floor":11.0,"key":"SMITH"},{"data":"Slimebound:RollThrough","floor":13.0,"key":"SMITH"},{"data":"Slimebound:Darklings","floor":18.0,"key":"SMITH"},{"floor":25.0,"key":"RECALL"},{"data":"Slimebound:CorrosiveSpit","floor":27.0,"key":"SMITH"},{"data":"Slimebound:Overexert","floor":35,"key":"SMITH"},{"data":"Slimebound:CorrosiveSpit+1","floor":44,"key":"PURGE"},{"data":"Slimebound:FinishingTackle+1","floor":47,"key":"PURGE"},{"floor":54,"key":"REST"}],"circlet_count":0,"master_deck":["Slimebound:Defend_Slimebound+1","Slimebound:Defend_Slimebound+1","Slimebound:Defend_Slimebound+1","Slimebound:Defend_Slimebound+1","Slimebound:Split+1","Slimebound:ComboTackle+1","Slimebound:SlimeSpikes+1","Slimebound:Prepare+1","Slimebound:RollThrough+1","Slimebound:ComboTackle+1","Slimebound:Darklings+1","Slimebound:LivingWall+1","Slimebound:SlimeBarrage+1","Slimebound:FlameTackle+1","Slimebound:Overexert+1","Slimebound:Replication+1","Slimebound:Prepare+1","Slimebound:LeadByExample+1","expansioncontent:Chronoboost+1","Slimebound:GoopSpray+1","Slimebound:FinishingTackle+1","Slimebound:SplitAcid+1"],"relics":["Slimebound:AbsorbEndCombat","downfall:ShatteredFragment","Incense Burner","Kunai","Odd Mushroom","Philosopher\u0027s Stone","Red Mask","Smiling Mask","Slimebound:PreparedRelic","Dream Catcher","Pear","Busted Crown","Peace Pipe","Darkstone Periapt","Mango","Slimebound:MaxSlimesRelic","Lantern"],"acts_visited":["Exordium","TheCity","TheBeyond","TheEnding"],"potions_floor_usage":[39,39,39,39,40,40,55],"damage_taken":[{"damage":1.0,"enemies":"Cultist","floor":2.0,"turns":4.0},{"damage":0.0,"enemies":"Small Slimes","floor":3.0,"turns":3.0},{"damage":2.0,"enemies":"2 Louse","floor":4.0,"turns":2.0},{"damage":19.0,"enemies":"Gremlin Nob","floor":6.0,"turns":3.0},{"damage":12.0,"enemies":"Exordium Wildlife","floor":9.0,"turns":2.0},{"damage":0.0,"enemies":"3 Louse","floor":10.0,"turns":2.0},{"damage":3.0,"enemies":"Blue Slaver","floor":12.0,"turns":2.0},{"damage":2.0,"enemies":"The Mushroom Lair","floor":14.0,"turns":3.0},{"damage":10.0,"enemies":"Exordium Wildlife","floor":15.0,"turns":3.0},{"damage":31.0,"enemies":"DF_ARCHETYPE_STREAMLINE","floor":16.0,"turns":12.0},{"damage":13.0,"enemies":"Masked Bandits","floor":19.0,"turns":4.0},{"damage":0.0,"enemies":"Shell Parasite","floor":21.0,"turns":4.0},{"damage":14.0,"enemies":"Slavers","floor":23.0,"turns":6.0},{"damage":0.0,"enemies":"3 Cultists","floor":26.0,"turns":3.0},{"damage":2.0,"enemies":"Shelled Parasite and Fungi","floor":29.0,"turns":4.0},{"damage":0.0,"enemies":"Gremlin Leader","floor":31.0,"turns":5.0},{"damage":0.0,"enemies":"Cultist and Chosen","floor":32.0,"turns":4.0},{"damage":58.0,"enemies":"SI_MIRROR_ARCHETYPE","floor":33.0,"turns":11.0},{"damage":0,"enemies":"3 Darklings","floor":36,"turns":3},{"damage":3,"enemies":"3 Shapes","floor":37,"turns":4},{"damage":7,"enemies":"Writhing Mass","floor":38,"turns":5},{"damage":0,"enemies":"downfall:FleeingMerchant","floor":39,"turns":3},{"damage":9,"enemies":"Maw","floor":40,"turns":6},{"damage":1,"enemies":"Giant Head","floor":48,"turns":4},{"damage":2,"enemies":"4 Shapes","floor":49,"turns":2},{"damage":13,"enemies":"WA_ARCHETYPE_DIVINITY","floor":50,"turns":9},{"damage":31,"enemies":"downfall:CharBossMerchant","floor":52,"turns":8},{"damage":15,"enemies":"downfall:NeowBoss","floor":55,"turns":9},{"damage":31,"enemies":"downfall:NeowBossFinal","floor":56,"turns":9}],"seed_played":"-2995492276600385911","potions_obtained":[{"floor":4.0,"key":"hexamod:SoulburnPotion"},{"floor":9.0,"key":"LiquidMemories"},{"floor":15.0,"key":"DuplicationPotion"},{"floor":16.0,"key":"AttackPotion"},{"floor":19.0,"key":"Strength Potion"},{"floor":29.0,"key":"EntropicBrew"},{"floor":31.0,"key":"Ancient Potion"},{"floor":38,"key":"SkillPotion"}],"is_trial":false,"path_per_floor":["R","M","M","M","?","E","T","R","M","M","R","M","R","?","M","B",null,"R","?","?","M","?","E","T","R","M","R","?","M","T","E","M","B",null,"R","M","M","M","$","M","T","?","$","R","?","?","R","E","M","B",null,"E","$","R","B","B",null],"character_chosen":"SLIMEBOUND","items_purchased":["Peace Pipe","expansioncontent:Chronoboost","Swift Potion","Lantern","Energy Potion"],"campfire_rested":2,"item_purchase_floors":[39,39,39,53,53],"current_hp_per_floor":[59,59,59,57,39,28,28,45,35,35,35,38,38,38,30,5,59,59,50,40,44,44,38,38,38,44,54,54,56,56,68,72,22,84,84,84,84,83,84,79,79,79,79,79,79,74,74,88,88,75,88,65,65,88,77,50],"gold":12,"neow_bonus":"REMOVE_TWO","is_daily":false,"chose_seed":false,"campfire_upgraded":6,"win_rate":0.0,"timestamp":1612909389,"path_taken":["R","M","M","M","?","E","T","R","M","M","R","M","R","?","M","BOSS","R","?","?","M","?","E","T","R","?","R","?","M","?","E","M","BOSS","BOSS","R","M","M","M","$","M","T","?","$","R","?","?","R","E","M","BOSS","E","$","R","BOSS","BOSS"],"items_purchased_type":["Relic","Card","Potion","Relic","Potion"],"build_version":"2020-12-22","purchased_purges":3,"victory":true,"max_hp_per_floor":[59,59,59,59,59,59,59,59,59,59,59,59,59,59,59,59,59,59,59,64,64,64,64,64,64,64,74,74,74,74,84,84,84,84,84,84,84,84,84,84,84,84,84,84,84,74,74,88,88,88,88,88,88,88,88,88],"card_choices":[{"not_picked":["Slimebound:ComboTackle","Slimebound:Equalize"],"picked":"Slimebound:DivideAndConquer","floor":2.0},{"not_picked":["Slimebound:SamplingLick","Slimebound:LivingWall"],"picked":"Slimebound:ComboTackle","floor":3.0},{"not_picked":["Slimebound:LivingWall","Slimebound:SplitMire"],"picked":"Slimebound:SlimeSpikes","floor":4.0},{"not_picked":["Slimebound:HauntingLick","Slimebound:PressTheAttack","Slimebound:LivingWall"],"picked":"SKIP","floor":6.0},{"not_picked":["Slimebound:ItLooksTasty","Slimebound:PressTheAttack"],"picked":"Slimebound:Prepare","floor":9.0},{"not_picked":["Slimebound:Prepare","Slimebound:Dissolve","Slimebound:LivingWall"],"picked":"SKIP","floor":10.0},{"not_picked":["Slimebound:RallyTheTroops","Slimebound:Prepare"],"picked":"Slimebound:RollThrough","floor":12.0},{"not_picked":["Slimebound:GoopTackle","Slimebound:MinionMaster"],"picked":"Slimebound:ComboTackle","floor":15.0},{"not_picked":["Slimebound:MassRepurpose","Slimebound:LeechLife"],"picked":"Slimebound:Darklings","floor":16.0},{"not_picked":["Slimebound:DivideAndConquer","Slimebound:SplitSpecialist"],"picked":"Slimebound:LivingWall+1","floor":19.0},{"not_picked":["Slimebound:SplitBruiser","Slimebound:ItLooksTasty","Slimebound:SlimeSpikes"],"picked":"SKIP","floor":21.0},{"not_picked":["Slimebound:LevelUp","Slimebound:FinishingTackle"],"picked":"Slimebound:SlimeBarrage+1","floor":23.0},{"not_picked":["Slimebound:RejuvenatingLick+1","Slimebound:GoopTackle+1"],"picked":"Slimebound:FlameTackle","floor":26.0},{"not_picked":["Slimebound:FinishingTackle","Slimebound:LivingWall","Slimebound:SlimeSpikes"],"picked":"SKIP","floor":29.0},{"not_picked":["Slimebound:WasteNot","Slimebound:Dissolve"],"picked":"Slimebound:FinishingTackle","floor":31.0},{"not_picked":["Slimebound:GrowthPunch","Slimebound:SlimeTap+1","Slimebound:MegaLick"],"picked":"SKIP","floor":32.0},{"not_picked":["Slimebound:LeechLife","Slimebound:OneTwoCombo"],"picked":"Slimebound:Overexert","floor":33},{"not_picked":[],"picked":"Slimebound:Replication","floor":36},{"not_picked":[],"picked":"Slimebound:Prepare+1","floor":37},{"not_picked":["Slimebound:SplitLeeching"],"picked":"SKIP","floor":38},{"not_picked":[],"picked":"Slimebound:LeadByExample+1","floor":39},{"not_picked":["Slimebound:SlimeTap"],"picked":"SKIP","floor":40},{"not_picked":["Slimebound:GoopSpray+1"],"picked":"SKIP","floor":48},{"not_picked":[],"picked":"Slimebound:GoopSpray+1","floor":48},{"not_picked":[],"picked":"Slimebound:FinishingTackle+1","floor":49},{"not_picked":[],"picked":"Slimebound:SplitAcid+1","floor":52}],"player_experience":2133483,"relics_obtained":[{"floor":6.0,"key":"Incense Burner"},{"floor":7.0,"key":"Kunai"},{"floor":14.0,"key":"Odd Mushroom"},{"floor":19.0,"key":"Red Mask"},{"floor":23.0,"key":"Slimebound:PreparedRelic"},{"floor":30.0,"key":"Dream Catcher"},{"floor":31.0,"key":"Pear"},{"floor":41,"key":"Darkstone Periapt"},{"floor":48,"key":"Mango"},{"floor":52,"key":"Slimebound:MaxSlimesRelic"}],"event_choices":[{"damage_healed":0.0,"max_hp_gain":0.0,"max_hp_loss":0.0,"gold_gain":0.0,"event_name":"Mushrooms","player_choice":"Fought Mushrooms","floor":14.0,"gold_loss":0.0,"damage_taken":0.0},{"damage_healed":0.0,"max_hp_gain":0.0,"max_hp_loss":0.0,"gold_gain":0.0,"event_name":"Masked Bandits","player_choice":"Fought Bandits","floor":19.0,"gold_loss":0.0,"damage_taken":0.0},{"damage_healed":0,"gold_gain":0,"player_choice":"Ignored","damage_taken":0,"max_hp_gain":0,"max_hp_loss":0,"event_name":"Mysterious Sphere","floor":42,"gold_loss":0}],"is_beta":false,"boss_relics":[{"not_picked":["bronze:MakeshiftBattery","SacredBark"],"picked":"Philosopher\u0027s Stone"},{"not_picked":["Runic Dome","Sozu"],"picked":"Busted Crown"}],"items_purged_floors":[39,43,53],"is_endless":false,"potions_floor_spawned":[4,9,15,16,19,29,31,33,36,38],"ascension_level":2}}