{"host":"z609fbm6pkeriks8","time":1612908066,"event":{"mods":["AchievementEnabler","BaseMod","Colored Map","Colored Powertips","Highlight Path","Minty Spire (QoL Compilation)","StSLib"],"gold_per_floor":[119,131,131,145,70,98,117,142,167,21,21,51,51,82,82,184,184,202,219,16,29,29,64,64,64,141,56,56,56],"floor_reached":28,"language":"ZHS","playtime":3372,"items_purged":["Strike_R","Defend_R","Strike_R"],"score":315,"play_id":"bc7c0ccd-871b-431a-b968-54002f57a5bc","local_time":"20210210060106","is_ascension_mode":true,"campfire_choices":[{"data":"Armaments","floor":11,"key":"SMITH"},{"data":"Demon Form","floor":13,"key":"SMITH"},{"floor":15,"key":"REST"},{"data":"Infernal Blade","floor":25,"key":"SMITH"}],"circlet_count":0,"master_deck":["Strike_R","Strike_R","Defend_R","Bash","Bludgeon","Heavy Blade","Battle Trance","Feed","Clash","Second Wind","Feel No Pain","Rampage","Armaments+1","Demon Form+1","Barricade","Pommel Strike+1","Infernal Blade+1","Metallicize","Metallicize","Offering"],"relics":["Burning Blood","Anchor","Juzu Bracelet","Bag of Marbles","Tiny Chest","Red Skull","Busted Crown","Regal Pillow","White Beast Statue","Omamori"],"acts_visited":["Exordium","TheCity"],"potions_floor_usage":[14,14,21,21],"damage_taken":[{"damage":4,"enemies":"Small Slimes","floor":1,"turns":2},{"damage":1,"enemies":"Cultist","floor":2,"turns":3},{"damage":0,"enemies":"2 Louse","floor":4,"turns":2},{"damage":35,"enemies":"3 Sentries","floor":6,"turns":11},{"damage":0,"enemies":"Large Slime","floor":7,"turns":3},{"damage":35,"enemies":"Lagavulin","floor":8,"turns":6},{"damage":7,"enemies":"3 Sentries","floor":12,"turns":9},{"damage":25,"enemies":"Gremlin Nob","floor":14,"turns":5},{"damage":43,"enemies":"The Guardian","floor":16,"turns":7},{"damage":2,"enemies":"Chosen","floor":18,"turns":4},{"damage":43,"enemies":"3 Byrds","floor":19,"turns":9},{"damage":29,"enemies":"Centurion and Healer","floor":21,"turns":5},{"damage":24,"enemies":"Gremlin Leader","floor":23,"turns":4},{"damage":21,"enemies":"Slavers","floor":28,"turns":3}],"seed_played":"-9035084521465898854","potions_obtained":[{"floor":2,"key":"PowerPotion"},{"floor":7,"key":"Weak Potion"},{"floor":12,"key":"Block Potion"},{"floor":16,"key":"SteroidPotion"}],"is_trial":false,"path_per_floor":["M","M","?","M","$","E","M","E","T","$","R","E","R","E","R","B",null,"M","M","$","M","?","E","?","R","T","?","E"],"character_chosen":"IRONCLAD","items_purchased":["Armaments","Metallicize"],"campfire_rested":1,"item_purchase_floors":[10,20],"current_hp_per_floor":[80,80,80,83,83,57,66,40,40,40,40,42,42,23,51,14,95,95,61,61,38,38,20,20,20,20,20,0,0],"gold":56,"neow_bonus":"ONE_RANDOM_RARE_CARD","is_daily":false,"chose_seed":false,"campfire_upgraded":3,"win_rate":0.0,"timestamp":1612908066,"path_taken":["M","M","?","M","$","E","M","E","T","$","R","E","R","E","R","BOSS","M","M","$","M","?","E","?","R","T","?","E"],"items_purchased_type":["Card","Card"],"build_version":"2020-12-22","purchased_purges":3,"victory":false,"max_hp_per_floor":[80,80,80,83,83,86,89,92,92,92,92,95,95,95,95,95,95,95,98,98,98,98,98,98,98,98,98,98,98],"card_choices":[{"not_picked":["Warcry","Combust"],"picked":"Heavy Blade","floor":1},{"not_picked":["Burning Pact","Sword Boomerang"],"picked":"Battle Trance","floor":2},{"not_picked":["Sword Boomerang","Sever Soul"],"picked":"Second Wind","floor":4},{"not_picked":["Pommel Strike","Anger"],"picked":"Feel No Pain","floor":6},{"not_picked":["Thunderclap","Fiend Fire"],"picked":"Rampage","floor":7},{"not_picked":["Warcry","Sword Boomerang","Disarm"],"picked":"SKIP","floor":8},{"not_picked":["Havoc","Clothesline"],"picked":"Demon Form","floor":12},{"not_picked":["Cleave","Intimidate","Wild Strike"],"picked":"SKIP","floor":14},{"not_picked":["Offering","Immolate"],"picked":"Barricade","floor":16},{"not_picked":[],"picked":"Pommel Strike+1","floor":18},{"not_picked":[],"picked":"Infernal Blade","floor":19},{"not_picked":["Warcry"],"picked":"SKIP","floor":21},{"not_picked":["Flame Barrier"],"picked":"SKIP","floor":23}],"player_experience":38235,"relics_obtained":[{"floor":6,"key":"Anchor"},{"floor":8,"key":"Juzu Bracelet"},{"floor":9,"key":"Bag of Marbles"},{"floor":12,"key":"Tiny Chest"},{"floor":14,"key":"Red Skull"},{"floor":23,"key":"Regal Pillow"},{"floor":26,"key":"White Beast Statue"}],"event_choices":[{"damage_healed":0,"gold_gain":0,"player_choice":"2 cards matched","damage_taken":0,"max_hp_gain":0,"max_hp_loss":0,"event_name":"Match and Keep!","floor":3,"gold_loss":0,"cards_obtained":["Feed","Clash"]},{"damage_healed":0,"gold_gain":0,"cards_transformed":["Strike_R","Defend_R"],"player_choice":"Became Test Subject","damage_taken":0,"max_hp_gain":0,"max_hp_loss":0,"event_name":"Drug Dealer","floor":22,"gold_loss":0,"cards_obtained":["Metallicize","Offering"]},{"cards_removed":["Defend_R"],"damage_healed":0,"gold_gain":0,"player_choice":"Elegance","damage_taken":0,"max_hp_gain":0,"max_hp_loss":0,"event_name":"Back to Basics","floor":24,"gold_loss":0},{"damage_healed":0,"gold_gain":0,"player_choice":"Obtained Relic","damage_taken":0,"relics_obtained":["Omamori"],"max_hp_gain":0,"max_hp_loss":0,"event_name":"Addict","floor":27,"gold_loss":85}],"is_beta":false,"boss_relics":[{"not_picked":["Tiny House","Runic Cube"],"picked":"Busted Crown"}],"items_purged_floors":[5,10,20],"is_endless":false,"potions_floor_spawned":[2,7,12,16],"killed_by":"Slavers","ascension_level":2}}