{"host":"f9ntswufr8mq3t4y","time":1612865429,"event":{"mods":["AchievementEnabler","BaseMod","Best Route Mod","Block Reminder","Colored Map","Colored Powertips","Curses Come First","DeckTracker","Displayed Cursed Tome","Highlight Path","Minty Spire (QoL Compilation)","Permanent Neow","Quick Restart","Slay-I","StSLib"],"gold_per_floor":[110,185,195,206,219,219,252,252,305,305,319,329,349,383,383,481,481,499,515,531,531,531,531,630,656,656,656,160,185,31,61,61,160,160,178,189,241,291,305,305,305,305],"floor_reached":41,"language":"ENG","playtime":2359,"items_purged":[],"score":624,"play_id":"85d6d215-e921-4afa-bb5b-7834ff3c62f6","local_time":"20210209131029","is_ascension_mode":true,"campfire_choices":[{"data":"Shockwave","floor":6.0,"key":"SMITH"},{"data":"Immolate","floor":8.0,"key":"SMITH"},{"data":"Fiend Fire","floor":10.0,"key":"SMITH"},{"data":"Brutality","floor":15.0,"key":"SMITH"},{"data":"Armaments","floor":23,"key":"SMITH"},{"data":"Feed","floor":27,"key":"SMITH"},{"data":"True Grit","floor":32,"key":"SMITH"},{"data":"Double Tap","floor":40,"key":"SMITH"}],"circlet_count":0,"master_deck":["Strike_R","Strike_R","Strike_R","Strike_R","Strike_R","Defend_R","Defend_R","Defend_R","Defend_R","Bash","Immolate+1","Shrug It Off","Shockwave+1","Fiend Fire+1","Burning Pact","Wild Strike","Brutality+1","Feed+1","Armaments+1","Flame Barrier+1","Ghostly Armor","Metallicize","Burning Pact","Wild Strike+1","True Grit+1","Double Tap+1","Inflame+1","Shockwave+1"],"relics":["Black Blood","Meat on the Bone","MealTicket","Lantern","Eternal Feather","Matryoshka","Lee\u0027s Waffle","Self Forming Clay","Pear","PreservedInsect","Bronze Scales","Mark of Pain","CaptainsWheel","Ginger"],"acts_visited":["Exordium","TheCity","TheBeyond"],"potions_floor_usage":[19,25,29,33,33,33,41],"damage_taken":[{"damage":2.0,"enemies":"Jaw Worm","floor":1.0,"turns":3.0},{"damage":3.0,"enemies":"Small Slimes","floor":3.0,"turns":2.0},{"damage":0.0,"enemies":"2 Louse","floor":4.0,"turns":1.0},{"damage":0.0,"enemies":"Exordium Wildlife","floor":5.0,"turns":2.0},{"damage":30.0,"enemies":"Gremlin Nob","floor":7.0,"turns":5.0},{"damage":0.0,"enemies":"2 Fungi Beasts","floor":11.0,"turns":3.0},{"damage":0.0,"enemies":"3 Louse","floor":12.0,"turns":1.0},{"damage":0.0,"enemies":"Large Slime","floor":13.0,"turns":3.0},{"damage":9.0,"enemies":"3 Sentries","floor":14.0,"turns":5.0},{"damage":30.0,"enemies":"Hexaghost","floor":16.0,"turns":7.0},{"damage":32.0,"enemies":"3 Byrds","floor":18.0,"turns":6.0},{"damage":33,"enemies":"Spheric Guardian","floor":19,"turns":4},{"damage":25,"enemies":"3 Cultists","floor":20,"turns":5},{"damage":20,"enemies":"Gremlin Leader","floor":25,"turns":8},{"damage":51,"enemies":"Book of Stabbing","floor":29,"turns":8},{"damage":19,"enemies":"Slavers","floor":31,"turns":5},{"damage":94,"enemies":"Collector","floor":33,"turns":14},{"damage":25,"enemies":"3 Shapes","floor":35,"turns":3},{"damage":47,"enemies":"3 Darklings","floor":36,"turns":7},{"damage":24,"enemies":"2 Orb Walkers","floor":37,"turns":5},{"damage":23,"enemies":"Mind Bloom Boss Battle","floor":38,"turns":7},{"damage":40,"enemies":"Writhing Mass","floor":39,"turns":6},{"damage":62,"enemies":"Giant Head","floor":41,"turns":7}],"seed_played":"1876669120119000129","potions_obtained":[{"floor":5.0,"key":"SneckoOil"},{"floor":7.0,"key":"ColorlessPotion"},{"floor":11.0,"key":"Explosive Potion"},{"floor":14.0,"key":"BloodPotion"},{"floor":18.0,"key":"Dexterity Potion"},{"floor":20,"key":"SkillPotion"},{"floor":25,"key":"PowerPotion"},{"floor":31,"key":"DistilledChaos"},{"floor":35,"key":"SteroidPotion"},{"floor":36,"key":"ElixirPotion"}],"is_trial":false,"path_per_floor":["M","?","M","M","M","R","E","R","T","R","M","M","M","E","R","B",null,"M","M","M","$","?","R","?","E","T","R","$","E","$","E","R","B",null,"M","M","?","?","M","R","E"],"character_chosen":"IRONCLAD","items_purchased":["Lee\u0027s Waffle","Self Forming Clay","Burning Pact","PreservedInsect"],"campfire_rested":0,"item_purchase_floors":[28,28,28,30],"current_hp_per_floor":[72,61,64,70,72,72,48,48,48,48,54,60,66,63,63,51,67,59,50,53,68,68,68,68,60,60,72,83,66,81,78,93,46,87,74,51,55,56,40,55,0,0],"gold":305,"neow_bonus":"THREE_RARE_CARDS","is_daily":false,"chose_seed":false,"campfire_upgraded":8,"win_rate":0.0,"timestamp":1612865429,"path_taken":["M","?","M","M","M","R","E","R","T","R","M","M","M","E","R","BOSS","M","M","M","$","?","R","?","E","T","R","$","E","?","E","R","BOSS","M","M","?","?","M","R","E"],"items_purchased_type":["Relic","Relic","Card","Relic"],"build_version":"2020-12-22","purchased_purges":0,"victory":false,"max_hp_per_floor":[72,72,72,72,72,72,72,72,72,72,72,72,72,72,72,72,72,72,72,76,76,76,76,76,76,76,76,83,93,93,97,97,101,101,101,101,105,105,105,105,105,105],"card_choices":[{"not_picked":["Impervious","Reaper"],"picked":"Immolate","floor":0.0},{"not_picked":["Headbutt","Thunderclap","Pommel Strike"],"picked":"SKIP","floor":1.0},{"not_picked":["Thunderclap","Sword Boomerang"],"picked":"Shrug It Off","floor":3.0},{"not_picked":["Rupture","Havoc"],"picked":"Shockwave","floor":4.0},{"not_picked":["Fiend Fire","Wild Strike","Havoc"],"picked":"SKIP","floor":5.0},{"not_picked":["Wild Strike","Havoc"],"picked":"Fiend Fire","floor":5.0},{"not_picked":["Corruption","Flex"],"picked":"Burning Pact","floor":7.0},{"not_picked":["Cleave","Shrug It Off","Perfected Strike"],"picked":"SKIP","floor":11.0},{"not_picked":["Havoc","Sever Soul","Power Through"],"picked":"SKIP","floor":12.0},{"not_picked":["Seeing Red","Warcry"],"picked":"Wild Strike","floor":13.0},{"not_picked":["Sword Boomerang","Inflame"],"picked":"Brutality","floor":14.0},{"not_picked":["Berserk","Fiend Fire"],"picked":"Feed","floor":16.0},{"not_picked":["Thunderclap","Dual Wield"],"picked":"Armaments","floor":18.0},{"not_picked":["Headbutt+1","Havoc"],"picked":"Flame Barrier+1","floor":19},{"not_picked":["Iron Wave","Warcry","Reckless Charge"],"picked":"SKIP","floor":20},{"not_picked":["Combust","Warcry"],"picked":"Metallicize","floor":25},{"not_picked":["Clothesline","Inflame"],"picked":"Wild Strike+1","floor":29},{"not_picked":["Clash+1","Wild Strike"],"picked":"True Grit","floor":31},{"not_picked":["Limit Break","Corruption"],"picked":"Double Tap","floor":33},{"not_picked":["Spot Weakness","Second Wind+1","True Grit"],"picked":"SKIP","floor":35},{"not_picked":["Anger","Pommel Strike+1"],"picked":"Inflame+1","floor":36},{"not_picked":["Blood for Blood+1","Armaments"],"picked":"Shockwave+1","floor":37},{"not_picked":["Shockwave","Demon Form","Carnage+1"],"picked":"SKIP","floor":39}],"player_experience":416313,"relics_obtained":[{"floor":7.0,"key":"Meat on the Bone"},{"floor":9.0,"key":"MealTicket"},{"floor":14.0,"key":"Lantern"},{"floor":25,"key":"Eternal Feather"},{"floor":26,"key":"Matryoshka"},{"floor":29,"key":"Pear"},{"floor":31,"key":"Bronze Scales"},{"floor":37,"key":"CaptainsWheel"},{"floor":38,"key":"Ginger"}],"event_choices":[{"damage_healed":0.0,"max_hp_gain":0.0,"max_hp_loss":0.0,"gold_gain":75.0,"event_name":"World of Goop","player_choice":"Gather Gold","floor":2.0,"gold_loss":0.0,"damage_taken":11.0},{"damage_healed":0,"gold_gain":0,"player_choice":"Read","damage_taken":0,"max_hp_gain":0,"max_hp_loss":0,"event_name":"The Library","floor":22,"gold_loss":0,"cards_obtained":["Ghostly Armor"]},{"damage_healed":0,"gold_gain":99,"player_choice":"Stole From Cult","damage_taken":0,"max_hp_gain":0,"max_hp_loss":0,"event_name":"Nest","floor":24,"gold_loss":0},{"damage_healed":0,"gold_gain":0,"player_choice":"Fight","damage_taken":0,"max_hp_gain":0,"max_hp_loss":0,"event_name":"Mysterious Sphere","floor":37,"gold_loss":0},{"damage_healed":0,"gold_gain":0,"player_choice":"Fight","damage_taken":0,"max_hp_gain":0,"max_hp_loss":0,"event_name":"MindBloom","floor":38,"gold_loss":0}],"is_beta":false,"boss_relics":[{"not_picked":["Sozu","Coffee Dripper"],"picked":"Black Blood"},{"not_picked":["Runic Dome","Empty Cage"],"picked":"Mark of Pain"}],"items_purged_floors":[],"is_endless":false,"potions_floor_spawned":[5,7,11,14,18,20,25,31,35,36],"killed_by":"Giant Head","ascension_level":6}}