{"host":"yans4pr1zf0lm9bx","time":1612906090,"event":{"mods":["AchievementEnabler","Act Like it!","BaseMod","Hermit","Minty Spire (QoL Compilation)","Replay The Spire","StSLib","SuperFastMode"],"gold_per_floor":[115,115,135,135,60,60,89,105,178,6,6,6,26,26,26,142,154,184,215,292,327,339,367,390,317,329,373,385,397,427,439,451,560,572,594,299,299,299,78,78,78],"floor_reached":40,"language":"ENG","playtime":2436,"items_purged":["hermit:Strike_Hermit","hermit:Strike_Hermit","Replay:Hysterical Blindness","hermit:Strike_Hermit"],"score":575,"play_id":"49e65fe6-5f68-4b05-87a5-7fbbf4dddb4e","local_time":"20210209162810","is_ascension_mode":false,"campfire_choices":[{"data":"hermit:Covet","floor":6,"key":"SMITH"},{"data":"hermit:LoneWolf","floor":11,"key":"SMITH"},{"floor":15,"key":"DIG"},{"floor":29,"key":"REST"},{"floor":32,"key":"REST"}],"circlet_count":0,"master_deck":["hermit:Strike_Hermit","hermit:Defend_Hermit","hermit:Defend_Hermit","hermit:Defend_Hermit","hermit:Defend_Hermit","hermit:Snapshot","hermit:Covet+1","hermit:Dive+1","hermit:ItchyTrigger","hermit:ItchyTrigger","hermit:Glare","hermit:Dissolve","hermit:LoneWolf+1","hermit:Enervate+1","hermit:FromBeyond","hermit:LuckOfTheDraw+1","Voices","hermit:Quickdraw+1","ReplayTheSpireMod:Splinters","hermit:Determination","hermit:GoldenBullet+1","Injury","Pot Of Greed+1","Pot Of Greed","hermit:ShadowCloak","Pot Of Greed","hermit:FatalDesire","ReplayTheSpireMod:IOU","hermit:FatalDesire","CurseOfTheBell","hermit:Determination+1","Chrysalis","Madness","Madness","ReplayTheSpireMod:Faulty Equipment","hermit:ShadowCloak","Pot Of Greed"],"relics":["hermit:Momento","NeowsBlessing","ReplayTheSpireMod:Ring of Addiction","Ring of Peace","Chameleon Ring","Potion Belt","Tiny Chest","Replay:Accelerometer","MawBank","Cursed Key","Gremlin Food","Lantern","Orichalcum","Grinning Jar","Replay:Multitool","Quantum Egg","Replay:Ancient Bell","Juzu Bracelet","Singing Bowl","Unceasing Top","ReplayTheSpireMod:CursedCoin","Boot"],"acts_visited":["Exordium","TheCity","TheBeyond"],"potions_floor_usage":[18,20,23,27,39],"damage_taken":[{"damage":0,"enemies":"Small Slimes","floor":1,"turns":1},{"damage":0,"enemies":"Cultist","floor":3,"turns":1},{"damage":0,"enemies":"Gremlin Nob","floor":7,"turns":1},{"damage":0,"enemies":"Jaw Worm","floor":8,"turns":4},{"damage":9,"enemies":"Exordium Thugs","floor":13,"turns":7},{"damage":40,"enemies":"The Guardian","floor":16,"turns":12},{"damage":12,"enemies":"Chosen","floor":18,"turns":8},{"damage":3,"enemies":"3 Byrds","floor":19,"turns":5},{"damage":4,"enemies":"3 Cultists","floor":23,"turns":6},{"damage":15,"enemies":"Shelled Parasite and Fungi","floor":24,"turns":7},{"damage":39,"enemies":"Slavers","floor":27,"turns":9},{"damage":12,"enemies":"Cultist and Chosen","floor":30,"turns":8},{"damage":11,"enemies":"Automaton","floor":33,"turns":12},{"damage":24,"enemies":"3 Darklings","floor":35,"turns":10},{"damage":49,"enemies":"Reptomancer","floor":40,"turns":2}],"seed_played":"-5972346642806744254","potions_obtained":[{"floor":1,"key":"Adrenaline Potion"},{"floor":4,"key":"SteroidPotion"},{"floor":4,"key":"Reflective Coating"},{"floor":4,"key":"SneckoOil"},{"floor":8,"key":"FearPotion"},{"floor":19,"key":"Milkshake"},{"floor":20,"key":"Fruit Juice"},{"floor":20,"key":"Weak Potion"},{"floor":23,"key":"Dexterity Potion"},{"floor":30,"key":"BlessingOfTheForge"},{"floor":35,"key":"Fruit Juice"}],"is_trial":false,"path_per_floor":["M","?","M","?","$","R","E","M","T","$","R","$","M","T","R","B",null,"M","M","?","T","?","M","M","?","T","E","$","R","M","T","R","B",null,"M","$","?","?","$","E"],"character_chosen":"HERMIT","items_purchased":["hermit:LoneWolf","Chrysalis","ReplayTheSpireMod:CursedCoin","hermit:ShadowCloak","Boot"],"campfire_rested":2,"item_purchase_floors":[10,36,39,39,39],"current_hp_per_floor":[75,75,75,75,75,75,75,73,73,73,71,71,62,62,62,22,67,55,52,59,59,59,55,40,40,40,1,1,22,10,10,31,20,74,50,50,41,41,48,0,0],"gold":78,"neow_bonus":"THREE_ENEMY_KILL","is_daily":false,"chose_seed":false,"campfire_upgraded":2,"win_rate":0.0,"timestamp":1612906090,"path_taken":["M","?","?","?","$","R","E","M","T","$","R","?","M","?","R","BOSS","M","M","?","?","?","M","?","?","T","E","$","R","M","?","R","BOSS","M","$","?","?","$","E"],"items_purchased_type":["Card","Card","Relic","Card","Relic"],"build_version":"2020-12-22","purchased_purges":4,"victory":false,"max_hp_per_floor":[75,75,75,75,75,75,75,73,73,73,71,71,71,69,69,69,67,67,67,74,74,74,74,74,74,74,72,72,72,72,70,70,70,74,74,74,72,72,79,79,79],"card_choices":[{"not_picked":["hermit:Brawl","hermit:LowProfile"],"picked":"hermit:Dive","floor":1},{"not_picked":["hermit:LowProfile","hermit:TakeAim"],"picked":"hermit:ItchyTrigger","floor":3},{"not_picked":["hermit:SprayPray","hermit:Misfire"],"picked":"hermit:Glare","floor":7},{"not_picked":["hermit:LuckOfTheDraw","hermit:NoHoldsBarred"],"picked":"hermit:Dissolve","floor":8},{"not_picked":["hermit:BodyArmor","hermit:TakeCover"],"picked":"hermit:Enervate","floor":13},{"not_picked":["hermit:HighNoon","hermit:Magnum"],"picked":"hermit:FromBeyond","floor":16},{"not_picked":["hermit:FullyLoaded","hermit:Headshot"],"picked":"hermit:LuckOfTheDraw+1","floor":18},{"not_picked":["hermit:HoleUp","hermit:Horror","hermit:Quickdraw"],"picked":"SKIP","floor":19},{"not_picked":["hermit:SprayPray","hermit:TrackingShot"],"picked":"hermit:Quickdraw+1","floor":20},{"not_picked":["hermit:NoHoldsBarred","hermit:CalledShot"],"picked":"hermit:Determination","floor":23},{"not_picked":["hermit:Coalescence+1","hermit:Scavenge"],"picked":"hermit:GoldenBullet+1","floor":24},{"not_picked":["hermit:Combo+1","hermit:Ricochet+1"],"picked":"hermit:ShadowCloak","floor":27},{"not_picked":["hermit:BigShot","hermit:HighCaliber"],"picked":"hermit:FatalDesire","floor":30},{"not_picked":["hermit:Purgatory","hermit:OverwhelmingPower"],"picked":"hermit:FatalDesire","floor":33},{"not_picked":["Shame","Voices","ReplayTheSpireMod:Restless Dread"],"picked":"Singing Bowl","floor":34},{"not_picked":["Voices","CurseOfTheBell","hermit:ImpendingDoom"],"picked":"Singing Bowl","floor":34},{"not_picked":["Pain","Replay:Hysterical Blindness","Spreading Infection"],"picked":"Singing Bowl","floor":34},{"not_picked":["hermit:Scavenge","hermit:ItchyTrigger"],"picked":"hermit:Determination+1","floor":35}],"player_experience":254570,"relics_obtained":[{"floor":4,"key":"ReplayTheSpireMod:Ring of Addiction"},{"floor":4,"key":"Ring of Peace"},{"floor":4,"key":"Chameleon Ring"},{"floor":4,"key":"Potion Belt"},{"floor":7,"key":"Tiny Chest"},{"floor":9,"key":"Replay:Accelerometer"},{"floor":15,"key":"MawBank"},{"floor":20,"key":"Gremlin Food"},{"floor":21,"key":"Lantern"},{"floor":26,"key":"Grinning Jar"},{"floor":27,"key":"Replay:Multitool"},{"floor":31,"key":"Quantum Egg"}],"event_choices":[{"damage_healed":0,"gold_gain":0,"player_choice":"1 cards matched","damage_taken":0,"max_hp_gain":0,"max_hp_loss":0,"event_name":"Match and Keep!","floor":2,"gold_loss":0,"cards_obtained":["hermit:ItchyTrigger"]},{"damage_healed":0,"gold_gain":0,"player_choice":"Upgraded","damage_taken":0,"max_hp_gain":0,"max_hp_loss":0,"event_name":"Upgrade Shrine","floor":22,"gold_loss":0,"cards_upgraded":["hermit:Enervate"]},{"damage_healed":0,"gold_gain":0,"player_choice":"Obtained Relic","damage_taken":0,"relics_obtained":["Orichalcum"],"max_hp_gain":0,"max_hp_loss":0,"event_name":"Addict","floor":25,"gold_loss":85},{"damage_healed":0,"gold_gain":0,"player_choice":"Embrace Madness","damage_taken":9,"max_hp_gain":0,"max_hp_loss":0,"event_name":"Winding Halls","floor":37,"gold_loss":0,"cards_obtained":["Madness","Madness"]},{"cards_removed":["Shame"],"damage_healed":0,"gold_gain":0,"player_choice":"Purged","damage_taken":0,"max_hp_gain":0,"max_hp_loss":0,"event_name":"Purifier","floor":38,"gold_loss":0}],"is_beta":false,"boss_relics":[{"not_picked":["SlaversCollar","Ectoplasm"],"picked":"Cursed Key"},{"not_picked":["ChewingGum","ReplayTheSpireMod:DimensionalGlitch"],"picked":"Replay:Ancient Bell"},{"not_picked":["hermit:RyeStalk","CeramicFish"],"picked":"Juzu Bracelet"},{"not_picked":["Meat on the Bone","Kunai"],"picked":"Singing Bowl"},{"not_picked":["Pondfish Scales","Pocketwatch"],"picked":"Unceasing Top"}],"items_purged_floors":[5,10,36,39],"is_endless":false,"potions_floor_spawned":[1,8,19,23,30,33,35],"killed_by":"Reptomancer","ascension_level":0}}