{"host":"kda2p2afd6bvz6qo","time":1612906522,"event":{"mods":["BaseMod","Colored Map","Minty Spire (QoL Compilation)","Relic Stats"],"gold_per_floor":[164,164,175,190,207,207,207,242,254,287,299,350,362,374,386,517,529,561,598,610,610],"floor_reached":20,"language":"ENG","playtime":873,"items_purged":[],"score":230,"play_id":"db4938e3-2af8-4e38-a204-b42062a2d569","local_time":"20210209213522","is_ascension_mode":true,"campfire_choices":[{"data":"Reprogram","floor":6,"key":"SMITH"},{"floor":11,"key":"REST"},{"floor":13,"key":"REST"},{"floor":15,"key":"REST"}],"circlet_count":0,"master_deck":["Strike_B+1","Strike_B","Strike_B","Strike_B","Defend_B","Defend_B","Defend_B","Defend_B","Gash","Gash","Darkness","Reprogram+1","Scrape","Skim","Gash+1"],"relics":["Tiny House","Golden Idol","MawBank","Shuriken","Gremlin Horn","SlaversCollar"],"acts_visited":["Exordium","TheCity"],"potions_floor_usage":[12,19,20,20],"damage_taken":[{"damage":8.0,"enemies":"Jaw Worm","floor":1.0,"turns":4.0},{"damage":1.0,"enemies":"Cultist","floor":3.0,"turns":4.0},{"damage":9.0,"enemies":"2 Louse","floor":4.0,"turns":2.0},{"damage":6,"enemies":"2 Fungi Beasts","floor":5,"turns":4},{"damage":29,"enemies":"3 Sentries","floor":8,"turns":8},{"damage":14,"enemies":"Red Slaver","floor":10,"turns":4},{"damage":32,"enemies":"Gremlin Nob","floor":12,"turns":4},{"damage":27,"enemies":"The Guardian","floor":16,"turns":9},{"damage":35,"enemies":"Chosen","floor":18,"turns":6},{"damage":30,"enemies":"Shell Parasite","floor":19,"turns":5},{"damage":12,"enemies":"Snecko","floor":20,"turns":4}],"seed_played":"-3722013116847063150","potions_obtained":[{"floor":0.0,"key":"Energy Potion"},{"floor":1.0,"key":"Energy Potion"},{"floor":5,"key":"PotionOfCapacity"},{"floor":10,"key":"SmokeBomb"},{"floor":12,"key":"Regen Potion"},{"floor":16,"key":"PowerPotion"},{"floor":19,"key":"Ancient Potion"}],"is_trial":false,"path_per_floor":["M","?","M","M","M","R","?","E","T","M","R","E","R","?","R","B",null,"M","M","M"],"character_chosen":"DEFECT","items_purchased":[],"campfire_rested":3,"item_purchase_floors":[],"current_hp_per_floor":[72,72,71,62,56,56,56,27,27,13,35,3,25,25,47,20,61,26,10,0,0],"gold":610,"neow_bonus":"BOSS_RELIC","is_daily":false,"chose_seed":false,"campfire_upgraded":1,"win_rate":0.0,"timestamp":1612906522,"path_taken":["M","?","M","M","?","R","?","E","T","M","R","E","R","?","R","BOSS","M","M","M"],"items_purchased_type":[],"build_version":"2020-12-22","purchased_purges":0,"victory":false,"max_hp_per_floor":[80,80,80,80,80,80,74,74,74,74,74,74,74,74,74,74,74,74,74,74,74],"relic_stats":{"Gremlin Horn":[0,0],"counters":[11,54],"Golden Idol":52,"Shuriken":[14],"MawBank":144,"obtain_stats":[{"SlaversCollar":17,"Tiny House":0,"Gremlin Horn":12,"Golden Idol":7,"Shuriken":9,"Cracked Core":0,"MawBank":8},{"SlaversCollar":8,"Tiny House":0,"Gremlin Horn":7,"Golden Idol":4,"Shuriken":5,"Cracked Core":0,"MawBank":5},{"SlaversCollar":39,"Tiny House":0,"Gremlin Horn":30,"Golden Idol":14,"Shuriken":22,"Cracked Core":0,"MawBank":22}]},"card_choices":[{"not_picked":["Melter","Coolheaded"],"picked":"Gash","floor":0.0},{"not_picked":["Hologram","Go for the Eyes"],"picked":"Gash","floor":1.0},{"not_picked":["Glacier","Lockon","Heatsinks"],"picked":"SKIP","floor":3.0},{"not_picked":["Barrage","Steam Power"],"picked":"Reprogram","floor":4.0},{"not_picked":["Stack","Gash"],"picked":"Scrape","floor":5},{"not_picked":["Leap","Darkness","Ball Lightning"],"picked":"SKIP","floor":8},{"not_picked":["Fusion","Barrage"],"picked":"Skim","floor":10},{"not_picked":["Coolheaded","Chill","Leap"],"picked":"SKIP","floor":12},{"not_picked":["Steam","Hologram+1"],"picked":"Gash+1","floor":18},{"not_picked":["Steam+1","Leap","Coolheaded"],"picked":"SKIP","floor":19}],"player_experience":235531,"relics_obtained":[{"floor":8,"key":"MawBank"},{"floor":9,"key":"Shuriken"},{"floor":12,"key":"Gremlin Horn"}],"event_choices":[{"damage_healed":0.0,"max_hp_gain":0.0,"max_hp_loss":0.0,"gold_gain":0.0,"cards_transformed":["Dualcast"],"event_name":"Transmorgrifier","player_choice":"Transformed","floor":2.0,"gold_loss":0.0,"damage_taken":0.0,"cards_obtained":["Darkness"]},{"damage_healed":0,"gold_gain":0,"player_choice":"Lose Max HP","damage_taken":0,"relics_obtained":["Golden Idol"],"max_hp_gain":0,"max_hp_loss":6,"event_name":"Golden Idol","floor":7,"gold_loss":0},{"cards_removed":["Zap"],"damage_healed":0,"gold_gain":0,"player_choice":"Forget","damage_taken":0,"max_hp_gain":0,"max_hp_loss":0,"event_name":"Living Wall","floor":14,"gold_loss":0}],"is_beta":false,"boss_relics":[{"not_picked":["Inserter","Sozu"],"picked":"SlaversCollar"}],"items_purged_floors":[],"is_endless":false,"potions_floor_spawned":[1,5,10,12,16,19],"killed_by":"Snecko","ascension_level":5}}