{"host":"v3qphhcqhwfpabne","time":1612862806,"event":{"mods":["100% Spire Juice","2.2 Compatiblity","AchievementEnabler","BaseMod","CapriCore","DeckTracker","KinomotoSakuraMod(ÙÊñýÜâ?)","Koishi","Marisa£¨Ùöéë¡¡Øª×âÞÞ£©","Minty Spire (QoL Compilation)","Permanent Neow","Prisma Mod","StSLib","Td1madao Mod","The Bug Knight","The Cursed","The Immortal","The Runesmith","WarShipGirlsR/??á´Ò³R mod"],"gold_per_floor":[119,133,55,70,83,83,117,136,163,180,200,23,41,74,74,171,171,111,124,135,35,46,46,62,62,62,62,62],"floor_reached":27,"language":"KOR","playtime":1598,"items_purged":["Strike_R","Strike_R"],"score":263,"play_id":"6444fc3f-fbbe-4ae0-8e42-ded89966b050","local_time":"20210209182646","is_ascension_mode":true,"campfire_choices":[{"data":"Metallicize","floor":6,"key":"SMITH"},{"data":"Body Slam","floor":15,"key":"SMITH"},{"floor":23,"key":"REST"}],"circlet_count":0,"master_deck":["Strike_R","Defend_R","Defend_R","Defend_R","Defend_R","Bash+1","Flame Barrier","Cleave+1","Metallicize+1","Ghostly Armor","Body Slam+1","Metallicize","Entrench","Rampage","Armaments","Barricade","True Grit","Heavy Blade","Inflame"],"relics":["Burning Blood","Gambling Chip","Bronze Scales","Juzu Bracelet","Whetstone","Black Star","Kunai"],"acts_visited":["Exordium","TheCity"],"potions_floor_usage":[14,16,18],"damage_taken":[{"damage":14,"enemies":"2 Louse","floor":1,"turns":3},{"damage":6,"enemies":"Jaw Worm","floor":2,"turns":6},{"damage":1,"enemies":"Small Slimes","floor":4,"turns":6},{"damage":2,"enemies":"2 Fungi Beasts","floor":5,"turns":4},{"damage":19,"enemies":"3 Sentries","floor":7,"turns":11},{"damage":7,"enemies":"Large Slime","floor":8,"turns":7},{"damage":6,"enemies":"Looter","floor":10,"turns":4},{"damage":0,"enemies":"2 Fungi Beasts","floor":11,"turns":4},{"damage":2,"enemies":"Gremlin Gang","floor":13,"turns":4},{"damage":7,"enemies":"Lagavulin","floor":14,"turns":9},{"damage":45,"enemies":"Slime Boss","floor":16,"turns":14},{"damage":24,"enemies":"2 Thieves","floor":18,"turns":4},{"damage":25,"enemies":"Shell Parasite","floor":19,"turns":11},{"damage":10,"enemies":"Centurion and Healer","floor":20,"turns":14},{"damage":32,"enemies":"Snecko","floor":22,"turns":8},{"damage":10,"enemies":"Chosen and Byrds","floor":24,"turns":9},{"damage":38,"enemies":"Centurion and Healer","floor":27,"turns":5}],"seed_played":"-9157891570179882713","potions_obtained":[{"floor":4,"key":"PowerPotion"},{"floor":7,"key":"SpeedPotion"},{"floor":10,"key":"FearPotion"},{"floor":13,"key":"HeartOfIron"},{"floor":16,"key":"Fire Potion"},{"floor":22,"key":"Swift Potion"}],"is_trial":false,"path_per_floor":["M","M","$","M","M","R","E","M","T","M","M","$","M","E","R","B",null,"M","M","M","$","M","R","M","?","T","M"],"character_chosen":"IRONCLAD","items_purchased":["Metallicize","Entrench","Rampage"],"campfire_rested":1,"item_purchase_floors":[3,12,12],"current_hp_per_floor":[48,48,48,53,57,57,44,43,43,43,49,49,53,52,52,13,80,62,43,39,39,13,37,33,33,33,0,0],"gold":62,"neow_bonus":"ONE_RARE_RELIC","is_daily":false,"chose_seed":false,"campfire_upgraded":2,"win_rate":0.0,"timestamp":1612862806,"path_taken":["M","M","$","M","M","R","E","M","T","M","M","$","M","E","R","BOSS","M","M","M","$","M","R","M","?","T","M"],"items_purchased_type":["Card","Card","Card"],"build_version":"2020-12-22","purchased_purges":2,"victory":false,"max_hp_per_floor":[80,80,80,80,80,80,80,80,80,80,80,80,80,80,80,80,80,80,80,80,80,80,80,80,80,80,80,80],"card_choices":[{"not_picked":["Sword Boomerang","True Grit"],"picked":"Flame Barrier","floor":1},{"not_picked":["Wild Strike","Perfected Strike"],"picked":"Cleave","floor":2},{"not_picked":["Wild Strike","Blood for Blood","Fire Breathing"],"picked":"SKIP","floor":4},{"not_picked":["Fire Breathing","Armaments"],"picked":"Ghostly Armor","floor":5},{"not_picked":["Pommel Strike","Intimidate","Thunderclap"],"picked":"SKIP","floor":7},{"not_picked":["Disarm","Anger","Combust"],"picked":"SKIP","floor":8},{"not_picked":["Thunderclap","Fire Breathing"],"picked":"Body Slam","floor":10},{"not_picked":["Whirlwind","True Grit"],"picked":"Metallicize","floor":11},{"not_picked":["Body Slam","Pommel Strike"],"picked":"Armaments","floor":13},{"not_picked":["Twin Strike","Iron Wave","Headbutt"],"picked":"SKIP","floor":14},{"not_picked":["Fiend Fire","Corruption"],"picked":"Barricade","floor":16},{"not_picked":["Clash","Hemokinesis+1"],"picked":"True Grit","floor":18},{"not_picked":["Thunderclap","Perfected Strike","Twin Strike+1"],"picked":"SKIP","floor":19},{"not_picked":["Uppercut","Inflame","Sword Boomerang"],"picked":"SKIP","floor":20},{"not_picked":["Cleave","Sever Soul","Hemokinesis"],"picked":"SKIP","floor":22},{"not_picked":["Dark Embrace","Thunderclap","Sword Boomerang+1"],"picked":"SKIP","floor":24}],"player_experience":146072,"relics_obtained":[{"floor":7,"key":"Bronze Scales"},{"floor":9,"key":"Juzu Bracelet"},{"floor":14,"key":"Whetstone"},{"floor":26,"key":"Kunai"}],"event_choices":[{"damage_healed":0,"gold_gain":0,"cards_transformed":["Strike_R","Strike_R"],"player_choice":"Became Test Subject","damage_taken":0,"max_hp_gain":0,"max_hp_loss":0,"event_name":"Drug Dealer","floor":25,"gold_loss":0,"cards_obtained":["Heavy Blade","Inflame"]}],"is_beta":false,"boss_relics":[{"not_picked":["Busted Crown","Empty Cage"],"picked":"Black Star"}],"items_purged_floors":[12,21],"is_endless":false,"potions_floor_spawned":[4,7,10,11,13,16,22],"killed_by":"Centurion and Healer","ascension_level":3}}