{"host":"8czslf765hghnpcx","time":1612867321,"event":{"mods":["BaseMod","BetterRewards","Colored Map","Downfall","GifTheSpireLib","Minty Spire (QoL Compilation)","Quick Restart","StSLib","noobMod"],"gold_per_floor":[99,111,71,88,103,120,196,196,212,222,232,232,232,252,266,369,369,369,10,285,299,311,73,73,144,164,176,176,276,310,310,323,420,420,320,340,340,332,332,30,30,72,89,189,34,57,57,99,125,125],"floor_reached":51,"language":"ZHS","playtime":4735,"items_purged":["hexamod:Defend","hexamod:Strike","Shame"],"score":796,"play_id":"9cec9ebb-85e0-44f6-a35c-563635578576","local_time":"20210209184201","is_ascension_mode":false,"campfire_choices":[{"data":"hexamod:Float","floor":1.0,"key":"SMITH"},{"data":"hexamod:RadiantFlame","floor":13.0,"key":"SMITH"},{"data":"hexamod:VolcanoVisage","floor":18.0,"key":"SMITH"},{"data":"expansioncontent:StudyTheSpire","floor":35,"key":"SMITH"},{"data":"Apotheosis","floor":47,"key":"SMITH"}],"circlet_count":0,"master_deck":["hexamod:Strike","hexamod:Strike","hexamod:Strike","hexamod:Defend","hexamod:Defend","hexamod:Sear","hexamod:Float+1","hexamod:FirstSeal","hexamod:ShieldOfDarkness","hexamod:HauntingEcho","hexamod:SwordOfDarkness","hexamod:GhostShield","hexamod:RadiantFlame+1","hexamod:DynamicBlow","hexamod:Hexaguard","hexamod:ThermalTransfer","hexamod:VolcanoVisage+1","CurseOfTheBell","hexamod:WildfireWeapon","expansioncontent:StudyTheSpire+1","hexamod:PhantomFireball+1","Regret","hexamod:ThermalTransfer+1","hexamod:ExtraCrispy","hexamod:GhostOfSpireFuture","expansioncontent:InvincibleStrength","hexamod:EmpoweredFlame","hexamod:EtherealExpedition","hexamod:ForkedFlame+1","expansioncontent:YouAreMine","expansioncontent:PrepareCrush","expansioncontent:LastStand","hexamod:SecondSeal","hexamod:ThirdSeal","hexamod:FourthSeal","Apotheosis+1","Flash of Steel+1","hexamod:Hexaguard+1","Parasite"],"relics":["hexamod:SpiritBrand","ice","Pantograph","Shuriken","Calling Bell","Juzu Bracelet","Molten Egg 2","Thread and Needle","Kunai","Blue Candle","White Beast Statue","Bag of Marbles","Busted Crown","downfall:HeartBlessingGreen","Bottled Flame","Turnip","downfall:ExtraCursedKey","Lee\u0027s Waffle","Gremlin Horn","Nunchaku"],"acts_visited":["Exordium","TheCity","TheBeyond"],"potions_floor_usage":[42,42,46,49,50,50,50],"damage_taken":[{"damage":0.0,"enemies":"Cultist","floor":2.0,"turns":4.0},{"damage":5.0,"enemies":"downfall:FleeingMerchant","floor":3.0,"turns":4.0},{"damage":0.0,"enemies":"Small Slimes","floor":4.0,"turns":3.0},{"damage":0.0,"enemies":"Jaw Worm","floor":5.0,"turns":4.0},{"damage":4.0,"enemies":"Gremlin Gang","floor":6.0,"turns":4.0},{"damage":0.0,"enemies":"Red Slaver","floor":9.0,"turns":4.0},{"damage":0.0,"enemies":"Exordium Wildlife","floor":10.0,"turns":2.0},{"damage":3.0,"enemies":"Gremlin Gang","floor":11.0,"turns":4.0},{"damage":10.0,"enemies":"Exordium Thugs","floor":14.0,"turns":4.0},{"damage":0.0,"enemies":"3 Louse","floor":15.0,"turns":3.0},{"damage":2.0,"enemies":"SI_SHIV_ARCHETYPE","floor":16.0,"turns":7.0},{"damage":1.0,"enemies":"downfall:FleeingMerchant","floor":19.0,"turns":4.0},{"damage":19.0,"enemies":"Spheric Guardian","floor":21.0,"turns":7.0},{"damage":9.0,"enemies":"3 Byrds","floor":22.0,"turns":6.0},{"damage":19.0,"enemies":"downfall:FleeingMerchant","floor":23.0,"turns":4.0},{"damage":11.0,"enemies":"Cultist and Chosen","floor":26.0,"turns":8.0},{"damage":13.0,"enemies":"Snake Plant","floor":27.0,"turns":6.0},{"damage":11.0,"enemies":"downfall:LadyInBlue","floor":29.0,"turns":10.0},{"damage":14.0,"enemies":"Gremlin Leader","floor":30.0,"turns":8.0},{"damage":21.0,"enemies":"Centurion and Healer","floor":32.0,"turns":6.0},{"damage":64.0,"enemies":"DF_ARCHETYPE_CLAW","floor":33.0,"turns":10.0},{"damage":19,"enemies":"3 Shapes","floor":36,"turns":6},{"damage":4,"enemies":"downfall:FleeingMerchant","floor":40,"turns":4},{"damage":41,"enemies":"Reptomancer","floor":42,"turns":8},{"damage":13,"enemies":"3 Darklings","floor":43,"turns":7},{"damage":1,"enemies":"downfall:FleeingMerchant","floor":45,"turns":1},{"damage":23,"enemies":"Transient","floor":46,"turns":5},{"damage":52,"enemies":"Nemesis","floor":48,"turns":9},{"damage":42,"enemies":"Writhing Mass","floor":49,"turns":7},{"damage":17,"enemies":"WA_ARCHETYPE_DIVINITY","floor":50,"turns":11}],"seed_played":"221912404903074473","potions_obtained":[{"floor":2.0,"key":"Fire Potion"},{"floor":4.0,"key":"SneckoOil"},{"floor":9.0,"key":"DistilledChaos"},{"floor":10.0,"key":"DuplicationPotion"},{"floor":14.0,"key":"Block Potion"},{"floor":26.0,"key":"BlessingOfTheForge"},{"floor":27.0,"key":"Ancient Potion"},{"floor":29.0,"key":"Slimebound:ThreeZeroPotion"},{"floor":29.0,"key":"Strength Potion"},{"floor":29.0,"key":"Fire Potion"},{"floor":30.0,"key":"SneckoOil"},{"floor":32.0,"key":"SkillPotion"},{"floor":33.0,"key":"Fire Potion"},{"floor":36,"key":"hexamod:EctoCoolerPotion"},{"floor":40,"key":"Ancient Potion"},{"floor":40,"key":"EssenceOfSteel"},{"floor":42,"key":"Ancient Potion"},{"floor":43,"key":"champ:CounterPotion"},{"floor":46,"key":"Weak Potion"},{"floor":48,"key":"Regen Potion"},{"floor":48,"key":"Strength Potion"},{"floor":49,"key":"hexamod:EctoCoolerPotion"}],"is_trial":false,"path_per_floor":["R","M","$","M","M","M","T","?","M","M","M","T","R","M","M","B",null,"R","$","?","M","M","$","T","T","M","M","?","?","E","?","M","B",null,"R","M","?","?","?","$","T","E","M","?","$","M","R","E","M","B",null],"character_chosen":"THE_SPIRIT","items_purchased":["hexamod:ShieldOfDarkness","expansioncontent:StudyTheSpire","hexamod:PhantomFireball+1","hexamod:GhostOfSpireFuture","expansioncontent:InvincibleStrength","Apotheosis","Flash of Steel+1","Lee\u0027s Waffle","Gremlin Horn"],"campfire_rested":0,"item_purchase_floors":[3,19,19,23,23,40,40,45,45],"current_hp_per_floor":[77,77,72,77,77,77,77,82,82,82,82,82,82,79,82,80,82,82,81,81,69,67,55,55,55,51,45,45,34,27,27,6,52,89,89,70,60,60,60,56,56,32,26,26,96,80,80,45,25,96],"gold":125,"neow_bonus":"TEN_PERCENT_HP_BONUS","is_daily":false,"chose_seed":false,"campfire_upgraded":5,"win_rate":0.0,"timestamp":1612867321,"path_taken":["R","M","$","?","M","M","T","?","M","M","M","?","R","M","M","BOSS","R","$","?","M","M","$","T","?","M","M","?","?","E","?","M","BOSS","R","M","?","?","?","$","T","E","M","?","$","M","R","E","M","BOSS"],"items_purchased_type":["Card","Card","Card","Card","Card","Card","Card","Relic","Relic"],"build_version":"2020-12-22","purchased_purges":3,"victory":true,"max_hp_per_floor":[77,77,77,77,77,77,77,82,82,82,82,82,82,82,82,82,82,82,82,82,82,82,82,82,82,82,82,82,82,82,82,82,89,89,89,89,89,89,89,89,89,89,89,89,96,96,96,96,96,97],"card_choices":[{"not_picked":["hexamod:HeatCrush","hexamod:BurningTouch"],"picked":"hexamod:GhostLash","floor":2.0},{"not_picked":["hexamod:BurningTouch","hexamod:HauntingEcho"],"picked":"hexamod:FirstSeal","floor":3.0},{"not_picked":["hexamod:GhostflameInferno","hexamod:PhantomCloak"],"picked":"hexamod:HauntingEcho","floor":4.0},{"not_picked":["hexamod:BacktrackSmack","hexamod:NightmareStrike"],"picked":"hexamod:SwordOfDarkness","floor":5.0},{"not_picked":["hexamod:NightmareGuise","hexamod:BacktrackSmack","hexamod:HeatMetal"],"picked":"SKIP","floor":6.0},{"not_picked":["hexamod:ChargedBarrage","hexamod:SoulSteal"],"picked":"hexamod:GhostShield","floor":9.0},{"not_picked":["hexamod:Rewind","hexamod:SpectersWail"],"picked":"hexamod:RadiantFlame","floor":10.0},{"not_picked":["hexamod:HeatShield","hexamod:PhantomFireball"],"picked":"hexamod:DynamicBlow","floor":11.0},{"not_picked":["hexamod:FastForward","hexamod:RetreatToShadows"],"picked":"hexamod:Hexaguard","floor":14.0},{"not_picked":["hexamod:ShieldOfDarkness","hexamod:UnleashSpirits"],"picked":"hexamod:ThermalTransfer","floor":15.0},{"not_picked":["hexamod:GhostflameInferno","hexamod:TimeOfNeed"],"picked":"hexamod:VolcanoVisage","floor":16.0},{"not_picked":["hexamod:Haunt+1","hexamod:Hexaguard"],"picked":"hexamod:WildfireWeapon","floor":19.0},{"not_picked":["hexamod:StepThrough+1","hexamod:PhantomFireball+1","hexamod:InspiringFlames"],"picked":"SKIP","floor":21.0},{"not_picked":["hexamod:NightmareStrike+1","hexamod:AdvancingGuard+1"],"picked":"hexamod:ThermalTransfer+1","floor":22.0},{"not_picked":["hexamod:SwordOfDarkness+1","hexamod:SkipABeat"],"picked":"hexamod:ExtraCrispy","floor":23.0},{"not_picked":["hexamod:BurningTouch","hexamod:SwordOfDarkness+1","hexamod:PhantomCloak"],"picked":"SKIP","floor":26.0},{"not_picked":["hexamod:TurnItUp","hexamod:InspiringFlames","hexamod:ShieldOfDarkness"],"picked":"SKIP","floor":27.0},{"not_picked":["hexamod:Haunt","hexamod:ThermalTransfer+1"],"picked":"hexamod:EmpoweredFlame","floor":29.0},{"not_picked":["hexamod:InspiringFlames","hexamod:SwordOfDarkness+1"],"picked":"hexamod:EtherealExpedition","floor":30.0},{"not_picked":["hexamod:BurningTouch","hexamod:HauntingEcho+1","hexamod:GhostLash+1"],"picked":"SKIP","floor":32.0},{"not_picked":["hexamod:ParanormalForm","hexamod:TimeOfNeed"],"picked":"hexamod:ForkedFlame+1","floor":33.0},{"not_picked":["hexamod:ThermalTransfer+1"],"picked":"SKIP","floor":36},{"not_picked":["expansioncontent:LastStand","expansioncontent:GuardianWhirl"],"picked":"expansioncontent:YouAreMine","floor":37},{"not_picked":["expansioncontent:AwakenDeath","expansioncontent:HyperBeam"],"picked":"expansioncontent:PrepareCrush","floor":37},{"not_picked":["expansioncontent:HyperBeam","expansioncontent:InvincibleStrength"],"picked":"expansioncontent:LastStand","floor":37},{"not_picked":["hexamod:RainOfEmbers+1"],"picked":"SKIP","floor":40},{"not_picked":[],"picked":"hexamod:Hexaguard+1","floor":42},{"not_picked":["hexamod:InspiringFlames"],"picked":"SKIP","floor":42},{"not_picked":["hexamod:InspiringFlames+1"],"picked":"SKIP","floor":43},{"not_picked":["hexamod:NightmareGuise+1"],"picked":"SKIP","floor":43},{"not_picked":["hexamod:Firestarter+1"],"picked":"SKIP","floor":45},{"not_picked":["hexamod:GhostflameBarrier"],"picked":"SKIP","floor":46},{"not_picked":["hexamod:VolcanoVisage"],"picked":"SKIP","floor":46},{"not_picked":["hexamod:AdvancingGuard+1"],"picked":"SKIP","floor":48},{"not_picked":["hexamod:BacktrackSmack+1"],"picked":"SKIP","floor":48},{"not_picked":["hexamod:HauntingEcho+1"],"picked":"SKIP","floor":49},{"not_picked":["hexamod:StepThrough+1"],"picked":"SKIP","floor":49}],"player_experience":132100,"relics_obtained":[{"floor":7.0,"key":"Pantograph"},{"floor":12.0,"key":"Shuriken"},{"floor":17.0,"key":"Juzu Bracelet"},{"floor":17.0,"key":"Molten Egg 2"},{"floor":17.0,"key":"Thread and Needle"},{"floor":24.0,"key":"Kunai"},{"floor":25.0,"key":"Blue Candle"},{"floor":29.0,"key":"White Beast Statue"},{"floor":30.0,"key":"Bag of Marbles"},{"floor":41,"key":"Bottled Flame"},{"floor":42,"key":"Turnip"},{"floor":48,"key":"Nunchaku"}],"event_choices":[{"damage_healed":0.0,"max_hp_gain":5.0,"max_hp_loss":0.0,"gold_gain":0.0,"event_name":"Big Fish","player_choice":"Donut","floor":8.0,"gold_loss":0.0,"damage_taken":0.0}],"is_beta":false,"boss_relics":[{"not_picked":["Cursed Key","Astrolabe"],"picked":"Calling Bell"},{"not_picked":["Runic Dome","Runic Pyramid"],"picked":"Busted Crown"}],"items_purged_floors":[19,23,45],"is_endless":false,"potions_floor_spawned":[2,4,9,10,14,26,27,30,32,33,36,40,42,43,45,46,48,49],"ascension_level":0}}