{"host":"0kwl2uefibxd2nsv","time":1612869889,"event":{"mods":["Act Like it!","Aspiration","BaseMod","Better Note","BetterRewards","DeckTracker","Googly Eyes","Minty Spire (QoL Compilation)","Reliquary","StS++","StSLib"],"gold_per_floor":[130,130,152,9,39,39,39,39],"floor_reached":7,"language":"ENG","playtime":216,"items_purged":[],"score":62,"play_id":"6feabd12-bb4e-498f-b13c-744ea5a4e589","local_time":"20210209122449","is_ascension_mode":true,"campfire_choices":[{"floor":6,"key":"REST"}],"circlet_count":0,"master_deck":["AscendersBane","Strike_G","Strike_G","Strike_G","Strike_G","Strike_G","Defend_G","Defend_G+1","Defend_G","Defend_G","Defend_G","Survivor","Neutralize","Noxious Fumes","Cloak And Dagger","Backflip","Deflect","Deadly Poison","Deadly Poison","Dodge and Roll+1","Good Instincts","Masterful Stab","Dodge and Roll"],"relics":["Ring of the Snake","StSpp:PetrifiedCaterpillar","Bronze Scales","Orrery","The Specimen","Membership Card"],"acts_visited":["Exordium"],"potions_floor_usage":[],"damage_taken":[{"damage":0,"enemies":"Jaw Worm","floor":1,"turns":4},{"damage":0,"enemies":"2 Louse","floor":3,"turns":2},{"damage":0,"enemies":"Cultist","floor":5,"turns":3},{"damage":33,"enemies":"Gremlin Nob","floor":7,"turns":5}],"seed_played":"2687540538626958008","potions_obtained":[{"floor":5,"key":"StSpp:SecondWindPotion"}],"is_trial":false,"path_per_floor":["M","?","M","$","M","R","E"],"character_chosen":"THE_SILENT","items_purchased":["Noxious Fumes","StSpp:PetrifiedCaterpillar","Cloak And Dagger","Bronze Scales","Orrery","Dodge and Roll","The Specimen","Good Instincts","Membership Card"],"campfire_rested":1,"item_purchase_floors":[0,0,0,0,0,0,0,0,4],"current_hp_per_floor":[21,7,7,7,7,28,0,0],"gold":39,"neow_bonus":"","is_daily":false,"chose_seed":false,"campfire_upgraded":0,"win_rate":0.0,"timestamp":1612869889,"path_taken":["M","?","M","$","M","R","E"],"items_purchased_type":["Card","Relic","Card","Relic","Relic","Card","Relic","Card","Relic"],"build_version":"2020-12-22","purchased_purges":0,"victory":false,"max_hp_per_floor":[70,70,70,70,70,70,70,70],"card_choices":[{"not_picked":["Acrobatics","Flechettes"],"picked":"Backflip","floor":0},{"not_picked":["Backflip","Calculated Gamble"],"picked":"Deflect","floor":0},{"not_picked":["Reflex","StSpp:TimeParadox"],"picked":"Deadly Poison","floor":0},{"not_picked":["Slice","Blade Dance"],"picked":"Deadly Poison","floor":0},{"not_picked":["Dagger Spray","Reflex"],"picked":"Masterful Stab","floor":1},{"not_picked":["Setup","Underhanded Strike","Quick Slash"],"picked":"SKIP","floor":3},{"not_picked":["Flying Knee","Dash"],"picked":"Dodge and Roll","floor":5}],"player_experience":2021781,"relics_obtained":[],"event_choices":[{"damage_healed":0,"gold_gain":0,"player_choice":"Entered Light","damage_taken":14,"max_hp_gain":0,"max_hp_loss":0,"event_name":"Shining Light","floor":2,"gold_loss":0,"cards_upgraded":["Defend_G","Dodge and Roll"]}],"is_beta":false,"boss_relics":[],"items_purged_floors":[],"is_endless":false,"potions_floor_spawned":[5],"killed_by":"Gremlin Nob","ascension_level":10}}