{"host":"fxrgx7wt2cpkbhka","time":1612856564,"event":{"mods":["AchievementEnabler","BaseMod","Colored Powertips","Dark Map","Minty Spire (QoL Compilation)","Permanent Neow","Quick Restart","Slay-I","StSLib","Waifu the Spire"],"gold_per_floor":[113,128,128,143,66,66,99,111,111,48,64,76,76,137,137,208,208,226,226,226,238,254,254,95,109,155,175,175,175],"floor_reached":28,"language":"ENG","playtime":647,"items_purged":[],"score":476,"play_id":"3d16f9e7-a389-40f3-ae0c-aa751f425c46","local_time":"20210208234244","is_ascension_mode":true,"campfire_choices":[{"data":"Uppercut","floor":6,"key":"SMITH"},{"data":"Inflame","floor":13,"key":"SMITH"},{"data":"Inflame","floor":15,"key":"SMITH"},{"data":"Limit Break","floor":23,"key":"SMITH"}],"circlet_count":0,"master_deck":["AscendersBane","Strike_R","Strike_R","Strike_R","Strike_R","Strike_R","Defend_R","Defend_R","Defend_R","Defend_R","Bash","Uppercut+1","Clash","Metallicize","Inflame+1","Inflame+1","Clash","Limit Break+1","Sword Boomerang","Writhe","Clash","Clothesline"],"relics":["Burning Blood","NeowsBlessing","The Courier","Unceasing Top","Mark of Pain","Lizard Tail","Brimstone","Happy Flower"],"acts_visited":["Exordium","TheCity"],"potions_floor_usage":[8,16,22,25,25],"damage_taken":[{"damage":0,"enemies":"Cultist","floor":1,"turns":1},{"damage":0,"enemies":"Small Slimes","floor":2,"turns":1},{"damage":0,"enemies":"Jaw Worm","floor":4,"turns":1},{"damage":17,"enemies":"Gremlin Nob","floor":7,"turns":4},{"damage":1,"enemies":"Large Slime","floor":8,"turns":5},{"damage":19,"enemies":"3 Louse","floor":11,"turns":4},{"damage":7,"enemies":"2 Fungi Beasts","floor":12,"turns":4},{"damage":27,"enemies":"Gremlin Nob","floor":14,"turns":4},{"damage":0,"enemies":"Hexaghost","floor":16,"turns":7},{"damage":30,"enemies":"Spheric Guardian","floor":18,"turns":5},{"damage":23,"enemies":"Shell Parasite","floor":21,"turns":5},{"damage":33,"enemies":"Snake Plant","floor":22,"turns":5},{"damage":29,"enemies":"3 Cultists","floor":25,"turns":5},{"damage":18,"enemies":"Snecko","floor":27,"turns":4},{"damage":29,"enemies":"Slavers","floor":28,"turns":1}],"seed_played":"8714275198704469695","potions_obtained":[{"floor":1,"key":"SkillPotion"},{"floor":3,"key":"Explosive Potion"},{"floor":12,"key":"Regen Potion"},{"floor":18,"key":"Fire Potion"},{"floor":22,"key":"Ancient Potion"}],"is_trial":false,"path_per_floor":["M","M","?","M","$","R","E","M","T","$","M","M","R","?","R","B",null,"M","?","?","M","M","R","$","M","T","M","E"],"character_chosen":"IRONCLAD","items_purchased":["Inflame","Inflame","Brimstone","Clash"],"campfire_rested":0,"item_purchase_floors":[5,10,24,24],"current_hp_per_floor":[74,75,75,75,75,75,64,69,69,69,56,55,55,34,34,40,66,42,42,42,25,12,12,12,30,30,18,0,0],"gold":175,"neow_bonus":"THREE_ENEMY_KILL","is_daily":false,"chose_seed":false,"campfire_upgraded":4,"win_rate":0.0,"timestamp":1612856564,"path_taken":["M","M","?","M","$","R","E","M","T","$","M","?","R","?","R","BOSS","M","?","?","M","M","R","$","M","T","M","E"],"items_purchased_type":["Card","Card","Relic","Card"],"build_version":"2020-12-22","purchased_purges":0,"victory":false,"max_hp_per_floor":[75,75,75,75,75,75,75,75,75,75,75,75,75,75,75,75,75,75,75,75,75,75,75,75,75,75,75,75,75],"card_choices":[{"not_picked":["Ghostly Armor","Pommel Strike"],"picked":"Uppercut","floor":1},{"not_picked":["Ghostly Armor","Warcry"],"picked":"Clash","floor":2},{"not_picked":["Second Wind","Headbutt"],"picked":"Metallicize","floor":4},{"not_picked":["Iron Wave","Wild Strike","Dropkick"],"picked":"SKIP","floor":7},{"not_picked":["Pummel","Thunderclap","Headbutt"],"picked":"SKIP","floor":8},{"not_picked":["Evolve","Clothesline","Juggernaut"],"picked":"SKIP","floor":11},{"not_picked":["Warcry","Perfected Strike","True Grit"],"picked":"SKIP","floor":12},{"not_picked":["Shockwave","Warcry"],"picked":"Clash","floor":14},{"not_picked":["Corruption","Offering"],"picked":"Limit Break","floor":16},{"not_picked":["Wild Strike","Reckless Charge"],"picked":"Sword Boomerang","floor":18},{"not_picked":["Blood for Blood","Pummel","Armaments"],"picked":"SKIP","floor":21},{"not_picked":["Bloodletting","Carnage","Thunderclap"],"picked":"SKIP","floor":22},{"not_picked":["Fire Breathing","Shrug It Off","Thunderclap+1"],"picked":"SKIP","floor":25},{"not_picked":["Havoc","Rampage"],"picked":"Clothesline","floor":27}],"player_experience":758643,"relics_obtained":[{"floor":7,"key":"The Courier"},{"floor":14,"key":"Unceasing Top"},{"floor":26,"key":"Happy Flower"}],"event_choices":[{"damage_healed":0,"gold_gain":0,"player_choice":"Got Potions","damage_taken":0,"max_hp_gain":0,"max_hp_loss":0,"event_name":"Lab","floor":3,"gold_loss":0},{"damage_healed":0,"gold_gain":0,"player_choice":"Searched \u00272\u0027 times","damage_taken":0,"max_hp_gain":0,"max_hp_loss":0,"event_name":"Dead Adventurer","floor":14,"gold_loss":0},{"damage_healed":0,"gold_gain":0,"player_choice":"Opened","damage_taken":0,"relics_obtained":["Lizard Tail"],"max_hp_gain":0,"max_hp_loss":0,"event_name":"The Mausoleum","floor":19,"gold_loss":0,"cards_obtained":["Writhe"]},{"damage_healed":0,"gold_gain":0,"player_choice":"Ignored","damage_taken":0,"max_hp_gain":0,"max_hp_loss":0,"event_name":"Ghosts","floor":20,"gold_loss":0}],"is_beta":false,"boss_relics":[{"not_picked":["Pandora\u0027s Box","Snecko Eye"],"picked":"Mark of Pain"}],"items_purged_floors":[],"is_endless":false,"potions_floor_spawned":[1,7,12,14,18,21,22],"killed_by":"Slavers","ascension_level":15}}