{"host":"8nfgyavc0jwp3wyx","time":1612844179,"event":{"mods":["Act Like it!","Aspiration","BaseMod","Gremlin Mod","Halation","Hallownest","Minty Spire (QoL Compilation)","Replay The Spire","Somnambulant","StSLib","The Bug Knight","The Construct","The Disciple","The Hierophant","The Jungle"],"gold_per_floor":[113,124,124,54,54,54,54,54,54,80,80,97,109,142,142,247,247,257,273,273,273],"floor_reached":20,"language":"ENG","playtime":4665,"items_purged":[],"score":207,"play_id":"dd0fc419-c590-448a-ac95-346a16dde58d","local_time":"20210208211619","is_ascension_mode":false,"campfire_choices":[{"data":"HollowMod:HuntersJournal","floor":6,"key":"SMITH"},{"data":"HollowMod:FocusHealStart","floor":8,"key":"SMITH"},{"data":"HollowMod:VengefulVoid","floor":11,"key":"SMITH"},{"data":"Pot Of Greed","floor":15,"key":"SMITH"}],"circlet_count":0,"master_deck":["HollowMod:NailStrikeStart","HollowMod:NailStrikeStart","HollowMod:QuickDashStart","HollowMod:QuickDashStart","HollowMod:QuickDashStart","HollowMod:FocusHealStart+1","HollowMod:PogoStrike","HollowMod:HowlingWraiths","HollowMod:HuntersJournal+1","Hallownest:curseDreamersLament","aspiration:Lunge","Eviscerate","Survivor","Pot Of Greed+1","Pot Of Greed","HollowMod:VengefulVoid+1","HollowMod:DreamGate","HollowMod:NewGlowingWomb","HollowMod:SiblingsSouls","HollowMod:HornetsHelp","HollowMod:DesolateDive","HollowMod:SoulVessel"],"relics":["HollowMod:VesselMask","NeowsBlessing","Hallownest:TeacherSealRelic","Hallownest:StagBellRelic1","Grinning Jar","Torii","halation:Prosthetics"],"acts_visited":["Exordium","Hallownest:Greenpath"],"potions_floor_usage":[13,14,16],"damage_taken":[{"damage":0,"enemies":"Hallownest:monsterHuskGuard","floor":1,"turns":1},{"damage":3,"enemies":"Hallownest:2_Tiktiks_and_1_Crawlid","floor":2,"turns":1},{"damage":0,"enemies":"Hallownest:eliteVengeflyKing","floor":10,"turns":1},{"damage":12,"enemies":"Hallownest:2_MossCreeps","floor":12,"turns":3},{"damage":5,"enemies":"Hallownest:2_Tiktiks_1_Baldur_1_Crawlid","floor":13,"turns":2},{"damage":24,"enemies":"Hallownest:eliteCrystalGuardian","floor":14,"turns":6},{"damage":38,"enemies":"Hallownest:BossBrokenVessel","floor":16,"turns":9},{"damage":1,"enemies":"Hallownest:3_Youths","floor":18,"turns":6},{"damage":35,"enemies":"Hallownest:Flukemon_and_Top","floor":19,"turns":6},{"damage":11,"enemies":"Hallownest:3_Mistakes","floor":20,"turns":1}],"seed_played":"3311419656091755847","potions_obtained":[{"floor":1,"key":"SteroidPotion"},{"floor":10,"key":"Explosive Potion"},{"floor":13,"key":"Strength Potion"}],"is_trial":false,"path_per_floor":["M","M","?","?","?","R","$","R","T","E","R","M","M","E","R","B",null,"M","M","M"],"character_chosen":"THE_BUGKNIGHT","items_purchased":[],"campfire_rested":0,"item_purchase_floors":[],"current_hp_per_floor":[75,72,72,72,72,72,72,72,72,72,72,66,67,53,53,25,40,39,4,0,0],"gold":273,"neow_bonus":"THREE_ENEMY_KILL","is_daily":false,"chose_seed":false,"campfire_upgraded":4,"win_rate":0.0,"timestamp":1612844179,"path_taken":["M","M","?","?","?","R","$","R","T","E","R","M","?","E","R","BOSS","M","?","M"],"items_purchased_type":[],"build_version":"2020-12-22","purchased_purges":0,"victory":false,"max_hp_per_floor":[75,75,75,75,75,75,75,75,75,75,75,75,75,75,75,75,40,40,40,40,40],"card_choices":[{"not_picked":["HollowMod:MothsMistake","HollowMod:CornifersMapStart"],"picked":"HollowMod:HowlingWraiths","floor":1},{"not_picked":["HollowMod:HeavyBlow","HollowMod:DungDefenderAura"],"picked":"HollowMod:HuntersJournal","floor":2},{"not_picked":["HollowMod:SiblingsShadow","HollowMod:ShadowDash"],"picked":"HollowMod:VengefulVoid","floor":10},{"not_picked":["HollowMod:GoodIntentions","HollowMod:MothsMistake"],"picked":"HollowMod:DreamGate","floor":12},{"not_picked":["HollowMod:SharpenedNail","HollowMod:DungDefenderAura"],"picked":"HollowMod:NewGlowingWomb","floor":13},{"not_picked":["HollowMod:VoidDash","HollowMod:DungDefenderAura"],"picked":"HollowMod:SiblingsSouls","floor":14},{"not_picked":["HollowMod:NewInfectedGuardian","HollowMod:Weaversong"],"picked":"HollowMod:HornetsHelp","floor":16},{"not_picked":["HollowMod:SiblingsSouls","HollowMod:InfectedAttack+1"],"picked":"HollowMod:DesolateDive","floor":18},{"not_picked":["HollowMod:CornifersMapStart","HollowMod:RecoilStrike"],"picked":"HollowMod:SoulVessel","floor":19}],"player_experience":717302,"relics_obtained":[{"floor":10,"key":"Grinning Jar"},{"floor":14,"key":"Torii"}],"event_choices":[],"is_beta":false,"boss_relics":[{"not_picked":["aspiration:DefectSkillbook","halation:PlatinumPhoenix"],"picked":"halation:Prosthetics"}],"items_purged_floors":[],"is_endless":false,"potions_floor_spawned":[1,10,13],"killed_by":"Hallownest:3_Mistakes","ascension_level":0}}