{"host":"jqkewjmybebgw3gd","time":1612872831,"event":{"mods":["AchievementEnabler","BaseMod","Colored Map","DeckTracker","Minty Spire (QoL Compilation)","StSLib","SuperFastMode"],"gold_per_floor":[118,134,147,147,147,182,202,235,235,262,262,30,30,44,44,142,142,160,60,76,96,115,144,144,171,224,224,237,248,123,123,123,220,220,237,237,250,267,267,267,297,297,297,316,343,353,353,386,386,386,386,386,24,51,51],"floor_reached":56,"language":"KOR","playtime":3750,"items_purged":["Strike_G","Defend_G","Defend_G"],"score":1479,"play_id":"dea40b5b-58e0-44a0-a9f8-9eebad91fc2a","local_time":"20210209211351","is_ascension_mode":true,"campfire_choices":[{"floor":11,"key":"REST"},{"floor":13,"key":"RECALL"},{"data":"Neutralize","floor":15,"key":"SMITH"},{"data":"Caltrops","floor":24,"key":"SMITH"},{"data":"Venomology","floor":27,"key":"SMITH"},{"data":"Footwork","floor":32,"key":"SMITH"},{"floor":40,"key":"DIG"},{"floor":42,"key":"DIG"},{"floor":49,"key":"REST"},{"floor":52,"key":"DIG"}],"circlet_count":0,"master_deck":["Strike_G+1","Defend_G","Defend_G+1","Defend_G","Survivor","Neutralize+1","Noxious Fumes+1","Corpse Explosion+1","Catalyst+1","Bouncing Flask+1","Acrobatics","Dash","Venomology+1","Concentrate+1","Dash+1","Endless Agony+1","Skewer+1","Caltrops+1","Well Laid Plans","Footwork+1","Necronomicurse","Burst+1","CurseOfTheBell","Deadly Poison","PiercingWail","Backstab+1","Panache","Dark Shackles","Good Instincts","Prepared+1","PiercingWail+1"],"relics":["Ring of the Snake","Bag of Preparation","Snake Skull","The Specimen","White Beast Statue","InkBottle","Eternal Feather","Gremlin Horn","MealTicket","Astrolabe","Pen Nib","Lantern","Necronomicon","Calling Bell","Snake Skull","Letter Opener","Shovel","Nunchaku","PreservedInsect","Akabeko","Strawberry","Blood Vial","Shuriken","TungstenRod","Mummified Hand"],"acts_visited":["Exordium","TheCity","TheBeyond","TheEnding"],"potions_floor_usage":[8,21,23,25,25,28,29,33,33,35,35,37,37,41,45,45,46,46,48,50,50,54,54,55,55,55,55],"damage_taken":[{"damage":6.0,"enemies":"Cultist","floor":1.0,"turns":5.0},{"damage":0.0,"enemies":"Small Slimes","floor":2.0,"turns":2.0},{"damage":3.0,"enemies":"2 Louse","floor":3.0,"turns":2.0},{"damage":5,"enemies":"Lagavulin","floor":6,"turns":3},{"damage":0,"enemies":"Exordium Wildlife","floor":7,"turns":3},{"damage":3,"enemies":"3 Sentries","floor":8,"turns":4},{"damage":0,"enemies":"Lagavulin","floor":10,"turns":3},{"damage":0,"enemies":"Blue Slaver","floor":14,"turns":3},{"damage":12,"enemies":"The Guardian","floor":16,"turns":5},{"damage":7,"enemies":"Shell Parasite","floor":18,"turns":5},{"damage":0,"enemies":"Chosen","floor":20,"turns":2},{"damage":4,"enemies":"Centurion and Healer","floor":21,"turns":3},{"damage":2,"enemies":"Chosen and Byrds","floor":22,"turns":4},{"damage":0,"enemies":"Book of Stabbing","floor":23,"turns":2},{"damage":15,"enemies":"Slavers","floor":25,"turns":4},{"damage":0,"enemies":"3 Cultists","floor":28,"turns":2},{"damage":7,"enemies":"Sentry and Sphere","floor":29,"turns":4},{"damage":12,"enemies":"Champ","floor":33,"turns":5},{"damage":8,"enemies":"3 Darklings","floor":35,"turns":3},{"damage":0,"enemies":"3 Shapes","floor":37,"turns":1},{"damage":3,"enemies":"Maw","floor":38,"turns":4},{"damage":0,"enemies":"Giant Head","floor":41,"turns":6},{"damage":4,"enemies":"Jaw Worm Horde","floor":44,"turns":2},{"damage":18,"enemies":"Reptomancer","floor":45,"turns":2},{"damage":1,"enemies":"4 Shapes","floor":46,"turns":4},{"damage":31,"enemies":"Nemesis","floor":48,"turns":3},{"damage":22,"enemies":"Time Eater","floor":50,"turns":6},{"damage":39,"enemies":"Shield and Spear","floor":54,"turns":5},{"damage":35,"enemies":"The Heart","floor":55,"turns":8}],"seed_played":"-1546677533894189679","potions_obtained":[{"floor":1.0,"key":"Block Potion"},{"floor":7,"key":"SkillPotion"},{"floor":8,"key":"Explosive Potion"},{"floor":10,"key":"Dexterity Potion"},{"floor":20,"key":"DuplicationPotion"},{"floor":25,"key":"Poison Potion"},{"floor":29,"key":"Poison Potion"},{"floor":33,"key":"SkillPotion"},{"floor":35,"key":"Poison Potion"},{"floor":37,"key":"Fruit Juice"},{"floor":45,"key":"AttackPotion"},{"floor":48,"key":"Poison Potion"},{"floor":54,"key":"PowerPotion"}],"is_trial":false,"path_per_floor":["M","M","M","?","?","E","M","E","T","E","R","$","R","M","R","B",null,"M","$","M","M","M","E","R","E","T","R","M","M","$","?","R","B",null,"M","?","M","M","?","R","E","R","T","M","E","M","?","E","R","B",null,"R","$","E","B",null],"character_chosen":"THE_SILENT","items_purchased":["MealTicket","TungstenRod","Regen Potion"],"campfire_rested":2,"item_purchase_floors":[12,53,53],"current_hp_per_floor":[64,64,61,47,47,42,42,39,39,39,69,69,70,70,70,58,70,63,70,70,66,64,64,70,55,55,67,67,60,70,54,66,54,70,62,62,67,64,64,75,75,75,75,71,60,59,49,18,60,40,82,82,82,55,22],"gold":51,"neow_bonus":"RANDOM_COMMON_RELIC","is_daily":false,"chose_seed":false,"campfire_upgraded":4,"win_rate":0.0,"timestamp":1612872831,"path_taken":["M","?","M","?","?","E","M","E","T","E","R","?","R","M","R","BOSS","M","$","M","M","M","E","R","E","T","R","M","M","$","?","R","BOSS","M","?","?","M","?","R","E","R","T","?","E","M","?","E","R","BOSS","R","$","E","BOSS"],"items_purchased_type":["Relic","Relic","Potion"],"build_version":"2020-12-22","purchased_purges":3,"victory":true,"max_hp_per_floor":[70,70,70,70,70,70,70,70,70,70,70,70,70,70,70,70,70,70,70,70,70,70,70,70,70,70,70,70,70,70,70,70,70,70,70,70,75,75,75,75,75,75,75,75,82,82,82,82,82,82,82,82,82,82,82],"card_choices":[{"not_picked":["Accuracy","Poisoned Stab","Blade Dance"],"picked":"SKIP","floor":1.0},{"not_picked":["Flying Knee","Cloak And Dagger","Dagger Throw"],"picked":"SKIP","floor":2.0},{"not_picked":["Finisher","Sucker Punch","Slice"],"picked":"SKIP","floor":3.0},{"not_picked":["Bane","Deflect","Choke"],"picked":"SKIP","floor":6},{"not_picked":["Cloak And Dagger","Heel Hook"],"picked":"Acrobatics","floor":7},{"not_picked":["Heel Hook","Riddle With Holes"],"picked":"Dash","floor":8},{"not_picked":["Unload","Heel Hook","Dagger Throw"],"picked":"SKIP","floor":10},{"not_picked":["Bane","Deflect","Accuracy"],"picked":"SKIP","floor":14},{"not_picked":["Grand Finale","Doppelganger"],"picked":"Venomology","floor":16},{"not_picked":["Escape Plan","Slice"],"picked":"Skewer+1","floor":18},{"not_picked":["Quick Slash","Dagger Throw","Endless Agony"],"picked":"SKIP","floor":20},{"not_picked":["Underhanded Strike+1","Riddle With Holes"],"picked":"Caltrops","floor":21},{"not_picked":["Bane","Leg Sweep"],"picked":"Well Laid Plans","floor":22},{"not_picked":["Predator","Masterful Stab+1","Cloak And Dagger"],"picked":"SKIP","floor":23},{"not_picked":["Bouncing Flask","Deflect","Prepared"],"picked":"SKIP","floor":25},{"not_picked":["Acrobatics","Blade Dance","Eviscerate+1"],"picked":"SKIP","floor":28},{"not_picked":["Blade Dance","Setup"],"picked":"Footwork","floor":29},{"not_picked":["Venomology","Bullet Time"],"picked":"Burst","floor":33},{"not_picked":["Leg Sweep","Bane","Slice+1"],"picked":"SKIP","floor":35},{"not_picked":["Bullet Time","Cloak And Dagger+1","Predator"],"picked":"SKIP","floor":37},{"not_picked":["Underhanded Strike","Outmaneuver","Infinite Blades"],"picked":"SKIP","floor":38},{"not_picked":["Accuracy","Dodge and Roll","Dash"],"picked":"SKIP","floor":41},{"not_picked":["Dagger Spray+1","Distraction"],"picked":"Deadly Poison","floor":44},{"not_picked":["Prepared","Flying Knee"],"picked":"PiercingWail","floor":45},{"not_picked":["Blade Dance","Slice+1"],"picked":"Backstab+1","floor":46},{"not_picked":["Purity","Master of Strategy"],"picked":"Panache","floor":47},{"not_picked":["Transmutation","Violence"],"picked":"Dark Shackles","floor":47},{"not_picked":["Mayhem","Purity"],"picked":"Good Instincts","floor":47},{"not_picked":["Riddle With Holes","Quick Slash"],"picked":"Prepared+1","floor":48},{"not_picked":["Flechettes","Corpse Explosion"],"picked":"PiercingWail+1","floor":54}],"player_experience":507537,"relics_obtained":[{"floor":6,"key":"White Beast Statue"},{"floor":8,"key":"InkBottle"},{"floor":9,"key":"Eternal Feather"},{"floor":10,"key":"Gremlin Horn"},{"floor":23,"key":"Pen Nib"},{"floor":25,"key":"Lantern"},{"floor":31,"key":"Necronomicon"},{"floor":34,"key":"Snake Skull"},{"floor":34,"key":"Letter Opener"},{"floor":34,"key":"Shovel"},{"floor":40,"key":"Nunchaku"},{"floor":42,"key":"PreservedInsect"},{"floor":43,"key":"Akabeko"},{"floor":45,"key":"Strawberry"},{"floor":48,"key":"Blood Vial"},{"floor":52,"key":"Shuriken"},{"floor":54,"key":"Mummified Hand"}],"event_choices":[{"damage_healed":0.0,"max_hp_gain":0.0,"max_hp_loss":0.0,"gold_gain":0.0,"event_name":"Shining Light","player_choice":"Entered Light","floor":4.0,"gold_loss":0.0,"damage_taken":14.0,"cards_upgraded":["Defend_G","Strike_G"]},{"damage_healed":0,"gold_gain":0,"player_choice":"Fled","damage_taken":0,"max_hp_gain":0,"max_hp_loss":0,"event_name":"Scrap Ooze","floor":5,"gold_loss":0},{"damage_healed":0,"gold_gain":0,"player_choice":"Obtained Book","damage_taken":16,"max_hp_gain":0,"max_hp_loss":0,"event_name":"Cursed Tome","floor":31,"gold_loss":0},{"damage_healed":0,"gold_gain":0,"player_choice":"Upgraded","damage_taken":0,"max_hp_gain":0,"max_hp_loss":0,"event_name":"Upgrade Shrine","floor":36,"gold_loss":0,"cards_upgraded":["Burst"]},{"damage_healed":0,"gold_gain":0,"player_choice":"Ignored","damage_taken":0,"max_hp_gain":0,"max_hp_loss":0,"event_name":"SecretPortal","floor":39,"gold_loss":0},{"damage_healed":0,"gold_gain":0,"player_choice":"Memory 3","damage_taken":10,"max_hp_gain":0,"max_hp_loss":0,"event_name":"SensoryStone","floor":47,"gold_loss":0}],"is_beta":false,"boss_relics":[{"not_picked":["Snecko Eye","Ring of the Serpent"],"picked":"Astrolabe"},{"not_picked":["HoveringKite","Sozu"],"picked":"Calling Bell"}],"items_purged_floors":[12,19,30],"is_endless":false,"potions_floor_spawned":[1,7,8,10,14,16,18,20,21,22,23,25,28,29,33,35,37,38,41,44,45,46,48,54],"ascension_level":2}}