{"host":"s41rn2jhghpwfrvz","time":1612893419,"event":{"mods":["BaseMod","Minty Spire (QoL Compilation)","Quick Restart","Relic Stats","SuperFastMode"],"gold_per_floor":[132,57,99,135,180,258,258,258,258,339,441,366,366,57,57,57,57],"floor_reached":16,"language":"ENG","playtime":341,"items_purged":[],"score":236,"play_id":"181e1536-f40c-4b56-84ce-b047bb4bc892","local_time":"20210209195659","daily_mods":["Heirloom","Colorless Cards","Midas"],"is_ascension_mode":true,"campfire_choices":[{"floor":7,"key":"RECALL"},{"floor":13,"key":"REST"},{"floor":15,"key":"REST"}],"circlet_count":0,"master_deck":["AscendersBane","Strike_R","Strike_R","Strike_R","Strike_R","Defend_R","Defend_R","Defend_R","Defend_R","Bash","Burning Pact","Fiend Fire","Carnage","Pommel Strike","Flame Barrier","Deep Breath","Evolve"],"relics":["Burning Blood","Thread and Needle","Turnip","WingedGreaves","Lizard Tail","Letter Opener","Mummified Hand"],"acts_visited":["Exordium"],"potions_floor_usage":[6,6,6],"damage_taken":[{"damage":0,"enemies":"Cultist","floor":1,"turns":4},{"damage":0,"enemies":"Small Slimes","floor":3,"turns":3},{"damage":3,"enemies":"Jaw Worm","floor":4,"turns":3},{"damage":5,"enemies":"Looter","floor":5,"turns":3},{"damage":16,"enemies":"Lagavulin","floor":6,"turns":5},{"damage":45,"enemies":"3 Sentries","floor":10,"turns":11},{"damage":33,"enemies":"Lagavulin","floor":11,"turns":8},{"damage":76,"enemies":"Hexaghost","floor":16,"turns":9}],"seed_played":"125718979369973581","potions_obtained":[{"floor":4,"key":"Block Potion"},{"floor":5,"key":"EntropicBrew"}],"is_trial":true,"path_per_floor":["M","$","M","M","M","E","R","T","T","E","E","?","R","$","R","B"],"character_chosen":"IRONCLAD","items_purchased":["Fiend Fire","Evolve","Mummified Hand"],"campfire_rested":2,"item_purchase_floors":[2,14,14],"current_hp_per_floor":[74,74,75,75,75,65,65,65,65,26,43,43,65,65,75,0,0],"gold":57,"neow_bonus":"","is_daily":false,"chose_seed":false,"campfire_upgraded":0,"win_rate":0.0,"timestamp":1612893419,"path_taken":["M","?","?","M","M","E","R","?","T","E","E","?","R","$","R","BOSS"],"items_purchased_type":["Card","Card","Relic"],"build_version":"2020-12-22","purchased_purges":0,"victory":false,"max_hp_per_floor":[75,75,75,75,75,75,75,75,75,75,75,75,75,75,75,75,75],"relic_stats":{"Lizard Tail":37,"counters":[8,46],"Mummified Hand":[2],"Turnip":[0],"Letter Opener":[10],"obtain_stats":[{"Lizard Tail":10,"Mummified Hand":14,"Thread and Needle":0,"Turnip":6,"WingedGreaves":8,"Letter Opener":11,"Burning Blood":0},{"Lizard Tail":6,"Mummified Hand":7,"Thread and Needle":0,"Turnip":5,"WingedGreaves":5,"Letter Opener":7,"Burning Blood":0},{"Lizard Tail":29,"Mummified Hand":37,"Thread and Needle":0,"Turnip":18,"WingedGreaves":18,"Letter Opener":37,"Burning Blood":0}],"Burning Blood":33},"card_choices":[{"not_picked":["Heavy Blade","Clash"],"picked":"Burning Pact","floor":1},{"not_picked":["Thunderclap","Headbutt"],"picked":"Carnage","floor":3},{"not_picked":["Armaments","Flex","Sword Boomerang"],"picked":"SKIP","floor":4},{"not_picked":["Searing Blow","Thunderclap","Sword Boomerang"],"picked":"SKIP","floor":5},{"not_picked":["Berserk","Twin Strike"],"picked":"Pommel Strike","floor":6},{"not_picked":["Clash","Seeing Red"],"picked":"Flame Barrier","floor":10},{"not_picked":["Carnage","Iron Wave"],"picked":"Deep Breath","floor":11}],"player_experience":1905697,"relics_obtained":[{"floor":6,"key":"Turnip"},{"floor":8,"key":"WingedGreaves"},{"floor":10,"key":"Lizard Tail"},{"floor":11,"key":"Letter Opener"}],"event_choices":[{"cards_removed":["Strike_R"],"damage_healed":0,"gold_gain":0,"player_choice":"Card Removal","damage_taken":0,"max_hp_gain":0,"max_hp_loss":0,"event_name":"The Cleric","floor":12,"gold_loss":75}],"is_beta":false,"boss_relics":[],"items_purged_floors":[],"is_endless":false,"potions_floor_spawned":[4,5],"killed_by":"Hexaghost","ascension_level":20}}