{"host":"BK","time":1612911994,"event":{"mods":["BaseMod","Highlight Path","Minty Spire (QoL Compilation)","StSLib"],"gold_per_floor":[117,167,183,194,194,194,209,92,143,173,173,73,84,104,104,104,104],"floor_reached":16,"language":"ENG","playtime":557,"items_purged":["Pain","Strike_G"],"score":204,"play_id":"dadfb7f2-1df9-4d92-be20-8dc4aacdf93c","local_time":"20210209160634","is_ascension_mode":true,"campfire_choices":[{"data":"Dagger Spray","floor":6,"key":"SMITH"},{"data":"Crippling Poison","floor":11,"key":"SMITH"},{"data":"Footwork","floor":15,"key":"SMITH"}],"circlet_count":0,"master_deck":["AscendersBane","Strike_G","Strike_G","Strike_G","Strike_G","Defend_G","Defend_G","Defend_G","Defend_G","Defend_G","Survivor","Neutralize","Poisoned Stab","Dagger Spray+1","Backflip","Footwork+1","Crippling Poison+1"],"relics":["Ring of the Snake","NeowsBlessing","WarpedTongs","Orichalcum","Juzu Bracelet"],"acts_visited":["Exordium"],"potions_floor_usage":[13,14,16],"damage_taken":[{"damage":0,"enemies":"Small Slimes","floor":1,"turns":1},{"damage":0,"enemies":"Cultist","floor":3,"turns":1},{"damage":0,"enemies":"2 Louse","floor":4,"turns":1},{"damage":4,"enemies":"Red Slaver","floor":7,"turns":4},{"damage":15,"enemies":"Lagavulin","floor":10,"turns":9},{"damage":1,"enemies":"Looter","floor":13,"turns":4},{"damage":0,"enemies":"Gremlin Gang","floor":14,"turns":2},{"damage":48,"enemies":"Hexaghost","floor":16,"turns":12}],"seed_played":"5972968392496365107","potions_obtained":[{"floor":4,"key":"Energy Potion"},{"floor":7,"key":"Fruit Juice"},{"floor":13,"key":"SteroidPotion"}],"is_trial":false,"path_per_floor":["M","?","M","M","?","R","M","$","T","E","R","$","M","M","R","B"],"character_chosen":"THE_SILENT","items_purchased":["Footwork"],"campfire_rested":0,"item_purchase_floors":[8],"current_hp_per_floor":[59,59,59,59,59,59,55,55,55,40,40,40,44,44,44,0,0],"gold":104,"neow_bonus":"THREE_ENEMY_KILL","is_daily":false,"chose_seed":false,"campfire_upgraded":3,"win_rate":0.0,"timestamp":1612911994,"path_taken":["M","?","?","M","?","R","M","$","T","E","R","?","M","M","R","BOSS"],"items_purchased_type":["Card"],"build_version":"2020-12-18","purchased_purges":2,"victory":false,"max_hp_per_floor":[66,66,66,66,66,66,66,66,66,66,66,66,71,71,71,71,71],"card_choices":[{"not_picked":["Outmaneuver","Prepared"],"picked":"Poisoned Stab","floor":1},{"not_picked":["Concentrate","Finisher"],"picked":"Dagger Spray","floor":3},{"not_picked":["Calculated Gamble","PiercingWail"],"picked":"Backflip","floor":4},{"not_picked":["Bane","Eviscerate","Underhanded Strike"],"picked":"SKIP","floor":7},{"not_picked":["Masterful Stab","Skewer"],"picked":"Crippling Poison","floor":10},{"not_picked":["Predator","Concentrate","Flying Knee"],"picked":"SKIP","floor":13},{"not_picked":["Dagger Spray","Sucker Punch","Heel Hook"],"picked":"SKIP","floor":14}],"player_experience":2543354,"relics_obtained":[{"floor":9,"key":"Orichalcum"},{"floor":10,"key":"Juzu Bracelet"}],"event_choices":[{"damage_healed":0,"gold_gain":50,"player_choice":"Pray","damage_taken":0,"max_hp_gain":0,"max_hp_loss":0,"event_name":"Golden Shrine","floor":2,"gold_loss":0},{"damage_healed":0,"gold_gain":0,"player_choice":"Rummage","damage_taken":0,"relics_obtained":["WarpedTongs"],"max_hp_gain":0,"max_hp_loss":0,"event_name":"Accursed Blacksmith","floor":5,"gold_loss":0,"cards_obtained":["Pain"]}],"is_beta":true,"boss_relics":[],"items_purged_floors":[8,12],"is_endless":false,"potions_floor_spawned":[4,7,10,13],"killed_by":"Hexaghost","ascension_level":20}}