{"host":"5jyeqch4fosnsiz2","time":1612899855,"event":{"mods":["BaseMod","Bestiary","Colored Map","Colored Powertips","Filter the Spire","Minty Spire (QoL Compilation)","Relic Stats","StSLib","Waifu the Spire","ojb\u0027s Better Paths Mod","ojb\u0027s Info Mod"],"gold_per_floor":[115,115,190,213,235,269,289,50,50,50,64,99,120,120,120,260,260,287,98,130,229,229,229,279,288,356,59,83,105,128,167,167,305,305,325,348,348,370,77,105,105,133,133,157,157,157],"floor_reached":45,"language":"ENG","playtime":1793,"items_purged":["Eruption","Worship","Writhe"],"score":567,"play_id":"9397169a-5e12-488c-9bf6-29294f2f9efe","local_time":"20210209144415","is_ascension_mode":false,"campfire_choices":[{"floor":15,"key":"REST"},{"data":"Fasting2","floor":23,"key":"SMITH"},{"data":"TalkToTheHand","floor":32,"key":"SMITH"}],"circlet_count":0,"master_deck":["Strike_P","Strike_P+1","Strike_P","Strike_P","Defend_P","Defend_P+1","Defend_P","Defend_P+1","Vigilance","Wireheading","Wallop","Weave","SashWhip","Meditate+1","Tantrum+1","EmptyBody","DeusExMachina+1","Halt","SashWhip+1","TalkToTheHand+1","EmptyFist","LessonLearned","BowlingBash","Fasting2+1","WheelKick+1","Tantrum+1","Halt","Study+1","WaveOfTheHand+1","ClearTheMind+1","MasterReality+1","CutThroughFate+1","MentalFortress+1","Omniscience","Scrawl+1","Weave+1","Wallop+1"],"relics":["PureWater","NeowsBlessing","Centennial Puzzle","CeramicFish","Bronze Scales","Orrery","Question Card","Shuriken","Golden Idol","Coffee Dripper","MutagenicStrength","Nunchaku","Frozen Egg 2","White Beast Statue","OrangePellets","Blue Candle","Runic Dome","Whetstone","Toxic Egg 2"],"acts_visited":["Exordium","TheCity","TheBeyond"],"potions_floor_usage":[7,12,24,30,30,33],"damage_taken":[{"damage":0,"enemies":"Jaw Worm","floor":1,"turns":1},{"damage":0,"enemies":"2 Louse","floor":5,"turns":1},{"damage":0,"enemies":"Gremlin Nob","floor":6,"turns":1},{"damage":0,"enemies":"Cultist","floor":7,"turns":2},{"damage":0,"enemies":"Exordium Wildlife","floor":11,"turns":2},{"damage":17,"enemies":"3 Sentries","floor":12,"turns":5},{"damage":4,"enemies":"2 Fungi Beasts","floor":13,"turns":2},{"damage":27,"enemies":"Hexaghost","floor":16,"turns":6},{"damage":9,"enemies":"3 Byrds","floor":18,"turns":3},{"damage":0,"enemies":"Shell Parasite","floor":20,"turns":4},{"damage":0,"enemies":"Gremlin Leader","floor":24,"turns":3},{"damage":6,"enemies":"Snake Plant","floor":28,"turns":4},{"damage":6,"enemies":"Cultist and Chosen","floor":29,"turns":7},{"damage":0,"enemies":"Chosen and Byrds","floor":30,"turns":4},{"damage":3,"enemies":"Book of Stabbing","floor":31,"turns":3},{"damage":46,"enemies":"Collector","floor":33,"turns":5},{"damage":3,"enemies":"Orb Walker","floor":35,"turns":3},{"damage":0,"enemies":"3 Shapes","floor":36,"turns":4},{"damage":12,"enemies":"Spire Growth","floor":38,"turns":3},{"damage":34,"enemies":"Jaw Worm Horde","floor":40,"turns":4},{"damage":2,"enemies":"Sphere and 2 Shapes","floor":42,"turns":3},{"damage":16,"enemies":"4 Shapes","floor":44,"turns":4},{"damage":6,"enemies":"Giant Head","floor":45,"turns":2}],"seed_played":"1752370524682813249","potions_obtained":[{"floor":5,"key":"Weak Potion"},{"floor":6,"key":"AttackPotion"},{"floor":16,"key":"Fire Potion"},{"floor":28,"key":"Block Potion"},{"floor":29,"key":"Swift Potion"},{"floor":30,"key":"Ancient Potion"},{"floor":31,"key":"FearPotion"},{"floor":33,"key":"SpeedPotion"},{"floor":35,"key":"FearPotion"}],"is_trial":false,"path_per_floor":["M","?","?","T","M","E","M","$","T","?","M","E","M","?","R","B",null,"M","$","M","?","?","R","E","?","T","$","M","M","M","E","R","B",null,"M","M","?","M","$","M","$","M","T","M","E"],"character_chosen":"WATCHER","items_purchased":["Orrery","Halt","SashWhip","Fasting2","WheelKick","OrangePellets","Study+1","MentalFortress+1","Omniscience","Whetstone"],"campfire_rested":1,"item_purchase_floors":[8,8,8,19,19,27,27,39,39,39],"current_hp_per_floor":[72,69,58,58,58,58,58,58,58,63,63,46,42,42,63,36,71,62,62,62,62,62,62,62,62,62,62,56,50,50,47,47,1,71,68,68,68,56,56,22,22,20,20,4,0,0],"gold":157,"neow_bonus":"THREE_ENEMY_KILL","is_daily":false,"chose_seed":false,"campfire_upgraded":2,"win_rate":0.0,"timestamp":1612899855,"path_taken":["M","?","?","?","M","E","?","$","T","?","M","E","M","?","R","BOSS","M","$","M","?","?","R","E","?","T","$","M","M","M","E","R","BOSS","M","M","?","M","$","M","?","M","T","M","E"],"items_purchased_type":["Relic","Card","Card","Card","Card","Relic","Card","Card","Card","Relic"],"build_version":"2020-12-22","purchased_purges":3,"victory":false,"max_hp_per_floor":[72,72,72,72,72,72,72,72,72,77,77,77,77,71,71,71,71,71,71,71,71,71,71,71,71,71,71,71,71,71,71,71,71,71,71,71,71,71,71,71,71,71,71,71,71,71],"relic_stats":{"OrangePellets":[19],"Centennial Puzzle":[39],"Nunchaku":[11],"counters":[23,76],"Shuriken":[32],"Golden Idol":111,"CeramicFish":261,"Bronze Scales":[199],"Blue Candle":[0],"Whetstone":["SashWhip","WheelKick"],"Question Card":18,"obtain_stats":[{"NeowsBlessing":0,"Golden Idol":14,"CeramicFish":4,"Blue Candle":31,"Whetstone":39,"Frozen Egg 2":25,"Question Card":9,"White Beast Statue":26,"OrangePellets":27,"Runic Dome":34,"Centennial Puzzle":2,"Nunchaku":24,"Shuriken":12,"Bronze Scales":6,"MutagenicStrength":22,"Orrery":8,"Coffee Dripper":17,"PureWater":0,"Toxic Egg 2":43},{"NeowsBlessing":0,"Golden Idol":7,"CeramicFish":1,"Blue Candle":15,"Whetstone":19,"Frozen Egg 2":11,"Question Card":4,"White Beast Statue":11,"OrangePellets":11,"Runic Dome":16,"Centennial Puzzle":1,"Nunchaku":11,"Shuriken":6,"Bronze Scales":3,"MutagenicStrength":10,"Orrery":4,"Coffee Dripper":8,"PureWater":0,"Toxic Egg 2":21},{"NeowsBlessing":0,"Golden Idol":14,"CeramicFish":1,"Blue Candle":48,"Whetstone":63,"Frozen Egg 2":30,"Question Card":5,"White Beast Statue":30,"OrangePellets":30,"Runic Dome":53,"Centennial Puzzle":1,"Nunchaku":30,"Shuriken":12,"Bronze Scales":3,"MutagenicStrength":27,"Orrery":5,"Coffee Dripper":20,"PureWater":0,"Toxic Egg 2":70}]},"card_choices":[{"not_picked":["Protect","ReachHeaven"],"picked":"Wireheading","floor":1},{"not_picked":["JustLucky","EmptyFist"],"picked":"Wallop","floor":5},{"not_picked":["Swivel","Consecrate"],"picked":"Weave","floor":6},{"not_picked":["FlurryOfBlows","ReachHeaven"],"picked":"SashWhip","floor":7},{"not_picked":["FollowUp","SignatureMove"],"picked":"Worship","floor":8},{"not_picked":["WindmillStrike","Collect"],"picked":"Meditate","floor":8},{"not_picked":["FlyingSleeves","DevaForm"],"picked":"Tantrum","floor":8},{"not_picked":["CutThroughFate","JustLucky"],"picked":"EmptyBody","floor":8},{"not_picked":["EmptyFist","EmptyBody"],"picked":"DeusExMachina","floor":8},{"not_picked":["WreathOfFlame","Collect","PathToVictory","Consecrate"],"picked":"SKIP","floor":11},{"not_picked":["Worship","SashWhip","FlurryOfBlows"],"picked":"TalkToTheHand","floor":12},{"not_picked":["FlurryOfBlows","Establishment","Meditate"],"picked":"EmptyFist","floor":13},{"not_picked":["Establishment","DevaForm","Wish"],"picked":"LessonLearned","floor":16},{"not_picked":["Vengeance","Crescendo","Worship+1"],"picked":"BowlingBash","floor":18},{"not_picked":["Crescendo","MentalFortress+1","EmptyFist+1"],"picked":"Tantrum+1","floor":20},{"not_picked":["Tantrum","Vengeance","CrushJoints+1"],"picked":"Halt","floor":24},{"not_picked":["Protect+1","Study+1","Swivel"],"picked":"WaveOfTheHand+1","floor":28},{"not_picked":["BowlingBash+1","EmptyFist","ThirdEye+1"],"picked":"ClearTheMind+1","floor":29},{"not_picked":["SashWhip","FollowUp","Crescendo+1","EmptyFist"],"picked":"SKIP","floor":30},{"not_picked":["ReachHeaven","Protect","JustLucky","InnerPeace"],"picked":"SKIP","floor":31},{"not_picked":["Judgement","DeusExMachina","DevaForm+1"],"picked":"MasterReality+1","floor":33},{"not_picked":["SashWhip+1","JustLucky","SignatureMove","Evaluate"],"picked":"SKIP","floor":35},{"not_picked":["ClearTheMind","Protect","FollowUp+1","Prostrate"],"picked":"SKIP","floor":36},{"not_picked":["EmptyBody+1","Consecrate+1","EmptyMind"],"picked":"CutThroughFate+1","floor":38},{"not_picked":["Collect","Conclude+1","ForeignInfluence"],"picked":"Scrawl","floor":40},{"not_picked":["PathToVictory+1","FlyingSleeves","Collect+1"],"picked":"Weave+1","floor":42},{"not_picked":["WheelKick+1","InnerPeace+1","FlyingSleeves"],"picked":"Wallop+1","floor":44}],"player_experience":391525,"relics_obtained":[{"floor":4,"key":"CeramicFish"},{"floor":6,"key":"Bronze Scales"},{"floor":9,"key":"Question Card"},{"floor":12,"key":"Shuriken"},{"floor":24,"key":"Nunchaku"},{"floor":26,"key":"White Beast Statue"},{"floor":31,"key":"Blue Candle"},{"floor":43,"key":"Toxic Egg 2"}],"event_choices":[{"damage_healed":0,"gold_gain":0,"player_choice":"Success","damage_taken":3,"relics_obtained":["Centennial Puzzle"],"max_hp_gain":0,"max_hp_loss":0,"event_name":"Scrap Ooze","floor":2,"gold_loss":0},{"damage_healed":0,"gold_gain":75,"player_choice":"Gather Gold","damage_taken":11,"max_hp_gain":0,"max_hp_loss":0,"event_name":"World of Goop","floor":3,"gold_loss":0},{"damage_healed":0,"gold_gain":0,"player_choice":"Donut","damage_taken":0,"max_hp_gain":5,"max_hp_loss":0,"event_name":"Big Fish","floor":10,"gold_loss":0},{"damage_healed":0,"gold_gain":0,"player_choice":"Lose Max HP","damage_taken":0,"relics_obtained":["Golden Idol"],"max_hp_gain":0,"max_hp_loss":6,"event_name":"Golden Idol","floor":14,"gold_loss":0},{"damage_healed":0,"gold_gain":99,"player_choice":"Stole From Cult","damage_taken":0,"max_hp_gain":0,"max_hp_loss":0,"event_name":"Nest","floor":21,"gold_loss":0},{"damage_healed":0,"gold_gain":0,"player_choice":"Inject Mutagens","damage_taken":0,"relics_obtained":["MutagenicStrength"],"max_hp_gain":0,"max_hp_loss":0,"event_name":"Drug Dealer","floor":22,"gold_loss":0},{"damage_healed":0,"gold_gain":0,"player_choice":"Opened","damage_taken":0,"relics_obtained":["Frozen Egg 2"],"max_hp_gain":0,"max_hp_loss":0,"event_name":"The Mausoleum","floor":25,"gold_loss":0,"cards_obtained":["Writhe"]},{"damage_healed":0,"gold_gain":0,"player_choice":"Upgraded","damage_taken":0,"max_hp_gain":0,"max_hp_loss":0,"event_name":"Upgrade Shrine","floor":37,"gold_loss":0,"cards_upgraded":["DeusExMachina"]}],"is_beta":false,"boss_relics":[{"not_picked":["Philosopher\u0027s Stone","Sozu"],"picked":"Coffee Dripper"},{"not_picked":["Busted Crown","Fusion Hammer"],"picked":"Runic Dome"}],"items_purged_floors":[8,19,27],"is_endless":false,"potions_floor_spawned":[5,6,16,28,29,30,31,33,35,36,38,40,42,44],"killed_by":"Giant Head","ascension_level":0}}