{"host":"x5w9zppki4gdwvc7","time":1612904443,"event":{"mods":["AchievementEnabler","BaseMod","Colored Powertips","DeckTracker","Minty Spire (QoL Compilation)","SuperFastMode"],"gold_per_floor":[117,292,312,312,312,312,341,352,379,404,419,194,194,207,207,312,312,327,237,248,259,48,48,48,48],"floor_reached":24,"language":"ENG","playtime":800,"items_purged":["Strike_B"],"score":277,"play_id":"4889f890-f8e2-4ea0-b9ca-df3a8163534b","local_time":"20210209220043","is_ascension_mode":true,"campfire_choices":[{"data":"Sweeping Beam","floor":6,"key":"SMITH"},{"data":"Electrodynamics","floor":13,"key":"SMITH"},{"data":"White Noise","floor":15,"key":"SMITH"},{"data":"Creative AI","floor":23,"key":"SMITH"}],"circlet_count":0,"master_deck":["Strike_B+1","Defend_B","Defend_B","Defend_B","Zap","Dualcast","Sweeping Beam+1","Beam Cell+1","Chill","White Noise+1","Genetic Algorithm+1","Electrodynamics+1","Creative AI+1","BootSequence","Melter","Metamorphosis"],"relics":["Cracked Core","NeowsBlessing","Bag of Preparation","Darkstone Periapt","Whetstone","Centennial Puzzle","Lee\u0027s Waffle","Empty Cage"],"acts_visited":["Exordium","TheCity"],"potions_floor_usage":[21,24],"damage_taken":[{"damage":0,"enemies":"Cultist","floor":1,"turns":1},{"damage":0,"enemies":"Small Slimes","floor":3,"turns":1},{"damage":0,"enemies":"Lagavulin","floor":7,"turns":1},{"damage":0,"enemies":"2 Louse","floor":8,"turns":2},{"damage":36,"enemies":"Gremlin Nob","floor":10,"turns":4},{"damage":26,"enemies":"Exordium Thugs","floor":11,"turns":4},{"damage":0,"enemies":"2 Fungi Beasts","floor":14,"turns":2},{"damage":54,"enemies":"The Guardian","floor":16,"turns":12},{"damage":21,"enemies":"Chosen","floor":18,"turns":5},{"damage":13,"enemies":"2 Thieves","floor":20,"turns":2},{"damage":3,"enemies":"Snecko","floor":21,"turns":6},{"damage":47,"enemies":"Book of Stabbing","floor":24,"turns":5}],"seed_played":"-5164844600899946807","potions_obtained":[{"floor":1,"key":"CultistPotion"},{"floor":8,"key":"DistilledChaos"},{"floor":11,"key":"Dexterity Potion"},{"floor":21,"key":"Energy Potion"}],"is_trial":false,"path_per_floor":["M","?","M","?","?","R","E","M","T","E","M","$","R","M","R","B",null,"M","?","M","M","$","R","E"],"character_chosen":"DEFECT","items_purchased":["Lee\u0027s Waffle","Melter","Metamorphosis"],"campfire_rested":0,"item_purchase_floors":[12,22,22],"current_hp_per_floor":[75,75,75,63,63,63,63,63,63,27,1,82,82,82,82,28,82,61,61,48,45,45,45,0,0],"gold":48,"neow_bonus":"THREE_ENEMY_KILL","is_daily":false,"chose_seed":false,"campfire_upgraded":4,"win_rate":0.0,"timestamp":1612904443,"path_taken":["M","?","M","?","?","R","E","M","T","E","M","$","R","?","R","BOSS","M","?","?","M","$","R","E"],"items_purchased_type":["Relic","Card","Card"],"build_version":"2020-12-22","purchased_purges":1,"victory":false,"max_hp_per_floor":[75,75,75,75,75,75,75,75,75,75,75,82,82,82,82,82,82,82,82,82,82,82,82,82,82],"card_choices":[{"not_picked":["Heatsinks","Consume"],"picked":"Sweeping Beam","floor":1},{"not_picked":["Barrage","Redo"],"picked":"Beam Cell","floor":3},{"not_picked":["Fusion","Streamline"],"picked":"Chill","floor":7},{"not_picked":["Coolheaded","Sweeping Beam"],"picked":"White Noise","floor":8},{"not_picked":["Hologram","Steam"],"picked":"Genetic Algorithm","floor":10},{"not_picked":["Double Energy","Coolheaded"],"picked":"Electrodynamics","floor":11},{"not_picked":["Aggregate","Undo","Storm"],"picked":"SKIP","floor":14},{"not_picked":["Amplify","Buffer"],"picked":"Creative AI","floor":16},{"not_picked":["Stack","Darkness","Steam"],"picked":"SKIP","floor":18},{"not_picked":["Rebound","Steam","Conserve Battery"],"picked":"SKIP","floor":20},{"not_picked":["Compile Driver+1","Sweeping Beam"],"picked":"BootSequence","floor":21}],"player_experience":574386,"relics_obtained":[{"floor":7,"key":"Darkstone Periapt"},{"floor":9,"key":"Whetstone"},{"floor":10,"key":"Centennial Puzzle"}],"event_choices":[{"damage_healed":0,"gold_gain":175,"player_choice":"AGREE","damage_taken":0,"max_hp_gain":0,"max_hp_loss":0,"event_name":"Liars Game","floor":2,"gold_loss":0,"cards_obtained":["Doubt"]},{"damage_healed":0,"gold_gain":0,"player_choice":"Success","damage_taken":12,"relics_obtained":["Bag of Preparation"],"max_hp_gain":0,"max_hp_loss":0,"event_name":"Scrap Ooze","floor":4,"gold_loss":0},{"cards_removed":["Doubt"],"damage_healed":0,"gold_gain":0,"player_choice":"Purged","damage_taken":0,"max_hp_gain":0,"max_hp_loss":0,"event_name":"Purifier","floor":5,"gold_loss":0},{"cards_removed":["Strike_B"],"damage_healed":0,"gold_gain":0,"player_choice":"Upgrade and Remove","damage_taken":0,"max_hp_gain":0,"max_hp_loss":0,"event_name":"Designer","floor":19,"gold_loss":90,"cards_upgraded":["Genetic Algorithm"]}],"is_beta":false,"boss_relics":[{"not_picked":["Tiny House","Velvet Choker"],"picked":"Empty Cage"}],"items_purged_floors":[12],"is_endless":false,"potions_floor_spawned":[1,8,11,16,21],"killed_by":"Book of Stabbing","ascension_level":4}}