{"host":"23qk1co0p3p8qz56","time":1612903689,"event":{"mods":["100% Spire Juice","AchievementEnabler","Act Like it!","Arknights","BaseMod","Better Note","Better Third Choice","BetterRewards","CapriCore","Chen","Colored Map","Downfall","Duelist Mod","Friendly Minions","Gensokyo","Gold Saver","KinomotoSakuraMod(ñÿîVñ{?)","Koishi","LagranYue(ùfäiòNÅEåé)","Lobotomy","LobotomyExtend","MarisaÅiñ∂âJÅ@ñÇóùçπÅj","Minty Spire (QoL Compilation)","Prisma Mod","ReimuÅiîé??öÎÅj","RemiliaÅiÂQïƒ‰ª?Åj","StSLib","The Administrix","The Alterego","The Animator","The Gatherer","The Immortal","The Marked","The Senshi","TheSwordswoman","Waifu the Spire","WarShipGirlsR/??è≠èóR mod","Yakumo Yukari mod","Yohane!","Yuyuko"],"gold_per_floor":[229,229,241,241,251,251,280,280,280,312,312,330,330,340,340,443,443,458,472,492,492,492,492,503,503,503,503,544,544,561,521,521,623,623,635,635,635,90,117,152,152,169,169,189,189,189,0,12,12,12,12],"floor_reached":50,"language":"ENG","playtime":4206,"items_purged":[],"score":539,"play_id":"1a817fa7-6235-4e38-b025-8ca4f6554d45","local_time":"20210209134809","is_ascension_mode":false,"campfire_choices":[{"data":"animator:DolaSchwi","floor":6,"key":"SMITH"},{"data":"animator:DolaCouronne","floor":8,"key":"SMITH"},{"data":"animator:Jibril","floor":13,"key":"SMITH"},{"data":"animator:DolaSchwi","floor":15,"key":"SMITH"},{"data":"animator:DolaStephanie","floor":23,"key":"SMITH"},{"data":"animator:Demiurge","floor":25,"key":"SMITH"},{"data":"animator:Togame","floor":27,"key":"SMITH"},{"data":"animator:DolaSchwi","floor":32,"key":"SMITH"},{"data":"animator:DolaSchwi","floor":41,"key":"SMITH"},{"data":"animator:DolaRiku","floor":49,"key":"SMITH"}],"circlet_count":0,"master_deck":["animator:Strike_NoGameNoLife","animator:Defend_NoGameNoLife","animator:Strike","animator:Strike","animator:Strike","animator:Defend","animator:Defend","animator:Defend","animator:DolaSchwi+1","animator:DolaCouronne+1","animator:Tet+1","animator:DolaRiku+1","animator:Jibril+1","animator:DolaSchwi+1","animator:Togame+1","animator:DolaStephanie+1","animator:Demiurge+1","animator:ChlammyZell","animator:ShinjiMatou","animator:Eve","animator:DolaSchwi+1","animator:HigakiRinne","animator:DolaRiku+1","animator:HigakiRinne","Wraith","animator:EmiyaShirou","animator:DolaSchwi+1","animator:IzunaHatsuse","animator:Jibril"],"relics":["animator:LivingPicture","animator:TheMissingPiece","animator:PurgingStone","LagranYue:RandomDrawCardRelic","NeowsBlessing","LetterFromLob","Odd Mushroom","animator:HallowedScabbard","Sozu","Letter Opener","ZunR:ReiMu","LagranYue:ContractPerformanceRelic","Gremlin Horn","Medical Kit","theSenshi:SailorFukuRelic","Unceasing Top","animator:WornHelmet","Red Mask"],"acts_visited":["Exordium","TheCity","TheBeyond"],"potions_floor_usage":[16,24,30],"damage_taken":[{"damage":0,"enemies":"Jaw Worm","floor":1,"turns":1},{"damage":0,"enemies":"Small Slimes","floor":3,"turns":1},{"damage":0,"enemies":"Cultist","floor":5,"turns":1},{"damage":24,"enemies":"The Mushroom Lair","floor":7,"turns":5},{"damage":6,"enemies":"Exordium Thugs","floor":10,"turns":5},{"damage":11,"enemies":"Exordium Wildlife","floor":12,"turns":4},{"damage":2,"enemies":"2 Fungi Beasts","floor":14,"turns":3},{"damage":0,"enemies":"Slime Boss","floor":16,"turns":6},{"damage":13,"enemies":"3 Byrds","floor":18,"turns":5},{"damage":18,"enemies":"2 Thieves","floor":19,"turns":3},{"damage":5,"enemies":"Centurion and Healer","floor":20,"turns":4},{"damage":17,"enemies":"Snake Plant","floor":24,"turns":3},{"damage":0,"enemies":"Sentry and Sphere","floor":28,"turns":3},{"damage":0,"enemies":"Snecko","floor":30,"turns":4},{"damage":19,"enemies":"Automaton","floor":33,"turns":6},{"damage":0,"enemies":"3 Shapes","floor":35,"turns":1},{"damage":18,"enemies":"Orb Walker","floor":39,"turns":4},{"damage":19,"enemies":"Reptomancer","floor":40,"turns":4},{"damage":1,"enemies":"Maw","floor":42,"turns":4},{"damage":26,"enemies":"Jaw Worm Horde","floor":44,"turns":3},{"damage":1,"enemies":"Spire Growth","floor":48,"turns":3},{"damage":20,"enemies":"Awakened One","floor":50,"turns":3}],"seed_played":"3917415717911689850","potions_obtained":[{"floor":3,"key":"sneckomod:MuddlingPotion"},{"floor":12,"key":"Strength Potion"},{"floor":16,"key":"EssenceOfSteel"}],"is_trial":false,"path_per_floor":["M","?","M","?","M","R","?","R","T","M","?","M","R","M","R","B",null,"M","M","M","$","?","R","M","R","T","R","M","?","M","?","R","B",null,"M","?","?","$","M","E","R","M","T","M","?","$","?","M","R","B"],"character_chosen":"THE_ANIMATOR","items_purchased":["Gremlin Horn","Medical Kit","theSenshi:SailorFukuRelic"],"campfire_rested":0,"item_purchase_floors":[38,38,38],"current_hp_per_floor":[66,71,72,58,58,58,34,34,34,28,28,20,20,21,21,21,72,59,42,37,37,37,37,20,20,20,20,20,20,20,20,20,8,73,73,64,64,64,46,31,31,32,32,10,10,10,10,13,13,0,0],"gold":12,"neow_bonus":"THREE_ENEMY_KILL","is_daily":false,"chose_seed":false,"campfire_upgraded":10,"win_rate":0.0,"timestamp":1612903689,"path_taken":["M","?","M","?","M","R","?","R","T","M","?","M","R","M","R","BOSS","M","M","?","$","?","R","M","R","T","R","M","?","?","?","R","BOSS","M","?","?","$","M","E","R","M","T","M","?","$","?","M","R","BOSS"],"items_purchased_type":["Relic","Relic","Relic"],"build_version":"2020-12-22","purchased_purges":0,"victory":false,"max_hp_per_floor":[66,71,72,72,72,72,72,72,72,72,72,72,72,72,72,72,72,72,73,73,73,73,73,73,73,73,73,73,73,73,73,73,73,73,73,73,73,73,73,73,73,75,75,75,75,75,75,75,75,75,75],"card_choices":[{"not_picked":["animator:Cocytus","animator:Viivi"],"picked":"animator:Tet","floor":1},{"not_picked":["animator:FielNirvalen","animator:Illya"],"picked":"animator:DolaRiku","floor":3},{"not_picked":["animator:Tyuule","animator:Entoma","animator:Ciel"],"picked":"SKIP","floor":5},{"not_picked":["animator:Lu","animator:Shuna"],"picked":"animator:DolaRiku","floor":7},{"not_picked":["animator:DolaSchwi","animator:DolaCouronne"],"picked":"animator:Jibril","floor":10},{"not_picked":["animator:Bozes","animator:Guy","animator:Berserker"],"picked":"SKIP","floor":12},{"not_picked":["animator:Sebas","animator:Archer"],"picked":"animator:DolaSchwi","floor":14},{"not_picked":["animator:TukaLunaMarceau","animator:Kazuma"],"picked":"animator:Togame","floor":18},{"not_picked":["animator:Tet","animator:DolaCouronne"],"picked":"animator:DolaStephanie","floor":19},{"not_picked":["animator:Raven+1","animator:Guy"],"picked":"animator:Demiurge","floor":20},{"not_picked":["animator:Berserker","animator:Layla+1","animator:GazelDwargon+1"],"picked":"SKIP","floor":24},{"not_picked":["animator:Caster","animator:Laby"],"picked":"animator:ChlammyZell","floor":28},{"not_picked":["animator:DolaRiku","animator:DolaCouronne"],"picked":"animator:DolaSchwi","floor":30},{"not_picked":["animator:Biyorigo","animator:Saber"],"picked":"animator:HigakiRinne","floor":33},{"not_picked":["animator:YunYun","animator:Souei+1"],"picked":"animator:DolaRiku","floor":35},{"not_picked":["animator:ChlammyZell","animator:LeleiLaLalena"],"picked":"animator:EmiyaShirou","floor":39},{"not_picked":["animator:RoryMercury","animator:DolaRiku+1"],"picked":"animator:DolaSchwi","floor":40},{"not_picked":["animator:Tet","animator:ChlammyZell"],"picked":"animator:IzunaHatsuse","floor":42},{"not_picked":["animator:ItamiYouji","animator:ZankiKiguchi","animator:ChaikaBohdan"],"picked":"SKIP","floor":44},{"not_picked":["animator:Chung","animator:Tet+1"],"picked":"animator:Jibril","floor":48}],"player_experience":129590,"relics_obtained":[{"floor":1,"key":"LetterFromLob"},{"floor":7,"key":"Odd Mushroom"},{"floor":9,"key":"animator:HallowedScabbard"},{"floor":26,"key":"Letter Opener"},{"floor":40,"key":"Unceasing Top"},{"floor":43,"key":"animator:WornHelmet"}],"event_choices":[{"damage_healed":0,"gold_gain":0,"player_choice":"Donut","damage_taken":0,"max_hp_gain":5,"max_hp_loss":0,"event_name":"Big Fish","floor":2,"gold_loss":0},{"damage_healed":72,"gold_gain":0,"player_choice":"Upgrade","damage_taken":14,"max_hp_gain":0,"max_hp_loss":72,"event_name":"betterThird:BetterShining","floor":4,"gold_loss":0,"cards_upgraded":["animator:Tet","animator:DolaRiku"]},{"damage_healed":0,"gold_gain":0,"player_choice":"Fought Mushrooms","damage_taken":0,"max_hp_gain":0,"max_hp_loss":0,"event_name":"Mushrooms","floor":7,"gold_loss":0},{"damage_healed":0,"gold_gain":0,"cards_transformed":["animator:DolaRiku"],"player_choice":"Transformed","damage_taken":0,"max_hp_gain":0,"max_hp_loss":0,"event_name":"Transmorgrifier","floor":11,"gold_loss":0,"cards_obtained":["animator:Eris"]},{"damage_healed":0,"gold_gain":0,"player_choice":"Ignored","damage_taken":0,"max_hp_gain":0,"max_hp_loss":0,"event_name":"betterNote:BetterNote","floor":22,"gold_loss":0,"cards_obtained":["animator:Wiz"]},{"damage_healed":0,"gold_gain":0,"player_choice":"2 cards matched","damage_taken":0,"max_hp_gain":0,"max_hp_loss":0,"event_name":"Match and Keep!","floor":29,"gold_loss":0,"cards_obtained":["animator:ShinjiMatou","animator:Eve"]},{"damage_healed":0,"gold_gain":0,"player_choice":"Keep O-miki","damage_taken":0,"relics_obtained":["ZunR:ReiMu"],"max_hp_gain":0,"max_hp_loss":0,"event_name":"ZunEvent","floor":31,"gold_loss":40},{"damage_healed":0,"gold_gain":0,"player_choice":"Embrace Madness","damage_taken":9,"max_hp_gain":0,"max_hp_loss":0,"event_name":"Winding Halls","floor":36,"gold_loss":0,"cards_obtained":["animator:HigakiRinne"]},{"damage_healed":0,"gold_gain":0,"player_choice":"Ignored","damage_taken":0,"max_hp_gain":0,"max_hp_loss":0,"event_name":"OrinTheCat","floor":37,"gold_loss":0},{"damage_healed":0,"gold_gain":0,"player_choice":"Paid","damage_taken":0,"relics_obtained":["Red Mask"],"max_hp_gain":0,"max_hp_loss":0,"event_name":"Tomb of Lord Red Mask","floor":47,"gold_loss":189}],"is_beta":false,"boss_relics":[{"not_picked":["Black Star","Busted Crown"],"picked":"Sozu"},{"not_picked":["Runic Dome","SacredBark"],"picked":"LagranYue:ContractPerformanceRelic"}],"items_purged_floors":[],"is_endless":false,"potions_floor_spawned":[3,12,16,18,30,35,39,44],"killed_by":"Awakened One","ascension_level":0}}