{"host":"dmtlrev5pkc1867p","time":1612892626,"event":{"mods":["A Magickal Journey","BaseMod","Colored Map","Colored Powertips","Downfall","Hermit","Highlight Path","Infinite Spire","Marisa¡]Ãú«B¡@Å]²z¨F¡^","Minty Spire (QoL Compilation)","Permanent Neow","Quick Restart","Rare Cards Sparkle","Relic Stats","Replay The Spire","StSLib","SuperFastMode","The Construct","The Cursed","The Disciple","The Hierophant","The Necromancer","The Runesmith","The Servant 0.9.4"],"gold_per_floor":[199,214,214,214,232,221,221,221,256,217,236,36,65,97,127,223,223,123,152,152,152,102,102,152,152,152,152,184,49,75,75,97,192,192,192,202,202,233,259,285,285,285,310,50,64,81,81,104,104,104,104],"floor_reached":50,"language":"ZHS","playtime":3830,"items_purged":[],"score":521,"play_id":"d85d7d14-d9c5-4ad8-9796-c1e7972e32ce","local_time":"20210210014346","is_ascension_mode":false,"campfire_choices":[{"floor":1.0,"key":"RECALL"},{"floor":12.0,"key":"REST"},{"data":"MasterKey","floor":18.0,"key":"SMITH"},{"data":"LockedTornado","floor":25.0,"key":"SMITH"},{"data":"ReplayTheSpireMod:??????????????????????","floor":27.0,"key":"SMITH"},{"data":"Analog","floor":35.0,"key":"SMITH"},{"floor":47.0,"key":"REST"},{"floor":49,"key":"REST"}],"circlet_count":0,"master_deck":["Strike_Br","Strike_Br","Strike_Br","Strike_Br","Defend_Br","Defend_Br","Defend_Br+1","Defend_Br","PatternShift","Stagnate","Analog+1","Stagnate","Backlash+1","Echoward+1","LockedWhetstone","WindUp+1","LockedMawBank","SlimeSpray+1","Flay+1","FormalWear+1","MasterKey+1","FormalWear+1","LockedTornado+1","ReplayTheSpireMod:??????????????????????+1","HandsUpC+1","OldTimer+1","LockedAnchor+1","infinitespire:SevenWalls+1","WakeUpCall+1","OldTimer+1","ExoVibe","TickedOff+1","Analog","LockedAnchor+1","Echoward+1","TiringSlam+1","Facsimile+1","Engulf+1"],"relics":["Chronometer","Molten Egg 2","PreservedInsect","downfall:HeartBlessingBlue","downfall:HeartBlessingRed","construct:ClawGrip","downfall:HeartBlessingGreen","Peace Pipe","Vajra","CaptainsWheel","Sozu","Philosopher\u0027s Stone","infinitespire:CursedDice","Durian","SlipperyGoo"],"acts_visited":["Exordium","TheCity","TheBeyond"],"potions_floor_usage":[],"damage_taken":[{"damage":0.0,"enemies":"Small Slimes","floor":2.0,"turns":4.0},{"damage":0.0,"enemies":"2 Louse","floor":5.0,"turns":3.0},{"damage":4.0,"enemies":"downfall:FleeingMerchant","floor":6.0,"turns":31.0},{"damage":24.0,"enemies":"Lagavulin","floor":9.0,"turns":13.0},{"damage":6.0,"enemies":"Jaw Worm","floor":11.0,"turns":3.0},{"damage":8.0,"enemies":"2 Fungi Beasts","floor":13.0,"turns":4.0},{"damage":0.0,"enemies":"Blue Slaver","floor":14.0,"turns":6.0},{"damage":0.0,"enemies":"Red Slaver","floor":15.0,"turns":6.0},{"damage":16.0,"enemies":"SI_SHIV_ARCHETYPE","floor":16.0,"turns":6.0},{"damage":6.0,"enemies":"Shell Parasite","floor":19.0,"turns":5.0},{"damage":11.0,"enemies":"3 Byrds","floor":28.0,"turns":6.0},{"damage":0.0,"enemies":"Shelled Parasite and Fungi","floor":30.0,"turns":4.0},{"damage":10.0,"enemies":"Chosen and Byrds","floor":32.0,"turns":7.0},{"damage":35.0,"enemies":"IC_MUSHROOM_ARCHETYPE","floor":33.0,"turns":11.0},{"damage":20.0,"enemies":"3 Darklings","floor":36.0,"turns":4.0},{"damage":16.0,"enemies":"3 Shapes","floor":38.0,"turns":5.0},{"damage":3.0,"enemies":"Spire Growth","floor":39.0,"turns":7.0},{"damage":10.0,"enemies":"4 Shapes","floor":40.0,"turns":4.0},{"damage":6.0,"enemies":"Transient","floor":43.0,"turns":5.0},{"damage":20.0,"enemies":"Sphere and 2 Shapes","floor":45.0,"turns":6.0},{"damage":11.0,"enemies":"Jaw Worm Horde","floor":46.0,"turns":4.0},{"damage":3.0,"enemies":"Spire Growth","floor":48.0,"turns":7.0},{"damage":103,"enemies":"WA_ARCHETYPE_DIVINITY","floor":50,"turns":9}],"seed_played":"-7164427341445554075","potions_obtained":[{"floor":9.0,"key":"Flashbang"},{"floor":13.0,"key":"Milkshake"},{"floor":14.0,"key":"Death Potion"},{"floor":19.0,"key":"Block Potion"},{"floor":32.0,"key":"HastePotion"}],"is_trial":false,"path_per_floor":["R","M","?","?","M","$","T","?","E","$","M","R","M","M","M","B",null,"R","M","?","?","?","T","T","R","$","R","M","$","M","AVR","M","B",null,"R","M","AVR","M","M","M","T","$","M","$","M","M","R","M","R","B"],"character_chosen":"CHRONO_CLASS","items_purchased":["Molten Egg 2","Backlash+1","WindUp+1","OldTimer+1","SlipperyGoo"],"campfire_rested":3,"item_purchase_floors":[6,6,10,29,44],"current_hp_per_floor":[65,65,65,65,65,61,61,61,37,37,31,63,55,55,55,39,75,75,69,69,51,75,75,75,75,75,75,64,64,64,64,54,19,75,75,55,55,39,36,26,31,31,25,25,5,29,53,50,74,0,0],"gold":104,"neow_bonus":"HUNDRED_GOLD","is_daily":false,"chose_seed":false,"campfire_upgraded":4,"win_rate":0.0,"timestamp":1612892626,"path_taken":["R","M","?","?","M","$","T","?","E","?","M","R","M","M","M","BOSS","R","M","?","?","?","?","T","R","$","R","?","?","M","AVR","M","BOSS","R","?","AVR","M","M","M","T","$","M","?","M","M","R","M","R","BOSS"],"items_purchased_type":["Relic","Card","Card","Card","Relic"],"build_version":"2020-12-22","purchased_purges":0,"victory":false,"max_hp_per_floor":[65,65,65,65,65,65,65,65,65,65,65,75,75,75,75,75,75,75,75,75,75,75,75,75,75,75,75,75,75,75,75,75,75,75,75,75,75,75,75,75,80,80,80,80,80,80,80,80,80,80,80],"relic_stats":{"Peace Pipe":0,"Sozu":3,"counters":[23,160],"PreservedInsect":0,"obtain_stats":[{"construct:ClawGrip":17,"SlipperyGoo":44,"downfall:HeartBlessingRed":12,"infinitespire:CursedDice":37,"Vajra":24,"downfall:HeartBlessingGreen":18,"PreservedInsect":9,"Peace Pipe":23,"Sozu":34,"CaptainsWheel":31,"Chronometer":0,"downfall:HeartBlessingBlue":12,"Molten Egg 2":6,"Philosopher\u0027s Stone":37,"Durian":41},{"construct:ClawGrip":9,"SlipperyGoo":19,"downfall:HeartBlessingRed":5,"infinitespire:CursedDice":15,"Vajra":10,"downfall:HeartBlessingGreen":9,"PreservedInsect":4,"Peace Pipe":10,"Sozu":14,"CaptainsWheel":12,"Chronometer":0,"downfall:HeartBlessingBlue":5,"Molten Egg 2":3,"Philosopher\u0027s Stone":15,"Durian":18},{"construct:ClawGrip":76,"SlipperyGoo":134,"downfall:HeartBlessingRed":54,"infinitespire:CursedDice":113,"Vajra":81,"downfall:HeartBlessingGreen":76,"PreservedInsect":51,"Peace Pipe":81,"Sozu":109,"CaptainsWheel":91,"Chronometer":0,"downfall:HeartBlessingBlue":54,"Molten Egg 2":38,"Philosopher\u0027s Stone":113,"Durian":129}]},"card_choices":[{"not_picked":["PrimeTime","Echoward"],"picked":"Stagnate","floor":2.0},{"not_picked":["PrimeTime","LockedUrn"],"picked":"Analog","floor":5.0},{"not_picked":["HandsUpC","AlternateTimeline"],"picked":"Stagnate","floor":6.0},{"not_picked":["LockedBlood","PrimeTime+1"],"picked":"LockedWhetstone","floor":9.0},{"not_picked":["PrimeTime+1","BlueShift"],"picked":"LockedMawBank","floor":11.0},{"not_picked":["Echoward","Facsimile"],"picked":"SlimeSpray+1","floor":13.0},{"not_picked":["WindUp+1","HandsUpC+1"],"picked":"Flay+1","floor":14.0},{"not_picked":["Engulf+1","BlueShift"],"picked":"FormalWear+1","floor":15.0},{"not_picked":["Pendulum","OverTime+1"],"picked":"MasterKey","floor":16.0},{"not_picked":["BlueShift","ShortSighted"],"picked":"FormalWear+1","floor":19.0},{"not_picked":["infinitespire:Execution","ReplayTheSpireMod:Chaos Vortex"],"picked":"ReplayTheSpireMod:??????????????????????","floor":21.0},{"not_picked":["WindUp+1","CrunchTime+1"],"picked":"HandsUpC+1","floor":28.0},{"not_picked":["Backlash+1","HandsUpC+1"],"picked":"LockedAnchor+1","floor":30.0},{"not_picked":["Echoward+1","LockedMercury"],"picked":"WakeUpCall+1","floor":32.0},{"not_picked":["LockedLightning","Flay+1"],"picked":"OldTimer+1","floor":33.0},{"not_picked":["BlueShift+1","FormalWear+1"],"picked":"ExoVibe","floor":36.0},{"not_picked":["LockedTornado","ShortSighted"],"picked":"TickedOff+1","floor":38.0},{"not_picked":["Accruing+1","HandsUpC+1"],"picked":"Analog","floor":39.0},{"not_picked":["CrunchTime+1","BiteCommand+1"],"picked":"LockedAnchor+1","floor":40.0},{"not_picked":["ExoVibe","LockedMedicine"],"picked":"Echoward+1","floor":43.0},{"not_picked":["HandsUpB+1","WindUp+1"],"picked":"TiringSlam+1","floor":45.0},{"not_picked":["AlternateTimeline+1","MasterKey"],"picked":"Facsimile+1","floor":46.0},{"not_picked":["Parity","LockedMedicine"],"picked":"Engulf+1","floor":48}],"player_experience":672067,"relics_obtained":[{"floor":9.0,"key":"PreservedInsect"},{"floor":23.0,"key":"Peace Pipe"},{"floor":24.0,"key":"Vajra"},{"floor":41.0,"key":"Durian"}],"event_choices":[{"damage_healed":0.0,"max_hp_gain":0.0,"max_hp_loss":0.0,"gold_gain":0.0,"event_name":"The Library","player_choice":"Read","floor":20.0,"gold_loss":0.0,"damage_taken":0.0,"cards_obtained":["LockedTornado"]}],"is_beta":false,"boss_relics":[{"not_picked":["Replay:Drink Me","Metronome"],"picked":"construct:ClawGrip"},{"not_picked":["construct:WeddingRing","Chronograph"],"picked":"Sozu"}],"items_purged_floors":[],"is_endless":false,"potions_floor_spawned":[9,13,14,15,19,32,36,43,45],"killed_by":"WA_ARCHETYPE_DIVINITY","ascension_level":0}}