{"host":"s24sb66hw4a4sfft","time":1612889300,"event":{"mods":["AchievementEnabler","BaseMod","Colored Map","Colored Powertips","Googly Eyes","Hermit","Hubris","Minty Spire (QoL Compilation)","Quick Restart","Shop Mod","StSLib"],"gold_per_floor":[116,145,175,190,218,282,282,347,347,380,446,479,504,54,54,230,230,260,260,290,318,334,334,334,334,334,353,366,435,25,25,25],"floor_reached":31,"language":"ENG","playtime":1456,"items_purged":["hermit:Strike_Hermit","hermit:Strike_Hermit"],"score":306,"play_id":"a10cc91c-09b7-4fc0-b381-744eff2d0d87","local_time":"20210209114820","is_ascension_mode":false,"campfire_choices":[{"floor":7,"key":"REST"},{"floor":15,"key":"REST"},{"floor":23,"key":"REST"}],"circlet_count":0,"master_deck":["hermit:Strike_Hermit","hermit:Strike_Hermit","hermit:Defend_Hermit","hermit:Defend_Hermit","hermit:Defend_Hermit","hermit:Defend_Hermit","hermit:Snapshot","hermit:Covet","hermit:DeadOrAlive","hermit:Quickdraw","hermit:Quickdraw","hermit:Enervate","hermit:Malice","hermit:Grudge","hermit:GoldenBullet","hermit:Quickdraw","hermit:EyeOfTheStorm","hermit:Magnum","hermit:Ricochet+1","hermit:Combo+1","Madness","hermit:GoldenBullet"],"relics":["hermit:Momento","hubris:ToyBattleship","PreservedInsect","hubris:SphereOfDissonance","InkBottle","Odd Mushroom","hermit:CharredGlove","SlaversCollar","Omamori","Bag of Marbles"],"acts_visited":["Exordium","TheCity"],"potions_floor_usage":[16,16,20,27,27,29],"damage_taken":[{"damage":0,"enemies":"Cultist","floor":1,"turns":3},{"damage":0,"enemies":"Jaw Worm","floor":2,"turns":2},{"damage":3,"enemies":"Small Slimes","floor":3,"turns":3},{"damage":2,"enemies":"Looter","floor":4,"turns":2},{"damage":4,"enemies":"Blue Slaver","floor":5,"turns":3},{"damage":30,"enemies":"3 Sentries","floor":6,"turns":9},{"damage":17,"enemies":"Gremlin Nob","floor":8,"turns":4},{"damage":8,"enemies":"Lots of Slimes","floor":10,"turns":2},{"damage":13,"enemies":"3 Sentries","floor":11,"turns":3},{"damage":0,"enemies":"2 Fungi Beasts","floor":12,"turns":2},{"damage":13,"enemies":"The Mushroom Lair","floor":13,"turns":3},{"damage":17,"enemies":"Slime Boss","floor":16,"turns":9},{"damage":20,"enemies":"2 Thieves","floor":18,"turns":4},{"damage":10,"enemies":"3 Byrds","floor":20,"turns":3},{"damage":16,"enemies":"3 Cultists","floor":21,"turns":4},{"damage":11,"enemies":"Snecko","floor":22,"turns":3},{"damage":28,"enemies":"Centurion and Healer","floor":27,"turns":4},{"damage":18,"enemies":"Cultist and Chosen","floor":28,"turns":5},{"damage":0,"enemies":"Gremlin Leader","floor":29,"turns":2},{"damage":3,"enemies":"Book of Stabbing","floor":31,"turns":2}],"seed_played":"-2085892887957114457","potions_obtained":[{"floor":6,"key":"SpeedPotion"},{"floor":10,"key":"Regen Potion"},{"floor":11,"key":"EssenceOfSteel"},{"floor":16,"key":"AttackPotion"},{"floor":18,"key":"SkillPotion"},{"floor":22,"key":"Energy Potion"},{"floor":27,"key":"Explosive Potion"}],"is_trial":false,"path_per_floor":["M","M","M","M","M","E","R","E","T","M","E","M","?","$","R","B",null,"M","?","M","M","M","R","?","?","T","M","M","E","$","E"],"character_chosen":"HERMIT","items_purchased":["hermit:CharredGlove","hermit:EyeOfTheStorm","Bag of Marbles","Madness","hermit:GoldenBullet"],"campfire_rested":3,"item_purchase_floors":[14,14,30,30,30],"current_hp_per_floor":[75,75,72,70,66,36,58,41,41,33,20,20,7,7,29,27,75,55,55,45,29,18,40,26,52,52,24,6,6,6,3,3],"gold":25,"neow_bonus":"ONE_RANDOM_RARE_CARD","is_daily":false,"chose_seed":false,"campfire_upgraded":0,"win_rate":0.0,"timestamp":1612889300,"path_taken":["M","M","M","M","M","E","R","E","T","M","E","M","?","$","R","BOSS","M","?","?","M","?","R","?","?","T","M","?","E","$","E"],"items_purchased_type":["Relic","Card","Relic","Card","Card"],"build_version":"2020-12-22","purchased_purges":2,"victory":false,"max_hp_per_floor":[75,75,75,75,75,75,75,75,75,75,75,75,75,75,75,75,75,75,75,75,75,75,75,80,80,80,80,80,80,80,80,80],"card_choices":[{"not_picked":["hermit:Desperado","hermit:BodyArmor"],"picked":"hermit:Quickdraw","floor":1},{"not_picked":["hermit:Maintenance","hermit:Scavenge","hermit:Misfire"],"picked":"SKIP","floor":2},{"not_picked":["hermit:TrackingShot","hermit:LowProfile"],"picked":"hermit:Quickdraw","floor":3},{"not_picked":["hermit:TakeAim","hermit:Headshot","hermit:Desperado"],"picked":"SKIP","floor":4},{"not_picked":["hermit:HighCaliber","hermit:FullyLoaded"],"picked":"hermit:Enervate","floor":5},{"not_picked":["hermit:Vantage","hermit:TakeAim"],"picked":"hermit:Malice","floor":6},{"not_picked":["hermit:Scavenge","hermit:SprayPray","hermit:LuckOfTheDraw"],"picked":"SKIP","floor":8},{"not_picked":["hermit:Showdown","hermit:Dive"],"picked":"hermit:Grudge","floor":10},{"not_picked":["hermit:ItchyTrigger","hermit:LowProfile","hermit:Shortfuse"],"picked":"SKIP","floor":11},{"not_picked":["hermit:ItchyTrigger","hermit:Gestalt"],"picked":"hermit:GoldenBullet","floor":12},{"not_picked":["hermit:Feint","hermit:SprayPray"],"picked":"hermit:Quickdraw","floor":13},{"not_picked":["hermit:FromBeyond","hermit:HighNoon"],"picked":"hermit:Magnum","floor":16},{"not_picked":["hermit:Gestalt","hermit:Dive+1"],"picked":"hermit:Ricochet+1","floor":18},{"not_picked":["hermit:BodyArmor","hermit:Dive"],"picked":"hermit:Combo+1","floor":20},{"not_picked":["hermit:Coalescence","hermit:Cheat","hermit:Showdown+1"],"picked":"SKIP","floor":21},{"not_picked":["hermit:PistolWhip","hermit:TrackingShot","hermit:Roulette"],"picked":"SKIP","floor":22},{"not_picked":["hermit:Ricochet+1","hermit:Manifest+1","hermit:ShadowCloak"],"picked":"SKIP","floor":27},{"not_picked":["hermit:Glare+1","hermit:HighCaliber+1","hermit:Manifest"],"picked":"SKIP","floor":28},{"not_picked":["hermit:NoHoldsBarred","hermit:Virtue","hermit:FullyLoaded"],"picked":"SKIP","floor":29}],"player_experience":593813,"relics_obtained":[{"floor":6,"key":"hubris:ToyBattleship"},{"floor":8,"key":"PreservedInsect"},{"floor":9,"key":"hubris:SphereOfDissonance"},{"floor":11,"key":"InkBottle"},{"floor":13,"key":"Odd Mushroom"},{"floor":29,"key":"Omamori"}],"event_choices":[{"damage_healed":0,"gold_gain":0,"player_choice":"Fought Mushrooms","damage_taken":0,"max_hp_gain":0,"max_hp_loss":0,"event_name":"Mushrooms","floor":13,"gold_loss":0},{"damage_healed":0,"gold_gain":0,"player_choice":"Ignored","damage_taken":0,"max_hp_gain":0,"max_hp_loss":0,"event_name":"NoteForYourself","floor":19,"gold_loss":0},{"damage_healed":0,"gold_gain":0,"player_choice":"Shed Blood","damage_taken":19,"max_hp_gain":5,"max_hp_loss":0,"event_name":"Forgotten Altar","floor":24,"gold_loss":0},{"damage_healed":26,"gold_gain":0,"player_choice":"Heal","damage_taken":0,"max_hp_gain":0,"max_hp_loss":0,"event_name":"The Library","floor":25,"gold_loss":0}],"is_beta":false,"boss_relics":[{"not_picked":["hubris:Stopwatch","Empty Cage"],"picked":"SlaversCollar"}],"items_purged_floors":[14,30],"is_endless":false,"potions_floor_spawned":[6,10,11,12,16,18,22,27],"killed_by":"Book of Stabbing","ascension_level":0}}