{"host":"np4f5reu8f2vit8r","time":1612912828,"event":{"mods":["BaseMod","Bestiary","Curses Come First","Minty Spire (QoL Compilation)","Permanent Neow","Relic Stats","StSLib"],"gold_per_floor":[119,139,41,61,75,75,100,119,119,167,34,34,60,60,60,60],"floor_reached":15,"language":"ENG","playtime":355,"items_purged":["Strike_R"],"score":194,"play_id":"8f7a9402-c18e-4c79-ae4a-25639b511a9c","local_time":"20210210122028","is_ascension_mode":true,"campfire_choices":[{"data":"Bash","floor":6,"key":"SMITH"},{"floor":12,"key":"REST"},{"data":"Flex","floor":14,"key":"SMITH"}],"circlet_count":0,"master_deck":["AscendersBane","Strike_R","Strike_R","Strike_R","Defend_R","Defend_R","Defend_R","Defend_R","Bash+1","Pommel Strike","Flex+1","Dropkick","Carnage","Rupture","Shockwave","Double Tap","True Grit","Headbutt","Disarm"],"relics":["SacredBark","Charon\u0027s Ashes","CeramicFish"],"acts_visited":["Exordium"],"potions_floor_usage":[7,13],"damage_taken":[{"damage":13,"enemies":"Cultist","floor":1,"turns":5},{"damage":4,"enemies":"Small Slimes","floor":2,"turns":3},{"damage":7,"enemies":"Jaw Worm","floor":4,"turns":4},{"damage":16,"enemies":"Blue Slaver","floor":5,"turns":4},{"damage":6,"enemies":"Gremlin Nob","floor":7,"turns":3},{"damage":9,"enemies":"Looter","floor":8,"turns":3},{"damage":8,"enemies":"Gremlin Gang","floor":13,"turns":3},{"damage":23,"enemies":"Lagavulin","floor":15,"turns":3}],"seed_played":"1454375262834655355","potions_obtained":[{"floor":4,"key":"Ancient Potion"},{"floor":8,"key":"DuplicationPotion"},{"floor":13,"key":"Explosive Potion"}],"is_trial":false,"path_per_floor":["M","M","$","M","M","R","E","M","?","T","$","R","M","R","E"],"character_chosen":"IRONCLAD","items_purchased":["Fire Potion","Dropkick","True Grit","Headbutt"],"campfire_rested":1,"item_purchase_floors":[3,3,11,11],"current_hp_per_floor":[55,51,51,44,28,28,22,13,6,6,6,28,20,20,0,0],"gold":60,"neow_bonus":"BOSS_RELIC","is_daily":false,"chose_seed":false,"campfire_upgraded":2,"win_rate":0.0,"timestamp":1612912828,"path_taken":["M","M","?","M","M","R","E","M","?","T","$","R","M","R","E"],"items_purchased_type":["Potion","Card","Card","Card"],"build_version":"2020-12-22","purchased_purges":1,"victory":false,"max_hp_per_floor":[75,75,75,75,75,75,75,75,75,75,75,75,75,75,75,75],"relic_stats":{"counters":[8,28],"CeramicFish":27,"Charon\u0027s Ashes":[24],"obtain_stats":[{"SacredBark":0,"CeramicFish":10,"Charon\u0027s Ashes":7,"Burning Blood":0},{"SacredBark":0,"CeramicFish":6,"Charon\u0027s Ashes":5,"Burning Blood":0},{"SacredBark":0,"CeramicFish":22,"Charon\u0027s Ashes":19,"Burning Blood":0}]},"card_choices":[{"not_picked":["Havoc","Flex"],"picked":"Pommel Strike","floor":1},{"not_picked":["Heavy Blade","Intimidate"],"picked":"Flex","floor":2},{"not_picked":["Thunderclap","Shockwave"],"picked":"Carnage","floor":4},{"not_picked":["Sentinel","Uppercut"],"picked":"Rupture","floor":5},{"not_picked":["Shrug It Off","Body Slam"],"picked":"Shockwave","floor":7},{"not_picked":["Rage","Infernal Blade"],"picked":"Double Tap","floor":8},{"not_picked":["Metallicize","Rage"],"picked":"Disarm","floor":13}],"player_experience":948877,"relics_obtained":[{"floor":7,"key":"Charon\u0027s Ashes"},{"floor":10,"key":"CeramicFish"}],"event_choices":[{"cards_removed":["Strike_R"],"damage_healed":0,"gold_gain":0,"player_choice":"Card Removal","damage_taken":7,"max_hp_gain":0,"max_hp_loss":0,"event_name":"Golden Wing","floor":9,"gold_loss":0}],"is_beta":false,"boss_relics":[],"items_purged_floors":[11],"is_endless":false,"potions_floor_spawned":[4,8,13],"killed_by":"Lagavulin","ascension_level":20}}