{"host":"zgbhbccg3hs73yp6","time":1612846493,"event":{"mods":["ATMod(°¢èªMod)","AchievementEnabler","BaseMod","Colored Powertips","Minty Spire (QoL Compilation)","StSLib","The Bug Knight"],"gold_per_floor":[113,113,113,113,113,148,173,173,173,209,209,228,228,247,247,367,367,398,417,430,410,423,464,464,485,485,485,485,518,538,271,271,391,391,410,410,230,254,63,94,118,132,212,247,138,154,170,190,190,190],"floor_reached":51,"language":"ZHS","playtime":3512,"items_purged":["Strike_R","Strike_R"],"score":897,"play_id":"1b7b3a6b-e0c3-47c9-8d83-8c573a52ac9c","local_time":"20210209125453","is_ascension_mode":true,"campfire_choices":[{"data":"AT_MachinaRedman","floor":8,"key":"SMITH"},{"floor":11,"key":"DIG"},{"floor":13,"key":"DIG"},{"floor":15,"key":"DIG"},{"floor":24,"key":"DIG"},{"floor":32,"key":"DIG"},{"floor":49,"key":"DIG"}],"circlet_count":0,"master_deck":["Strike_R","Defend_R","Defend_R","Defend_R","Defend_R","Bash","AT_MachinaRedman+1","Pommel Strike","Disarm","Cleave","Whirlwind","Infernal Blade","Thunderclap","Ghostly Armor","Juggernaut","AT_EmpoweredMortalDraw","Seeing Red+1","Shrug It Off+1","Iron Wave+1","Impervious","AT_IchimonjiDouble","Shrug It Off","Metallicize+1","Flex","AT_ShrugMaster+1","Brutality+1","Flex","Dual Wield","Rupture+1","AT_IchimonjiDouble","AT_EmpoweredMortalDraw","Armaments","Barricade+1","Headbutt+1","Combust+1","Pummel","Intimidate","Body Slam","AT_CaressingTears","Pommel Strike+1"],"relics":["Burning Blood","AT_ATBox","NeowsBlessing","Golden Idol","AT_LudenTempest","Shovel","Matryoshka","Ancient Tea Set","AT_DeathDance","Paper Frog","AT_MortalBlade","Blood Vial","InkBottle","Happy Flower","Toy Ornithopter","Gremlin Horn","Frozen Egg 2","Centennial Puzzle","Bag of Preparation","Self Forming Clay","Mark of Pain","Bottled Lightning","AT_ImmortalShieldbow","Dream Catcher","PreservedInsect"],"acts_visited":["Exordium","TheCity","TheBeyond"],"potions_floor_usage":[14,23,29,33,40,44,50,50],"damage_taken":[{"damage":0,"enemies":"2 Louse","floor":1,"turns":2},{"damage":0,"enemies":"Lagavulin","floor":6,"turns":1},{"damage":0,"enemies":"Small Slimes","floor":7,"turns":1},{"damage":3,"enemies":"Gremlin Nob","floor":10,"turns":3},{"damage":9,"enemies":"Jaw Worm","floor":12,"turns":2},{"damage":0,"enemies":"2 Fungi Beasts","floor":14,"turns":1},{"damage":37,"enemies":"The Guardian","floor":16,"turns":6},{"damage":16,"enemies":"2 Thieves","floor":18,"turns":3},{"damage":12,"enemies":"Snake Plant","floor":19,"turns":2},{"damage":0,"enemies":"Snecko","floor":20,"turns":2},{"damage":1,"enemies":"Centurion and Healer","floor":22,"turns":3},{"damage":2,"enemies":"HollowMod:Nosk","floor":23,"turns":5},{"damage":0,"enemies":"Shelled Parasite and Fungi","floor":25,"turns":1},{"damage":2,"enemies":"Book of Stabbing","floor":29,"turns":3},{"damage":0,"enemies":"3 Cultists","floor":30,"turns":1},{"damage":18,"enemies":"Champ","floor":33,"turns":6},{"damage":1,"enemies":"3 Shapes","floor":35,"turns":2},{"damage":1,"enemies":"3 Darklings","floor":38,"turns":2},{"damage":2,"enemies":"Giant Head","floor":40,"turns":3},{"damage":1,"enemies":"Jaw Worm Horde","floor":41,"turns":2},{"damage":3,"enemies":"4 Shapes","floor":42,"turns":1},{"damage":10,"enemies":"Reptomancer","floor":44,"turns":3},{"damage":1,"enemies":"3 Darklings","floor":46,"turns":2},{"damage":9,"enemies":"4 Shapes","floor":47,"turns":1},{"damage":5,"enemies":"HollowMod:SlobberingHusk","floor":48,"turns":3},{"damage":22,"enemies":"Awakened One","floor":50,"turns":7}],"seed_played":"8897399968762555534","potions_obtained":[{"floor":6,"key":"DistilledChaos"},{"floor":14,"key":"GamblersBrew"},{"floor":19,"key":"Block Potion"},{"floor":21,"key":"DistilledChaos"},{"floor":22,"key":"Energy Potion"},{"floor":25,"key":"ElixirPotion"},{"floor":30,"key":"PowerPotion"},{"floor":33,"key":"Strength Potion"},{"floor":38,"key":"FairyPotion"},{"floor":41,"key":"BlessingOfTheForge"},{"floor":48,"key":"LiquidBronze"}],"is_trial":false,"path_per_floor":["M","?","?","?","?","E","M","R","T","E","R","M","R","M","R","B",null,"M","M","M","?","M","E","R","M","T","T","?","E","M","$","R","B",null,"M","?","$","M","$","E","M","M","T","E","$","M","M","M","R","B",null],"character_chosen":"IRONCLAD","items_purchased":["AT_ShrugMaster+1","Bag of Preparation","Rupture+1","AT_EmpoweredMortalDraw","Pummel","Intimidate"],"campfire_rested":0,"item_purchase_floors":[31,31,37,39,45,45],"current_hp_per_floor":[80,80,73,73,73,79,80,80,80,80,80,77,77,80,80,49,80,70,64,70,70,75,79,79,80,80,80,80,80,80,80,80,73,80,80,80,80,80,80,80,80,80,80,77,77,80,77,80,80,66],"gold":190,"neow_bonus":"THREE_ENEMY_KILL","is_daily":false,"chose_seed":false,"campfire_upgraded":1,"win_rate":0.0,"timestamp":1612846493,"path_taken":["M","?","?","?","?","E","M","R","T","E","R","?","R","M","R","BOSS","M","M","?","?","?","E","R","M","T","?","?","E","M","?","R","BOSS","M","?","$","M","$","E","M","M","T","E","?","M","M","M","R","BOSS"],"items_purchased_type":["Card","Relic","Card","Card","Card","Card"],"build_version":"2020-12-22","purchased_purges":2,"victory":true,"max_hp_per_floor":[80,80,80,80,80,80,80,80,80,80,80,80,80,80,80,80,80,80,80,80,80,80,80,80,80,80,80,80,80,80,80,80,80,80,80,80,80,80,80,80,80,80,80,80,80,80,80,80,80,80],"card_choices":[{"not_picked":["Twin Strike","Clothesline"],"picked":"Pommel Strike","floor":1},{"not_picked":["True Grit","Disarm"],"picked":"Cleave","floor":6},{"not_picked":["AT_GerminateFire","AT_CaressingTears"],"picked":"Whirlwind","floor":7},{"not_picked":["Spot Weakness","Anger"],"picked":"Infernal Blade","floor":10},{"not_picked":["Uppercut","Twin Strike"],"picked":"Thunderclap","floor":12},{"not_picked":["Headbutt","Heavy Blade"],"picked":"Ghostly Armor","floor":14},{"not_picked":["Brutality","Feed"],"picked":"Juggernaut","floor":16},{"not_picked":["Wild Strike","Cleave"],"picked":"Seeing Red+1","floor":18},{"not_picked":["Warcry","Iron Wave"],"picked":"Shrug It Off+1","floor":19},{"not_picked":["Clash","Bloodletting"],"picked":"Iron Wave+1","floor":20},{"not_picked":["Hemokinesis+1","True Grit"],"picked":"Impervious","floor":22},{"not_picked":["Warcry","Power Through"],"picked":"AT_IchimonjiDouble","floor":23},{"not_picked":["Entrench","Flex"],"picked":"Shrug It Off","floor":25},{"not_picked":["Dark Embrace+1","Carnage"],"picked":"Metallicize+1","floor":29},{"not_picked":["Headbutt+1","Cleave+1"],"picked":"Flex","floor":30},{"not_picked":["Limit Break","Reaper"],"picked":"Brutality+1","floor":33},{"not_picked":["Body Slam+1","Anger"],"picked":"Flex","floor":35},{"not_picked":["Clash+1","True Grit+1"],"picked":"AT_IchimonjiDouble","floor":38},{"not_picked":["AT_BodySlamDance","Flame Barrier+1"],"picked":"Armaments","floor":40},{"not_picked":["Iron Wave","Rampage+1"],"picked":"Barricade+1","floor":41},{"not_picked":["Clothesline+1","Second Wind+1"],"picked":"Headbutt+1","floor":42},{"not_picked":["Flex","Body Slam"],"picked":"Combust+1","floor":44},{"not_picked":["Burning Pact","Twin Strike"],"picked":"Body Slam","floor":46},{"not_picked":["Sword Boomerang","Power Through+1"],"picked":"AT_CaressingTears","floor":47},{"not_picked":["Ghostly Armor+1","Clash+1"],"picked":"Pommel Strike+1","floor":48}],"player_experience":48974,"relics_obtained":[{"floor":6,"key":"AT_LudenTempest"},{"floor":9,"key":"Shovel"},{"floor":10,"key":"Matryoshka"},{"floor":11,"key":"Ancient Tea Set"},{"floor":13,"key":"AT_DeathDance"},{"floor":15,"key":"Paper Frog"},{"floor":23,"key":"Blood Vial"},{"floor":24,"key":"InkBottle"},{"floor":26,"key":"Happy Flower"},{"floor":26,"key":"Toy Ornithopter"},{"floor":27,"key":"Gremlin Horn"},{"floor":27,"key":"Frozen Egg 2"},{"floor":29,"key":"Centennial Puzzle"},{"floor":32,"key":"Self Forming Clay"},{"floor":40,"key":"Bottled Lightning"},{"floor":43,"key":"AT_ImmortalShieldbow"},{"floor":44,"key":"Dream Catcher"},{"floor":49,"key":"PreservedInsect"}],"event_choices":[{"damage_healed":0,"gold_gain":0,"player_choice":"Take Wound","damage_taken":0,"relics_obtained":["Golden Idol"],"max_hp_gain":0,"max_hp_loss":0,"event_name":"Golden Idol","floor":2,"gold_loss":0,"cards_obtained":["Injury"]},{"cards_removed":["Injury"],"damage_healed":0,"gold_gain":0,"player_choice":"Card Removal","damage_taken":7,"max_hp_gain":0,"max_hp_loss":0,"event_name":"Golden Wing","floor":3,"gold_loss":0},{"damage_healed":0,"gold_gain":0,"player_choice":"Ignored","damage_taken":0,"max_hp_gain":0,"max_hp_loss":0,"event_name":"Liars Game","floor":4,"gold_loss":0},{"damage_healed":0,"gold_gain":0,"cards_transformed":["Strike_R"],"player_choice":"Change","damage_taken":0,"max_hp_gain":0,"max_hp_loss":0,"event_name":"Living Wall","floor":5,"gold_loss":0,"cards_obtained":["Disarm"]},{"damage_healed":0,"gold_gain":0,"player_choice":"Bought 1 Potion","damage_taken":0,"max_hp_gain":0,"max_hp_loss":0,"event_name":"The Woman in Blue","floor":21,"gold_loss":0},{"damage_healed":0,"gold_gain":0,"player_choice":"Ignored","damage_taken":0,"max_hp_gain":0,"max_hp_loss":0,"event_name":"Ghosts","floor":28,"gold_loss":0},{"damage_healed":0,"gold_gain":0,"cards_transformed":["Strike_R"],"player_choice":"Transformed","damage_taken":0,"max_hp_gain":0,"max_hp_loss":0,"event_name":"Transmorgrifier","floor":36,"gold_loss":0,"cards_obtained":["Dual Wield"]}],"is_beta":false,"boss_relics":[{"not_picked":["Black Star","Snecko Eye"],"picked":"AT_MortalBlade"},{"not_picked":["Tiny House","Runic Pyramid"],"picked":"Mark of Pain"}],"items_purged_floors":[31,37],"is_endless":false,"potions_floor_spawned":[6,14,19,22,25,30,33,38,41,48],"ascension_level":1}}