{"host":"re327vnqwpdy5ott","time":1612908293,"event":{"mods":["BaseMod","Conspire","Downfall","Hubris","Infinite Spire","Minty Spire (QoL Compilation)","Replay The Spire","StSLib"],"gold_per_floor":[99,119,136,136,150,150,174,201,217,57,79,24,24,66,92,203,203,203,226,245,245,263,304,356,377,277,277,277,112,125,147,171,267,267,267,281,299,311,45,63,63,76,76,76,76,76,76,109,128,128],"floor_reached":51,"language":"ENG","playtime":6479,"items_purged":["downfall:Bewildered"],"score":1040,"play_id":"ace9d4f5-2ef9-4a89-962a-79b1edfb3aa2","local_time":"20210209140453","is_ascension_mode":false,"campfire_choices":[{"floor":1,"key":"REST"},{"data":"hexamod:PhantomCloak","floor":13,"key":"SMITH"},{"data":"hexamod:VolcanoVisage","floor":18,"key":"SMITH"},{"data":"hexamod:ThermalTransfer","floor":18,"key":"SMITH"},{"floor":26,"key":"REST"},{"floor":35,"key":"DIG"},{"floor":43,"key":"REST"},{"floor":45,"key":"REST"},{"floor":47,"key":"REST"}],"circlet_count":0,"master_deck":["hexamod:Strike+1","hexamod:Defend","hexamod:Defend+1","hexamod:Sear","hexamod:Float","hexamod:GhostflameBarrier","hexamod:SkipABeat+1","hexamod:ThermalTransfer+1","hexamod:HauntingEcho","hexamod:ShieldOfDarkness+1","hexamod:Hexaguard+1","hexamod:SpectersWail+1","hexamod:HeatMetal","hexamod:ChargedBarrage+1","hexamod:PhantomCloak+1","hexamod:SkipABeat","hexamod:VolcanoVisage+1","hexamod:WildfireWeapon","hexamod:EmpoweredFlame","hexamod:Hexaguard","hexamod:DynamicBlow+1","hexamod:ForkedFlame","ReplayReversal","hexamod:SkipABeat+1","hexamod:ExtraCrispy","hexamod:GhostShield+1","hexamod:ShieldOfDarkness+1","hexamod:ForkedFlame","hexamod:ExtraCrispy+1","hexamod:Hexaguard","hexamod:GhostShield","hexamod:PhantomCloak+1"],"relics":["hexamod:SpiritBrand","conspire:TreasureMap","Replay:Arrowhead","Empty Cage","Shovel","Replay:Bronze Core","Matryoshka","Replay:Baseball","Gremlin Horn","downfall:HeartBlessingGreen","downfall:RedIOU","ReplayTheSpireMod:CursedCoin","Bronze Scales","hexamod:TheBrokenSeal","conspire:RunicOctahedron","hubris:ToyBattleship","Bag of Preparation","infinitespire:Beetle Shell","Juzu Bracelet"],"acts_visited":["Exordium","TheCity","TheBeyond"],"potions_floor_usage":[16,20,23,25,30,36,50,50,50],"damage_taken":[{"damage":0,"enemies":"Cultist","floor":2,"turns":6},{"damage":0,"enemies":"Small Slimes","floor":3,"turns":3},{"damage":7,"enemies":"infinitespire:Voidling","floor":5,"turns":4},{"damage":0,"enemies":"Red Slaver","floor":8,"turns":3},{"damage":0,"enemies":"Exordium Wildlife","floor":9,"turns":4},{"damage":0,"enemies":"downfall:FleeingMerchant","floor":10,"turns":4},{"damage":17,"enemies":"Large Slime","floor":11,"turns":8},{"damage":0,"enemies":"downfall:FleeingMerchant","floor":12,"turns":4},{"damage":9,"enemies":"conspire:2 RoseBushes","floor":15,"turns":5},{"damage":18,"enemies":"DF_ARCHETYPE_STREAMLINE","floor":16,"turns":13},{"damage":10,"enemies":"Shell Parasite","floor":19,"turns":6},{"damage":25,"enemies":"Spheric Guardian","floor":20,"turns":5},{"damage":1,"enemies":"Shelled Parasite and Fungi","floor":22,"turns":5},{"damage":7,"enemies":"Book of Stabbing","floor":23,"turns":6},{"damage":3,"enemies":"Snecko","floor":25,"turns":7},{"damage":0,"enemies":"downfall:FleeingMerchant","floor":29,"turns":5},{"damage":23,"enemies":"3 Cultists","floor":30,"turns":5},{"damage":0,"enemies":"Centurion and Healer","floor":31,"turns":8},{"damage":6,"enemies":"conspire:HollyBat","floor":32,"turns":8},{"damage":0,"enemies":"IC_MUSHROOM_ARCHETYPE","floor":33,"turns":6},{"damage":10,"enemies":"Orb Walker","floor":36,"turns":3},{"damage":9,"enemies":"3 Shapes","floor":37,"turns":6},{"damage":0,"enemies":"Jaw Worm Horde","floor":38,"turns":5},{"damage":20,"enemies":"downfall:FleeingMerchant","floor":39,"turns":5},{"damage":9,"enemies":"Writhing Mass","floor":40,"turns":5},{"damage":13,"enemies":"Maw","floor":42,"turns":7},{"damage":22,"enemies":"conspire:MimicChest","floor":48,"turns":6},{"damage":10,"enemies":"Jaw Worm Horde","floor":49,"turns":4},{"damage":0,"enemies":"WA_ARCHETYPE_DIVINITY","floor":50,"turns":7}],"seed_played":"6895404349771036422","potions_obtained":[{"floor":2,"key":"Regen Potion"},{"floor":3,"key":"conspire:TimeTravelPotion"},{"floor":9,"key":"LiquidMemories"},{"floor":20,"key":"Explosive Potion"},{"floor":23,"key":"ColorlessPotion"},{"floor":29,"key":"champ:CounterPotion"},{"floor":31,"key":"Milkshake"},{"floor":31,"key":"PowerPotion"},{"floor":33,"key":"CultistPotion"},{"floor":36,"key":"Milkshake"},{"floor":37,"key":"PowerPotion"}],"is_trial":false,"path_per_floor":["R","M","M","?","M","?","T","M","M","$","M","$","R","?","M","B",null,"R","M","M","AVR","M","E","T","M","R","?","?","$","M","M","M","B",null,"R","M","M","M","$","M","T","M","R","?","R","AVR","R","?","M","B",null],"character_chosen":"THE_SPIRIT","items_purchased":["conspire:TreasureMap","hexamod:PhantomCloak","hexamod:ExtraCrispy","ReplayTheSpireMod:CursedCoin","Bronze Scales","hexamod:Hexaguard","hexamod:GhostShield","Bag of Preparation"],"campfire_rested":5,"item_purchase_floors":[10,12,29,29,29,39,39,39],"current_hp_per_floor":[70,70,70,70,67,67,67,67,67,67,50,50,50,33,24,21,70,70,60,55,55,54,47,47,44,65,65,65,65,42,42,80,80,80,80,70,61,61,41,32,32,19,43,43,67,67,80,58,48,48],"gold":128,"neow_bonus":"TRANSFORM_TWO_CARDS","is_daily":false,"chose_seed":false,"campfire_upgraded":3,"win_rate":0.0,"timestamp":1612908293,"path_taken":["R","M","?","?","M","?","T","?","M","?","M","$","R","?","M","BOSS","R","M","M","AVR","M","E","T","M","R","?","?","$","?","M","M","BOSS","R","M","M","M","$","M","T","M","R","?","R","AVR","R","?","M","BOSS"],"items_purchased_type":["Relic","Card","Card","Relic","Relic","Card","Card","Relic"],"build_version":"2020-12-22","purchased_purges":1,"victory":true,"max_hp_per_floor":[70,70,70,70,70,70,70,70,70,70,70,70,70,70,70,70,70,70,70,70,70,70,70,70,70,70,70,70,70,70,70,80,80,80,80,80,80,80,80,80,80,80,80,80,80,80,80,80,80,80],"card_choices":[{"not_picked":["hexamod:GhostLash","hexamod:NightmareGuise"],"picked":"hexamod:ThermalTransfer","floor":2},{"not_picked":["hexamod:ThermalTransfer","hexamod:RainOfEmbers"],"picked":"hexamod:HauntingEcho","floor":3},{"not_picked":["hexamod:PhantomFireball","hexamod:HeatMetal"],"picked":"hexamod:SecondSeal","floor":5},{"not_picked":["hexamod:RadiantFlame","hexamod:HauntingEcho"],"picked":"hexamod:FifthSeal","floor":8},{"not_picked":["hexamod:FirstSeal","hexamod:FourthSeal"],"picked":"hexamod:SixthSeal","floor":9},{"not_picked":["hexamod:SwordOfDarkness","hexamod:EtherealExpedition"],"picked":"hexamod:ShieldOfDarkness","floor":9},{"not_picked":["hexamod:SecondSeal","hexamod:FirstSeal"],"picked":"hexamod:ThirdSeal","floor":10},{"not_picked":["hexamod:ThermalTransfer","hexamod:Again"],"picked":"hexamod:Hexaguard","floor":10},{"not_picked":["hexamod:NightmareStrike","hexamod:ThermalTransfer"],"picked":"hexamod:SpectersWail","floor":11},{"not_picked":["hexamod:Firestarter","hexamod:ThermalTransfer"],"picked":"hexamod:HeatMetal","floor":11},{"not_picked":["hexamod:Incineration","hexamod:HeatMetal"],"picked":"hexamod:ChargedBarrage","floor":12},{"not_picked":["hexamod:ChargedBarrage","hexamod:RetreatToShadows"],"picked":"hexamod:SkipABeat","floor":14},{"not_picked":["hexamod:InspiringFlames","hexamod:BacktrackSmack","hexamod:Hexaguard"],"picked":"SKIP","floor":15},{"not_picked":["hexamod:ShieldOfDarkness","hexamod:FastForward","hexamod:AdvancingGuard"],"picked":"SKIP","floor":15},{"not_picked":["hexamod:TimeWarp","hexamod:GhostOfSpirePresent"],"picked":"hexamod:VolcanoVisage","floor":16},{"not_picked":["hexamod:GhostflameInferno","hexamod:GhostOfSpirePresent"],"picked":"hexamod:WildfireWeapon","floor":16},{"not_picked":["hexamod:SecondSeal","hexamod:AdvancingGuard"],"picked":"hexamod:EmpoweredFlame","floor":19},{"not_picked":["hexamod:SpectralAdrenaline","hexamod:GhostLash","hexamod:SpectersWail"],"picked":"SKIP","floor":20},{"not_picked":["hexamod:Firestarter","hexamod:NightmareGuise","hexamod:HeatMetal"],"picked":"SKIP","floor":20},{"not_picked":["hexamod:AdvancingGuard+1","hexamod:ThermalTransfer"],"picked":"hexamod:Hexaguard","floor":22},{"not_picked":["hexamod:ShieldOfDarkness+1","hexamod:FastForward"],"picked":"hexamod:DynamicBlow","floor":23},{"not_picked":["hexamod:ThirdSeal","hexamod:SixthSeal"],"picked":"hexamod:FourthSeal","floor":25},{"not_picked":["hexamod:GhostflameBarrier","hexamod:HeatMetal"],"picked":"hexamod:ForkedFlame","floor":25},{"not_picked":["hexamod:Firestarter","hexamod:Again+1","hexamod:HeatMetal+1"],"picked":"SKIP","floor":25},{"not_picked":["hexamod:ChargedBarrage","hexamod:HeatMetal"],"picked":"hexamod:SkipABeat+1","floor":29},{"not_picked":["hexamod:NightmareGuise","hexamod:Incineration","hexamod:SwordOfDarkness"],"picked":"SKIP","floor":29},{"not_picked":["hexamod:DynamicBlow","hexamod:SwordOfDarkness"],"picked":"hexamod:GhostShield+1","floor":30},{"not_picked":["hexamod:InspiringFlames+1","hexamod:HeatMetal+1","hexamod:BacktrackSmack"],"picked":"SKIP","floor":30},{"not_picked":["hexamod:SecondSeal","hexamod:FourthSeal"],"picked":"hexamod:FirstSeal","floor":31},{"not_picked":["hexamod:EmpoweredFlame","hexamod:Firestarter"],"picked":"hexamod:ShieldOfDarkness+1","floor":31},{"not_picked":["hexamod:ThermalTransfer+1","hexamod:Firestarter","hexamod:GhostLash"],"picked":"SKIP","floor":31},{"not_picked":["hexamod:Haunt","hexamod:Incineration","hexamod:SecondSeal"],"picked":"SKIP","floor":32},{"not_picked":["hexamod:UnlimitedPower","hexamod:UnleashSpirits"],"picked":"hexamod:ForkedFlame","floor":33},{"not_picked":["hexamod:FastForward","hexamod:NightmareGuise+1"],"picked":"hexamod:ExtraCrispy+1","floor":36},{"not_picked":["hexamod:GhostLash","hexamod:AdvancingGuard","hexamod:FastForward+1"],"picked":"SKIP","floor":37},{"not_picked":["hexamod:StepThrough","hexamod:NightmareStrike+1","hexamod:FastForward+1"],"picked":"SKIP","floor":38},{"not_picked":["hexamod:ExtraCrispy","hexamod:NecessarySacrifice+1","hexamod:ThermalTransfer+1"],"picked":"SKIP","floor":39},{"not_picked":["hexamod:GhostLash+1","hexamod:AdvancingGuard+1"],"picked":"hexamod:PhantomCloak+1","floor":40},{"not_picked":["hexamod:GhostLash+1","hexamod:ShieldOfDarkness","hexamod:BurningTouch+1"],"picked":"SKIP","floor":42},{"not_picked":["hexamod:NightmareStrike+1","hexamod:FirstSeal","hexamod:SpectralAdrenaline+1"],"picked":"SKIP","floor":49}],"player_experience":238474,"relics_obtained":[{"floor":7,"key":"Omamori"},{"floor":14,"key":"Replay:Arrowhead"},{"floor":23,"key":"Matryoshka"},{"floor":24,"key":"Replay:Baseball"},{"floor":24,"key":"Gremlin Horn"},{"floor":35,"key":"hubris:ToyBattleship"},{"floor":41,"key":"infinitespire:Beetle Shell"},{"floor":48,"key":"Juzu Bracelet"}],"event_choices":[{"damage_healed":0,"gold_gain":0,"player_choice":"Read","damage_taken":0,"max_hp_gain":0,"max_hp_loss":0,"event_name":"The Library","floor":28,"gold_loss":0,"cards_obtained":["ReplayReversal"]},{"damage_healed":0,"gold_gain":0,"player_choice":"Leave","damage_taken":0,"max_hp_gain":0,"max_hp_loss":0,"event_name":"conspire:Investor","floor":44,"gold_loss":0}],"is_beta":false,"boss_relics":[{"not_picked":["conspire:SeveredTorchhead","Snecko Eye"],"picked":"Empty Cage"},{"not_picked":["ReplayTheSpireMod:SealedPack","Astrolabe"],"picked":"conspire:RunicOctahedron"}],"items_purged_floors":[29],"is_endless":false,"potions_floor_spawned":[2,3,9,20,23,31,33,36,37,49],"ascension_level":0}}