{"host":"hf26dlu7397s98tc","time":1612878273,"event":{"mods":["Act Like it!","Arknights","Astrologer","BaseMod","CapriCore","GifTheSpireLib","Hermit","Luminous","Minty Spire (QoL Compilation)","Pale of the Ancients","Quick Restart","Robot Space Explorer","StSLib","The Dragon Tamer","The Gatherer","TheWitcher","UnlockEverythingMod","≤–¡Ù÷ÆŒÔ"],"gold_per_floor":[110,110,285,285,301,301,332,345,345,358,392,392,413,437,437,561,561,582,582,582,492,516,551,570,603,603,627,627,650,277,315,315,436,436,455,469,527,527,548,548,4,38,38,81,81,96,18,39,39,39,53,68,68,28,28,52,52,104,104,104],"floor_reached":61,"language":"ZHS","playtime":4712,"items_purged":["PlaceholderMod:BaseStrike","PlaceholderMod:BaseStrike"],"score":1608,"play_id":"b81e4776-9362-44a0-adb9-3256fa1fd869","local_time":"20210209214433","is_ascension_mode":true,"campfire_choices":[{"data":"PlaceholderMod:ComplexForm","floor":6.0,"key":"SMITH"},{"floor":15.0,"key":"REST"},{"data":"PlaceholderMod:GrowthForm","floor":28.0,"key":"SMITH"},{"floor":32.0,"key":"REST"},{"floor":40.0,"key":"REST"},{"floor":49.0,"key":"RECALL"},{"data":"PlaceholderMod:Activation","floor":55,"key":"SMITH"},{"data":"PlaceholderMod:ThreeBenzyolStart","floor":57,"key":"SMITH"}],"circlet_count":0,"master_deck":["PlaceholderMod:BaseStrike","PlaceholderMod:BaseStrike","PlaceholderMod:BaseDefend+1","PlaceholderMod:BaseDefend+1","PlaceholderMod:BaseDefend","PlaceholderMod:BaseDefend","PlaceholderMod:Crystal","PlaceholderMod:PoisonWhip","PlaceholderMod:ComplexForm+1","PlaceholderMod:StressReaction","PlaceholderMod:AttackAsDefend","PlaceholderMod:OHStrongAttack+1","PlaceholderMod:EnergyAbsorb","PlaceholderMod:Activation+1","PlaceholderMod:EvolutionSpray","PlaceholderMod:SelectReaction","PlaceholderMod:FastReaction","PlaceholderMod:GrowthForm+1","PlaceholderMod:HardStrike","PlaceholderMod:EnergyAbsorb+1","PlaceholderMod:PericyclicReaction","PlaceholderMod:SevereHeat","PlaceholderMod:PericyclicReaction","PlaceholderMod:SprayAttack+1","PlaceholderMod:ComplexForm+1","PlaceholderMod:ComplexForm","Madness","PlaceholderMod:FastReaction+1","PlaceholderMod:Stratification+1","PlaceholderMod:Crystallization","PlaceholderMod:Corrosion+1","PlaceholderMod:SprayAttack+1","PlaceholderMod:Break+1","PlaceholderMod:InnerSoften","PlaceholderMod:ThreeBenzyolStart+1"],"relics":["PlaceholderMod:Tancle","NeowsBlessing","Prayer Wheel","Blue Candle","HornCleat","Anchor","Golden Idol","SlaversCollar","MutagenicStrength","Bag of Preparation","Pear","Shuriken","PlaceholderMod:NyogSothep","Pocketwatch","Empty Cage","Du-Vu Doll","TungstenRod","PlaceholderMod:FlatBlood","White Beast Statue","PlaceholderMod:DeVermisMysteriis","Molten Egg 2","paleoftheancients:Timepiece","paleoftheancients:KeyRelic","Ice Cream","Bronze Scales","paleoftheancients:SoulOfTheWokeBloke","Akabeko"],"acts_visited":["Exordium","TheCity","TheBeyond","paleoftheancients:PaleOfTheAncients"],"potions_floor_usage":[52,52],"damage_taken":[{"damage":0.0,"enemies":"ats:Genji","floor":1.0,"turns":1.0},{"damage":0.0,"enemies":"Small Slimes","floor":5.0,"turns":1.0},{"damage":0.0,"enemies":"Gremlin Nob","floor":7.0,"turns":1.0},{"damage":0.0,"enemies":"2 Louse","floor":8.0,"turns":2.0},{"damage":1.0,"enemies":"Large Slime","floor":10.0,"turns":8.0},{"damage":16.0,"enemies":"Lagavulin","floor":11.0,"turns":8.0},{"damage":1.0,"enemies":"Looter","floor":13.0,"turns":2.0},{"damage":1.0,"enemies":"Red Slaver","floor":14.0,"turns":4.0},{"damage":30.0,"enemies":"The Guardian","floor":16.0,"turns":10.0},{"damage":4.0,"enemies":"3 Byrds","floor":18.0,"turns":7.0},{"damage":0.0,"enemies":"Shell Parasite","floor":22.0,"turns":6.0},{"damage":8.0,"enemies":"Gremlin Leader","floor":23.0,"turns":6.0},{"damage":0.0,"enemies":"Snake Plant","floor":24.0,"turns":5.0},{"damage":11.0,"enemies":"Book of Stabbing","floor":25.0,"turns":6.0},{"damage":6.0,"enemies":"Centurion and Healer","floor":27.0,"turns":9.0},{"damage":17.0,"enemies":"Sentry and Sphere","floor":29.0,"turns":6.0},{"damage":0.0,"enemies":"Slavers","floor":31.0,"turns":7.0},{"damage":55.0,"enemies":"Champ","floor":33.0,"turns":10.0},{"damage":0.0,"enemies":"3 Shapes","floor":35.0,"turns":3.0},{"damage":0.0,"enemies":"Orb Walker","floor":36.0,"turns":4.0},{"damage":90.0,"enemies":"2 Orb Walkers","floor":37.0,"turns":7.0},{"damage":1.0,"enemies":"4 Shapes","floor":39.0,"turns":7.0},{"damage":6.0,"enemies":"Nemesis","floor":42.0,"turns":7.0},{"damage":2.0,"enemies":"Giant Head","floor":44.0,"turns":6.0},{"damage":14.0,"enemies":"Jaw Worm Horde","floor":46.0,"turns":5.0},{"damage":3.0,"enemies":"Maw","floor":48.0,"turns":6.0},{"damage":23.0,"enemies":"Awakened One","floor":50.0,"turns":8.0},{"damage":43.0,"enemies":"Awakened One","floor":51.0,"turns":6.0},{"damage":34,"enemies":"Awakened One","floor":52,"turns":9},{"damage":0,"enemies":"Awakened One","floor":56,"turns":6},{"damage":0,"enemies":"paleoftheancients:N","floor":60,"turns":6}],"seed_played":"7505566550843442541","potions_obtained":[{"floor":1.0,"key":"SteroidPotion"},{"floor":7.0,"key":"DistilledChaos"},{"floor":10.0,"key":"SmokeBomb"},{"floor":22.0,"key":"CultistPotion"},{"floor":24.0,"key":"SpeedPotion"},{"floor":33.0,"key":"AttackPotion"},{"floor":39.0,"key":"SkillPotion"},{"floor":42.0,"key":"LiquidBronze"},{"floor":46.0,"key":"Explosive Potion"},{"floor":51.0,"key":"Swift Potion"},{"floor":52,"key":"PowerPotion"},{"floor":53,"key":"LiquidMemories"}],"is_trial":false,"path_per_floor":["M","?","?","?","M","R","E","M","T","M","E","?","M","M","R","B",null,"M","?","?","?","M","E","M","E","T","M","R","M","$","E","R","B",null,"M","M","?","?","M","R","$","E","T","E","T","M","$","M","R","B","M","M","?","$","R","M","R","T","?","B",null],"character_chosen":"THE_PLACEHOLDER","items_purchased":["PlaceholderMod:NyogSothep","TungstenRod","PlaceholderMod:FlatBlood","PlaceholderMod:Crystallization","PlaceholderMod:ThreeBenzyolStart"],"campfire_rested":3,"item_purchase_floors":[30,41,41,47,54],"current_hp_per_floor":[78,71,71,55,55,55,55,55,55,54,38,19,18,17,40,10,78,74,74,59,59,59,51,51,50,50,44,44,27,27,33,60,11,93,93,93,6,6,11,38,38,38,38,42,42,34,34,37,37,93,72,46,46,46,46,54,54,54,54,62],"gold":104,"neow_bonus":"THREE_ENEMY_KILL","is_daily":false,"chose_seed":false,"campfire_upgraded":4,"win_rate":0.0,"timestamp":1612878273,"path_taken":["M","?","?","?","M","R","E","M","T","M","E","?","?","M","R","BOSS","M","?","?","?","M","E","?","E","T","M","R","M","$","E","R","BOSS","M","M","?","?","M","R","$","E","T","E","?","?","$","M","R","BOSS","M","M","?","$","R","M","R","T","?","BOSS"],"items_purchased_type":["Relic","Relic","Relic","Card","Card"],"build_version":"2020-12-22","purchased_purges":2,"victory":true,"max_hp_per_floor":[78,78,78,78,78,78,78,78,78,78,78,78,78,78,78,78,78,78,78,83,83,83,83,83,93,93,93,93,93,93,93,93,93,93,93,93,93,93,93,93,93,93,93,93,93,93,93,93,93,93,93,93,93,93,93,93,93,93,93,93],"card_choices":[{"not_picked":["PlaceholderMod:SevereHeat","PlaceholderMod:Crystallization"],"picked":"PlaceholderMod:ComplexForm","floor":1.0},{"not_picked":["PlaceholderMod:Polyp","PlaceholderMod:PoisonExcitation"],"picked":"PlaceholderMod:StressReaction","floor":5.0},{"not_picked":["PlaceholderMod:PoisonExcitation","PlaceholderMod:SeverePoisonStrike"],"picked":"PlaceholderMod:AttackAsDefend","floor":5.0},{"not_picked":["PlaceholderMod:DiffusionChemical","PlaceholderMod:HornyBlast"],"picked":"PlaceholderMod:OHStrongAttack","floor":7.0},{"not_picked":["PlaceholderMod:Sweep","PlaceholderMod:Internalization"],"picked":"PlaceholderMod:EnergyAbsorb","floor":8.0},{"not_picked":["PlaceholderMod:StressReaction","PlaceholderMod:ProliferateStrike","PlaceholderMod:HardStinger"],"picked":"SKIP","floor":8.0},{"not_picked":["PlaceholderMod:AttackAsDefend","PlaceholderMod:StressReaction"],"picked":"PlaceholderMod:Activation","floor":10.0},{"not_picked":["PlaceholderMod:SeverePoisonStrike","PlaceholderMod:DiffusionChemical"],"picked":"PlaceholderMod:EvolutionSpray","floor":10.0},{"not_picked":["PlaceholderMod:DissolvingSpikes","PlaceholderMod:Polyp","PlaceholderMod:SpinBlade"],"picked":"SKIP","floor":11.0},{"not_picked":["PlaceholderMod:Polyp","PlaceholderMod:RadicalHit"],"picked":"PlaceholderMod:SelectReaction","floor":13.0},{"not_picked":["PlaceholderMod:EvolutionSpray","PlaceholderMod:Internalization","PlaceholderMod:ParasiteChange"],"picked":"SKIP","floor":13.0},{"not_picked":["PlaceholderMod:Internalization","PlaceholderMod:StressReaction"],"picked":"PlaceholderMod:FastReaction","floor":14.0},{"not_picked":["PlaceholderMod:HornyBlast","PlaceholderMod:Break","PlaceholderMod:SeverePoisonStrike"],"picked":"SKIP","floor":14.0},{"not_picked":["PlaceholderMod:QualitativeChange","PlaceholderMod:FinalSpray"],"picked":"PlaceholderMod:GrowthForm","floor":16.0},{"not_picked":["PlaceholderMod:SprayAttack","PlaceholderMod:Internalization+1"],"picked":"PlaceholderMod:HardStrike","floor":18.0},{"not_picked":["PlaceholderMod:StressReaction","PlaceholderMod:NutritionAbsorb","PlaceholderMod:Polyp"],"picked":"SKIP","floor":18.0},{"not_picked":["PlaceholderMod:InnerStable","PlaceholderMod:SeverePoisonStrike","PlaceholderMod:Hard"],"picked":"SKIP","floor":22.0},{"not_picked":["PlaceholderMod:OHStrongAttack","PlaceholderMod:PoisonExcitation","PlaceholderMod:TriggerStrike+1"],"picked":"SKIP","floor":22.0},{"not_picked":["PlaceholderMod:MultipleOxi+1","PlaceholderMod:CorePoison"],"picked":"PlaceholderMod:EnergyAbsorb+1","floor":23.0},{"not_picked":["PlaceholderMod:SpinBlade","PlaceholderMod:MultipleOxi","PlaceholderMod:Turn"],"picked":"SKIP","floor":24.0},{"not_picked":["PlaceholderMod:Polyp","PlaceholderMod:PoisonExcitation+1","PlaceholderMod:Internalization"],"picked":"SKIP","floor":24.0},{"not_picked":["PlaceholderMod:Hyperplasia","PlaceholderMod:RadicalHit","PlaceholderMod:NutritionAbsorb"],"picked":"SKIP","floor":25.0},{"not_picked":["PlaceholderMod:ComplexForm","PlaceholderMod:ContinueSpray"],"picked":"PlaceholderMod:PericyclicReaction","floor":27.0},{"not_picked":["PlaceholderMod:EnergyAbsorb","PlaceholderMod:StrongAcid+1","PlaceholderMod:SpinBlade"],"picked":"SKIP","floor":27.0},{"not_picked":["PlaceholderMod:Corrosion","PlaceholderMod:Stable+1"],"picked":"PlaceholderMod:SevereHeat","floor":29.0},{"not_picked":["PlaceholderMod:Turn","PlaceholderMod:ConsolidateHit","PlaceholderMod:Internalization"],"picked":"SKIP","floor":29.0},{"not_picked":["PlaceholderMod:HardStinger","PlaceholderMod:MultipleOxi","PlaceholderMod:Polyp"],"picked":"SKIP","floor":31.0},{"not_picked":["PlaceholderMod:AbsorbTouch","PlaceholderMod:QualitativeChange"],"picked":"PlaceholderMod:PericyclicReaction","floor":33.0},{"not_picked":["PlaceholderMod:SeverePoisonStrike","PlaceholderMod:UnpureUse+1"],"picked":"PlaceholderMod:SprayAttack+1","floor":35.0},{"not_picked":["PlaceholderMod:OHStrongAttack","PlaceholderMod:DissolvingSpikes","PlaceholderMod:SevereHeat+1"],"picked":"SKIP","floor":35.0},{"not_picked":["PlaceholderMod:SevereHeat+1","PlaceholderMod:DirectingGroup"],"picked":"PlaceholderMod:ComplexForm+1","floor":36.0},{"not_picked":["PlaceholderMod:NutritionAbsorb+1","PlaceholderMod:ProliferateStrike+1"],"picked":"PlaceholderMod:ComplexForm","floor":36.0},{"not_picked":["Bandage Up","Blind"],"picked":"Madness","floor":38.0},{"not_picked":["PlaceholderMod:Stable+1","PlaceholderMod:Polyp+1"],"picked":"PlaceholderMod:FastReaction+1","floor":39.0},{"not_picked":["PlaceholderMod:Sweep+1","PlaceholderMod:StrongAcid+1","PlaceholderMod:TriggerStrike+1"],"picked":"SKIP","floor":39.0},{"not_picked":["PlaceholderMod:SpinBlade+1","PlaceholderMod:AbsorbTouch","PlaceholderMod:Break"],"picked":"SKIP","floor":42.0},{"not_picked":["PlaceholderMod:Break","PlaceholderMod:SelectReaction+1"],"picked":"PlaceholderMod:Stratification+1","floor":44.0},{"not_picked":["PlaceholderMod:Turn+1","PlaceholderMod:PoisonExcitation+1","PlaceholderMod:Polyp+1"],"picked":"SKIP","floor":46.0},{"not_picked":["PlaceholderMod:Polyp+1","PlaceholderMod:ConsolidateHit+1","PlaceholderMod:Stable"],"picked":"SKIP","floor":46.0},{"not_picked":["PlaceholderMod:Assimilation+1","PlaceholderMod:ComplexForm+1"],"picked":"PlaceholderMod:Corrosion+1","floor":48.0},{"not_picked":["PlaceholderMod:HardStinger","PlaceholderMod:SubstitutionNucleophilic1+1"],"picked":"PlaceholderMod:SprayAttack+1","floor":48.0},{"not_picked":["PlaceholderMod:SprayAttack+1","PlaceholderMod:Package","PlaceholderMod:ComplexForm+1"],"picked":"SKIP","floor":51.0},{"not_picked":["PlaceholderMod:ProliferateStrike+1","PlaceholderMod:Polyp","PlaceholderMod:ContinueSpray+1"],"picked":"SKIP","floor":51.0},{"not_picked":["PlaceholderMod:Hard","PlaceholderMod:StressReaction"],"picked":"PlaceholderMod:Break+1","floor":52},{"not_picked":["PlaceholderMod:SubstitutionNucleophilic1+1","PlaceholderMod:HardStinger+1"],"picked":"PlaceholderMod:InnerSoften","floor":52},{"not_picked":["PlaceholderMod:InnerStable","PlaceholderMod:NearChange","PlaceholderMod:SpinBlade+1"],"picked":"SKIP","floor":56},{"not_picked":["PlaceholderMod:Hyperplasia+1","PlaceholderMod:Turn+1","PlaceholderMod:EnergyAbsorb"],"picked":"SKIP","floor":56}],"player_experience":218966,"relics_obtained":[{"floor":7.0,"key":"Blue Candle"},{"floor":9.0,"key":"HornCleat"},{"floor":11.0,"key":"Anchor"},{"floor":23.0,"key":"Bag of Preparation"},{"floor":25.0,"key":"Pear"},{"floor":26.0,"key":"Shuriken"},{"floor":31.0,"key":"Pocketwatch"},{"floor":37.0,"key":"Du-Vu Doll"},{"floor":42.0,"key":"White Beast Statue"},{"floor":44.0,"key":"PlaceholderMod:DeVermisMysteriis"},{"floor":45.0,"key":"Molten Egg 2"},{"floor":52,"key":"paleoftheancients:SoulOfTheWokeBloke"},{"floor":58,"key":"Akabeko"}],"event_choices":[{"damage_healed":0.0,"max_hp_gain":0.0,"max_hp_loss":0.0,"gold_gain":0.0,"event_name":"Scrap Ooze","player_choice":"Success","floor":2.0,"gold_loss":0.0,"damage_taken":7.0,"relics_obtained":["Prayer Wheel"]},{"damage_healed":0.0,"max_hp_gain":0.0,"max_hp_loss":0.0,"gold_gain":175.0,"event_name":"Liars Game","player_choice":"AGREE","floor":3.0,"gold_loss":0.0,"damage_taken":0.0,"cards_obtained":["Doubt"]},{"damage_healed":0.0,"max_hp_gain":0.0,"max_hp_loss":0.0,"gold_gain":0.0,"event_name":"Shining Light","player_choice":"Entered Light","floor":4.0,"gold_loss":0.0,"damage_taken":16.0,"cards_upgraded":["PlaceholderMod:BaseDefend","PlaceholderMod:BaseDefend"]},{"damage_healed":0.0,"max_hp_gain":0.0,"max_hp_loss":0.0,"gold_gain":0.0,"event_name":"Golden Idol","player_choice":"Take Damage","floor":12.0,"gold_loss":0.0,"damage_taken":19.0,"relics_obtained":["Golden Idol"]},{"damage_healed":0.0,"max_hp_gain":0.0,"max_hp_loss":0.0,"gold_gain":0.0,"event_name":"Drug Dealer","player_choice":"Inject Mutagens","floor":19.0,"gold_loss":0.0,"damage_taken":0.0,"relics_obtained":["MutagenicStrength"]},{"damage_healed":0.0,"max_hp_gain":5.0,"max_hp_loss":0.0,"gold_gain":0.0,"event_name":"Forgotten Altar","player_choice":"Shed Blood","floor":20.0,"gold_loss":0.0,"damage_taken":20.0},{"cards_removed":["Doubt"],"damage_healed":0.0,"max_hp_gain":0.0,"max_hp_loss":0.0,"gold_gain":0.0,"event_name":"Designer","player_choice":"Upgrade and Remove","floor":21.0,"gold_loss":90.0,"damage_taken":0.0,"cards_upgraded":["PlaceholderMod:OHStrongAttack"]},{"damage_healed":0.0,"max_hp_gain":0.0,"max_hp_loss":0.0,"gold_gain":0.0,"event_name":"Mysterious Sphere","player_choice":"Fight","floor":37.0,"gold_loss":0.0,"damage_taken":0.0},{"damage_healed":0.0,"max_hp_gain":0.0,"max_hp_loss":0.0,"gold_gain":0.0,"event_name":"SensoryStone","player_choice":"Memory 1","floor":38.0,"gold_loss":0.0,"damage_taken":0.0},{"damage_healed":0,"gold_gain":0,"player_choice":"Got Potions","damage_taken":0,"max_hp_gain":0,"max_hp_loss":0,"event_name":"Lab","floor":53,"gold_loss":0}],"is_beta":false,"boss_relics":[{"not_picked":["Astrolabe","Tiny House"],"picked":"SlaversCollar"},{"not_picked":["SacredBark","Velvet Choker"],"picked":"Empty Cage"}],"items_purged_floors":[30,41],"is_endless":false,"potions_floor_spawned":[1,7,10,22,24,27,33,36,39,42,44,46,48,51,52,56],"ascension_level":1}}