{"host":"j4g6ia6asvpyu2b0","time":1612834147,"event":{"mods":["BaseMod","Colored Map","Infinite Spire","Minty Spire (QoL Compilation)","Permanent Neow","Quick Restart","Relic Stats","StSLib","Unceasing Turn Reminder"],"gold_per_floor":[360,375,375,389,664,664,689,689,715,715,730,730,764,779,779,874,874,894,605,605,505,540,571,596,627,627,637,663,366,400,400,400,502,502,517,529,229,229,229,229,257,257,257,257,270,290,324,344,344,449,449,449],"floor_reached":51,"language":"ENG","playtime":1870,"items_purged":["Regret","Strike_G","Strike_G","Strike_G"],"score":785,"play_id":"27a1b02a-02bc-493f-b03f-cbe568e32be2","local_time":"20210208182907","is_ascension_mode":true,"campfire_choices":[{"data":"Dagger Spray","floor":6,"key":"SMITH"},{"data":"Phantasmal Killer","floor":8,"key":"SMITH"},{"data":"Poisoned Stab","floor":10,"key":"SMITH"},{"data":"Quick Slash","floor":12,"key":"SMITH"},{"data":"Blade Dance","floor":15,"key":"SMITH"},{"data":"Apotheosis","floor":32,"key":"SMITH"},{"floor":40,"key":"RECALL"},{"data":"Adrenaline","floor":44,"key":"SMITH"},{"data":"Demon Form","floor":49,"key":"SMITH"}],"circlet_count":0,"master_deck":["Strike_G","Strike_G","Defend_G+1","Defend_G","Defend_G","Defend_G","Defend_G","Survivor","Neutralize","Poisoned Stab+1","Dagger Spray+1","Quick Slash+1","Phantasmal Killer+1","Backflip","Backstab","Blade Dance+1","Adrenaline+1","Dash","Well Laid Plans+1","CutThroughFate","White Noise","Conserve Battery+1","Dodge and Roll","Collect+1","Apotheosis+1","Shame","LessonLearned","Dodge and Roll+1","Evaluate+1","Well Laid Plans","Master of Strategy+1","Entrench+1","Madness+1","Madness+1","Blade Dance+1","Compile Driver+1","infinitespire:SevenWalls","Tactician+1","Demon Form+1","Meteor Strike"],"relics":["Ring of the Serpent","Bag of Marbles","Toy Ornithopter","Du-Vu Doll","Coffee Dripper","PrismaticShard","Question Card","Red Mask","Juzu Bracelet","infinitespire:Eraser","Darkstone Periapt","Mercury Hourglass","Letter Opener","Vajra","Toxic Egg 2","Tingsha","Boot","Ancient Tea Set","Sozu"],"acts_visited":["Exordium","TheCity","TheBeyond","Exordium"],"potions_floor_usage":[7,16,33,50,50],"damage_taken":[{"damage":0,"enemies":"Small Slimes","floor":1,"turns":5},{"damage":0,"enemies":"2 Louse","floor":2,"turns":3},{"damage":0,"enemies":"Cultist","floor":4,"turns":4},{"damage":19,"enemies":"Lagavulin","floor":7,"turns":5},{"damage":3,"enemies":"Large Slime","floor":11,"turns":4},{"damage":17,"enemies":"Gremlin Nob","floor":13,"turns":3},{"damage":0,"enemies":"Blue Slaver","floor":14,"turns":2},{"damage":27,"enemies":"The Guardian","floor":16,"turns":9},{"damage":0,"enemies":"3 Byrds","floor":18,"turns":1},{"damage":0,"enemies":"Masked Bandits","floor":22,"turns":2},{"damage":0,"enemies":"Slavers","floor":23,"turns":2},{"damage":11,"enemies":"Gremlin Leader","floor":25,"turns":5},{"damage":0,"enemies":"Shell Parasite","floor":27,"turns":4},{"damage":4,"enemies":"Slavers","floor":28,"turns":3},{"damage":0,"enemies":"Gremlin Leader","floor":30,"turns":6},{"damage":1,"enemies":"Automaton","floor":33,"turns":8},{"damage":2,"enemies":"Orb Walker","floor":35,"turns":2},{"damage":2,"enemies":"3 Shapes","floor":36,"turns":4},{"damage":4,"enemies":"Nemesis","floor":41,"turns":7},{"damage":8,"enemies":"Spire Growth","floor":45,"turns":4},{"damage":0,"enemies":"3 Darklings","floor":46,"turns":1},{"damage":9,"enemies":"Nightmare","floor":47,"turns":9},{"damage":0,"enemies":"4 Shapes","floor":48,"turns":4},{"damage":24,"enemies":"Awakened One","floor":50,"turns":9}],"seed_played":"1179196006488453384","potions_obtained":[{"floor":2,"key":"Explosive Potion"},{"floor":4,"key":"BlessingOfTheForge"},{"floor":11,"key":"LiquidBronze"},{"floor":13,"key":"infinitespire:BlackPotion"},{"floor":22,"key":"DuplicationPotion"},{"floor":23,"key":"PowerPotion"},{"floor":41,"key":"Regen Potion"},{"floor":46,"key":"Regen Potion"}],"is_trial":false,"path_per_floor":["M","M","?","M","?","R","E","R","T","R","M","R","E","M","R","B",null,"M","$","T","$","?","E","T","E","T","M","E","$","E","?","R","B",null,"M","M","$","?","?","R","E","?","T","R","M","M","NM","M","R","B",null],"character_chosen":"THE_SILENT","items_purchased":["PrismaticShard","Well Laid Plans","Apotheosis","Well Laid Plans","LiquidBronze"],"campfire_rested":0,"item_purchase_floors":[19,19,29,37,37],"current_hp_per_floor":[63,63,68,68,68,68,49,49,49,49,46,46,29,29,29,7,68,68,68,68,68,68,68,68,57,57,57,53,53,53,59,59,63,74,72,70,70,70,70,70,66,57,57,57,49,49,40,40,40,71,74,74],"gold":449,"neow_bonus":"TWO_FIFTY_GOLD","is_daily":false,"chose_seed":false,"campfire_upgraded":8,"win_rate":0.0,"timestamp":1612834147,"path_taken":["M","M","?","M","?","R","E","R","T","R","M","R","E","M","R","BOSS","M","$","?","$","?","E","?","E","T","M","E","?","E","?","R","BOSS","M","M","$","?","?","R","E","?","T","R","M","M","NM","M","R","BOSS"],"items_purchased_type":["Relic","Card","Card","Card","Potion"],"build_version":"2020-12-22","purchased_purges":4,"victory":false,"max_hp_per_floor":[63,63,68,68,68,68,68,68,68,68,68,68,68,68,68,68,68,68,68,68,68,68,68,68,68,68,68,68,68,68,74,74,74,74,74,74,74,74,74,74,74,74,74,74,74,74,74,74,74,74,74,74],"relic_stats":{"Darkstone Periapt":6,"Sozu":0,"counters":[24,106],"Tingsha":[12],"Juzu Bracelet":1,"Letter Opener":[231],"Question Card":24,"Boot":[0],"obtain_stats":[{"Darkstone Periapt":26,"Vajra":31,"Tingsha":41,"Juzu Bracelet":23,"Letter Opener":30,"PrismaticShard":19,"Question Card":20,"Boot":43,"Ancient Tea Set":47,"Mercury Hourglass":28,"Du-Vu Doll":13,"Sozu":51,"Bag of Marbles":7,"Coffee Dripper":17,"Red Mask":22,"infinitespire:Eraser":25,"Toxic Egg 2":38,"Toy Ornithopter":9,"Ring of the Serpent":34,"Ring of the Snake":0},{"Darkstone Periapt":12,"Vajra":15,"Tingsha":19,"Juzu Bracelet":11,"Letter Opener":15,"PrismaticShard":9,"Question Card":9,"Boot":19,"Ancient Tea Set":22,"Mercury Hourglass":14,"Du-Vu Doll":6,"Sozu":24,"Bag of Marbles":4,"Coffee Dripper":8,"Red Mask":10,"infinitespire:Eraser":12,"Toxic Egg 2":18,"Toy Ornithopter":4,"Ring of the Serpent":16,"Ring of the Snake":0},{"Darkstone Periapt":45,"Vajra":58,"Tingsha":79,"Juzu Bracelet":40,"Letter Opener":58,"PrismaticShard":36,"Question Card":36,"Boot":79,"Ancient Tea Set":93,"Mercury Hourglass":52,"Du-Vu Doll":24,"Sozu":106,"Bag of Marbles":17,"Coffee Dripper":35,"Red Mask":38,"infinitespire:Eraser":45,"Toxic Egg 2":72,"Toy Ornithopter":17,"Ring of the Serpent":66,"Ring of the Snake":0}],"Toy Ornithopter":20,"Mercury Hourglass":[236]},"card_choices":[{"not_picked":["Flying Knee","Backflip"],"picked":"Poisoned Stab","floor":1},{"not_picked":["Dodge and Roll","Acrobatics"],"picked":"Dagger Spray","floor":2},{"not_picked":["Outmaneuver","Dodge and Roll"],"picked":"Quick Slash","floor":4},{"not_picked":["Blur","Deadly Poison"],"picked":"Phantasmal Killer","floor":7},{"not_picked":["Outmaneuver","Dagger Spray"],"picked":"Backflip","floor":11},{"not_picked":["Eviscerate","Acrobatics"],"picked":"Backstab","floor":13},{"not_picked":["Dodge and Roll","Cloak And Dagger"],"picked":"Blade Dance","floor":14},{"not_picked":["Doppelganger","Die Die Die"],"picked":"Adrenaline","floor":16},{"not_picked":["Slice+1","Escape Plan"],"picked":"Dash","floor":18},{"not_picked":["Sucker Punch","Jack Of All Trades","Clothesline"],"picked":"CutThroughFate","floor":22},{"not_picked":["Calculated Gamble","Prepared","Gash"],"picked":"White Noise","floor":23},{"not_picked":["Consume","Body Slam","FlyingSleeves"],"picked":"Conserve Battery+1","floor":25},{"not_picked":["Pummel","Vengeance","Stack"],"picked":"Dodge and Roll","floor":27},{"not_picked":["Multi-Cast","Dagger Throw+1","Finesse"],"picked":"Collect","floor":28},{"not_picked":["Hello World","Flechettes+1","Vengeance","Sentinel"],"picked":"SKIP","floor":30},{"not_picked":["DeusExMachina","Scrawl","Buffer"],"picked":"LessonLearned","floor":33},{"not_picked":["Iron Wave","FlyingSleeves","FollowUp+1"],"picked":"Dodge and Roll+1","floor":35},{"not_picked":["ThirdEye","Stack+1","CarveReality"],"picked":"Evaluate+1","floor":36},{"not_picked":["Dark Shackles+1","Flash of Steel","HandOfGreed"],"picked":"Master of Strategy+1","floor":39},{"not_picked":["Prostrate+1","Accuracy","PathToVictory+1"],"picked":"Entrench+1","floor":41},{"not_picked":["Dodge and Roll+1","Dropkick+1","Deadly Poison+1"],"picked":"Blade Dance+1","floor":45},{"not_picked":["Bullet Time+1","Prostrate+1","Deadly Poison+1"],"picked":"Compile Driver+1","floor":46},{"not_picked":["infinitespire:Fortify","infinitespire:FutureSight"],"picked":"infinitespire:SevenWalls","floor":47},{"not_picked":["Armaments+1","CutThroughFate","Conserve Battery+1"],"picked":"Tactician+1","floor":47},{"not_picked":["Flash of Steel","Swivel+1","Perfected Strike"],"picked":"Demon Form","floor":48},{"not_picked":["Electrodynamics","LessonLearned","Double Tap+1"],"picked":"Meteor Strike","floor":50}],"player_experience":1194298,"relics_obtained":[{"floor":7,"key":"Bag of Marbles"},{"floor":9,"key":"Toy Ornithopter"},{"floor":13,"key":"Du-Vu Doll"},{"floor":20,"key":"Question Card"},{"floor":22,"key":"Red Mask"},{"floor":23,"key":"Juzu Bracelet"},{"floor":25,"key":"infinitespire:Eraser"},{"floor":26,"key":"Darkstone Periapt"},{"floor":28,"key":"Mercury Hourglass"},{"floor":30,"key":"Letter Opener"},{"floor":41,"key":"Tingsha"},{"floor":43,"key":"Boot"},{"floor":47,"key":"Ancient Tea Set"}],"event_choices":[{"damage_healed":0,"gold_gain":0,"player_choice":"Donut","damage_taken":0,"max_hp_gain":5,"max_hp_loss":0,"event_name":"Big Fish","floor":3,"gold_loss":0},{"damage_healed":0,"gold_gain":275,"player_choice":"Desecrate","damage_taken":0,"max_hp_gain":0,"max_hp_loss":0,"event_name":"Golden Shrine","floor":5,"gold_loss":0,"cards_obtained":["Regret"]},{"damage_healed":0,"gold_gain":0,"player_choice":"Fought Bandits","damage_taken":0,"max_hp_gain":0,"max_hp_loss":0,"event_name":"Masked Bandits","floor":22,"gold_loss":0},{"damage_healed":0,"gold_gain":0,"player_choice":"Stole Relic","damage_taken":0,"relics_obtained":["Vajra"],"max_hp_gain":0,"max_hp_loss":0,"event_name":"Addict","floor":31,"gold_loss":0,"cards_obtained":["Shame"]},{"damage_healed":0,"gold_gain":0,"player_choice":"Gave Potion","damage_taken":0,"relics_obtained":["Toxic Egg 2"],"max_hp_gain":0,"max_hp_loss":0,"event_name":"WeMeetAgain","floor":38,"gold_loss":0},{"damage_healed":0,"gold_gain":0,"player_choice":"Memory 1","damage_taken":0,"max_hp_gain":0,"max_hp_loss":0,"event_name":"SensoryStone","floor":39,"gold_loss":0},{"damage_healed":0,"gold_gain":0,"player_choice":"Embrace Madness","damage_taken":9,"max_hp_gain":0,"max_hp_loss":0,"event_name":"Winding Halls","floor":42,"gold_loss":0,"cards_obtained":["Madness","Madness"]}],"is_beta":false,"boss_relics":[{"not_picked":["Runic Dome","Philosopher\u0027s Stone"],"picked":"Coffee Dripper"},{"not_picked":["Astrolabe","Tiny House"],"picked":"Ring of the Serpent"},{"not_picked":["HoveringKite","Empty Cage"],"picked":"Sozu"}],"items_purged_floors":[19,21,29,37],"is_endless":true,"potions_floor_spawned":[2,4,11,13,22,23,25,30,41,45,46],"ascension_level":3}}