{"host":"j5j96s76v36ug78u","time":1612901023,"event":{"mods":["BaseMod","Better Third Choice","Hermit","Highlight Path","JesterMod","Jorbs\u0027s Wanderer Trilogy","Marisa????????","Minty Spire (QoL Compilation)","Onozuka Komachi Mod","Potion Indicator Mod","Reliquary","Robot Space Explorer","StSLib","The Animator","The Blue Laboratory","The Bug Knight","The Clintock","The Cursed","The Hayseed","The Marked","The Spell Scribe","The Valiant"],"gold_per_floor":[125,164,164,89,42,42,131,131,182,206,206],"floor_reached":10,"language":"ENG","playtime":1191,"items_purged":["animator:Defend"],"score":68,"play_id":"b8b0eadf-706d-4378-9555-e1fa6a07b10d","local_time":"20210209170343","is_ascension_mode":true,"campfire_choices":[{"data":"animator:ItamiYouji","floor":6,"key":"SMITH"},{"data":"animator:Chris","floor":8,"key":"SMITH"}],"circlet_count":0,"master_deck":["animator:Strike_Katanagatari","animator:Strike","animator:Strike","animator:Strike","animator:Defend","animator:Defend","animator:Azekura","animator:Emonzaemon","animator:ItamiYouji+1","animator:Chris+1","animator:PinaCoLada"],"relics":["animator:LivingPicture","animator:TheMissingPiece","animator:PurgingStone","Golden Idol","betterThird:SlimedRelic","Shuriken","Bag of Marbles"],"acts_visited":["Exordium"],"potions_floor_usage":[7],"damage_taken":[{"damage":0,"enemies":"Small Slimes","floor":1,"turns":3},{"damage":23,"enemies":"3 Sentries","floor":7,"turns":35},{"damage":16,"enemies":"Gremlin Nob","floor":10,"turns":3}],"seed_played":"-6999400869182556836","potions_obtained":[{"floor":1,"key":"blueLaboratory:HummingbirdPotion"}],"is_trial":false,"path_per_floor":["M","?","?","$","?","R","E","R","T","E"],"character_chosen":"THE_ANIMATOR","items_purchased":[],"campfire_rested":0,"item_purchase_floors":[],"current_hp_per_floor":[66,66,50,50,39,39,16,16,16,0,0],"gold":206,"neow_bonus":"ONE_RANDOM_RARE_CARD","is_daily":false,"chose_seed":false,"campfire_upgraded":2,"win_rate":0.0,"timestamp":1612901023,"path_taken":["M","?","?","$","?","R","E","R","T","E"],"items_purchased_type":[],"build_version":"2020-12-22","purchased_purges":1,"victory":false,"max_hp_per_floor":[66,66,66,66,66,66,66,66,66,66,66],"card_choices":[{"not_picked":["animator:Layla","animator:Tyuule"],"picked":"animator:Chris","floor":1},{"not_picked":["animator:Hitei","animator:Mitsurugi"],"picked":"animator:PinaCoLada","floor":7}],"player_experience":192156,"relics_obtained":[{"floor":7,"key":"Shuriken"},{"floor":9,"key":"Bag of Marbles"}],"event_choices":[{"damage_healed":0,"gold_gain":0,"player_choice":"Take Damage","damage_taken":16,"relics_obtained":["Golden Idol"],"max_hp_gain":0,"max_hp_loss":0,"event_name":"Golden Idol","floor":3,"gold_loss":0},{"damage_healed":0,"gold_gain":0,"player_choice":"Slimed","damage_taken":11,"max_hp_gain":0,"max_hp_loss":0,"event_name":"betterThird:BetterGoop","floor":5,"gold_loss":47}],"is_beta":false,"boss_relics":[],"items_purged_floors":[4],"is_endless":false,"potions_floor_spawned":[1],"killed_by":"Gremlin Nob","ascension_level":2}}