{"host":"dvz52zoduqbx9zr0","time":1612880404,"event":{"mods":["AchievementEnabler","Always Whale","Aspiration","BaseMod","BetterRewards","Colored Map","Conspire","Custom Start","Downfall","Halation","Hubris","Jedi Mod","Minty Spire (QoL Compilation)","Relic Sorter","Replay The Spire","Shop Mod","StSLib","SuperFastMode"],"gold_per_floor":[199,213,488,503,520,533,533,111,11,23,41,141,141,160,173,272,272,272,292,308,320,48,63,63,48,48,203,76,76,76,96,109,207,257,257,269,72,91,103,103,103,103,120,152,152,163,163,163,183,183],"floor_reached":51,"language":"ENG","playtime":2756,"items_purged":["Regret","bronze:Optimize"],"score":700,"play_id":"e3e3eae7-ff56-4a88-ac2a-6a3a410f7aba","local_time":"20210210002004","is_ascension_mode":false,"campfire_choices":[{"floor":1,"key":"RECALL"},{"floor":9,"key":"REST"},{"floor":13,"key":"REST"},{"data":"bronze:Iterate","floor":18,"key":"SMITH"},{"floor":26,"key":"REST"},{"data":"bronze:HardenedForm","floor":29,"key":"SMITH"},{"data":"bronze:Shell","floor":35,"key":"SMITH"},{"data":"bronze:Assembly","floor":40,"key":"SMITH"},{"floor":45,"key":"REST"},{"floor":47,"key":"REST"}],"circlet_count":0,"master_deck":["bronze:Strike","bronze:Strike","bronze:Strike","bronze:Defend+1","bronze:Defend+1","bronze:Defend+1","bronze:Defend+1","bronze:Replicate","bronze:Goto","bronze:ChosenStrike+1","bronze:WhirlingStrike","bronze:ClassDefault","bronze:Iterate+1","bronze:WhirlingStrike","bronze:Flail","bronze:Assembly+1","AbeCurse","bronze:Iterate","bronze:FollowUp+1","bronze:HardenedForm+1","bronze:ChildClass","bronze:Iterate","bronze:Shell+1","bronze:OilSpill","bronze:Fortify","downfall:Haunted","downfall:Haunted","jedi:frostbite","bronze:ThunderWave","bronze:Repair+1"],"relics":["bronze:BronzeCore","jedi:heavyjacket","Ginger","downfall:HeartBlessingRed","White Beast Statue","Abe\u0027s Treasure","halation:BottledHappiness","MerchantsRug","Tiny House","Bag of Marbles","Vajra","Du-Vu Doll","Replay:Bottled Eggs","hubris:Towel"],"acts_visited":["Exordium","TheCity","TheBeyond"],"potions_floor_usage":[14,16,31,39,39,44,44,50,50],"damage_taken":[{"damage":1,"enemies":"Jaw Worm","floor":2,"turns":3},{"damage":4,"enemies":"Cultist","floor":4,"turns":3},{"damage":5,"enemies":"2 Louse","floor":5,"turns":2},{"damage":15,"enemies":"Gremlin Gang","floor":6,"turns":7},{"damage":6,"enemies":"downfall:FleeingMerchant","floor":8,"turns":4},{"damage":11,"enemies":"Lots of Slimes","floor":10,"turns":3},{"damage":0,"enemies":"Exordium Wildlife","floor":11,"turns":3},{"damage":15,"enemies":"downfall:LadyInBlue","floor":12,"turns":8},{"damage":7,"enemies":"Exordium Thugs","floor":14,"turns":3},{"damage":0,"enemies":"2 Fungi Beasts","floor":15,"turns":1},{"damage":46,"enemies":"DF_ARCHETYPE_STREAMLINE","floor":16,"turns":8},{"damage":2,"enemies":"Chosen","floor":19,"turns":2},{"damage":11,"enemies":"3 Byrds","floor":20,"turns":4},{"damage":7,"enemies":"Shelled Parasite and Fungi","floor":21,"turns":2},{"damage":12,"enemies":"downfall:FleeingMerchant","floor":22,"turns":4},{"damage":0,"enemies":"3 Cultists","floor":23,"turns":3},{"damage":9,"enemies":"downfall:FleeingMerchant","floor":25,"turns":4},{"damage":0,"enemies":"downfall:FleeingMerchant","floor":27,"turns":1},{"damage":20,"enemies":"Snake Plant","floor":31,"turns":4},{"damage":0,"enemies":"Snecko","floor":32,"turns":3},{"damage":26,"enemies":"SI_MIRROR_ARCHETYPE","floor":33,"turns":6},{"damage":13,"enemies":"3 Shapes","floor":36,"turns":4},{"damage":21,"enemies":"Orb Walker","floor":38,"turns":4},{"damage":6,"enemies":"Sphere and 2 Shapes","floor":39,"turns":3},{"damage":4,"enemies":"Jaw Worm Horde","floor":43,"turns":3},{"damage":15,"enemies":"Nemesis","floor":44,"turns":5},{"damage":13,"enemies":"3 Darklings","floor":46,"turns":4},{"damage":0,"enemies":"Transient","floor":49,"turns":5},{"damage":7,"enemies":"IC_BLOCK_ARCHETYPE","floor":50,"turns":7}],"seed_played":"-457279005653802264","potions_obtained":[{"floor":2,"key":"jedi:tentaclejuice"},{"floor":6,"key":"GamblersBrew"},{"floor":11,"key":"LifebloodPotion"},{"floor":12,"key":"Explosive Potion"},{"floor":14,"key":"Strength Potion"},{"floor":16,"key":"Milkshake"},{"floor":21,"key":"Fire Potion"},{"floor":27,"key":"DuplicationPotion"},{"floor":31,"key":"LiquidMemories"},{"floor":36,"key":"Explosive Potion"},{"floor":39,"key":"SteroidPotion"},{"floor":43,"key":"Fire Potion"},{"floor":44,"key":"Doom Potion"},{"floor":46,"key":"jedi:wingpotion"},{"floor":49,"key":"Weak Potion"}],"is_trial":false,"path_per_floor":["R_BF","M","?","M","M","M","T","$","R","M","M","?","R","M","M","B",null,"R","M","M","M","$","M","T","$","R","$","$","R","?","M","M","B",null,"R","M","$","M","M","R","T","?","M","E","R","M","R","?","M","B",null],"character_chosen":"THE_AUTOMATON","items_purchased":["Ginger","bronze:ClassDefault","bronze:HardenedForm","halation:BottledHappiness","bronze:Iterate","MerchantsRug","bronze:OilSpill","Bag of Marbles"],"campfire_rested":5,"item_purchase_floors":[8,8,22,27,27,28,37,37],"current_hp_per_floor":[70,69,69,65,60,45,45,39,60,49,49,34,55,48,48,2,70,70,68,57,50,38,38,48,39,63,63,63,63,63,43,43,17,85,85,72,72,51,45,45,45,50,46,31,58,45,72,72,82,75],"gold":183,"neow_bonus":"HUNDRED_GOLD","is_daily":false,"chose_seed":false,"campfire_upgraded":4,"win_rate":0.0,"timestamp":1612880404,"path_taken":["R_BF","M","?","?","M","M","T","$","R","M","M","?","R","?","M","BOSS","R","M","M","M","$","M","T","?","R","?","$","R","?","M","M","BOSS","R","M","$","M","M","R","T","?","M","E","R","M","R","?","M","BOSS"],"items_purchased_type":["Relic","Card","Card","Relic","Card","Relic","Card","Relic"],"build_version":"2020-12-22","purchased_purges":2,"victory":true,"max_hp_per_floor":[70,70,70,70,70,70,70,70,70,70,70,70,70,70,70,70,70,70,70,70,70,70,70,80,80,80,80,80,80,80,80,80,80,85,85,85,85,85,85,85,85,90,90,90,90,90,90,90,90,90],"card_choices":[{"not_picked":["bronze:Repair","bronze:ChildClass"],"picked":"bronze:ChosenStrike","floor":2},{"not_picked":["bronze:Overload","bronze:DelayedGuard","bronze:Frontload"],"picked":"SKIP","floor":4},{"not_picked":["bronze:BronzeOrb","bronze:Invalidate","bronze:Deprecate"],"picked":"SKIP","floor":5},{"not_picked":["bronze:Fortify","bronze:NullPointer"],"picked":"bronze:Optimize","floor":6},{"not_picked":["bronze:BugBarrage","bronze:Invalidate"],"picked":"bronze:WhirlingStrike","floor":8},{"not_picked":["bronze:Overload","bronze:Repulsor","bronze:WildBeam"],"picked":"SKIP","floor":10},{"not_picked":["bronze:Overheat","bronze:Shield","bronze:Safeguard"],"picked":"SKIP","floor":11},{"not_picked":["bronze:Return","bronze:FineTuning"],"picked":"bronze:Iterate","floor":12},{"not_picked":["bronze:CutThrough","bronze:Mutator"],"picked":"bronze:WhirlingStrike","floor":14},{"not_picked":["bronze:Frontload","bronze:DelayedGuard"],"picked":"bronze:Flail","floor":15},{"not_picked":["bronze:Verify","bronze:ThunderWave"],"picked":"bronze:Assembly","floor":16},{"not_picked":["bronze:Invalidate","bronze:DelayedGuard"],"picked":"bronze:Iterate","floor":19},{"not_picked":["bronze:OilSpill","bronze:ChosenStrike+1"],"picked":"bronze:FollowUp+1","floor":20},{"not_picked":["bronze:Flail","bronze:Optimize","bronze:CutThrough"],"picked":"SKIP","floor":21},{"not_picked":["bronze:BugBarrage","bronze:ItsAFeature","bronze:Repair"],"picked":"SKIP","floor":22},{"not_picked":["bronze:MaxOutput","bronze:BugBarrage","bronze:BronzeArmor"],"picked":"SKIP","floor":23},{"not_picked":["bronze:Mutator","bronze:Backtrace"],"picked":"bronze:ChildClass","floor":25},{"not_picked":["bronze:ForLoop","bronze:BugBarrage","bronze:DelayedGuard+1"],"picked":"SKIP","floor":27},{"not_picked":["bronze:WildBeam+1","bronze:BuggyMess","bronze:Boost"],"picked":"SKIP","floor":31},{"not_picked":["bronze:DelayedSlice","bronze:WhirlingStrike","bronze:Invalidate"],"picked":"SKIP","floor":32},{"not_picked":["bronze:BugBarrage+1","bronze:CloningBeam"],"picked":"bronze:Shell","floor":34},{"not_picked":["bronze:BitShift+1","bronze:DelayedGuard","bronze:Return"],"picked":"SKIP","floor":36},{"not_picked":["bronze:BugBarrage","bronze:ClassDefault+1"],"picked":"bronze:Fortify","floor":38},{"not_picked":["bronze:Return+1","bronze:CleanCode","bronze:ChosenStrike"],"picked":"SKIP","floor":39},{"not_picked":["bronze:BitShift","bronze:Overheat+1","bronze:OilSpill+1"],"picked":"SKIP","floor":43},{"not_picked":["bronze:WhirlingStrike","bronze:WildBeam"],"picked":"bronze:ThunderWave","floor":44},{"not_picked":["bronze:Overheat+1","bronze:BronzeArmor"],"picked":"bronze:Repair+1","floor":46},{"not_picked":["bronze:BuggyMess","bronze:NullPointer","bronze:FollowUp+1"],"picked":"SKIP","floor":49}],"player_experience":215553,"relics_obtained":[{"floor":7,"key":"jedi:heavyjacket"},{"floor":12,"key":"White Beast Statue"},{"floor":24,"key":"Pear"},{"floor":41,"key":"Vajra"},{"floor":44,"key":"Replay:Bottled Eggs"}],"event_choices":[],"is_beta":false,"boss_relics":[{"not_picked":["Replay:Drink Me","Replay:Bronze Core"],"picked":"Abe\u0027s Treasure"},{"not_picked":["aspiration:PoetsPen_weak","hubris:RunicObelisk"],"picked":"Tiny House"}],"items_purged_floors":[8,22],"is_endless":false,"potions_floor_spawned":[2,6,11,14,15,16,19,20,21,22,23,25,27,31,32,33,36,38,39,43,44,46,49],"ascension_level":0}}