{"host":"tq99ucv8ezzqzioe","time":1612829537,"event":{"mods":["BaseMod","Colored Map","Downfall","Highlight Path","Minty Spire (QoL Compilation)","StSLib"],"gold_per_floor":[109,109,32,46,46,78,78,112,159,172,184,203,203,183,183,281,281,297,317,72,87,97,132,132,158,158,183,183,183,213,243,255,267,267],"floor_reached":33,"language":"ENG","playtime":4277,"items_purged":["Strike_G"],"score":476,"play_id":"5210a113-a605-43e3-a11f-d5e3ff4c7e30","local_time":"20210208191217","is_ascension_mode":true,"campfire_choices":[{"data":"Footwork","floor":7,"key":"SMITH"},{"data":"After Image","floor":13,"key":"SMITH"},{"floor":15,"key":"RECALL"},{"floor":24,"key":"REST"},{"data":"Neutralize","floor":29,"key":"SMITH"},{"data":"Footwork","floor":32,"key":"SMITH"}],"circlet_count":0,"master_deck":["Strike_G","Strike_G","Strike_G","Defend_G","Defend_G","Defend_G","Defend_G","Defend_G","Survivor","Neutralize+1","Footwork+1","Dagger Spray","Dagger Throw","Backstab","Expertise","Dash","Riddle With Holes","After Image+1","Footwork+1","Unload","Infinite Blades+1","Caltrops","Quick Slash","Unload","PiercingWail","PiercingWail","Choke+1","Footwork"],"relics":["Ring of the Snake","NeowsBlessing","Bag of Marbles","Blue Candle","Pen Nib","Black Star","Bronze Scales","Paper Crane","Darkstone Periapt","TungstenRod","Ancient Tea Set","Gremlin Horn","MawBank"],"acts_visited":["Exordium","TheCity"],"potions_floor_usage":[16,16,21,23,33],"damage_taken":[{"damage":0,"enemies":"Small Slimes","floor":1,"turns":1},{"damage":0,"enemies":"Cultist","floor":4,"turns":1},{"damage":0,"enemies":"3 Sentries","floor":6,"turns":1},{"damage":31,"enemies":"Gremlin Nob","floor":8,"turns":6},{"damage":0,"enemies":"2 Louse","floor":10,"turns":1},{"damage":1,"enemies":"Red Slaver","floor":11,"turns":4},{"damage":0,"enemies":"2 Fungi Beasts","floor":12,"turns":2},{"damage":6,"enemies":"Slime Boss","floor":16,"turns":13},{"damage":7,"enemies":"2 Thieves","floor":18,"turns":4},{"damage":4,"enemies":"Chosen","floor":19,"turns":6},{"damage":7,"enemies":"3 Cultists","floor":21,"turns":5},{"damage":11,"enemies":"Cultist and Chosen","floor":22,"turns":9},{"damage":28,"enemies":"Book of Stabbing","floor":23,"turns":7},{"damage":13,"enemies":"Gremlin Leader","floor":25,"turns":11},{"damage":8,"enemies":"Slavers","floor":30,"turns":6},{"damage":13,"enemies":"Snecko","floor":31,"turns":6},{"damage":50,"enemies":"Automaton","floor":33,"turns":6}],"seed_played":"-8833736203074258138","potions_obtained":[{"floor":6,"key":"FearPotion"},{"floor":8,"key":"Explosive Potion"},{"floor":11,"key":"Energy Potion"},{"floor":14,"key":"hexamod:SoulburnPotion"},{"floor":18,"key":"LiquidBronze"},{"floor":25,"key":"BlessingOfTheForge"},{"floor":30,"key":"Ancient Potion"}],"is_trial":false,"path_per_floor":["M","?","$","M","$","E","R","E","T","M","M","M","R","?","R","B",null,"M","M","$","M","M","E","R","E","T","T","?","R","E","M","R","B"],"character_chosen":"THE_SILENT","items_purchased":["Dagger Spray","Dagger Throw","Caltrops","Quick Slash","LiquidMemories"],"campfire_rested":1,"item_purchase_floors":[3,3,20,20,20],"current_hp_per_floor":[63,63,63,63,63,63,63,32,32,32,31,31,31,31,31,25,59,52,48,48,41,30,2,23,10,10,10,70,70,62,49,49,0,0],"gold":267,"neow_bonus":"THREE_ENEMY_KILL","is_daily":false,"chose_seed":false,"campfire_upgraded":4,"win_rate":0.0,"timestamp":1612829537,"path_taken":["M","?","$","M","?","E","R","E","T","M","?","M","R","?","R","BOSS","M","M","$","M","M","E","R","E","T","?","?","R","E","M","R","BOSS"],"items_purchased_type":["Card","Card","Card","Card","Potion"],"build_version":"2020-12-22","purchased_purges":1,"victory":false,"max_hp_per_floor":[70,70,70,70,70,70,70,70,70,70,70,70,70,70,70,70,70,70,70,70,70,70,70,70,70,70,70,70,70,70,70,70,70,70],"card_choices":[{"not_picked":["Acrobatics","Cloak And Dagger"],"picked":"Footwork","floor":1},{"not_picked":["Well Laid Plans","Deflect"],"picked":"Backstab","floor":4},{"not_picked":["Quick Slash","Sucker Punch"],"picked":"Expertise","floor":6},{"not_picked":["Deflect","Poisoned Stab"],"picked":"Dash","floor":8},{"not_picked":["Cloak And Dagger","Poisoned Stab"],"picked":"Riddle With Holes","floor":10},{"not_picked":["PiercingWail","Backflip"],"picked":"After Image","floor":11},{"not_picked":["Blur","Deadly Poison"],"picked":"Footwork","floor":12},{"not_picked":["Burst","Wraith Form v2"],"picked":"Unload","floor":16},{"not_picked":["Well Laid Plans","Cloak And Dagger"],"picked":"Infinite Blades+1","floor":18},{"not_picked":["Poisoned Stab","Acrobatics","Sucker Punch"],"picked":"SKIP","floor":19},{"not_picked":["Bouncing Flask","Prepared"],"picked":"Unload","floor":21},{"not_picked":["Deadly Poison","Flying Knee+1"],"picked":"PiercingWail","floor":22},{"not_picked":["Sucker Punch","Tactician"],"picked":"PiercingWail","floor":23},{"not_picked":["Concentrate","Cloak And Dagger"],"picked":"Choke+1","floor":25},{"not_picked":["Concentrate","Backflip"],"picked":"Footwork","floor":30},{"not_picked":["Setup","Flying Knee","Calculated Gamble"],"picked":"SKIP","floor":31}],"player_experience":921841,"relics_obtained":[{"floor":6,"key":"Bag of Marbles"},{"floor":8,"key":"Blue Candle"},{"floor":9,"key":"Pen Nib"},{"floor":23,"key":"Bronze Scales"},{"floor":23,"key":"Paper Crane"},{"floor":25,"key":"Darkstone Periapt"},{"floor":25,"key":"TungstenRod"},{"floor":27,"key":"Ancient Tea Set"},{"floor":30,"key":"Gremlin Horn"},{"floor":30,"key":"MawBank"}],"event_choices":[{"cards_removed":["Strike_G"],"damage_healed":0,"gold_gain":0,"player_choice":"Purged","damage_taken":0,"max_hp_gain":0,"max_hp_loss":0,"event_name":"Purifier","floor":2,"gold_loss":0},{"damage_healed":0,"gold_gain":0,"player_choice":"Bought 1 Potion","damage_taken":0,"max_hp_gain":0,"max_hp_loss":0,"event_name":"The Woman in Blue","floor":14,"gold_loss":0},{"damage_healed":60,"gold_gain":0,"player_choice":"Full Heal","damage_taken":0,"max_hp_gain":0,"max_hp_loss":0,"event_name":"Wheel of Change","floor":28,"gold_loss":0}],"is_beta":false,"boss_relics":[{"not_picked":["Runic Dome","WristBlade"],"picked":"Black Star"}],"items_purged_floors":[20],"is_endless":false,"potions_floor_spawned":[6,8,11,18,25,30],"killed_by":"Automaton","ascension_level":8}}