{"host":"o6nndy8fvkon49s1","time":1612831317,"event":{"mods":["BaseMod","CapriCore","Hermit","Marisa????????","Minty Spire (QoL Compilation)","Prisma Mod","StSLib","Td1madao Mod","The Administrix","The Fake Hero","The Forsaken","The Immortal","The Marked","The Necromancer","The Servant 0.9.4"],"gold_per_floor":[213,223,233,246,246,246,273,287,312,336,355,355,365,375,375,477,477,497,497,497,122,141,141,151,151,151,171,171,186,205,222,222,317,317,332,332,382,34,51,51,70,70,70,89,100,115,14,34,34,34,34],"floor_reached":50,"language":"ENG","playtime":2375,"items_purged":["Blood_Whip","Requiem"],"score":456,"play_id":"39489669-373b-466e-b3c5-6ac9d9dded49","local_time":"20210208184157","is_ascension_mode":false,"campfire_choices":[{"data":"Summon_Lich","floor":6,"key":"SMITH"},{"data":"Negative_Energy_Arrows","floor":12,"key":"SMITH"},{"floor":15,"key":"REST"},{"data":"Summon_Vampire_Lady","floor":23,"key":"SMITH"},{"data":"Blood_Is_Power","floor":25,"key":"SMITH"},{"data":"Negative_Energy_Shield","floor":32,"key":"SMITH"},{"data":"Summon_Vampire_Lady","floor":40,"key":"SMITH"},{"data":"Defend_W","floor":42,"key":"SMITH"},{"floor":49,"key":"REST"}],"circlet_count":0,"master_deck":["Strike_W","Strike_W","Strike_W","Strike_W","Defend_W","Defend_W","Defend_W","Defend_W+1","Negative_Energy_Arrows+1","Bone_Wall","Death_Coil","Blood_Is_Power+1","Negative_Energy_Shield+1","Summon_Lich+1","Plague_Bolt","Negative_Energy_Sphere+1","Vampiric_Strike+1","Summon_Vampire_Lady+1","Spectral_Walk+1","Bones_to_Steel+1","Negative_Energy_Mist+1","Bone_Armor+1","Life_Tap+1","Summon_Vampire_Lady+1","Bone_Bullets+1","Life_Tap+1","Summon_Undead_Army+1"],"relics":["Vampire_Amulet","theForsaken:HumbleEgg","Potion Belt","Pen Nib","ClockworkSouvenir","Vajra","Pocketwatch","SlaversCollar","Thread and Needle","Pear","Bottled Lightning"],"acts_visited":["Exordium","TheCity","TheBeyond"],"potions_floor_usage":[16,20,24,30,30,33,44,46,48,48,50,50],"damage_taken":[{"damage":3,"enemies":"2 Louse","floor":1,"turns":4},{"damage":0,"enemies":"Cultist","floor":2,"turns":3},{"damage":4,"enemies":"Small Slimes","floor":3,"turns":3},{"damage":5,"enemies":"3 Louse","floor":4,"turns":3},{"damage":33,"enemies":"3 Sentries","floor":7,"turns":6},{"damage":25,"enemies":"Gremlin Gang","floor":8,"turns":5},{"damage":5,"enemies":"Blue Slaver","floor":11,"turns":3},{"damage":3,"enemies":"Exordium Wildlife","floor":13,"turns":2},{"damage":2,"enemies":"Red Slaver","floor":14,"turns":3},{"damage":30,"enemies":"Hexaghost","floor":16,"turns":7},{"damage":32,"enemies":"Spheric Guardian","floor":18,"turns":5},{"damage":5,"enemies":"3 Byrds","floor":20,"turns":2},{"damage":21,"enemies":"Snecko","floor":22,"turns":5},{"damage":10,"enemies":"Cultist and Chosen","floor":24,"turns":3},{"damage":29,"enemies":"Centurion and Healer","floor":27,"turns":5},{"damage":45,"enemies":"Shelled Parasite and Fungi","floor":29,"turns":8},{"damage":5,"enemies":"3 Cultists","floor":30,"turns":4},{"damage":15,"enemies":"Centurion and Healer","floor":31,"turns":16},{"damage":34,"enemies":"Automaton","floor":33,"turns":11},{"damage":43,"enemies":"3 Darklings","floor":35,"turns":7},{"damage":3,"enemies":"Mind Bloom Boss Battle","floor":37,"turns":6},{"damage":1,"enemies":"3 Shapes","floor":39,"turns":4},{"damage":37,"enemies":"3 Darklings","floor":41,"turns":5},{"damage":46,"enemies":"Maw","floor":44,"turns":8},{"damage":7,"enemies":"Jaw Worm Horde","floor":45,"turns":6},{"damage":21,"enemies":"Sphere and 2 Shapes","floor":46,"turns":6},{"damage":42,"enemies":"Maw","floor":48,"turns":8},{"damage":105,"enemies":"Donu and Deca","floor":50,"turns":9}],"seed_played":"8143073220448653214","potions_obtained":[{"floor":1,"key":"SmokeBomb"},{"floor":2,"key":"GamblersBrew"},{"floor":8,"key":"ColorlessPotion"},{"floor":22,"key":"ColorlessPotion"},{"floor":29,"key":"Strength Potion"},{"floor":30,"key":"SpeedPotion"},{"floor":41,"key":"BlessingOfTheForge"},{"floor":45,"key":"ColorlessPotion"},{"floor":46,"key":"LiquidBronze"},{"floor":48,"key":"Ancient Potion"}],"is_trial":false,"path_per_floor":["M","M","M","M","?","R","E","M","T","T","M","R","M","M","R","B",null,"M","?","M","$","M","R","M","R","T","M","?","M","M","M","R","B",null,"M","?","?","$","M","R","M","R","T","M","M","M","$","M","R","B"],"character_chosen":"NECROMANCER","items_purchased":["ClockworkSouvenir","Vajra","Pear","Fire Potion","ColorlessPotion"],"campfire_rested":2,"item_purchase_floors":[21,21,38,47,47],"current_hp_per_floor":[75,75,75,75,75,75,48,31,31,31,28,28,29,32,54,39,75,52,52,47,47,46,46,52,52,52,42,42,23,32,66,66,66,75,48,48,71,81,81,81,70,70,70,53,60,63,63,41,65,2,2],"gold":34,"neow_bonus":"HUNDRED_GOLD","is_daily":false,"chose_seed":false,"campfire_upgraded":7,"win_rate":0.0,"timestamp":1612831317,"path_taken":["M","M","M","M","?","R","E","?","T","?","M","R","M","?","R","BOSS","M","?","M","$","M","R","M","R","T","M","?","M","?","M","R","BOSS","M","?","?","$","M","R","M","R","T","M","M","M","?","M","R","BOSS"],"items_purchased_type":["Relic","Relic","Relic","Potion","Potion"],"build_version":"2020-12-22","purchased_purges":2,"victory":false,"max_hp_per_floor":[75,75,75,75,75,75,75,75,75,75,75,75,75,75,75,75,75,75,75,75,75,75,75,75,75,75,75,75,75,75,75,75,75,75,75,71,71,81,81,81,81,81,81,81,81,81,81,81,81,81,81],"card_choices":[{"not_picked":["Necromantic_Selection","Finger_Of_Death"],"picked":"Death_Coil","floor":1},{"not_picked":["Acid_Javelin","Siphon_Strength"],"picked":"Blood_Is_Power","floor":2},{"not_picked":["Negative_Energy_Javelin","Bone_Shift"],"picked":"Negative_Energy_Shield","floor":3},{"not_picked":["Negative_Energy_Javelin","Exploit"],"picked":"Summon_Lich","floor":4},{"not_picked":["Negative_Energy_Javelin+1","Strike_from_Beyond"],"picked":"Plague_Bolt","floor":7},{"not_picked":["Death_March_Dance+1","Blood_Is_Power"],"picked":"Negative_Energy_Sphere+1","floor":8},{"not_picked":["Acid_Javelin","Violent_Necrosis","Epidemic"],"picked":"SKIP","floor":11},{"not_picked":["Consume_Illness+1","Scare+1"],"picked":"Vampiric_Strike+1","floor":13},{"not_picked":["Flesh_Made_Foul","Plague_Bolt","Bone_Spikes+1"],"picked":"SKIP","floor":14},{"not_picked":["Blood_Magic","Negative_Energy_Bomb"],"picked":"Summon_Vampire_Lady","floor":16},{"not_picked":["Flesh_Made_Foul","Death_March_Dance+1"],"picked":"Spectral_Walk+1","floor":18},{"not_picked":["Pandemic","Negative_Energy_Javelin+1","Shackles_Of_Pain+1"],"picked":"SKIP","floor":22},{"not_picked":["Scare+1","Toxic_Smoke_Screen+1"],"picked":"Bones_to_Steel+1","floor":24},{"not_picked":["Death_Coil+1","Blood_Curse+1","Toxic_Smoke_Screen+1"],"picked":"SKIP","floor":27},{"not_picked":["Finger_Of_Death+1","Bone_Spikes+1"],"picked":"Negative_Energy_Mist+1","floor":29},{"not_picked":["Scare+1","Necrotic_Claws"],"picked":"Bone_Armor+1","floor":30},{"not_picked":["Hellfire","Bones_to_Steel+1"],"picked":"Life_Tap+1","floor":31},{"not_picked":["Detonate_Bones","Negative_Energy_Bomb"],"picked":"Summon_Vampire_Lady","floor":33},{"not_picked":["Death_March_Dance+1","Exploit"],"picked":"Bone_Bullets+1","floor":35},{"not_picked":["Corrupt+1","Death_Coil+1","Requiem"],"picked":"SKIP","floor":39},{"not_picked":["Uncharnel","Pandemic"],"picked":"Life_Tap+1","floor":41},{"not_picked":["Death_Coil+1","Negative_Energy_Sphere+1","Bone_Spikes+1"],"picked":"SKIP","floor":44},{"not_picked":["Shackles_Of_Pain+1","Negative_Energy_Shield+1"],"picked":"Summon_Undead_Army+1","floor":45},{"not_picked":["Whirlwind_of_Bones","Negative_Energy_Sphere+1","Finger_Of_Death+1"],"picked":"SKIP","floor":46},{"not_picked":["Thousand_Bone_Knives","Chill_Blood+1","Blood_Shield"],"picked":"SKIP","floor":48}],"player_experience":213835,"relics_obtained":[{"floor":7,"key":"theForsaken:HumbleEgg"},{"floor":9,"key":"Potion Belt"},{"floor":10,"key":"Pen Nib"},{"floor":26,"key":"Pocketwatch"},{"floor":37,"key":"Thread and Needle"},{"floor":43,"key":"Bottled Lightning"}],"event_choices":[{"damage_healed":0,"gold_gain":0,"player_choice":"2 cards matched","damage_taken":0,"max_hp_gain":0,"max_hp_loss":0,"event_name":"Match and Keep!","floor":5,"gold_loss":0,"cards_obtained":["Blood_Whip","Requiem"]},{"damage_healed":0,"gold_gain":0,"player_choice":"Ignored","damage_taken":0,"max_hp_gain":0,"max_hp_loss":0,"event_name":"Ghosts","floor":19,"gold_loss":0},{"damage_healed":0,"gold_gain":0,"player_choice":"Ignored","damage_taken":0,"max_hp_gain":0,"max_hp_loss":0,"event_name":"NoteForYourself","floor":28,"gold_loss":0},{"damage_healed":0,"gold_gain":0,"player_choice":"Max HP","damage_taken":0,"max_hp_gain":0,"max_hp_loss":4,"event_name":"Winding Halls","floor":36,"gold_loss":0},{"damage_healed":0,"gold_gain":0,"player_choice":"Fight","damage_taken":0,"max_hp_gain":0,"max_hp_loss":0,"event_name":"MindBloom","floor":37,"gold_loss":0}],"is_beta":false,"boss_relics":[{"not_picked":["Snecko Eye","Ectoplasm","Busted Crown"]},{"not_picked":["Runic Pyramid","Fusion Hammer"],"picked":"SlaversCollar"}],"items_purged_floors":[21,38],"is_endless":false,"potions_floor_spawned":[1,2,8,22,29,30,41,45,46,48],"killed_by":"Donu and Deca","ascension_level":0}}