{"host":"i0avyit1s6jb1siw","time":1612894697,"event":{"mods":["BaseMod","DeckTracker","Dota2Spire","Highlight Path","Minty Spire (QoL Compilation)","Quick Restart","StSLib","SuperFastMode"],"gold_per_floor":[11,11,31,31,56,126,126,160,184,207,220,231,231,243,168,168,240,240,240,313,313,289,299,312,330,344,344,375,375,375,375,375,153,153,153,103,103,212,212,231,278,328,328,328],"floor_reached":43,"language":"ENG","playtime":1171,"items_purged":["Strike_P","Strike_P"],"score":1262,"play_id":"fc7d6519-e3a4-4724-97d3-e2fdea0d89af","local_time":"20210209191817","is_ascension_mode":true,"campfire_choices":[{"data":"Meditate","floor":7,"key":"SMITH"},{"data":"Eruption","floor":13,"key":"SMITH"},{"floor":16,"key":"REST"},{"data":"Study","floor":19,"key":"SMITH"},{"data":"Establishment","floor":27,"key":"SMITH"},{"floor":32,"key":"REST"},{"data":"CrushJoints","floor":35,"key":"SMITH"},{"data":"WheelKick","floor":37,"key":"SMITH"}],"circlet_count":0,"master_deck":["AscendersBane","Defend_P+1","Defend_P+1","Defend_P","Eruption+1","Vigilance","Judgement+1","FlurryOfBlows+1","CrushJoints+1","Study+1","Meditate+1","FollowUp+1","DeceiveReality+1","Indignation+1","WheelKick+1","Establishment+1","LessonLearned+1","Tantrum+1","EmptyFist","Protect","EmptyMind+1","FollowUp+1","Wallop"],"relics":["PureWater","Dota2Spire:MagicBottle","Bag of Preparation","Regal Pillow","Blood Vial","Dota2Spire:Bloodstone","SlaversCollar","Dota2Spire:ArmletOfMordiggian","Smiling Mask","Dota2Spire:Dagon","Dota2Spire:HandOfMidas","Runic Pyramid"],"acts_visited":["Exordium","TheCity","TheBeyond"],"potions_floor_usage":[6,17,22,28],"damage_taken":[{"damage":0,"enemies":"Jaw Worm","floor":1,"turns":1},{"damage":0,"enemies":"Cultist","floor":3,"turns":2},{"damage":15,"enemies":"3 Sentries","floor":6,"turns":5},{"damage":44,"enemies":"Gremlin Nob","floor":8,"turns":4},{"damage":0,"enemies":"2 Louse","floor":11,"turns":1},{"damage":1,"enemies":"Blue Slaver","floor":12,"turns":3},{"damage":11,"enemies":"Looter","floor":14,"turns":2},{"damage":0,"enemies":"The Guardian","floor":17,"turns":8},{"damage":2,"enemies":"The Guardian","floor":20,"turns":10},{"damage":6,"enemies":"2 Thieves","floor":22,"turns":4},{"damage":2,"enemies":"Chosen","floor":23,"turns":4},{"damage":24,"enemies":"Snecko","floor":24,"turns":4},{"damage":0,"enemies":"Cultist and Chosen","floor":25,"turns":3},{"damage":24,"enemies":"Snake Plant","floor":26,"turns":5},{"damage":49,"enemies":"Book of Stabbing","floor":28,"turns":6},{"damage":16,"enemies":"Collector","floor":38,"turns":5},{"damage":13,"enemies":"3 Shapes","floor":40,"turns":4},{"damage":12,"enemies":"3 Darklings","floor":41,"turns":3},{"damage":19,"enemies":"Sphere and 2 Shapes","floor":42,"turns":5},{"damage":58,"enemies":"Writhing Mass","floor":43,"turns":2}],"seed_played":"-4108110779427355035","potions_obtained":[{"floor":3,"key":"ColorlessPotion"},{"floor":6,"key":"FearPotion"},{"floor":11,"key":"Regen Potion"},{"floor":17,"key":"Regen Potion"},{"floor":20,"key":"StancePotion"},{"floor":22,"key":"LiquidBronze"},{"floor":38,"key":"SteroidPotion"}],"is_trial":false,"path_per_floor":["M","?","M","$","T","E","R","E","T","T","M","M","R","M","$","R","B",null,"R","B",null,"M","M","M","M","M","R","E","?","T","T","R","$","?","R","?","R","B",null,"M","M","M","M"],"character_chosen":"WATCHER","items_purchased":["Dota2Spire:HandOfMidas"],"campfire_rested":2,"item_purchase_floors":[33],"current_hp_per_floor":[61,61,61,61,61,55,55,17,17,17,19,20,20,11,11,46,48,48,48,48,63,59,59,37,39,26,26,3,3,3,3,38,38,38,38,38,38,24,57,46,54,37,0,0],"gold":328,"neow_bonus":"TRANSFORM_TWO_CARDS","is_daily":false,"chose_seed":false,"campfire_upgraded":6,"win_rate":0.0,"timestamp":1612894697,"path_taken":["M","?","M","?","?","E","R","E","T","T","M","?","R","M","$","R","BOSS","R","BOSS","M","M","M","M","M","R","E","?","T","T","R","$","?","R","?","R","BOSS","M","M","?","M"],"items_purchased_type":["Relic"],"build_version":"2020-12-22","purchased_purges":2,"victory":false,"max_hp_per_floor":[68,68,68,68,68,68,68,68,68,68,68,68,68,68,68,68,68,68,68,68,68,68,68,68,68,68,68,68,68,68,68,68,68,68,68,68,68,68,68,68,68,68,68,68],"card_choices":[{"not_picked":["Consecrate","ClearTheMind"],"picked":"CrushJoints","floor":1},{"not_picked":["Prostrate","JustLucky"],"picked":"Study","floor":3},{"not_picked":["MentalFortress","EmptyBody"],"picked":"Meditate","floor":6},{"not_picked":["Meditate","Prostrate"],"picked":"FollowUp","floor":8},{"not_picked":["SashWhip","LikeWater"],"picked":"DeceiveReality","floor":11},{"not_picked":["WindmillStrike","CarveReality"],"picked":"Indignation","floor":12},{"not_picked":["WaveOfTheHand","PathToVictory"],"picked":"WheelKick","floor":14},{"not_picked":["Wish","SpiritShield"],"picked":"Establishment","floor":17},{"not_picked":["Scrawl","Wish"],"picked":"LessonLearned","floor":20},{"not_picked":["FlurryOfBlows","ReachHeaven"],"picked":"Tantrum","floor":22},{"not_picked":["FlurryOfBlows","CutThroughFate"],"picked":"EmptyFist","floor":23},{"not_picked":["EmptyFist","Evaluate"],"picked":"Protect","floor":24},{"not_picked":["WaveOfTheHand","BowlingBash+1"],"picked":"EmptyMind","floor":25},{"not_picked":["Ragnarok","Evaluate","Protect"],"picked":"SKIP","floor":26},{"not_picked":["BattleHymn","Evaluate","Collect"],"picked":"SKIP","floor":28},{"not_picked":["SignatureMove","Evaluate"],"picked":"FollowUp+1","floor":40},{"not_picked":["EmptyFist","JustLucky"],"picked":"Wallop","floor":41},{"not_picked":["FlurryOfBlows+1","FollowUp","Crescendo+1"],"picked":"SKIP","floor":42}],"player_experience":2430308,"relics_obtained":[{"floor":5,"key":"Dota2Spire:MagicBottle"},{"floor":6,"key":"Bag of Preparation"},{"floor":8,"key":"Regal Pillow"},{"floor":9,"key":"Blood Vial"},{"floor":28,"key":"Dota2Spire:ArmletOfMordiggian"},{"floor":30,"key":"Smiling Mask"},{"floor":31,"key":"Dota2Spire:Dagon"}],"event_choices":[{"cards_removed":["Strike_P"],"damage_healed":0,"gold_gain":0,"player_choice":"Purged","damage_taken":0,"max_hp_gain":0,"max_hp_loss":0,"event_name":"Purifier","floor":2,"gold_loss":0},{"damage_healed":0,"gold_gain":0,"player_choice":"Ignored","damage_taken":0,"max_hp_gain":0,"max_hp_loss":0,"event_name":"Ghosts","floor":29,"gold_loss":0},{"damage_healed":0,"gold_gain":0,"player_choice":"Ignored","damage_taken":0,"max_hp_gain":0,"max_hp_loss":0,"event_name":"The Mausoleum","floor":34,"gold_loss":0},{"damage_healed":0,"gold_gain":0,"player_choice":"Upgraded Two","damage_taken":0,"max_hp_gain":0,"max_hp_loss":0,"event_name":"Designer","floor":36,"gold_loss":50,"cards_upgraded":["DeceiveReality","Defend_P"]}],"is_beta":false,"boss_relics":[{"not_picked":["Philosopher\u0027s Stone","HolyWater"],"picked":"Dota2Spire:Bloodstone"},{"not_picked":["Sozu","Tiny House"],"picked":"SlaversCollar"},{"not_picked":["VioletLotus","Snecko Eye"],"picked":"Runic Pyramid"}],"items_purged_floors":[15,33],"is_endless":false,"potions_floor_spawned":[3,6,11,17,20,22,24,26,38,40],"killed_by":"Writhing Mass","ascension_level":20}}