{"host":"kt2jzujlwvzydtbu","time":1612891517,"event":{"mods":["BaseMod","Bestiary","Minty Spire (QoL Compilation)","SacredBarkPlus","StSLib"],"gold_per_floor":[115,115,115,115,125,153,169,169,169,194,194,259,291,24,24,119,119,131,145,2,12,12,12,22,49,49,76,92,92,92,109,109,213,213,233,158,68,79,91,118,133,167,190,220,236,46,46,46,46,46,46,46,8,40,40],"floor_reached":56,"language":"ENG","playtime":3541,"items_purged":["Hemokinesis+1"],"score":1781,"play_id":"340ea9d3-75f5-4596-afa8-1a6a5352a726","local_time":"20210210012517","is_ascension_mode":true,"campfire_choices":[{"data":"Rage","floor":8.0,"key":"SMITH"},{"floor":11.0,"key":"RECALL"},{"data":"Ghostly Armor","floor":15.0,"key":"SMITH"},{"data":"Demon Form","floor":23.0,"key":"SMITH"},{"data":"Shockwave","floor":30.0,"key":"SMITH"},{"data":"Offering","floor":32.0,"key":"SMITH"},{"data":"Limit Break","floor":49.0,"key":"SMITH"},{"data":"Exhume","floor":52.0,"key":"SMITH"}],"circlet_count":0,"master_deck":["Bash+1","Rage+1","Twin Strike+1","Sever Soul+1","Thunderclap+1","Sword Boomerang+1","Ghostly Armor+1","Offering+1","Headbutt+1","Demon Form+1","Intimidate+1","Dropkick+1","Reaper+1","Spot Weakness+1","Shockwave+1","Limit Break+1","Feel No Pain+1","Bloodletting","Whirlwind+1","Intimidate","Exhume+1","Sever Soul+1","Inflame+1","Madness","Madness","Ghostly Armor+1"],"relics":["Burning Blood","NeowsBlessing","Molten Egg 2","CaptainsWheel","Bag of Preparation","Odd Mushroom","Lantern","Shuriken","Singing Bowl","SlaversCollar","Centennial Puzzle","FossilizedHelix","Nunchaku","Sundial","Pandora\u0027s Box","Charon\u0027s Ashes","MealTicket","The Courier","Paper Frog","Calipers"],"acts_visited":["Exordium","TheCity","TheBeyond","TheEnding"],"potions_floor_usage":[55],"damage_taken":[{"damage":0.0,"enemies":"Jaw Worm","floor":1.0,"turns":1.0},{"damage":0.0,"enemies":"2 Louse","floor":5.0,"turns":1.0},{"damage":0.0,"enemies":"3 Sentries","floor":6.0,"turns":1.0},{"damage":4.0,"enemies":"Small Slimes","floor":7.0,"turns":3.0},{"damage":8.0,"enemies":"The Mushroom Lair","floor":10.0,"turns":3.0},{"damage":15.0,"enemies":"3 Sentries","floor":12.0,"turns":4.0},{"damage":0.0,"enemies":"Gremlin Nob","floor":13.0,"turns":3.0},{"damage":9.0,"enemies":"Slime Boss","floor":16.0,"turns":6.0},{"damage":7.0,"enemies":"Spheric Guardian","floor":18.0,"turns":3.0},{"damage":6.0,"enemies":"Chosen","floor":19.0,"turns":3.0},{"damage":6.0,"enemies":"3 Cultists","floor":21.0,"turns":5.0},{"damage":12.0,"enemies":"Sentry and Sphere","floor":24.0,"turns":5.0},{"damage":14.0,"enemies":"Book of Stabbing","floor":25.0,"turns":3.0},{"damage":17.0,"enemies":"Gremlin Leader","floor":27.0,"turns":4.0},{"damage":0.0,"enemies":"Centurion and Healer","floor":28.0,"turns":4.0},{"damage":6.0,"enemies":"Shelled Parasite and Fungi","floor":31.0,"turns":6.0},{"damage":16.0,"enemies":"Automaton","floor":33.0,"turns":5.0},{"damage":9.0,"enemies":"3 Darklings","floor":35.0,"turns":3.0},{"damage":22.0,"enemies":"3 Shapes","floor":38.0,"turns":3.0},{"damage":9.0,"enemies":"Transient","floor":39.0,"turns":5.0},{"damage":63.0,"enemies":"Nemesis","floor":40.0,"turns":7.0},{"damage":14.0,"enemies":"Spire Growth","floor":41.0,"turns":4.0},{"damage":0.0,"enemies":"Giant Head","floor":42.0,"turns":5.0},{"damage":28.0,"enemies":"Nemesis","floor":44.0,"turns":5.0},{"damage":17.0,"enemies":"3 Darklings","floor":45.0,"turns":4.0},{"damage":55.0,"enemies":"Awakened One","floor":50.0,"turns":6.0},{"damage":33.0,"enemies":"Shield and Spear","floor":54.0,"turns":3.0},{"damage":42,"enemies":"The Heart","floor":55,"turns":6}],"seed_played":"-3615909308243221403","potions_obtained":[{"floor":1.0,"key":"HeartOfIron"},{"floor":10.0,"key":"Fire Potion"},{"floor":12.0,"key":"LiquidBronze"},{"floor":13.0,"key":"Explosive Potion"},{"floor":21.0,"key":"FearPotion"},{"floor":28.0,"key":"LiquidMemories"},{"floor":29.0,"key":"FairyPotion"},{"floor":31.0,"key":"Strength Potion"},{"floor":39.0,"key":"FearPotion"},{"floor":40.0,"key":"DistilledChaos"},{"floor":41.0,"key":"PowerPotion"},{"floor":45.0,"key":"FairyPotion"},{"floor":54.0,"key":"FearPotion"}],"is_trial":false,"path_per_floor":["M","?","?","?","M","E","M","R","T","?","R","?","E","$","R","B",null,"M","M","$","M","?","R","M","E","T","E","M","?","R","M","R","B",null,"M","$","?","M","M","E","M","E","T","E","M","$","?","$","R","B",null,"R","$","E","B",null],"character_chosen":"IRONCLAD","items_purchased":["Singing Bowl","Headbutt+1","Centennial Puzzle","Paper Frog","Dexterity Potion"],"campfire_rested":0,"item_purchase_floors":[14,14,20,46,53],"current_hp_per_floor":[78,75,68,68,74,80,80,80,80,78,78,69,75,75,75,72,78,79,79,79,81,65,65,59,51,51,40,61,61,61,65,65,83,89,88,88,88,95,97,42,66,83,83,91,105,105,92,105,105,105,105,105,105,102,94],"gold":40,"neow_bonus":"THREE_ENEMY_KILL","is_daily":false,"chose_seed":false,"campfire_upgraded":7,"win_rate":0.0,"timestamp":1612891517,"path_taken":["M","?","?","?","?","E","M","R","T","?","R","?","E","$","R","BOSS","M","M","$","M","?","R","M","E","T","E","M","?","R","M","R","BOSS","M","?","?","M","M","E","M","E","T","E","?","?","?","?","R","BOSS","R","$","E","BOSS"],"items_purchased_type":["Relic","Card","Relic","Relic","Potion"],"build_version":"2020-12-22","purchased_purges":1,"victory":true,"max_hp_per_floor":[80,80,80,80,80,80,80,80,80,80,80,80,80,80,80,80,80,82,82,82,84,89,89,89,89,89,89,89,89,89,91,91,91,91,93,93,93,95,97,99,101,103,103,105,105,105,105,105,105,105,105,105,105,105,105],"card_choices":[{"not_picked":["Evolve","Pummel"],"picked":"Rage","floor":1.0},{"not_picked":["Heavy Blade+1","Flex"],"picked":"Twin Strike+1","floor":5.0},{"not_picked":["Limit Break","Flex"],"picked":"Sever Soul+1","floor":6.0},{"not_picked":["Perfected Strike+1","Burning Pact"],"picked":"Thunderclap+1","floor":7.0},{"not_picked":["Heavy Blade+1","Clothesline+1"],"picked":"Sword Boomerang+1","floor":10.0},{"not_picked":["Flex","Power Through"],"picked":"Ghostly Armor","floor":12.0},{"not_picked":["True Grit","Anger+1"],"picked":"Offering","floor":13.0},{"not_picked":["Berserk","Bludgeon+1"],"picked":"Demon Form","floor":16.0},{"not_picked":["Dark Embrace","Blood for Blood+1","Havoc"],"picked":"Singing Bowl","floor":18.0},{"not_picked":["Flame Barrier+1","Havoc"],"picked":"Intimidate+1","floor":19.0},{"not_picked":["Rupture","Wild Strike+1","Clash+1"],"picked":"Singing Bowl","floor":21.0},{"not_picked":["Thunderclap+1","Wild Strike+1"],"picked":"Dropkick+1","floor":24.0},{"not_picked":["Intimidate","Uppercut+1"],"picked":"Reaper+1","floor":25.0},{"not_picked":["Iron Wave+1","Hemokinesis+1"],"picked":"Spot Weakness+1","floor":27.0},{"not_picked":["Clash+1","Thunderclap+1"],"picked":"Shockwave","floor":28.0},{"not_picked":["True Grit","Feed+1","Blood for Blood+1"],"picked":"Singing Bowl","floor":31.0},{"not_picked":["Demon Form","Feed+1"],"picked":"Limit Break","floor":33.0},{"not_picked":["Clash+1","Warcry+1","Anger+1"],"picked":"Singing Bowl","floor":35.0},{"not_picked":["Clash+1","Fire Breathing+1","Dual Wield"],"picked":"Singing Bowl","floor":38.0},{"not_picked":["Spot Weakness+1","Bloodletting","Warcry"],"picked":"Singing Bowl","floor":39.0},{"not_picked":["Whirlwind+1","Infernal Blade","Bloodletting"],"picked":"Singing Bowl","floor":40.0},{"not_picked":["Bloodletting","Flex","Iron Wave+1"],"picked":"Singing Bowl","floor":41.0},{"not_picked":["Clothesline+1","Combust","Anger+1"],"picked":"Singing Bowl","floor":42.0},{"not_picked":["Juggernaut","Perfected Strike+1","Ghostly Armor"],"picked":"Singing Bowl","floor":44.0},{"not_picked":["Clash+1","True Grit"],"picked":"Inflame+1","floor":45.0},{"not_picked":["Carnage+1","True Grit+1"],"picked":"Ghostly Armor+1","floor":54.0}],"player_experience":506429,"relics_obtained":[{"floor":6.0,"key":"CaptainsWheel"},{"floor":9.0,"key":"Bag of Preparation"},{"floor":10.0,"key":"Odd Mushroom"},{"floor":12.0,"key":"Lantern"},{"floor":13.0,"key":"Shuriken"},{"floor":25.0,"key":"FossilizedHelix"},{"floor":26.0,"key":"Nunchaku"},{"floor":27.0,"key":"Sundial"},{"floor":40.0,"key":"Charon\u0027s Ashes"},{"floor":42.0,"key":"MealTicket"},{"floor":44.0,"key":"The Courier"},{"floor":54.0,"key":"Calipers"}],"event_choices":[{"damage_healed":0.0,"max_hp_gain":0.0,"max_hp_loss":0.0,"gold_gain":0.0,"event_name":"Scrap Ooze","player_choice":"Success","floor":2.0,"gold_loss":0.0,"damage_taken":3.0,"relics_obtained":["Molten Egg 2"]},{"cards_removed":["Strike_R"],"damage_healed":0.0,"max_hp_gain":0.0,"max_hp_loss":0.0,"gold_gain":0.0,"event_name":"Golden Wing","player_choice":"Card Removal","floor":3.0,"gold_loss":0.0,"damage_taken":7.0},{"damage_healed":0.0,"max_hp_gain":0.0,"max_hp_loss":0.0,"gold_gain":0.0,"event_name":"Living Wall","player_choice":"Grow","floor":4.0,"gold_loss":0.0,"damage_taken":0.0,"cards_upgraded":["Bash"]},{"damage_healed":0.0,"max_hp_gain":0.0,"max_hp_loss":0.0,"gold_gain":0.0,"event_name":"Mushrooms","player_choice":"Fought Mushrooms","floor":10.0,"gold_loss":0.0,"damage_taken":0.0},{"damage_healed":0.0,"max_hp_gain":0.0,"max_hp_loss":0.0,"gold_gain":0.0,"event_name":"Dead Adventurer","player_choice":"Searched \u00272\u0027 times","floor":12.0,"gold_loss":0.0,"damage_taken":0.0},{"damage_healed":0.0,"max_hp_gain":5.0,"max_hp_loss":0.0,"gold_gain":0.0,"event_name":"Forgotten Altar","player_choice":"Shed Blood","floor":22.0,"gold_loss":0.0,"damage_taken":21.0},{"damage_healed":0.0,"max_hp_gain":0.0,"max_hp_loss":0.0,"gold_gain":0.0,"event_name":"Lab","player_choice":"Got Potions","floor":29.0,"gold_loss":0.0,"damage_taken":0.0},{"cards_removed":["Sword Boomerang"],"damage_healed":0.0,"max_hp_gain":0.0,"max_hp_loss":0.0,"gold_gain":0.0,"event_name":"Designer","player_choice":"Upgrade and Remove","floor":37.0,"gold_loss":90.0,"damage_taken":0.0,"cards_upgraded":["Feel No Pain"]},{"damage_healed":0.0,"max_hp_gain":0.0,"max_hp_loss":0.0,"gold_gain":0.0,"event_name":"Winding Halls","player_choice":"Embrace Madness","floor":47.0,"gold_loss":0.0,"damage_taken":13.0,"cards_obtained":["Madness","Madness"]}],"is_beta":false,"boss_relics":[{"not_picked":["Runic Pyramid","Coffee Dripper"],"picked":"SlaversCollar"},{"not_picked":["Sozu","Calling Bell"],"picked":"Pandora\u0027s Box"}],"items_purged_floors":[36],"is_endless":false,"potions_floor_spawned":[1,10,12,13,18,21,25,28,31,39,40,41,45,54],"ascension_level":8}}