{"host":"vyiqbz5w606ur92t","time":1612891104,"event":{"mods":["BaseMod","Downfall","Minty Spire (QoL Compilation)","StSLib"],"gold_per_floor":[399,413,433,448,448,14,41,75,85,113,12,47,47,81,93,188,188,188,198,214,214,224,15,15,45,63,88,88,119,134,151,165,269,269,169,186,186,236,236,266,292,318,218,206,224,254,254,286,186,186,186,212,21,21,21,21,21,21],"floor_reached":56,"language":"ENG","playtime":12683,"items_purged":["champ:Strike","champ:Strike","champ:Defend","downfall:Malfunctioning","champ:DefensiveShout"],"score":1371,"play_id":"4003a090-6c25-42c5-9ddf-7363e423bb0a","local_time":"20210209171824","is_ascension_mode":true,"campfire_choices":[{"data":"champ:Taunt","floor":1,"key":"SMITH"},{"data":"champ:Lariat","floor":13,"key":"SMITH"},{"floor":18,"key":"RECALL"},{"data":"champ:UltimateStance","floor":35,"key":"SMITH"},{"data":"champ:FancyFootwork","floor":43,"key":"SMITH"},{"data":"champ:IgnorePain","floor":47,"key":"SMITH"},{"data":"champ:CalledShot","floor":49,"key":"SMITH"},{"floor":54,"key":"REST"}],"circlet_count":0,"master_deck":["champ:Execute","champ:Taunt+1","champ:PreciseThrust","champ:FlashCut","champ:FaceSlap","champ:ShieldWall","champ:Duel","champ:BerserkersShout+1","champ:AdrenalArmor","champ:FancyFootwork+1","champ:Lariat+1","champ:RisingSlash","champ:TornadoPunch","champ:DefensiveStyle","champ:VampiricStrike","champ:BringItOn","champ:StanceDance","champ:FocusedDefense","champ:Backstep","champ:CheapShot","champ:RageSigil","champ:UltimateStance+1","champ:BringItOn","champ:ShieldThrow","champ:SteelEdge","champ:FocusedDefense","champ:BerserkersShout","champ:StanceDance","champ:ShieldSlam+1","downfall:Icky","champ:EndlessRage+1","champ:LastStand+1","champ:IgnorePain+1","champ:CalledShot+1","champ:Lariat+1"],"relics":["champ:ChampionCrownUpgraded","Old Coin","Blue Candle","Membership Card","Turnip","Vajra","Anchor","Sundial","CaptainsWheel","Guardian:PocketSentry","downfall:ExtraCursedKey","bronze:DecasWashers","Frozen Egg 2","Blood Vial","Nilry\u0027s Codex","champ:SpectersHand","Pandora\u0027s Box","downfall:HeartBlessingRed","Unceasing Top","Toy Ornithopter","Pocketwatch","downfall:HeartBlessingBlue","Guardian:BottledAnomaly","Bottled Tornado","sneckomod:BlankCard","champ:FightingForDummies","downfall:HeartBlessingGreen","War Paint","Strawberry"],"acts_visited":["Exordium","TheCity","TheBeyond","TheEnding"],"potions_floor_usage":[10,10,14,33,33,42,48,54,55],"damage_taken":[{"damage":21,"enemies":"Cultist","floor":2,"turns":4},{"damage":8,"enemies":"Jaw Worm","floor":3,"turns":4},{"damage":10,"enemies":"2 Louse","floor":4,"turns":2},{"damage":20,"enemies":"downfall:FleeingMerchant","floor":6,"turns":4},{"damage":30,"enemies":"3 Sentries","floor":8,"turns":6},{"damage":41,"enemies":"Large Slime","floor":9,"turns":5},{"damage":20,"enemies":"Gremlin Nob","floor":10,"turns":2},{"damage":10,"enemies":"downfall:FleeingMerchant","floor":11,"turns":4},{"damage":70,"enemies":"3 Sentries","floor":12,"turns":7},{"damage":33,"enemies":"Lagavulin","floor":14,"turns":5},{"damage":20,"enemies":"2 Fungi Beasts","floor":15,"turns":3},{"damage":32,"enemies":"IC_STATUS_ARCHETYPE","floor":16,"turns":4},{"damage":5,"enemies":"Chosen","floor":19,"turns":4},{"damage":37,"enemies":"Shell Parasite","floor":20,"turns":3},{"damage":28,"enemies":"Snake Plant","floor":22,"turns":2},{"damage":38,"enemies":"downfall:FleeingMerchant","floor":23,"turns":4},{"damage":43,"enemies":"Book of Stabbing","floor":25,"turns":3},{"damage":35,"enemies":"Cultist and Chosen","floor":26,"turns":4},{"damage":44,"enemies":"Slavers","floor":27,"turns":4},{"damage":10,"enemies":"Book of Stabbing","floor":29,"turns":3},{"damage":15,"enemies":"Chosen and Byrds","floor":30,"turns":4},{"damage":20,"enemies":"Sentry and Sphere","floor":31,"turns":3},{"damage":30,"enemies":"Shelled Parasite and Fungi","floor":32,"turns":2},{"damage":65,"enemies":"DF_ARCHETYPE_CLAW","floor":33,"turns":6},{"damage":25,"enemies":"Orb Walker","floor":36,"turns":2},{"damage":55,"enemies":"2 Orb Walkers","floor":38,"turns":3},{"damage":81,"enemies":"Nemesis","floor":40,"turns":5},{"damage":60,"enemies":"Reptomancer","floor":42,"turns":4},{"damage":40,"enemies":"downfall:FleeingMerchant","floor":44,"turns":4},{"damage":20,"enemies":"3 Shapes","floor":45,"turns":2},{"damage":95,"enemies":"Giant Head","floor":46,"turns":6},{"damage":85,"enemies":"Nemesis","floor":48,"turns":5},{"damage":99,"enemies":"SI_POISON_ARCHETYPE","floor":50,"turns":9},{"damage":135,"enemies":"downfall:CharBossMerchant","floor":52,"turns":8},{"damage":140,"enemies":"downfall:NeowBoss","floor":55,"turns":15},{"damage":145,"enemies":"downfall:NeowBossFinal","floor":56,"turns":9}],"seed_played":"-8724860136032896438","potions_obtained":[{"floor":4,"key":"Strength Potion"},{"floor":8,"key":"LiquidMemories"},{"floor":10,"key":"Swift Potion"},{"floor":12,"key":"Ancient Potion"},{"floor":14,"key":"Strength Potion"},{"floor":19,"key":"SteroidPotion"},{"floor":22,"key":"champ:UltimateStancePotion"},{"floor":42,"key":"Block Potion"},{"floor":46,"key":"Fruit Juice"}],"is_trial":false,"path_per_floor":["R","M","M","M","?","$","T","E","M","E","$","E","R","E","M","B",null,"R","M","M","?","M","$","T","E","M","E","?","E","M","M","M","B",null,"R","M","?","?","?","E","T","E","R","$","M","E","R","E","R","B",null,"E","$","R","B","B"],"character_chosen":"THE_CHAMP","items_purchased":["Membership Card","Turnip","champ:ShieldWall","champ:Duel","champ:Lariat","bronze:DecasWashers","Guardian:BottledAnomaly","Bottled Tornado","champ:LastStand+1","Strawberry","ColorlessPotion"],"campfire_rested":1,"item_purchase_floors":[6,6,6,6,11,23,44,44,44,53,53],"current_hp_per_floor":[81,80,72,72,65,65,65,55,49,49,49,34,34,33,33,14,64,64,64,57,57,49,46,46,43,43,39,23,25,27,29,31,23,67,67,69,69,71,71,57,57,64,74,76,78,80,80,72,72,63,84,23,30,69,72,0,0,0],"gold":21,"neow_bonus":"ONE_RARE_RELIC","is_daily":false,"chose_seed":false,"campfire_upgraded":6,"win_rate":0.0,"timestamp":1612891104,"path_taken":["R","M","M","?","?","?","T","E","M","E","$","E","R","E","M","BOSS","R","M","M","?","M","$","T","E","M","E","?","E","M","M","M","BOSS","R","M","?","?","?","E","T","E","R","$","M","E","R","E","R","BOSS","E","$","R","BOSS","BOSS"],"items_purchased_type":["Relic","Relic","Card","Card","Card","Relic","Relic","Relic","Card","Relic","Potion"],"build_version":"2020-12-22","purchased_purges":5,"victory":false,"max_hp_per_floor":[81,81,81,81,81,81,81,81,81,81,81,81,81,81,81,81,81,81,81,81,81,81,81,81,81,81,81,81,81,81,81,81,81,81,81,81,81,81,81,81,81,81,91,91,91,91,91,91,91,91,91,91,98,103,103,103,103,103],"card_choices":[{"not_picked":["champ:Circumvent","champ:Haymaker"],"picked":"champ:PreciseThrust","floor":2},{"not_picked":["champ:PreciseThrust","champ:Haymaker"],"picked":"champ:FlashCut","floor":3},{"not_picked":["champ:PreciseThrust","champ:BerserkerStyle"],"picked":"champ:FaceSlap","floor":4},{"not_picked":["champ:DefensiveShout","champ:RisingSlash","champ:Circumvent"],"picked":"SKIP","floor":6},{"not_picked":["champ:Haymaker","champ:BladeFlurry"],"picked":"champ:BerserkersShout","floor":8},{"not_picked":["champ:Circumvent","champ:HeartStrike"],"picked":"champ:DefensiveShout","floor":9},{"not_picked":["champ:EnchantShield","champ:Shatter"],"picked":"champ:AdrenalArmor","floor":10},{"not_picked":["champ:Haymaker","champ:EnragedBash"],"picked":"champ:FancyFootwork","floor":11},{"not_picked":["champ:HeartStrike","champ:IronFortress"],"picked":"champ:RisingSlash","floor":12},{"not_picked":["champ:BladeFlurry","champ:GutPunch"],"picked":"champ:TornadoPunch","floor":14},{"not_picked":["champ:TornadoPunch","champ:DefensiveShout"],"picked":"champ:DefensiveStyle","floor":15},{"not_picked":["champ:EnchantShield","champ:ShieldThrow"],"picked":"champ:VampiricStrike","floor":16},{"not_picked":["champ:Shatter","champ:PreciseThrust+1"],"picked":"champ:BringItOn","floor":19},{"not_picked":["champ:FocusedDefense","champ:EnGarde"],"picked":"champ:StanceDance","floor":20},{"not_picked":["champ:FancyFootwork","champ:DefensiveShout"],"picked":"champ:FocusedDefense","floor":22},{"not_picked":["champ:BladeFlurry","champ:DefensiveShout+1","champ:Haymaker+1"],"picked":"SKIP","floor":23},{"not_picked":["champ:PerfectedStrike","champ:Lariat"],"picked":"champ:Backstep","floor":25},{"not_picked":["champ:Shatter","champ:EnGarde","champ:HeartStrike+1"],"picked":"SKIP","floor":26},{"not_picked":["champ:Shatter","champ:EnGarde","champ:HeartStrike+1"],"picked":"SKIP","floor":26},{"not_picked":["champ:Shatter","champ:EnGarde","champ:HeartStrike+1"],"picked":"SKIP","floor":26},{"not_picked":["champ:EnragedBash","champ:CalledShot"],"picked":"champ:CheapShot","floor":27},{"not_picked":["champ:PerfectedStrike+1","champ:Parry","champ:AdrenalArmor"],"picked":"SKIP","floor":29},{"not_picked":["champ:PerfectedStrike+1","champ:EnGarde","champ:FanOfKnives"],"picked":"SKIP","floor":30},{"not_picked":["champ:FlashCut+1","champ:RecklessLeap","champ:AdrenalArmor"],"picked":"SKIP","floor":31},{"not_picked":["champ:GutPunch+1","champ:ShieldWall+1"],"picked":"champ:RageSigil","floor":32},{"not_picked":["champ:Improvising+1","champ:HoldFirm"],"picked":"champ:UltimateStance","floor":33},{"not_picked":["champ:TornadoPunch","champ:CrownThrow","champ:Duel+1"],"picked":"SKIP","floor":36},{"not_picked":["champ:CrookedStrike","champ:SkillfulDodge+1"],"picked":"champ:ShieldSlam","floor":40},{"not_picked":["champ:RisingSlash+1","champ:FalseCounter"],"picked":"champ:EndlessRage+1","floor":42},{"not_picked":["champ:Endure","champ:EnragedBash+1","champ:CheapShot"],"picked":"SKIP","floor":44},{"not_picked":["champ:CrookedStrike","champ:DefensiveShout","champ:DeathBlow"],"picked":"SKIP","floor":45},{"not_picked":["champ:Haymaker+1","champ:Backstep+1"],"picked":"champ:IgnorePain","floor":46},{"not_picked":["champ:SkillfulDodge","champ:EnGarde+1"],"picked":"champ:CalledShot","floor":48},{"not_picked":["champ:BerserkersShout+1","champ:BladeFlurry"],"picked":"champ:Lariat+1","floor":52}],"player_experience":1681683,"relics_obtained":[{"floor":7,"key":"Vajra"},{"floor":8,"key":"Anchor"},{"floor":10,"key":"Sundial"},{"floor":12,"key":"CaptainsWheel"},{"floor":14,"key":"Guardian:PocketSentry"},{"floor":25,"key":"Frozen Egg 2"},{"floor":27,"key":"Blood Vial"},{"floor":28,"key":"Nilry\u0027s Codex"},{"floor":29,"key":"champ:SpectersHand"},{"floor":38,"key":"Unceasing Top"},{"floor":40,"key":"Toy Ornithopter"},{"floor":42,"key":"Pocketwatch"},{"floor":46,"key":"sneckomod:BlankCard"},{"floor":48,"key":"champ:FightingForDummies"},{"floor":52,"key":"War Paint"}],"event_choices":[{"damage_healed":0,"gold_gain":0,"player_choice":"Success","damage_taken":7,"relics_obtained":["Blue Candle"],"max_hp_gain":0,"max_hp_loss":0,"event_name":"Scrap Ooze","floor":5,"gold_loss":0},{"damage_healed":0,"gold_gain":0,"player_choice":"Fight","damage_taken":0,"max_hp_gain":0,"max_hp_loss":0,"event_name":"Mysterious Sphere","floor":38,"gold_loss":0}],"is_beta":false,"boss_relics":[{"not_picked":["Astrolabe","Runic Dome"],"picked":"champ:ChampionCrownUpgraded"},{"not_picked":["Snecko Eye","Busted Crown"],"picked":"Pandora\u0027s Box"}],"items_purged_floors":[6,11,23,44,53],"is_endless":false,"potions_floor_spawned":[4,8,10,12,14,19,22,25,29,30,32,42,46],"killed_by":"downfall:NeowBossFinal","ascension_level":6}}