{"host":"lg1piimdyocafd6j","time":1612899694,"event":{"mods":["AchievementEnabler","BaseMod","Better Third Choice","BetterRewards","Colored Map","Colored Powertips","Downfall","Minty Spire (QoL Compilation)","Quick Restart","Rare Cards Sparkle","Remove Card Discount Mod","Shop Mod","StSLib","SuperFastMode"],"gold_per_floor":[116,116,134,145,220,247,218,218,218,218,238,87,99,99,99,202,202,222,222,321,236,251,286,286,302,302,314,314,314],"floor_reached":28,"language":"ENG","playtime":3287,"items_purged":["Neutralize","Strike_G","Strike_G","Strike_G","Strike_G","Strike_G","Quick Slash"],"score":338,"play_id":"fa6da9c0-7418-42cc-9a31-23ef104daa18","local_time":"20210209204134","is_ascension_mode":false,"campfire_choices":[{"floor":10,"key":"RECALL"},{"floor":15,"key":"REST"},{"data":"Noxious Fumes","floor":24,"key":"SMITH"}],"circlet_count":0,"master_deck":["Defend_G+1","Defend_G","Defend_G","Defend_G","Defend_G","Survivor","Deadly Poison","Deadly Poison","Accuracy","Blade Dance","Bouncing Flask","Backflip+1","Deadly Poison","Envenom","Noxious Fumes+1","Catalyst"],"relics":["Ring of the Snake","Snake Skull","Lantern","Membership Card","Bronze Scales","Pantograph","Ice Cream","Black Star","Ninja Scroll","War Paint","Toy Ornithopter","Whetstone"],"acts_visited":["Exordium","TheCity"],"potions_floor_usage":[23,27],"damage_taken":[{"damage":0.0,"enemies":"Cultist","floor":1.0,"turns":3.0},{"damage":0.0,"enemies":"2 Louse","floor":3.0,"turns":2.0},{"damage":0.0,"enemies":"Small Slimes","floor":4.0,"turns":2.0},{"damage":18.0,"enemies":"Lagavulin","floor":6.0,"turns":5.0},{"damage":16,"enemies":"Gremlin Gang","floor":11,"turns":3},{"damage":2,"enemies":"3 Louse","floor":13,"turns":3},{"damage":19,"enemies":"The Guardian","floor":16,"turns":6},{"damage":0,"enemies":"Chosen","floor":18,"turns":4},{"damage":19,"enemies":"Spheric Guardian","floor":22,"turns":4},{"damage":5,"enemies":"Gremlin Leader","floor":23,"turns":5},{"damage":18,"enemies":"Snake Plant","floor":25,"turns":3},{"damage":23,"enemies":"Cultist and Chosen","floor":27,"turns":4},{"damage":0,"enemies":"3 Cultists","floor":28,"turns":1}],"seed_played":"4870535796875426173","potions_obtained":[{"floor":4.0,"key":"CultistPotion"},{"floor":6.0,"key":"Block Potion"},{"floor":11,"key":"Swift Potion"},{"floor":23,"key":"Explosive Potion"},{"floor":27,"key":"champ:CounterPotion"}],"is_trial":false,"path_per_floor":["M","?","M","M","?","E","$","?","T","R","M","$","M","?","R","B",null,"M","$","?","?","M","E","R","M","T","M","M"],"character_chosen":"THE_SILENT","items_purchased":["Snake Skull","Deadly Poison","Lantern","Deadly Poison","Accuracy","Membership Card","Bronze Scales","Blade Dance","Deadly Poison","Ice Cream"],"campfire_rested":1,"item_purchase_floors":[0,0,0,0,0,0,0,0,7,12],"current_hp_per_floor":[70,70,70,70,59,41,41,41,41,41,25,25,23,23,44,50,70,70,70,70,70,51,46,46,28,28,10,10,10],"gold":314,"neow_bonus":"","is_daily":false,"chose_seed":false,"campfire_upgraded":1,"win_rate":0.0,"timestamp":1612899694,"path_taken":["M","?","M","M","?","E","$","?","T","R","?","$","M","?","R","BOSS","M","$","?","?","M","E","R","?","T","M","M"],"items_purchased_type":["Relic","Card","Relic","Card","Card","Relic","Relic","Card","Card","Relic"],"build_version":"2020-12-22","purchased_purges":7,"victory":false,"max_hp_per_floor":[70,70,70,70,70,70,70,70,70,70,70,70,70,70,70,70,70,70,70,70,70,70,70,70,70,70,70,70,70],"card_choices":[{"not_picked":["Deflect","Terror"],"picked":"Bouncing Flask","floor":1.0},{"not_picked":["Slice","Dodge and Roll","Blur"],"picked":"SKIP","floor":3.0},{"not_picked":["Masterful Stab","Deflect"],"picked":"Backflip","floor":4.0},{"not_picked":["Blur","Choke"],"picked":"Quick Slash","floor":6.0},{"not_picked":["Cloak And Dagger","Escape Plan","Calculated Gamble"],"picked":"SKIP","floor":11},{"not_picked":["Quick Slash","Well Laid Plans","Glass Knife"],"picked":"SKIP","floor":13},{"not_picked":["Wraith Form v2","Night Terror"],"picked":"Envenom","floor":16},{"not_picked":["Deflect","Tactician","Acrobatics"],"picked":"SKIP","floor":18},{"not_picked":["Sucker Punch","Acrobatics","Reflex"],"picked":"SKIP","floor":22},{"not_picked":["Flechettes+1","Bane"],"picked":"Noxious Fumes","floor":23},{"not_picked":["Masterful Stab+1","Backflip+1"],"picked":"Catalyst","floor":25},{"not_picked":["Cloak And Dagger","Concentrate","Deflect"],"picked":"SKIP","floor":27}],"player_experience":126675,"relics_obtained":[{"floor":6.0,"key":"Pantograph"},{"floor":23,"key":"War Paint"},{"floor":23,"key":"Toy Ornithopter"},{"floor":26,"key":"Whetstone"}],"event_choices":[{"damage_healed":0.0,"max_hp_gain":0.0,"max_hp_loss":0.0,"gold_gain":0.0,"event_name":"Golden Wing","player_choice":"Ignored","floor":2.0,"gold_loss":0.0,"damage_taken":0.0},{"damage_healed":0.0,"max_hp_gain":0.0,"max_hp_loss":0.0,"gold_gain":75.0,"event_name":"betterThird:BetterGoop","player_choice":"Gold","floor":5.0,"gold_loss":0.0,"damage_taken":11.0},{"damage_healed":0,"gold_gain":0,"player_choice":"Ignored","damage_taken":0,"max_hp_gain":0,"max_hp_loss":0,"event_name":"Purifier","floor":8,"gold_loss":0},{"damage_healed":0,"gold_gain":0,"player_choice":"LEAVE","damage_taken":0,"max_hp_gain":0,"max_hp_loss":0,"event_name":"betterThird:BetterScrap","floor":14,"gold_loss":0,"cards_obtained":["Infernal Blade"]},{"damage_healed":0,"gold_gain":99,"player_choice":"Steal","damage_taken":0,"max_hp_gain":0,"max_hp_loss":0,"event_name":"betterThird:BetterNest","floor":20,"gold_loss":0},{"damage_healed":0,"gold_gain":0,"player_choice":"Obtained Relic","damage_taken":0,"relics_obtained":["Ninja Scroll"],"max_hp_gain":0,"max_hp_loss":0,"event_name":"Addict","floor":21,"gold_loss":85}],"is_beta":false,"boss_relics":[{"not_picked":["Cursed Key","Empty Cage"],"picked":"Black Star"}],"items_purged_floors":[0,0,0,0,0,0,7],"is_endless":false,"potions_floor_spawned":[4,6,11,13,23,25,27],"killed_by":"3 Cultists","ascension_level":0}}