{"host":"ia9e4s524g7bamk7","time":1612877105,"event":{"mods":["AchievementEnabler","BaseMod","Minty Spire (QoL Compilation)","Slay-I"],"gold_per_floor":[117,117,137,154,165,192,202,219,219,229,229,257,257,270,270,374,374,391,391,410,422,439,474,65,65,134,134,134],"floor_reached":27,"language":"ENG","playtime":2167,"items_purged":[],"score":313,"play_id":"a2b721a8-eeed-4689-8395-283186e3d39e","local_time":"20210209142505","is_ascension_mode":true,"campfire_choices":[{"data":"LikeWater","floor":11,"key":"SMITH"},{"data":"BattleHymn","floor":15,"key":"SMITH"}],"circlet_count":0,"master_deck":["Defend_P","Defend_P","Defend_P","Defend_P","Eruption","Vigilance","CrushJoints","Scrawl","DeceiveReality","FlurryOfBlows","WindmillStrike","BattleHymn+1","EmptyFist","LikeWater+1","Swivel","Fasting2","SpiritShield","InnerPeace","Meditate","Perseverance+1","Meditate","Tantrum","Bite","Bite","Bite","Bite","Bite","Doubt"],"relics":["VioletLotus","TeardropLocket","Sundial","Gremlin Horn","Cursed Key","Singing Bowl","Yang","Art of War","The Courier"],"acts_visited":["Exordium","TheCity"],"potions_floor_usage":[6,12,16,21,23,27],"damage_taken":[{"damage":0.0,"enemies":"Jaw Worm","floor":1.0,"turns":2.0},{"damage":2.0,"enemies":"Small Slimes","floor":3.0,"turns":4.0},{"damage":1,"enemies":"2 Louse","floor":4,"turns":3},{"damage":2,"enemies":"Blue Slaver","floor":5,"turns":3},{"damage":0,"enemies":"Gremlin Nob","floor":6,"turns":3},{"damage":5,"enemies":"Red Slaver","floor":7,"turns":2},{"damage":13,"enemies":"Lots of Slimes","floor":8,"turns":3},{"damage":2,"enemies":"Large Slime","floor":10,"turns":2},{"damage":10,"enemies":"3 Sentries","floor":12,"turns":5},{"damage":10,"enemies":"3 Louse","floor":14,"turns":3},{"damage":5,"enemies":"Hexaghost","floor":16,"turns":7},{"damage":20,"enemies":"Chosen","floor":18,"turns":4},{"damage":17,"enemies":"Shell Parasite","floor":20,"turns":4},{"damage":4,"enemies":"Cultist and Chosen","floor":21,"turns":5},{"damage":12,"enemies":"Centurion and Healer","floor":22,"turns":7},{"damage":16,"enemies":"Gremlin Leader","floor":23,"turns":7},{"damage":0,"enemies":"Slavers","floor":27,"turns":1}],"seed_played":"-6457868119657550318","potions_obtained":[{"floor":1.0,"key":"BlessingOfTheForge"},{"floor":8,"key":"PowerPotion"},{"floor":10,"key":"GamblersBrew"},{"floor":14,"key":"BottledMiracle"},{"floor":18,"key":"SneckoOil"},{"floor":21,"key":"Weak Potion"},{"floor":22,"key":"DuplicationPotion"}],"is_trial":false,"path_per_floor":["M","?","M","M","M","E","M","M","T","M","R","E","?","M","R","B",null,"M","?","M","M","M","E","$","?","T","E"],"character_chosen":"WATCHER","items_purchased":["Yang","Art of War"],"campfire_rested":0,"item_purchase_floors":[24,24],"current_hp_per_floor":[72,72,70,69,67,67,62,49,49,47,47,37,37,27,27,22,72,52,52,35,31,19,5,5,5,5,5,5],"gold":134,"neow_bonus":"BOSS_RELIC","is_daily":false,"chose_seed":true,"campfire_upgraded":2,"win_rate":0.0,"timestamp":1612877105,"path_taken":["M","?","M","M","M","E","M","M","T","M","R","E","?","M","R","BOSS","M","?","M","M","M","E","$","?","T","E"],"items_purchased_type":["Relic","Relic"],"build_version":"2020-12-22","purchased_purges":0,"victory":false,"max_hp_per_floor":[72,72,72,72,72,72,72,72,72,72,72,72,72,72,72,72,72,72,72,72,72,72,74,74,51,51,51,51],"card_choices":[{"not_picked":["Worship","Crescendo"],"picked":"CrushJoints","floor":1.0},{"not_picked":["JustLucky","ThirdEye","SandsOfTime"],"picked":"SKIP","floor":3},{"not_picked":["FlyingSleeves","EmptyFist"],"picked":"DeceiveReality","floor":4},{"not_picked":["CutThroughFate","Halt"],"picked":"FlurryOfBlows","floor":5},{"not_picked":["Wireheading","WaveOfTheHand"],"picked":"WindmillStrike","floor":6},{"not_picked":["Collect","DeceiveReality"],"picked":"BattleHymn","floor":7},{"not_picked":["JustLucky","ThirdEye"],"picked":"EmptyFist","floor":8},{"not_picked":["EmptyMind","DevaForm"],"picked":"LikeWater","floor":10},{"not_picked":["Prostrate","Consecrate"],"picked":"Swivel","floor":12},{"not_picked":["Protect","JustLucky"],"picked":"Fasting2","floor":14},{"not_picked":["Scrawl","ConjureBlade"],"picked":"SpiritShield","floor":16},{"not_picked":["Tantrum+1","Prostrate"],"picked":"InnerPeace","floor":18},{"not_picked":["CutThroughFate","Consecrate"],"picked":"Perseverance+1","floor":20},{"not_picked":["Halt+1","CrushJoints"],"picked":"Meditate","floor":21},{"not_picked":["ThirdEye","Wireheading+1"],"picked":"Tantrum","floor":22},{"not_picked":["Fasting2","Prostrate","Halt"],"picked":"Singing Bowl","floor":23}],"player_experience":291597,"relics_obtained":[{"floor":6,"key":"TeardropLocket"},{"floor":12,"key":"Sundial"},{"floor":23,"key":"Singing Bowl"},{"floor":26,"key":"The Courier"}],"event_choices":[{"damage_healed":0.0,"max_hp_gain":0.0,"max_hp_loss":0.0,"gold_gain":0.0,"cards_transformed":["Strike_P"],"event_name":"Living Wall","player_choice":"Change","floor":2.0,"gold_loss":0.0,"damage_taken":0.0,"cards_obtained":["Scrawl"]},{"damage_healed":0,"gold_gain":0,"player_choice":"Searched \u00272\u0027 times","damage_taken":0,"relics_obtained":["Gremlin Horn"],"max_hp_gain":0,"max_hp_loss":0,"event_name":"Dead Adventurer","floor":13,"gold_loss":0},{"damage_healed":0,"gold_gain":0,"player_choice":"Read","damage_taken":0,"max_hp_gain":0,"max_hp_loss":0,"event_name":"The Library","floor":19,"gold_loss":0,"cards_obtained":["Meditate"]},{"damage_healed":0,"gold_gain":0,"player_choice":"Became a vampire","damage_taken":0,"max_hp_gain":0,"max_hp_loss":23,"event_name":"Vampires","floor":25,"gold_loss":0,"cards_obtained":["Bite","Bite","Bite","Bite","Bite"]}],"is_beta":false,"boss_relics":[{"not_picked":["SacredBark","Runic Pyramid"],"picked":"Cursed Key"}],"items_purged_floors":[],"is_endless":false,"potions_floor_spawned":[1,8,10,14,18,21,22],"killed_by":"Slavers","ascension_level":1}}