{"host":"0cm5wy4nhuju7tij","time":1612898085,"event":{"mods":["100% Spire Juice","2.2 Compatiblity","AchievementEnabler","Aspiration","BaseMod","Better Third Choice","BetterRewards","CCEM2","CapriCore","Colored Powertips","Curses Come First","Displayed Cursed Tome","Downfall","Energized Spire","Evolution","Filter the Spire","Highlight Path","Jess\u0027s Bottle","Minty Spire (QoL Compilation)","Permanent Neow","Poor People Problems","Relic Filter Mod","Relic Stats","Shop Mod","Spicy Shops","StSLib","The Cursed","TheSurvivalist","TheVacant","Weighted Paths"],"gold_per_floor":[111,130,149,149,149,175,175,209,236,264,281,298,263,273,273,375,375,394,413,427,438,113,113,113,113,139,159,187,187,205,222,222,222,222],"floor_reached":33,"language":"ENG","playtime":2458,"items_purged":[],"score":649,"play_id":"20c8a35e-1fff-474e-9a4b-b6f7b3c9d6e7","local_time":"20210209141445","is_ascension_mode":true,"campfire_choices":[{"data":"TheCursedMod:LuckyCharm","floor":7,"key":"SMITH"},{"data":"TheCursedMod:LuckyCharm","floor":15,"key":"SMITH"},{"data":"TheCursedMod:CollectTribute","floor":23,"key":"SMITH"},{"data":"TheCursedMod:HellfireBreathing","floor":25,"key":"SMITH"},{"floor":29,"key":"REST"},{"floor":32,"key":"REST"}],"circlet_count":0,"master_deck":["TheCursedMod:CleanUpWorkshop","TheCursedMod:CursedAmulet","TheCursedMod:HellfireBreathing+1","TheCursedMod:HellfireBreathing","TheCursedMod:SpitefulPlan","TheCursedMod:LuckyCharm+1","TheCursedMod:CursedSpellbook","TheCursedMod:NeowsMight","TheCursedMod:ParallelWorld","TheCursedMod:CircleOfAmplification","TheCursedMod:StunningStrike","TheCursedMod:DoubleShield","TheCursedMod:WearCloak","TheCursedMod:CursedShiv","Injury","TheCursedMod:HellfireBreathing+1","TheCursedMod:FleshFromBone+1","TheCursedMod:FleshFromBone+1","TheCursedMod:LuckyCharm+1","TheCursedMod:CircleOfCorruption+1","TheCursedMod:HellfireBreathing","TheCursedMod:CollectTribute+1","TheCursedMod:DoubleShield+1","TheCursedMod:ReleasedKnowledge+1","TheCursedMod:Stretching+1","TheCursedMod:BloodBarrier+1","TheCursedMod:Mangle","TheCursedMod:FleshFromBone+1","TheCursedMod:CircleOfAbyss+1","TheCursedMod:Stretching+1","TheCursedMod:HellsGateOpen+1","TheCursedMod:CursedSpellbook+1","TheCursedMod:CircleOfBlood+1"],"relics":["TheCursedMod:BlackMagicAdvanced","EVO:Axolotl","Toxic Egg 2","TheCursedMod:CrystalBall","aspiration:HiddenCompartment","PreservedInsect","CCEMRelics:Barrel","Runic Pyramid","TheCursedMod:Tack","aspiration:Lifesprig","Akabeko"],"acts_visited":["Exordium","TheCity"],"potions_floor_usage":[33],"damage_taken":[{"damage":12,"enemies":"Jaw Worm","floor":1,"turns":3},{"damage":3,"enemies":"2 Louse","floor":2,"turns":3},{"damage":0,"enemies":"Small Slimes","floor":3,"turns":3},{"damage":0,"enemies":"3 Sentries","floor":6,"turns":3},{"damage":2,"enemies":"Lagavulin","floor":8,"turns":3},{"damage":0,"enemies":"Gremlin Nob","floor":10,"turns":3},{"damage":0,"enemies":"Looter","floor":11,"turns":2},{"damage":7,"enemies":"Exordium Thugs","floor":12,"turns":3},{"damage":5,"enemies":"2 Fungi Beasts","floor":14,"turns":2},{"damage":0,"enemies":"The Guardian","floor":16,"turns":5},{"damage":0,"enemies":"Chosen","floor":18,"turns":3},{"damage":7,"enemies":"2 Thieves","floor":19,"turns":3},{"damage":17,"enemies":"Sentry and Sphere","floor":20,"turns":5},{"damage":2,"enemies":"Snecko","floor":21,"turns":3},{"damage":1,"enemies":"Chosen and Byrds","floor":27,"turns":4},{"damage":20,"enemies":"Gremlin Leader","floor":28,"turns":5},{"damage":0,"enemies":"Centurion and Healer","floor":30,"turns":6},{"damage":21,"enemies":"Sentry and Sphere","floor":31,"turns":6},{"damage":66,"enemies":"Collector","floor":33,"turns":10}],"seed_played":"-6931432098817600257","potions_obtained":[{"floor":1,"key":"CultistPotion"},{"floor":3,"key":"sneckomod:MuddlingPotion"},{"floor":6,"key":"Fire Potion"},{"floor":27,"key":"Energy Potion"}],"is_trial":false,"path_per_floor":["M","M","M","?","?","E","R","E","T","E","M","M","?","M","R","B",null,"M","M","M","M","$","R","?","R","T","M","E","R","M","M","R","B"],"character_chosen":"THE_CURSED","items_purchased":["TheCursedMod:Tack","TheCursedMod:Mangle","TheCursedMod:FleshFromBone+1","TheCursedMod:CircleOfAbyss+1"],"campfire_rested":2,"item_purchase_floors":[22,22,22,22],"current_hp_per_floor":[56,53,53,53,53,53,53,51,51,51,51,44,62,57,57,57,71,71,64,47,45,45,45,45,45,45,44,24,46,46,25,47,0,0],"gold":222,"neow_bonus":"ONE_RANDOM_RARE_CARD","is_daily":false,"chose_seed":false,"campfire_upgraded":4,"win_rate":0.0,"timestamp":1612898085,"path_taken":["M","M","M","?","?","E","R","E","T","E","M","M","?","M","R","BOSS","M","M","M","M","$","R","?","R","T","M","E","R","M","M","R","BOSS"],"items_purchased_type":["Relic","Card","Card","Card"],"build_version":"2020-12-22","purchased_purges":0,"victory":false,"max_hp_per_floor":[75,75,75,75,75,75,75,75,75,75,75,75,75,75,75,75,75,75,75,75,75,75,75,75,75,75,75,75,75,75,75,75,75,75],"relic_stats":{"counters":[19,72],"PreservedInsect":72,"obtain_stats":[{"CCEMRelics:Barrel":10,"aspiration:Lifesprig":26,"TheCursedMod:BlackMagicAdvanced":0,"TheCursedMod:Tack":22,"TheCursedMod:CrystalBall":6,"PreservedInsect":9,"EVO:Axolotl":0,"Toxic Egg 2":4,"aspiration:HiddenCompartment":8,"Akabeko":28,"Runic Pyramid":17},{"CCEMRelics:Barrel":6,"aspiration:Lifesprig":14,"TheCursedMod:BlackMagicAdvanced":0,"TheCursedMod:Tack":14,"TheCursedMod:CrystalBall":4,"PreservedInsect":5,"EVO:Axolotl":0,"Toxic Egg 2":3,"aspiration:HiddenCompartment":5,"Akabeko":16,"Runic Pyramid":10},{"CCEMRelics:Barrel":15,"aspiration:Lifesprig":41,"TheCursedMod:BlackMagicAdvanced":0,"TheCursedMod:Tack":41,"TheCursedMod:CrystalBall":10,"PreservedInsect":13,"EVO:Axolotl":0,"Toxic Egg 2":7,"aspiration:HiddenCompartment":13,"Akabeko":50,"Runic Pyramid":27}]},"card_choices":[{"not_picked":["TheCursedMod:VitalStrike","TheCursedMod:CursedMace"],"picked":"TheCursedMod:DoubleShield","floor":1},{"not_picked":["TheCursedMod:Stigma","TheCursedMod:CircleOfAmplification"],"picked":"TheCursedMod:WearCloak","floor":2},{"not_picked":["TheCursedMod:TacticalStrike","TheCursedMod:RavingStaff"],"picked":"TheCursedMod:CursedShiv","floor":3},{"not_picked":["TheCursedMod:CircleOfCorruption+1","TheCursedMod:CircleOfBlood+1"],"picked":"TheCursedMod:HellfireBreathing","floor":6},{"not_picked":["TheCursedMod:TacticalStrike","TheCursedMod:SoulReap"],"picked":"TheCursedMod:FleshFromBone+1","floor":8},{"not_picked":["TheCursedMod:ForbiddenAlchemy+1","TheCursedMod:Obscuration+1"],"picked":"TheCursedMod:FleshFromBone+1","floor":10},{"not_picked":["TheCursedMod:SmokeScreen+1","TheCursedMod:DemonSword"],"picked":"TheCursedMod:LuckyCharm","floor":11},{"not_picked":["TheCursedMod:ManaBullet","TheCursedMod:PrepareRite+1"],"picked":"TheCursedMod:CircleOfCorruption+1","floor":12},{"not_picked":["TheCursedMod:CursedBoomerang","TheCursedMod:CursedBlade"],"picked":"TheCursedMod:HellfireBreathing","floor":14},{"not_picked":["TheCursedMod:VoidForm","TheCursedMod:NeowsMight+1"],"picked":"TheCursedMod:CollectTribute","floor":16},{"not_picked":["TheCursedMod:Stigma+1","TheCursedMod:CursedMace"],"picked":"TheCursedMod:DoubleShield+1","floor":18},{"not_picked":["TheCursedMod:CursedAmulet+1","TheCursedMod:SaltUponWound+1"],"picked":"TheCursedMod:ReleasedKnowledge+1","floor":19},{"not_picked":["TheCursedMod:SoulCrush","TheCursedMod:SaltUponWound+1"],"picked":"TheCursedMod:Stretching+1","floor":20},{"not_picked":["TheCursedMod:CircleOfCorruption+1","TheCursedMod:BlessingInDisguise+1"],"picked":"TheCursedMod:BloodBarrier+1","floor":21},{"not_picked":["TheCursedMod:AshesToAshes+1","TheCursedMod:TacticalStrike"],"picked":"TheCursedMod:Stretching+1","floor":27},{"not_picked":["TheCursedMod:DoubleShield+1","TheCursedMod:StingEye"],"picked":"TheCursedMod:HellsGateOpen+1","floor":28},{"not_picked":["TheCursedMod:SurpriseAttack+1","TheCursedMod:EmpowerCircles+1"],"picked":"TheCursedMod:CursedSpellbook+1","floor":30},{"not_picked":["TheCursedMod:RavingStaff","TheCursedMod:Mangle"],"picked":"TheCursedMod:CircleOfBlood+1","floor":31}],"player_experience":293421,"relics_obtained":[{"floor":6,"key":"TheCursedMod:CrystalBall"},{"floor":8,"key":"aspiration:HiddenCompartment"},{"floor":9,"key":"PreservedInsect"},{"floor":10,"key":"CCEMRelics:Barrel"},{"floor":26,"key":"aspiration:Lifesprig"},{"floor":28,"key":"Akabeko"}],"event_choices":[{"damage_healed":0,"gold_gain":0,"player_choice":"Grow","damage_taken":0,"max_hp_gain":0,"max_hp_loss":0,"event_name":"Living Wall","floor":5,"gold_loss":0,"cards_upgraded":["TheCursedMod:HellfireBreathing"]},{"damage_healed":18,"gold_gain":0,"player_choice":"Healed","damage_taken":0,"max_hp_gain":0,"max_hp_loss":0,"event_name":"The Cleric","floor":13,"gold_loss":35}],"is_beta":false,"boss_relics":[{"not_picked":["aspiration:DefectSkillbook","Astrolabe"],"picked":"Runic Pyramid"}],"items_purged_floors":[],"is_endless":false,"potions_floor_spawned":[1,3,6,11,27,30,31],"killed_by":"Collector","ascension_level":10}}