{"host":"4g8vayc9pwrwu92h","time":1612842571,"event":{"mods":["Aspiration","BaseMod","Conspire","Downfall","Marked Mod","Minty Spire (QoL Compilation)","Quick Restart","StSLib","The Jungle"],"gold_per_floor":[119,136,136,211,66,66,66,66,66,82,82,95,95,119,119,239,239,263,286,286,301,216,216,216],"floor_reached":23,"language":"ZHS","playtime":902,"items_purged":[],"score":208,"play_id":"ecc02713-d319-4d0c-9f0c-c4d196b8b2b5","local_time":"20210209114931","is_ascension_mode":true,"campfire_choices":[{"floor":6.0,"key":"RECALL"},{"data":"SashWhip","floor":8.0,"key":"SMITH"},{"data":"PathToVictory","floor":15.0,"key":"SMITH"}],"circlet_count":0,"master_deck":["Strike_P","Strike_P","Strike_P","Strike_P","Defend_P","Defend_P+1","Defend_P+1","Defend_P","Eruption+1","Vigilance","Consecrate+1","SashWhip+1","Injury","SandsOfTime","FlyingSleeves","PathToVictory+1","DevaForm","MarkedMod:GentlePulse","Fasting2","LikeWater","MarkedMod:PinPointDefense"],"relics":["PureWater","NeowsBlessing","Golden Idol","Whetstone","War Paint","Black Star","The Courier"],"acts_visited":["Exordium","TheCity"],"potions_floor_usage":[23],"damage_taken":[{"damage":0.0,"enemies":"2 Louse","floor":1.0,"turns":1.0},{"damage":0.0,"enemies":"Jaw Worm","floor":2.0,"turns":1.0},{"damage":0.0,"enemies":"Cultist","floor":10.0,"turns":1.0},{"damage":0.0,"enemies":"Blue Slaver","floor":12.0,"turns":3.0},{"damage":5.0,"enemies":"Gremlin Gang","floor":14.0,"turns":3.0},{"damage":37.0,"enemies":"Hexaghost","floor":16.0,"turns":11.0},{"damage":2.0,"enemies":"Chosen","floor":18.0,"turns":4.0},{"damage":16.0,"enemies":"Shell Parasite","floor":19.0,"turns":5.0},{"damage":18,"enemies":"Chosen and Byrds","floor":21,"turns":5},{"damage":28,"enemies":"Book of Stabbing","floor":23,"turns":3}],"seed_played":"-319842731090536995","potions_obtained":[{"floor":2.0,"key":"AttackPotion"},{"floor":11.0,"key":"Fire Potion"},{"floor":11.0,"key":"SpeedPotion"},{"floor":16.0,"key":"Fire Potion"},{"floor":18.0,"key":"Dexterity Potion"}],"is_trial":false,"path_per_floor":["M","M","?","?","$","R","$","R","T","M","?","M","?","M","R","B",null,"M","M","?","M","?","E"],"character_chosen":"WATCHER","items_purchased":["Whetstone"],"campfire_rested":0,"item_purchase_floors":[5],"current_hp_per_floor":[72,72,72,61,61,61,61,61,61,61,61,61,61,56,56,19,72,70,54,54,36,36,8,8],"gold":216,"neow_bonus":"THREE_ENEMY_KILL","is_daily":false,"chose_seed":false,"campfire_upgraded":2,"win_rate":0.0,"timestamp":1612842571,"path_taken":["M","M","?","?","$","R","$","R","T","M","?","?","?","?","R","BOSS","M","M","?","M","?","E"],"items_purchased_type":["Relic"],"build_version":"2020-12-22","purchased_purges":0,"victory":false,"max_hp_per_floor":[72,72,72,72,72,72,72,72,72,72,72,72,72,72,72,72,72,72,72,72,72,72,72,72],"card_choices":[{"not_picked":["Crescendo","ForeignInfluence"],"picked":"Consecrate","floor":1.0},{"not_picked":["Halt","Tantrum"],"picked":"SashWhip","floor":2.0},{"not_picked":["CrushJoints","CutThroughFate"],"picked":"SandsOfTime","floor":10.0},{"not_picked":["ThirdEye","FlyingSleeves","SashWhip"],"picked":"SKIP","floor":12.0},{"not_picked":["WreathOfFlame","CrushJoints"],"picked":"PathToVictory","floor":14.0},{"not_picked":["Brilliance","Alpha"],"picked":"DevaForm","floor":16.0},{"not_picked":["MarkedMod:OneThousandNeedles","Study"],"picked":"MarkedMod:GentlePulse","floor":18.0},{"not_picked":["EmptyFist+1","Prostrate+1"],"picked":"Fasting2","floor":19.0},{"not_picked":["ForeignInfluence","MarkedMod:OneThousandNeedles"],"picked":"MarkedMod:PinPointDefense","floor":21}],"player_experience":436424,"relics_obtained":[{"floor":9.0,"key":"War Paint"}],"event_choices":[{"damage_healed":0.0,"max_hp_gain":0.0,"max_hp_loss":0.0,"gold_gain":0.0,"event_name":"Golden Idol","player_choice":"Take Wound","floor":3.0,"gold_loss":0.0,"damage_taken":0.0,"relics_obtained":["Golden Idol"],"cards_obtained":["Injury"]},{"damage_healed":0.0,"max_hp_gain":0.0,"max_hp_loss":0.0,"gold_gain":75.0,"event_name":"World of Goop","player_choice":"Gather Gold","floor":4.0,"gold_loss":0.0,"damage_taken":11.0},{"damage_healed":0.0,"max_hp_gain":0.0,"max_hp_loss":0.0,"gold_gain":0.0,"event_name":"Lab","player_choice":"Got Potions","floor":11.0,"gold_loss":0.0,"damage_taken":0.0},{"damage_healed":0.0,"max_hp_gain":0.0,"max_hp_loss":0.0,"gold_gain":0.0,"event_name":"Match and Keep!","player_choice":"1 cards matched","floor":13.0,"gold_loss":0.0,"damage_taken":0.0,"cards_obtained":["FlyingSleeves"]},{"damage_healed":0.0,"max_hp_gain":0.0,"max_hp_loss":0.0,"gold_gain":0.0,"event_name":"The Library","player_choice":"Read","floor":20.0,"gold_loss":0.0,"damage_taken":0.0,"cards_obtained":["LikeWater"]},{"damage_healed":0,"gold_gain":0,"player_choice":"Obtained Relic","damage_taken":0,"relics_obtained":["The Courier"],"max_hp_gain":0,"max_hp_loss":0,"event_name":"Addict","floor":22,"gold_loss":85}],"is_beta":false,"boss_relics":[{"not_picked":["bronze:MakeshiftBattery","Astrolabe"],"picked":"Black Star"}],"items_purged_floors":[],"is_endless":false,"potions_floor_spawned":[2,16,18],"killed_by":"Book of Stabbing","ascension_level":3}}