{"host":"1sn8m3l2btf1jbx1","time":1612840810,"event":{"mods":["AchievementEnabler","BaseMod","Colored Map","Colored Powertips","Highlight Path","Minty Spire (QoL Compilation)","Quick Restart","Rare Cards Sparkle","StSLib"],"gold_per_floor":[111,122,122,122,41,75,113,132,132,132,148,148,24,44,44,164,164,178,178,78,94,112,112,128,128,151,151,151,171,171,212,212,338,338,357,375,436,436,436],"floor_reached":38,"language":"ZHS","playtime":1531,"items_purged":["Strike_G","Defend_G"],"score":622,"play_id":"1158b4b4-0290-4fcb-9074-f6fcfcd73e60","local_time":"20210209112010","is_ascension_mode":true,"campfire_choices":[{"data":"Catalyst","floor":10.0,"key":"SMITH"},{"data":"Poisoned Stab","floor":12.0,"key":"SMITH"},{"data":"Deadly Poison","floor":15.0,"key":"SMITH"},{"data":"Bouncing Flask","floor":23.0,"key":"SMITH"},{"floor":25.0,"key":"REST"},{"floor":27.0,"key":"RECALL"},{"floor":32.0,"key":"REST"}],"circlet_count":0,"master_deck":["Defend_G","Defend_G","Survivor","Neutralize","PiercingWail","Poisoned Stab+1","Catalyst+1","Glass Knife+1","Deadly Poison+1","Dagger Spray+1","Bane+1","Die Die Die+1","Caltrops+1","Corpse Explosion+1","Backflip+1","Bouncing Flask+1","Deflect+1","Catalyst+1","Escape Plan","Quick Slash+1","Night Terror","Concentrate","Acrobatics"],"relics":["Ring of the Snake","NeowsBlessing","Golden Idol","Molten Egg 2","Odd Mushroom","Ginger","Astrolabe","Ancient Tea Set","Juzu Bracelet","Sozu","FossilizedHelix"],"acts_visited":["Exordium","TheCity","TheBeyond"],"potions_floor_usage":[],"damage_taken":[{"damage":0.0,"enemies":"Cultist","floor":1.0,"turns":1.0},{"damage":0.0,"enemies":"Jaw Worm","floor":2.0,"turns":1.0},{"damage":0.0,"enemies":"3 Sentries","floor":6.0,"turns":1.0},{"damage":11.0,"enemies":"The Mushroom Lair","floor":7.0,"turns":5.0},{"damage":7.0,"enemies":"2 Louse","floor":8.0,"turns":3.0},{"damage":0.0,"enemies":"2 Fungi Beasts","floor":11.0,"turns":3.0},{"damage":4.0,"enemies":"Large Slime","floor":14.0,"turns":4.0},{"damage":30.0,"enemies":"The Guardian","floor":16.0,"turns":8.0},{"damage":12.0,"enemies":"2 Thieves","floor":18.0,"turns":4.0},{"damage":4.0,"enemies":"3 Byrds","floor":21.0,"turns":3.0},{"damage":5.0,"enemies":"Centurion and Healer","floor":22.0,"turns":3.0},{"damage":0.0,"enemies":"Snecko","floor":24.0,"turns":4.0},{"damage":0.0,"enemies":"Cultist and Chosen","floor":29.0,"turns":2.0},{"damage":35.0,"enemies":"Gremlin Leader","floor":31.0,"turns":5.0},{"damage":41.0,"enemies":"Collector","floor":33.0,"turns":6.0},{"damage":0.0,"enemies":"3 Shapes","floor":35.0,"turns":3.0},{"damage":12.0,"enemies":"3 Darklings","floor":36.0,"turns":1.0},{"damage":30.0,"enemies":"2 Orb Walkers","floor":37.0,"turns":3.0},{"damage":18,"enemies":"Sphere and 2 Shapes","floor":38,"turns":4}],"seed_played":"2662017174159965913","potions_obtained":[{"floor":2.0,"key":"AttackPotion"},{"floor":7.0,"key":"Ancient Potion"},{"floor":8.0,"key":"FearPotion"},{"floor":11.0,"key":"EssenceOfSteel"},{"floor":24.0,"key":"Fire Potion"},{"floor":29.0,"key":"CultistPotion"},{"floor":33.0,"key":"LiquidBronze"}],"is_trial":false,"path_per_floor":["M","M","?","?","$","E","?","M","T","R","M","R","$","M","R","B",null,"M","?","$","M","M","R","M","R","T","R","?","M","?","E","R","B",null,"M","M","?","M"],"character_chosen":"THE_SILENT","items_purchased":["Catalyst","Dagger Spray+1"],"campfire_rested":2,"item_purchase_floors":[5,13],"current_hp_per_floor":[63,63,63,63,63,63,52,45,45,45,45,45,45,41,41,11,52,40,40,40,36,31,31,31,50,50,50,65,65,65,30,49,8,51,51,39,9,0,0],"gold":436,"neow_bonus":"THREE_ENEMY_KILL","is_daily":false,"chose_seed":false,"campfire_upgraded":4,"win_rate":0.0,"timestamp":1612840810,"path_taken":["M","?","?","?","$","E","?","M","T","R","M","R","$","M","R","BOSS","M","?","$","M","M","R","M","R","T","R","?","?","?","E","R","BOSS","M","M","?","M"],"items_purchased_type":["Card","Card"],"build_version":"2020-12-22","purchased_purges":2,"victory":false,"max_hp_per_floor":[70,70,70,65,65,65,65,65,65,65,65,65,65,65,65,65,65,65,65,65,65,65,65,65,65,65,65,65,65,65,65,65,65,65,65,65,65,65,65],"card_choices":[{"not_picked":["Outmaneuver","Quick Slash"],"picked":"PiercingWail","floor":1.0},{"not_picked":["Well Laid Plans","Underhanded Strike"],"picked":"Poisoned Stab","floor":2.0},{"not_picked":["Reflex","Venomology"],"picked":"Glass Knife+1","floor":6.0},{"not_picked":["Dagger Spray+1","Setup"],"picked":"Deadly Poison","floor":8.0},{"not_picked":["Sucker Punch+1","Deadly Poison","Underhanded Strike+1"],"picked":"SKIP","floor":11.0},{"not_picked":["Sucker Punch+1","Slice+1"],"picked":"Bane+1","floor":14.0},{"not_picked":["Storm of Steel","Venomology"],"picked":"Die Die Die+1","floor":16.0},{"not_picked":["Dagger Throw+1","Underhanded Strike+1","Expertise"],"picked":"SKIP","floor":18.0},{"not_picked":["Flying Knee+1","Dodge and Roll+1"],"picked":"Backflip+1","floor":21.0},{"not_picked":["Cloak And Dagger","Leg Sweep+1"],"picked":"Bouncing Flask","floor":22.0},{"not_picked":["Underhanded Strike+1","Deadly Poison+1"],"picked":"Deflect+1","floor":24.0},{"not_picked":["Caltrops+1","Dagger Throw+1"],"picked":"Catalyst+1","floor":29.0},{"not_picked":["Wraith Form v2","Dagger Throw+1","PiercingWail"],"picked":"SKIP","floor":31.0},{"not_picked":["Unload+1","Phantasmal Killer"],"picked":"Night Terror","floor":33.0},{"not_picked":["Slice+1","Reflex"],"picked":"Concentrate","floor":35.0},{"not_picked":["Prepared","Dagger Throw+1"],"picked":"Acrobatics","floor":36.0}],"player_experience":313310,"relics_obtained":[{"floor":6.0,"key":"Molten Egg 2"},{"floor":7.0,"key":"Odd Mushroom"},{"floor":9.0,"key":"Ginger"},{"floor":26.0,"key":"Ancient Tea Set"},{"floor":31.0,"key":"Juzu Bracelet"},{"floor":37.0,"key":"FossilizedHelix"}],"event_choices":[{"cards_removed":["Strike_G"],"damage_healed":0.0,"max_hp_gain":0.0,"max_hp_loss":0.0,"gold_gain":0.0,"event_name":"Living Wall","player_choice":"Forget","floor":3.0,"gold_loss":0.0,"damage_taken":0.0},{"damage_healed":0.0,"max_hp_gain":0.0,"max_hp_loss":5.0,"gold_gain":0.0,"event_name":"Golden Idol","player_choice":"Lose Max HP","floor":4.0,"gold_loss":0.0,"damage_taken":0.0,"relics_obtained":["Golden Idol"]},{"damage_healed":0.0,"max_hp_gain":0.0,"max_hp_loss":0.0,"gold_gain":0.0,"event_name":"Mushrooms","player_choice":"Fought Mushrooms","floor":7.0,"gold_loss":0.0,"damage_taken":0.0},{"cards_removed":["All Out Attack"],"damage_healed":0.0,"max_hp_gain":0.0,"max_hp_loss":0.0,"gold_gain":0.0,"event_name":"Back to Basics","player_choice":"Elegance","floor":19.0,"gold_loss":0.0,"damage_taken":0.0},{"damage_healed":15.0,"max_hp_gain":0.0,"max_hp_loss":0.0,"gold_gain":0.0,"event_name":"Wheel of Change","player_choice":"Full Heal","floor":28.0,"gold_loss":0.0,"damage_taken":0.0},{"damage_healed":0.0,"max_hp_gain":0.0,"max_hp_loss":0.0,"gold_gain":0.0,"cards_transformed":["Defend_G","Defend_G"],"event_name":"Drug Dealer","player_choice":"Became Test Subject","floor":30.0,"gold_loss":0.0,"damage_taken":0.0,"cards_obtained":["Escape Plan","Quick Slash"]},{"damage_healed":0.0,"max_hp_gain":0.0,"max_hp_loss":0.0,"gold_gain":0.0,"event_name":"Mysterious Sphere","player_choice":"Fight","floor":37.0,"gold_loss":0.0,"damage_taken":0.0}],"is_beta":false,"boss_relics":[{"not_picked":["Empty Cage","SacredBark"],"picked":"Astrolabe"},{"not_picked":["Fusion Hammer","SlaversCollar"],"picked":"Sozu"}],"items_purged_floors":[13,20],"is_endless":false,"potions_floor_spawned":[2,7,8,11,18,24,29,33,37],"killed_by":"Sphere and 2 Shapes","ascension_level":8}}