{"host":"xwgrz7y3g1a3iikb","time":1612903138,"event":{"mods":["BaseMod","Bestiary","Minty Spire (QoL Compilation)","Permanent Neow","Quick Restart","Relic Stats","StSLib","ojb\u0027s Info Mod"],"gold_per_floor":[110,124,124,124,138,138,150,150,196,12,12,32,46,93,93,166,166,184,184,234,246,261,261,278,278,278,278,306,40,40,58,58,58,58],"floor_reached":33,"language":"ENG","playtime":875,"items_purged":[],"score":514,"play_id":"fd33b027-14a0-49ce-bb67-9867c1ffa54d","local_time":"20210209123858","is_ascension_mode":true,"campfire_choices":[{"data":"Searing Blow","floor":6.0,"key":"SMITH"},{"data":"Searing Blow+1","floor":8.0,"key":"SMITH"},{"data":"Searing Blow+2","floor":11.0,"key":"SMITH"},{"data":"Searing Blow+3","floor":15.0,"key":"SMITH"},{"data":"Searing Blow+4","floor":23.0,"key":"SMITH"},{"data":"Searing Blow+5","floor":25.0,"key":"SMITH"},{"data":"Searing Blow+6","floor":27.0,"key":"SMITH"},{"data":"Searing Blow+7","floor":32.0,"key":"SMITH"}],"circlet_count":0,"master_deck":["AscendersBane","Strike_R","Strike_R","Strike_R","Strike_R","Strike_R","Defend_R","Defend_R","Defend_R","Defend_R","Bash","Searing Blow+8","Burning Pact","Immolate","Power Through","Master of Strategy","Disarm","Brutality","Power Through","Apotheosis","Dark Embrace"],"relics":["Burning Blood","Centennial Puzzle","Vajra","Orichalcum","Coffee Dripper","Nilry\u0027s Codex","Kunai","Anchor"],"acts_visited":["Exordium","TheCity"],"potions_floor_usage":[33,33],"damage_taken":[{"damage":0.0,"enemies":"2 Louse","floor":1.0,"turns":3.0},{"damage":16.0,"enemies":"Jaw Worm","floor":2.0,"turns":5.0},{"damage":8.0,"enemies":"Small Slimes","floor":5.0,"turns":6.0},{"damage":9.0,"enemies":"2 Fungi Beasts","floor":7.0,"turns":2.0},{"damage":0.0,"enemies":"Red Slaver","floor":12.0,"turns":2.0},{"damage":3.0,"enemies":"Blue Slaver","floor":13.0,"turns":3.0},{"damage":14.0,"enemies":"Hexaghost","floor":16.0,"turns":9.0},{"damage":17.0,"enemies":"Shell Parasite","floor":18.0,"turns":5.0},{"damage":0.0,"enemies":"Spheric Guardian","floor":21.0,"turns":3.0},{"damage":6.0,"enemies":"Snecko","floor":22.0,"turns":4.0},{"damage":10.0,"enemies":"Snake Plant","floor":24.0,"turns":2.0},{"damage":23.0,"enemies":"Book of Stabbing","floor":28.0,"turns":5.0},{"damage":0.0,"enemies":"Centurion and Healer","floor":31.0,"turns":3.0},{"damage":31,"enemies":"Collector","floor":33,"turns":6}],"seed_played":"-464406506745824655","potions_obtained":[{"floor":5.0,"key":"Fire Potion"},{"floor":7.0,"key":"FearPotion"},{"floor":16.0,"key":"Ancient Potion"},{"floor":21.0,"key":"Fire Potion"},{"floor":22.0,"key":"FearPotion"},{"floor":24.0,"key":"Energy Potion"}],"is_trial":false,"path_per_floor":["M","M","?","?","M","R","M","R","T","$","R","M","M","T","R","B",null,"M","?","?","M","M","R","M","R","T","R","E","$","?","M","R","B"],"character_chosen":"IRONCLAD","items_purchased":["Master of Strategy","Apotheosis","Dark Embrace"],"campfire_rested":0,"item_purchase_floors":[10,29,29],"current_hp_per_floor":[74,64,46,51,49,49,46,46,46,46,46,52,55,55,55,47,72,61,40,40,46,46,46,42,42,42,42,25,25,25,31,31,0,0],"gold":58,"neow_bonus":"THREE_CARDS","is_daily":false,"chose_seed":false,"campfire_upgraded":8,"win_rate":0.0,"timestamp":1612903138,"path_taken":["M","M","?","?","M","R","M","R","T","?","R","M","M","?","R","BOSS","M","?","?","?","M","R","M","R","T","R","E","$","?","M","R","BOSS"],"items_purchased_type":["Card","Card","Card"],"build_version":"2020-12-22","purchased_purges":0,"victory":false,"max_hp_per_floor":[75,75,75,80,80,80,80,80,80,80,80,80,80,80,80,80,80,80,80,80,80,80,80,80,80,80,80,80,80,80,80,80,80,80],"relic_stats":{"Centennial Puzzle":[27],"counters":[14,58],"Kunai":[0],"Orichalcum":[72],"obtain_stats":[{"Centennial Puzzle":3,"Anchor":28,"Nilry\u0027s Codex":19,"Vajra":9,"Coffee Dripper":17,"Kunai":26,"Orichalcum":14,"Burning Blood":0},{"Centennial Puzzle":2,"Anchor":12,"Nilry\u0027s Codex":8,"Vajra":4,"Coffee Dripper":7,"Kunai":11,"Orichalcum":6,"Burning Blood":0},{"Centennial Puzzle":8,"Anchor":49,"Nilry\u0027s Codex":35,"Vajra":16,"Coffee Dripper":30,"Kunai":44,"Orichalcum":21,"Burning Blood":0}],"Burning Blood":78},"card_choices":[{"not_picked":["Shrug It Off","Clash"],"picked":"Searing Blow","floor":0.0},{"not_picked":["Thunderclap","Wild Strike","Cleave"],"picked":"SKIP","floor":1.0},{"not_picked":["Perfected Strike","Flex"],"picked":"Burning Pact","floor":2.0},{"not_picked":["Body Slam","Bloodletting"],"picked":"Immolate","floor":5.0},{"not_picked":["Thunderclap","True Grit"],"picked":"Power Through","floor":7.0},{"not_picked":["Hemokinesis","Intimidate"],"picked":"Disarm","floor":12.0},{"not_picked":["Twin Strike","Hemokinesis","Clash"],"picked":"SKIP","floor":13.0},{"not_picked":["Fiend Fire","Limit Break"],"picked":"Brutality","floor":16.0},{"not_picked":["Clash","True Grit","Pommel Strike"],"picked":"SKIP","floor":18.0},{"not_picked":["Combust","Rage","Twin Strike"],"picked":"SKIP","floor":21.0},{"not_picked":["Intimidate","Sentinel","Body Slam"],"picked":"SKIP","floor":22.0},{"not_picked":["Whirlwind","Heavy Blade"],"picked":"Power Through","floor":24.0},{"not_picked":["Immolate","Clothesline","Anger"],"picked":"SKIP","floor":28.0},{"not_picked":["Uppercut","Anger","Ghostly Armor"],"picked":"SKIP","floor":31.0}],"player_experience":337386,"relics_obtained":[{"floor":9.0,"key":"Vajra"},{"floor":14.0,"key":"Orichalcum"},{"floor":19.0,"key":"Nilry\u0027s Codex"},{"floor":26.0,"key":"Kunai"},{"floor":28.0,"key":"Anchor"}],"event_choices":[{"damage_healed":0.0,"max_hp_gain":0.0,"max_hp_loss":0.0,"gold_gain":0.0,"event_name":"Scrap Ooze","player_choice":"Success","floor":3.0,"gold_loss":0.0,"damage_taken":18.0,"relics_obtained":["Centennial Puzzle"]},{"damage_healed":0.0,"max_hp_gain":5.0,"max_hp_loss":0.0,"gold_gain":0.0,"event_name":"Big Fish","player_choice":"Donut","floor":4.0,"gold_loss":0.0,"damage_taken":0.0},{"damage_healed":0.0,"max_hp_gain":0.0,"max_hp_loss":0.0,"gold_gain":0.0,"event_name":"Cursed Tome","player_choice":"Obtained Book","floor":19.0,"gold_loss":0.0,"damage_taken":21.0},{"damage_healed":0.0,"max_hp_gain":0.0,"max_hp_loss":0.0,"gold_gain":50.0,"event_name":"Golden Shrine","player_choice":"Pray","floor":20.0,"gold_loss":0.0,"damage_taken":0.0}],"is_beta":false,"boss_relics":[{"not_picked":["Black Blood","Velvet Choker"],"picked":"Coffee Dripper"}],"items_purged_floors":[],"is_endless":false,"potions_floor_spawned":[5,7,16,21,22,24],"killed_by":"Collector","ascension_level":20}}