{"host":"pm6tps78s2qrawcb","time":1612876416,"event":{"mods":["BaseMod","BetterRewards","Colored Map","DeckTracker","Downfall","Hubris","Infinite Spire","Mimic Mod","Minty Spire (QoL Compilation)","Reliquary","Shop Mod","StSLib"],"gold_per_floor":[115,115,115,191,191,191,7,35,35,57,69,98,122,150,162,174,174],"floor_reached":16,"language":"ENG","playtime":540,"items_purged":["hubris:Sloth"],"score":100,"play_id":"19677be8-eb8e-42f7-9769-e6036b3a2cdf","local_time":"20210209131336","is_ascension_mode":false,"campfire_choices":[{"data":"Eruption","floor":6,"key":"SMITH"},{"data":"Tantrum","floor":15,"key":"SMITH"}],"circlet_count":0,"master_deck":["Strike_P","Strike_P","Strike_P","Strike_P","Defend_P","Defend_P","Defend_P","Eruption+1","Vigilance","FlurryOfBlows","WaveOfTheHand","Tantrum+1","FollowUp","SandsOfTime","hubris:NaturalOne","PathToVictory"],"relics":["PureWater","reliquary:JackalopeAntler","Calipers","MerchantsRug","hubris:Icosahedron","Matryoshka","Chemical X","Anchor","Lantern","MawBank"],"acts_visited":["Exordium"],"potions_floor_usage":[14],"damage_taken":[{"damage":6,"enemies":"Jaw Worm","floor":1,"turns":5},{"damage":10,"enemies":"Gremlin Nob","floor":8,"turns":3},{"damage":0,"enemies":"2 Louse","floor":10,"turns":2},{"damage":0,"enemies":"Small Slimes","floor":12,"turns":2},{"damage":0,"enemies":"3 Louse","floor":13,"turns":2},{"damage":0,"enemies":"Large Slime","floor":14,"turns":3},{"damage":26,"enemies":"Hexaghost","floor":16,"turns":2}],"seed_played":"1169209706919581722","potions_obtained":[{"floor":1,"key":"Fire Potion"},{"floor":8,"key":"Explosive Potion"},{"floor":12,"key":"Fruit Juice"}],"is_trial":false,"path_per_floor":["M","?","?","T","?","R","$","E","T","M","?","M","M","M","R","B"],"character_chosen":"WATCHER","items_purchased":["reliquary:JackalopeAntler","Calipers","MerchantsRug","Chemical X","WaveOfTheHand"],"campfire_rested":0,"item_purchase_floors":[0,0,0,7,7],"current_hp_per_floor":[34,34,27,27,30,30,30,20,20,20,20,20,20,25,25,0,0],"gold":174,"neow_bonus":"","is_daily":false,"chose_seed":false,"campfire_upgraded":2,"win_rate":0.0,"timestamp":1612876416,"path_taken":["M","?","?","?","?","R","$","E","T","M","?","M","M","M","R","BOSS"],"items_purchased_type":["Relic","Relic","Relic","Relic","Card"],"build_version":"2020-12-22","purchased_purges":1,"victory":false,"max_hp_per_floor":[67,67,67,67,70,70,70,70,70,70,70,70,70,75,75,75,75],"card_choices":[{"not_picked":["EmptyFist","FlyingSleeves"],"picked":"FlurryOfBlows","floor":1},{"not_picked":["FlurryOfBlows","DeceiveReality"],"picked":"Tantrum","floor":8},{"not_picked":["Vengeance","Evaluate"],"picked":"FollowUp","floor":10},{"not_picked":["Crescendo","CutThroughFate","SashWhip"],"picked":"SKIP","floor":12},{"not_picked":["PathToVictory","Protect"],"picked":"SandsOfTime","floor":13},{"not_picked":["Conclude","SashWhip"],"picked":"PathToVictory","floor":14}],"player_experience":286074,"relics_obtained":[{"floor":4,"key":"Matryoshka"},{"floor":8,"key":"Anchor"},{"floor":9,"key":"Lantern"},{"floor":9,"key":"MawBank"}],"event_choices":[{"cards_removed":["Defend_P"],"damage_healed":0,"gold_gain":0,"player_choice":"Card Removal","damage_taken":7,"max_hp_gain":0,"max_hp_loss":0,"event_name":"Golden Wing","floor":3,"gold_loss":0},{"damage_healed":0,"gold_gain":0,"player_choice":"Ignored","damage_taken":0,"max_hp_gain":0,"max_hp_loss":0,"event_name":"Liars Game","floor":11,"gold_loss":0}],"is_beta":false,"boss_relics":[],"items_purged_floors":[0],"is_endless":false,"potions_floor_spawned":[1,8,12,13],"killed_by":"Hexaghost","ascension_level":0}}