{"host":"aelxjre69umlx7r4","time":1612872187,"event":{"mods":["AchievementEnabler","BaseMod","Colored Map","DeckTracker","Highlight Path","Keyboard Shortcuts","Minty Spire (QoL Compilation)","Permanent Neow","SuperFastMode"],"gold_per_floor":[362,94,44,44,64,93,93,118,118,143,143,218,218,238,238,238,238],"floor_reached":16,"language":"KOR","playtime":606,"items_purged":["Normality"],"score":122,"play_id":"ac0a4986-e22f-4174-a38d-69e14705f83f","local_time":"20210209210307","is_ascension_mode":true,"campfire_choices":[{"data":"Dualcast","floor":7.0,"key":"SMITH"},{"data":"Panacea","floor":11.0,"key":"SMITH"},{"floor":15.0,"key":"REST"}],"circlet_count":0,"master_deck":["Strike_B","Strike_B","Defend_B","Defend_B","Defend_B+1","Defend_B","Zap+1","Dualcast+1","Panacea+1","FTL","Steam Power","Turbo"],"relics":["Cracked Core","Membership Card","Ornamental Fan","Mango","Potion Belt"],"acts_visited":[],"potions_floor_usage":[16],"damage_taken":[{"damage":0.0,"enemies":"2 Louse","floor":1.0,"turns":2.0},{"damage":0.0,"enemies":"Small Slimes","floor":5.0,"turns":3.0},{"damage":22.0,"enemies":"Gremlin Nob","floor":6.0,"turns":4.0},{"damage":12.0,"enemies":"3 Sentries","floor":8.0,"turns":8.0},{"damage":21.0,"enemies":"Lagavulin","floor":10.0,"turns":8.0},{"damage":0.0,"enemies":"Jaw Worm","floor":14.0,"turns":3.0},{"damage":35,"enemies":"The Guardian","floor":16,"turns":12}],"seed_played":"-4648155020426461651","potions_obtained":[{"floor":5.0,"key":"LiquidBronze"},{"floor":6.0,"key":"Dexterity Potion"},{"floor":10.0,"key":"Explosive Potion"},{"floor":14.0,"key":"Energy Potion"}],"is_trial":false,"path_per_floor":["M","$","?","?","M","E","R","E","T","E","R","?","?","M","R","B"],"character_chosen":"DEFECT","items_purchased":["Membership Card","Panacea"],"campfire_rested":1,"item_purchase_floors":[2,2],"current_hp_per_floor":[75,75,75,60,60,38,38,40,40,19,19,8,8,8,34,0,0],"gold":238,"neow_bonus":"TWO_FIFTY_GOLD","is_daily":false,"chose_seed":false,"campfire_upgraded":2,"win_rate":0.0,"timestamp":1612872187,"path_taken":["M","$","?","?","M","E","R","E","T","E","R","?","?","M","R","BOSS"],"items_purchased_type":["Relic","Card"],"build_version":"2020-12-22","purchased_purges":1,"victory":false,"max_hp_per_floor":[75,75,75,75,75,75,75,89,89,89,89,89,89,89,89,89,89],"card_choices":[{"not_picked":["Chaos","Compile Driver","Sweeping Beam"],"picked":"SKIP","floor":1.0},{"not_picked":["Undo","Heatsinks"],"picked":"FTL","floor":5.0},{"not_picked":["Steam","Coolheaded","Fusion"],"picked":"SKIP","floor":6.0},{"not_picked":["Stack","Ball Lightning"],"picked":"Steam Power","floor":8.0},{"not_picked":["Melter","Darkness","Capacitor"],"picked":"SKIP","floor":10.0},{"not_picked":["Chill","Static Discharge"],"picked":"Turbo","floor":14.0}],"player_experience":435287,"relics_obtained":[{"floor":6.0,"key":"Ornamental Fan"},{"floor":8.0,"key":"Mango"},{"floor":10.0,"key":"Potion Belt"}],"event_choices":[{"cards_removed":["Strike_B"],"damage_healed":0.0,"max_hp_gain":0.0,"max_hp_loss":0.0,"gold_gain":0.0,"event_name":"The Cleric","player_choice":"Card Removal","floor":3.0,"gold_loss":50.0,"damage_taken":0.0},{"damage_healed":0.0,"max_hp_gain":0.0,"max_hp_loss":0.0,"gold_gain":0.0,"event_name":"Shining Light","player_choice":"Entered Light","floor":4.0,"gold_loss":0.0,"damage_taken":15.0,"cards_upgraded":["Zap","Defend_B"]},{"damage_healed":0.0,"max_hp_gain":0.0,"max_hp_loss":0.0,"gold_gain":75.0,"event_name":"World of Goop","player_choice":"Gather Gold","floor":12.0,"gold_loss":0.0,"damage_taken":11.0},{"cards_removed":["Strike_B"],"damage_healed":0.0,"max_hp_gain":0.0,"max_hp_loss":0.0,"gold_gain":0.0,"event_name":"Living Wall","player_choice":"Forget","floor":13.0,"gold_loss":0.0,"damage_taken":0.0}],"is_beta":false,"boss_relics":[],"items_purged_floors":[2],"is_endless":false,"potions_floor_spawned":[5,6,10,14],"killed_by":"The Guardian","ascension_level":1}}