{"host":"ej105hmlhg4ikw5v","time":1612858642,"event":{"mods":["AchievementEnabler","BaseMod","Better Sensory Stone","Better Skull","Better Vampires","Block Reminder","CapriCore","Colored Map","Colored Powertips","DeckTracker","Dio Mod","GifTheSpireLib","Highlight Path","Lobotomy","LobotomyExtend","Marisa????????","Minty Spire (QoL Compilation)","Permanent Neow","Prisma Mod","Quick Restart","Relic Stats","Remilia??????","Replay The Spire","Shop Mod","Spicy Shops","StSLib","The Immortal","The Senshi","The Wild Card","Waifu the Spire"],"gold_per_floor":[114,189,189,202,221,221,233,19,19,19,19,19,32,48,24,24],"floor_reached":3,"language":"SPA","playtime":1628,"items_purged":["Pain","Pain"],"score":27,"play_id":"03bd5caf-43c9-41e3-984f-cd35a8f33e93","local_time":"20210209051722","is_ascension_mode":false,"campfire_choices":[{"data":"PrismaMod:ChloeRuleBreaker","floor":6.0,"key":"SMITH"},{"data":"PrismaMod:ChloeGaeBolg","floor":10.0,"key":"SMITH"},{"data":"PrismaMod:ChloeCheapAttack","floor":12.0,"key":"SMITH"}],"circlet_count":0,"master_deck":["PrismaMod:ChloeCommonAttack+1","PrismaMod:ChloeCommonAttack","PrismaMod:ChloeCommonAttack","PrismaMod:ChloeCommonAttack","PrismaMod:ChloeCommonAttack+1","PrismaMod:ChloeCommonDefend","PrismaMod:ChloeCommonDefend","PrismaMod:ChloeCommonDefend","PrismaMod:ChloeCommonDefend","PrismaMod:ChloeCommonDefend","PrismaMod:ChloeCheapAttack+1","PrismaMod:ChloeCheapDefend","PrismaMod:ChloeExhaustOne","ShyLook","PrismaMod:ChloeCheapDefend","Rudolta","PrismaMod:ChloeRuleBreaker+1","Scorched","PrismaMod:ChloeUncommonAOEAttack","PrismaMod:ChloeGaeBolg+1","OSAHOGD","PrismaMod:ChloeUncommonAttack","DespairKnight","PrismaMod:ChloeCheapDefend","Wrath_TH"],"relics":["PrismaMod:PrismaTraceOn","CogitoBucket","Whetstone","Replay:Accelerometer","Letter Opener","LaetitiaHeart","LetterFromLob","ReplayTheSpireMod:CursedCoin","ReplayTheSpireMod:TigerMarble"],"acts_visited":["Exordium"],"potions_floor_usage":[],"damage_taken":[{"damage":0.0,"enemies":"2 Louse","floor":1.0,"turns":3.0},{"damage":0.0,"enemies":"Small Slimes","floor":4.0,"turns":3.0},{"damage":0.0,"enemies":"Cultist","floor":5.0,"turns":2.0},{"damage":1.0,"enemies":"3 Louse","floor":7.0,"turns":4.0},{"damage":37.0,"enemies":"Looter","floor":13.0,"turns":2.0},{"damage":0.0,"enemies":"Looter","floor":13.0,"turns":2.0},{"damage":7,"enemies":"2 Louse","floor":1,"turns":2},{"damage":47,"enemies":"Cultist","floor":2,"turns":3}],"seed_played":"2216612610468361243","potions_obtained":[{"floor":4.0,"key":"Reflective Coating"},{"floor":7.0,"key":"Explosive Potion"}],"is_trial":false,"path_per_floor":["M","?","?","M","M","R","M","$","T","R","?","R","M","M","M","$"],"character_chosen":"CHLOE","items_purchased":["Whetstone","PrismaMod:ChloeGaeBolg","ReplayTheSpireMod:CursedCoin","ReplayTheSpireMod:TigerMarble"],"campfire_rested":0,"item_purchase_floors":[8,8,3,3],"current_hp_per_floor":[75,64,64,64,64,64,63,63,63,63,63,63,68,21,21,21],"gold":24,"neow_bonus":"","is_daily":false,"chose_seed":false,"campfire_upgraded":3,"win_rate":0.0,"timestamp":1612858642,"path_taken":["M","?","?","M","M","R","M","$","T","R","?","R","M","M","M","$"],"items_purchased_type":["Relic","Card","Relic","Relic"],"build_version":"2020-12-22","purchased_purges":2,"victory":false,"max_hp_per_floor":[75,75,75,75,75,75,75,75,75,75,75,75,75,75,75,75],"relic_stats":{"counters":[9,22],"Whetstone":["PrismaMod:ChloeCommonAttack","PrismaMod:ChloeCommonAttack"],"Letter Opener":[28],"obtain_stats":[{"Replay:Accelerometer":9,"CogitoBucket":0,"LaetitiaHeart":13,"ReplayTheSpireMod:CursedCoin":3,"LetterFromLob":1,"ReplayTheSpireMod:TigerMarble":3,"Whetstone":8,"Letter Opener":11,"PrismaMod:PrismaTraceOn":0},{"Replay:Accelerometer":4,"CogitoBucket":0,"LaetitiaHeart":4,"ReplayTheSpireMod:CursedCoin":9,"LetterFromLob":1,"ReplayTheSpireMod:TigerMarble":9,"Whetstone":4,"Letter Opener":4,"PrismaMod:PrismaTraceOn":0},{"Replay:Accelerometer":12,"CogitoBucket":0,"LaetitiaHeart":12,"ReplayTheSpireMod:CursedCoin":22,"LetterFromLob":3,"ReplayTheSpireMod:TigerMarble":22,"Whetstone":12,"Letter Opener":12,"PrismaMod:PrismaTraceOn":0}]},"card_choices":[{"not_picked":["PrismaMod:ChloeExhaustThree","PrismaMod:ChloeCheapDefendTwo"],"picked":"PrismaMod:ChloeExhaustOne","floor":1.0},{"not_picked":["QueenOfHatred","MeatLantern"],"picked":"ShyLook","floor":1.0},{"not_picked":["PrismaMod:ChloeCheapDefendTwo","PrismaMod:ChloeDiscardRecovery"],"picked":"PrismaMod:ChloeCheapDefend","floor":4.0},{"not_picked":["CherryBlossoms","Woodsman"],"picked":"Rudolta","floor":4.0},{"not_picked":["PrismaMod:ChloeDiscardRecovery","PrismaMod:ChloeBetterTracePools"],"picked":"PrismaMod:ChloeRuleBreaker","floor":5.0},{"not_picked":["DreamingCurrent","WallGazer"],"picked":"Scorched","floor":7.0},{"not_picked":["PrismaMod:ChloeMaid","PrismaMod:ChloeRuleBreaker"],"picked":"PrismaMod:ChloeUncommonAOEAttack","floor":7.0},{"not_picked":["Funeral","FairyFestival"],"picked":"OSAHOGD","floor":1},{"not_picked":["PrismaMod:ChloeCheapAttackTwo","PrismaMod:ChloeChristmas"],"picked":"PrismaMod:ChloeUncommonAttack","floor":1},{"not_picked":["SingingMachine","CherryBlossoms"],"picked":"DespairKnight","floor":2},{"not_picked":["PrismaMod:ChloeDiscardRecovery","PrismaMod:ChloeCheapDefendTwo"],"picked":"PrismaMod:ChloeCheapDefend","floor":2}],"player_experience":342181,"relics_obtained":[{"floor":1.0,"key":"LetterFromLob"},{"floor":9.0,"key":"Replay:Accelerometer"},{"floor":1,"key":"LetterFromLob"}],"event_choices":[{"damage_healed":0.0,"max_hp_gain":0.0,"max_hp_loss":0.0,"gold_gain":75.0,"event_name":"World of Goop","player_choice":"Gather Gold","floor":2.0,"gold_loss":0.0,"damage_taken":11.0},{"damage_healed":0.0,"max_hp_gain":0.0,"max_hp_loss":0.0,"gold_gain":0.0,"event_name":"Golden Wing","player_choice":"Ignored","floor":3.0,"gold_loss":0.0,"damage_taken":0.0},{"damage_healed":0.0,"max_hp_gain":0.0,"max_hp_loss":0.0,"gold_gain":0.0,"event_name":"WeMeetAgain","player_choice":"Gave Potion","floor":11.0,"gold_loss":0.0,"damage_taken":0.0,"relics_obtained":["Letter Opener"]}],"is_beta":false,"boss_relics":[],"items_purged_floors":[8,3],"is_endless":false,"potions_floor_spawned":[4,7,13],"ascension_level":0}}