{"host":"og6lam4kt3nibbw0","time":1612896684,"event":{"mods":["AchievementEnabler","BaseMod","Colored Map","DeckTracker","Highlight Path","Keyboard Shortcuts","Minty Spire (QoL Compilation)","Permanent Neow","Quick Restart","StSLib","SuperFastMode"],"gold_per_floor":[115,129,129,85,101,101,132,79,79,93,58,58,58,90,90,164,164,179,195,195,221,240,240,240,240],"floor_reached":24,"language":"KOR","playtime":743,"items_purged":[],"score":508,"play_id":"c24bcb1f-4ff9-4c5b-a7c9-dea4b191213a","local_time":"20210210035124","is_ascension_mode":true,"campfire_choices":[{"data":"Defragment","floor":6.0,"key":"SMITH"},{"floor":13.0,"key":"REST"},{"data":"Coolheaded","floor":15,"key":"SMITH"},{"floor":23,"key":"REST"}],"circlet_count":0,"master_deck":["AscendersBane","Strike_B","Strike_B","Strike_B","Defend_B","Defend_B","Defend_B","Zap","Dualcast","CurseOfTheBell","Doom and Gloom","Compile Driver","Defragment+1","Undo","Chill","Coolheaded+1","Core Surge","Coolheaded","Skim"],"relics":["Calling Bell","CaptainsWheel","Gremlin Horn","Regal Pillow","Question Card","Bottled Lightning","Mercury Hourglass","Blue Candle","Inserter","Toy Ornithopter"],"acts_visited":["Exordium","TheCity"],"potions_floor_usage":[24,24],"damage_taken":[{"damage":7.0,"enemies":"Cultist","floor":1.0,"turns":5.0},{"damage":4.0,"enemies":"2 Louse","floor":2.0,"turns":4.0},{"damage":14.0,"enemies":"Small Slimes","floor":5.0,"turns":3.0},{"damage":32.0,"enemies":"Lagavulin","floor":7.0,"turns":9.0},{"damage":1.0,"enemies":"Looter","floor":10.0,"turns":4.0},{"damage":3,"enemies":"3 Sentries","floor":14,"turns":6},{"damage":1,"enemies":"Slime Boss","floor":16,"turns":8},{"damage":4,"enemies":"Chosen","floor":18,"turns":4},{"damage":9,"enemies":"Spheric Guardian","floor":19,"turns":4},{"damage":28,"enemies":"3 Cultists","floor":22,"turns":7},{"damage":59,"enemies":"Book of Stabbing","floor":24,"turns":7}],"seed_played":"6368211771149197336","potions_obtained":[{"floor":1.0,"key":"Explosive Potion"},{"floor":5.0,"key":"SpeedPotion"},{"floor":16,"key":"GamblersBrew"},{"floor":19,"key":"LiquidBronze"}],"is_trial":false,"path_per_floor":["M","M","?","$","M","R","E","?","T","M","?","?","R","E","R","B",null,"M","M","?","T","M","R","E"],"character_chosen":"DEFECT","items_purchased":["Defragment"],"campfire_rested":2,"item_purchase_floors":[4],"current_hp_per_floor":[57,53,53,53,39,39,7,7,7,6,23,18,54,51,51,50,66,62,53,53,53,25,61,12,12],"gold":240,"neow_bonus":"BOSS_RELIC","is_daily":false,"chose_seed":false,"campfire_upgraded":2,"win_rate":0.0,"timestamp":1612896684,"path_taken":["M","?","?","$","M","R","E","?","T","M","?","?","R","E","R","BOSS","M","M","?","?","M","R","E"],"items_purchased_type":["Card"],"build_version":"2020-12-22","purchased_purges":0,"victory":false,"max_hp_per_floor":[71,71,71,71,71,71,71,71,71,71,71,71,71,71,71,71,71,71,71,71,71,71,71,71,71],"card_choices":[{"not_picked":["Redo","Reinforced Body"],"picked":"Doom and Gloom","floor":1.0},{"not_picked":["Stack","Rebound"],"picked":"Compile Driver","floor":2.0},{"not_picked":["Barrage","BootSequence"],"picked":"Undo","floor":5.0},{"not_picked":["Barrage","Thunder Strike","Stack"],"picked":"SKIP","floor":7.0},{"not_picked":["Leap","Ball Lightning","Double Energy"],"picked":"Chill","floor":10.0},{"not_picked":["Capacitor","Stack","Streamline"],"picked":"Coolheaded","floor":14},{"not_picked":["Rainbow","Creative AI","Reboot"],"picked":"Core Surge","floor":16},{"not_picked":["Gash+1","Steam","Compile Driver","Hologram"],"picked":"SKIP","floor":18},{"not_picked":["Hologram","Auto Shields","Cold Snap"],"picked":"Coolheaded","floor":19},{"not_picked":["Beam Cell","Rebound","Reprogram+1"],"picked":"Skim","floor":22}],"player_experience":991045,"relics_obtained":[{"floor":0.0,"key":"CaptainsWheel"},{"floor":0.0,"key":"Gremlin Horn"},{"floor":0.0,"key":"Regal Pillow"},{"floor":7.0,"key":"Question Card"},{"floor":9.0,"key":"Bottled Lightning"},{"floor":14,"key":"Blue Candle"},{"floor":21,"key":"Toy Ornithopter"}],"event_choices":[{"cards_removed":["Strike_B"],"damage_healed":0.0,"max_hp_gain":0.0,"max_hp_loss":0.0,"gold_gain":0.0,"event_name":"Living Wall","player_choice":"Forget","floor":3.0,"gold_loss":0.0,"damage_taken":0.0},{"damage_healed":0.0,"max_hp_gain":0.0,"max_hp_loss":0.0,"gold_gain":0.0,"event_name":"World of Goop","player_choice":"Left Gold","floor":8.0,"gold_loss":53.0,"damage_taken":0.0},{"damage_healed":17.0,"max_hp_gain":0.0,"max_hp_loss":0.0,"gold_gain":0.0,"event_name":"The Cleric","player_choice":"Healed","floor":11.0,"gold_loss":35.0,"damage_taken":0.0},{"damage_healed":0.0,"max_hp_gain":0.0,"max_hp_loss":0.0,"gold_gain":0.0,"event_name":"Scrap Ooze","player_choice":"Success","floor":12.0,"gold_loss":0.0,"damage_taken":5.0,"relics_obtained":["Mercury Hourglass"]},{"cards_removed":["Defend_B"],"damage_healed":0,"gold_gain":0,"player_choice":"Elegance","damage_taken":0,"max_hp_gain":0,"max_hp_loss":0,"event_name":"Back to Basics","floor":20,"gold_loss":0}],"is_beta":false,"boss_relics":[{"not_picked":["Snecko Eye","Sozu"],"picked":"Inserter"}],"items_purged_floors":[],"is_endless":false,"potions_floor_spawned":[1,5,16,19],"killed_by":"Book of Stabbing","ascension_level":20}}