{"host":"xl12sa608q11y2r0","time":1612883823,"event":{"mods":["Act Like it!","BaseMod","Better Altar","Better Third Choice","BetterRewards","Colored Map","Colored Powertips","GifTheSpireLib","Hermit","HexUI Lib","Highlight Path","Minty Spire (QoL Compilation)","Shop Mod","Spicy Shops","StSLib","The Cursed","The Disciple","The Marked","The Necromancer","The Servant 0.9.4"],"gold_per_floor":[111,123,139,153,4,4,21,21,21,56,56,76,89,117,117,220,220,236,246,264,274,286,286,286,286,286,305,317,346,20,54,54,157,157,171,171,13,27,45,71,71,86,112,112,123,123,123,149,149,149,149,149,15,43,43,43],"floor_reached":55,"language":"JPN","playtime":3911,"items_purged":["theMarked:Strike","Shame"],"score":753,"play_id":"f9a6b379-467b-4c0e-895f-db40273cdc89","local_time":"20210210001703","is_ascension_mode":false,"campfire_choices":[{"data":"theMarked:SoldierOfQuellstein","floor":6,"key":"SMITH"},{"data":"theMarked:ElectricStrings","floor":8,"key":"SMITH"},{"data":"theMarked:BanishingStrike","floor":11,"key":"SMITH"},{"data":"theMarked:ThrowWeapon","floor":15,"key":"SMITH"},{"floor":24,"key":"REST"},{"floor":32,"key":"REST"},{"data":"theMarked:WardOff","floor":41,"key":"SMITH"},{"floor":47,"key":"REST"},{"floor":49,"key":"RECALL"},{"data":"theMarked:Snap","floor":52,"key":"SMITH"}],"circlet_count":0,"master_deck":["theMarked:Strike","theMarked:Strike","theMarked:Strike","theMarked:Strike","theMarked:Defend","theMarked:Defend","theMarked:Defend+1","theMarked:Defend","theMarked:SoldierOfQuellstein+1","theMarked:ElectricStrings+1","theMarked:Snap+1","theMarked:BanishingStrike+1","theMarked:Parkour","theMarked:Electrify","theMarked:BanishingStrike","theMarked:ThrowWeapon+1","theMarked:SwordAndMagic","theMarked:UnarmedFury+1","theMarked:DispelDoubt+1","theMarked:SwordAndMagic+1","theMarked:ChainLightning+1","theMarked:BanishingStrike+1","theMarked:ChainLightning+1","theMarked:EnhanceMovement","theMarked:BanishingStrike+1","theMarked:Frustration+1","theMarked:Parkour+1","theMarked:WardOff+1","theMarked:Challenge+1","theMarked:ThrowWeapon+1","theMarked:Frustration+1","theMarked:DispelDoubt+1"],"relics":["theMarked:ArtifactOfAir","InkBottle","Velvet Choker","MutagenicStrength","Kunai","Sling","Toy Ornithopter","Ornamental Fan","Busted Crown","Sundial","theMarked:DemonDagger","Nunchaku","MerchantsRug","Bottled Flame","Pantograph"],"acts_visited":["Exordium","TheCity","TheBeyond","TheEnding"],"potions_floor_usage":[16,20,22,29,31,50,55,55],"damage_taken":[{"damage":1,"enemies":"Cultist","floor":1,"turns":3},{"damage":0,"enemies":"2 Louse","floor":2,"turns":2},{"damage":1,"enemies":"Jaw Worm","floor":3,"turns":2},{"damage":11,"enemies":"Exordium Wildlife","floor":4,"turns":5},{"damage":6,"enemies":"Lots of Slimes","floor":7,"turns":4},{"damage":8,"enemies":"3 Sentries","floor":10,"turns":5},{"damage":0,"enemies":"Looter","floor":12,"turns":2},{"damage":0,"enemies":"2 Fungi Beasts","floor":13,"turns":2},{"damage":11,"enemies":"Lagavulin","floor":14,"turns":5},{"damage":37,"enemies":"The Guardian","floor":16,"turns":7},{"damage":15,"enemies":"2 Thieves","floor":18,"turns":2},{"damage":12,"enemies":"Shell Parasite","floor":19,"turns":2},{"damage":16,"enemies":"Snake Plant","floor":20,"turns":2},{"damage":14,"enemies":"Shelled Parasite and Fungi","floor":21,"turns":3},{"damage":0,"enemies":"Sentry and Sphere","floor":22,"turns":3},{"damage":7,"enemies":"Centurion and Healer","floor":27,"turns":3},{"damage":0,"enemies":"Snecko","floor":28,"turns":2},{"damage":11,"enemies":"Gremlin Leader","floor":29,"turns":4},{"damage":9,"enemies":"Slavers","floor":31,"turns":4},{"damage":26,"enemies":"Collector","floor":33,"turns":7},{"damage":6,"enemies":"3 Shapes","floor":35,"turns":3},{"damage":2,"enemies":"3 Darklings","floor":38,"turns":4},{"damage":0,"enemies":"Spire Growth","floor":39,"turns":1},{"damage":27,"enemies":"Nemesis","floor":40,"turns":3},{"damage":15,"enemies":"Maw","floor":42,"turns":5},{"damage":25,"enemies":"Sphere and 2 Shapes","floor":45,"turns":5},{"damage":71,"enemies":"Awakened One","floor":50,"turns":12},{"damage":8,"enemies":"Shield and Spear","floor":54,"turns":3},{"damage":91,"enemies":"The Heart","floor":55,"turns":5}],"seed_played":"6032282993517605614","potions_obtained":[{"floor":1,"key":"Energy Potion"},{"floor":7,"key":"Fire Potion"},{"floor":13,"key":"theMarked:HoverShot"},{"floor":19,"key":"LiquidMemories"},{"floor":20,"key":"FairyPotion"},{"floor":27,"key":"GamblersBrew"},{"floor":28,"key":"AttackPotion"},{"floor":38,"key":"Dexterity Potion"},{"floor":39,"key":"FearPotion"},{"floor":54,"key":"EssenceOfSteel"}],"is_trial":false,"path_per_floor":["M","M","M","M","$","R","M","R","T","E","R","M","M","E","R","B",null,"M","M","M","M","M","?","R","T","T","M","M","E","$","E","R","B",null,"M","T","$","M","M","E","R","M","T","?","M","?","R","T","R","B",null,"R","$","E","B"],"character_chosen":"THE_DEFAULT","items_purchased":["Tiny Chest","Sling","Toy Ornithopter","theMarked:WardOff","theMarked:DemonDagger","MerchantsRug","Bottled Flame"],"campfire_rested":3,"item_purchase_floors":[5,30,30,30,37,53,53],"current_hp_per_floor":[76,76,75,64,64,64,58,58,58,50,50,50,50,39,39,12,77,62,50,34,20,20,20,43,53,53,46,46,35,35,31,57,31,87,81,81,81,79,79,62,62,57,57,57,32,32,56,56,56,14,83,83,83,75,0,0],"gold":43,"neow_bonus":"TEN_PERCENT_HP_BONUS","is_daily":false,"chose_seed":false,"campfire_upgraded":6,"win_rate":0.0,"timestamp":1612883823,"path_taken":["M","M","M","M","$","R","M","R","T","E","R","M","M","E","R","BOSS","M","?","M","M","M","?","R","?","T","M","M","E","$","E","R","BOSS","M","?","$","?","M","E","R","M","T","?","M","?","R","?","R","BOSS","R","$","E","BOSS"],"items_purchased_type":["Relic","Relic","Relic","Card","Relic","Relic","Relic"],"build_version":"2020-12-22","purchased_purges":2,"victory":false,"max_hp_per_floor":[77,77,77,77,77,77,77,77,77,77,77,77,77,77,77,77,77,77,77,77,77,77,77,77,87,87,87,87,87,87,87,87,87,87,87,87,87,87,87,87,87,87,87,83,83,83,83,83,83,83,83,83,83,83,83,83],"card_choices":[{"not_picked":["theMarked:Heritage","theMarked:RepellingDischarge"],"picked":"theMarked:ElectricStrings","floor":1},{"not_picked":["theMarked:BanishingStrike","theMarked:EmpowerWeapon"],"picked":"theMarked:Snap","floor":2},{"not_picked":["theMarked:HeightenedSenses","theMarked:TakeCover"],"picked":"theMarked:BanishingStrike","floor":3},{"not_picked":["theMarked:BanishingStrike","theMarked:TheMission"],"picked":"theMarked:Parkour","floor":4},{"not_picked":["theMarked:GodGivenPower","theMarked:Determination"],"picked":"theMarked:Electrify","floor":7},{"not_picked":["theMarked:Snap","theMarked:Improvise"],"picked":"theMarked:BanishingStrike","floor":10},{"not_picked":["theMarked:TakeCover","theMarked:Improvise"],"picked":"theMarked:ThrowWeapon","floor":12},{"not_picked":["theMarked:Improvise","theMarked:HeightenedSenses"],"picked":"theMarked:SwordAndMagic","floor":13},{"not_picked":["theMarked:SwordAndMagic+1","theMarked:TheMission"],"picked":"theMarked:UnarmedFury+1","floor":14},{"not_picked":["theMarked:SuspiciousRaven","theMarked:ThrowWeapon+1"],"picked":"theMarked:DispelDoubt+1","floor":16},{"not_picked":["theMarked:GodGivenPower+1","theMarked:RepellingDischarge"],"picked":"theMarked:SwordAndMagic+1","floor":18},{"not_picked":["theMarked:RogueSparks+1","theMarked:Improvise"],"picked":"theMarked:ChainLightning+1","floor":19},{"not_picked":["theMarked:Aftermath","theMarked:Generate"],"picked":"theMarked:BanishingStrike+1","floor":20},{"not_picked":["theMarked:ElectricStrings+1","theMarked:Polarize"],"picked":"theMarked:ChainLightning+1","floor":21},{"not_picked":["theMarked:Parry","theMarked:DispelDoubt+1"],"picked":"theMarked:EnhanceMovement","floor":22},{"not_picked":["theMarked:ResourceFulStrike+1","theMarked:Memento"],"picked":"theMarked:BanishingStrike+1","floor":27},{"not_picked":["theMarked:Improvise","theMarked:GodGivenPower"],"picked":"theMarked:Frustration+1","floor":28},{"not_picked":["theMarked:EmpowerWeapon+1","theMarked:Frustration+1"],"picked":"theMarked:Parkour+1","floor":29},{"not_picked":["theMarked:SwordAndMagic+1","theMarked:ResourceFulStrike+1"],"picked":"theMarked:Challenge","floor":31},{"not_picked":["theMarked:TakeOffHeels","theMarked:SuspiciousRaven"],"picked":"theMarked:ThrowWeapon+1","floor":33},{"not_picked":["theMarked:Improvise"],"picked":"SKIP","floor":35},{"not_picked":["theMarked:TunnelVision+1"],"picked":"SKIP","floor":38},{"not_picked":["theMarked:KeepCalmAndFight+1"],"picked":"SKIP","floor":39},{"not_picked":[],"picked":"theMarked:Frustration+1","floor":40},{"not_picked":["theMarked:ElectricStrings+1"],"picked":"SKIP","floor":42},{"not_picked":["theMarked:OneWithTheBlade"],"picked":"SKIP","floor":45},{"not_picked":["theMarked:Reabsorb"],"picked":"SKIP","floor":54}],"player_experience":455440,"relics_obtained":[{"floor":9,"key":"InkBottle"},{"floor":10,"key":"theMarked:NailFile"},{"floor":14,"key":"Molten Egg 2"},{"floor":25,"key":"Pear"},{"floor":29,"key":"Kunai"},{"floor":31,"key":"Ornamental Fan"},{"floor":36,"key":"Sundial"},{"floor":40,"key":"Blue Candle"},{"floor":43,"key":"Nunchaku"},{"floor":48,"key":"War Paint"},{"floor":54,"key":"Pantograph"}],"event_choices":[{"damage_healed":0,"gold_gain":0,"player_choice":"Inject Mutagens","damage_taken":0,"relics_obtained":["MutagenicStrength"],"max_hp_gain":0,"max_hp_loss":0,"event_name":"Drug Dealer","floor":23,"gold_loss":0},{"damage_healed":0,"gold_gain":0,"player_choice":"Max HP","damage_taken":0,"max_hp_gain":0,"max_hp_loss":4,"event_name":"Winding Halls","floor":44,"gold_loss":0},{"damage_healed":0,"gold_gain":0,"player_choice":"Copied","damage_taken":0,"max_hp_gain":0,"max_hp_loss":0,"event_name":"Duplicator","floor":46,"gold_loss":0,"cards_obtained":["theMarked:DispelDoubt"]}],"is_beta":false,"boss_relics":[{"not_picked":["Runic Dome","Pandora\u0027s Box"],"picked":"Velvet Choker"},{"not_picked":["Empty Cage","Astrolabe"],"picked":"Busted Crown"}],"items_purged_floors":[5,37],"is_endless":false,"potions_floor_spawned":[1,7,13,19,20,27,28,38,39,45,54],"killed_by":"The Heart","ascension_level":0}}