{"host":"74dg6ta44i9qan6e","time":1612903099,"event":{"mods":["Act Like it!","BaseMod","Downfall","Hubris","Infinite Spire","Lobotomy","LobotomyExtend","Minty Spire (QoL Compilation)","Replay The Spire","StSLib","The Bug Knight","Waifu the Spire"],"gold_per_floor":[99,116,132,142,242,256,256,272,301,314,349,25,25,10,22,123,123,23,38,54,65,45,55,100,112,128,28,28,28,28,28,39,143,143,143,155,12,12,12,47,100,0,30,45,45,61,61,61,79,79],"floor_reached":51,"language":"ENG","playtime":3417,"items_purged":["Slimebound:Tackle"],"score":841,"play_id":"10e02a12-3e21-499c-ade7-e59dbd981452","local_time":"20210209153819","is_ascension_mode":true,"campfire_choices":[{"data":"Slimebound:Split","floor":1,"key":"SMITH"},{"data":"Slimebound:Defend_Slimebound","floor":18,"key":"SMITH"},{"data":"Slimebound:Recollect","floor":27,"key":"SMITH"},{"floor":30,"key":"REST"},{"floor":35,"key":"RECALL"},{"floor":42,"key":"REST"},{"data":"Slimebound:Darklings","floor":47,"key":"SMITH"}],"circlet_count":0,"master_deck":["Slimebound:Defend_Slimebound+1","Slimebound:Defend_Slimebound+1","Slimebound:Defend_Slimebound","Slimebound:Split+1","Slimebound:MinionMaster","Slimebound:SplitLeeching","Slimebound:Nibble","Slimebound:SplitAcid","Slimebound:TagTeam","Slimebound:Darklings+1","Slimebound:LeadByExample","Slimebound:Nibble","Slimebound:Prepare","Slimebound:LeechEnergy","Slimebound:RainOfGoop","Slimebound:Dissolve","Slimebound:PressTheAttack","Slimebound:Nibble","Slimebound:Recollect+1","Slimebound:SplitMire","Slimebound:SplitMire","Slimebound:Recollect+1","Slimebound:FormOfPuddle","Slimebound:LivingWall","Slimebound:PrepareCrush","Slimebound:TongueLash+1","Slimebound:Repurpose","Slimebound:PressTheAttack","Slimebound:SlimeBarrage+1","Slimebound:SplitBruiser","Replay:Undeath\u0027s Touch","Slimebound:RejuvenatingLick","Storm of Steel","Replay:ManipulateFuture+1","Slimebound:Gluttony","Sweeping Beam+1","hexamod:RetreatToShadows+1","Slimebound:DivideAndConquer","Slimebound:HauntingLick+1","Slimebound:OozeBath","Conserve Battery+1","Eclipse","infinitespire:FutureSight","Dark Shackles","Noise+1"],"relics":["Slimebound:AbsorbEndCombat","Turnip","Unceasing Top","Orrery","Replay:Grab Bag","Sozu","hubris:RunicObelisk","hubris:Backtick","Dead Branch","downfall:HeartBlessingGreen","PrismaticShard","Replay:Baseball","downfall:HeartBlessingBlue","downfall:RedIOU","hubris:ScarierMask","Prayer Wheel","sneckomod:SneckoTalon","Pet Ghost","Art of War","downfall:HeartBlessingRed","Pen Nib"],"acts_visited":["Exordium","TheCity","TheBeyond"],"potions_floor_usage":[5,12,16,21,33],"damage_taken":[{"damage":5,"enemies":"Jaw Worm","floor":2,"turns":3},{"damage":8,"enemies":"Small Slimes","floor":3,"turns":5},{"damage":0,"enemies":"Cultist","floor":4,"turns":3},{"damage":33,"enemies":"downfall:Heads","floor":5,"turns":6},{"damage":9,"enemies":"3 Louse","floor":6,"turns":3},{"damage":1,"enemies":"Large Slime","floor":8,"turns":5},{"damage":17,"enemies":"Lagavulin","floor":9,"turns":5},{"damage":0,"enemies":"2 Fungi Beasts","floor":10,"turns":2},{"damage":13,"enemies":"Replay:BlueRogue","floor":11,"turns":4},{"damage":6,"enemies":"downfall:FleeingMerchant","floor":12,"turns":4},{"damage":0,"enemies":"downfall:FleeingMerchant","floor":14,"turns":4},{"damage":11,"enemies":"3 Louse","floor":15,"turns":2},{"damage":37,"enemies":"WA_ARCHETYPE_RETAIN","floor":16,"turns":6},{"damage":0,"enemies":"Snecko","floor":19,"turns":3},{"damage":0,"enemies":"Snake Plant","floor":20,"turns":2},{"damage":0,"enemies":"3 Cultists","floor":21,"turns":4},{"damage":0,"enemies":"downfall:FleeingMerchant","floor":22,"turns":2},{"damage":43,"enemies":"Shelled Parasite and Fungi","floor":23,"turns":4},{"damage":0,"enemies":"Cultist and Chosen","floor":25,"turns":3},{"damage":18,"enemies":"Snake Plant","floor":26,"turns":3},{"damage":9,"enemies":"Centurion and Healer","floor":32,"turns":5},{"damage":22,"enemies":"IC_MUSHROOM_ARCHETYPE","floor":33,"turns":4},{"damage":2,"enemies":"3 Shapes","floor":36,"turns":2},{"damage":53,"enemies":"Nightmare","floor":40,"turns":7},{"damage":21,"enemies":"Giant Head","floor":43,"turns":6},{"damage":0,"enemies":"Orb Walker","floor":44,"turns":2},{"damage":1,"enemies":"Spire Growth","floor":46,"turns":3},{"damage":0,"enemies":"4 Shapes","floor":49,"turns":2},{"damage":23,"enemies":"DF_ARCHETYPE_ORBS","floor":50,"turns":7},{"damage":35,"enemies":"Malkuth","floor":51,"turns":8}],"seed_played":"1063325305920613458","potions_obtained":[{"floor":2,"key":"champ:CounterPotion"},{"floor":5,"key":"Slimebound:SpawnSlimePotion"},{"floor":9,"key":"Slimebound:ThreeZeroPotion"},{"floor":15,"key":"AttackPotion"},{"floor":16,"key":"Block Potion"}],"is_trial":false,"path_per_floor":["R","M","M","M","?","M","T","M","E","M","E","$","?","$","M","B",null,"R","M","M","M","$","M","T","M","M","R","?","$","R","?","M","B",null,"R","M","$","?","AVR","NM","T","R","E","M","?","M","R","?","M","B",null],"character_chosen":"SLIMEBOUND","items_purchased":["Slimebound:Dissolve","Orrery","Slimebound:Recollect","PrismaticShard","Replay:Baseball","Slimebound:SplitBruiser","Slimebound:Gluttony"],"campfire_rested":2,"item_purchase_floors":[12,12,12,22,22,22,37],"current_hp_per_floor":[65,65,61,65,38,33,33,40,31,33,26,28,44,52,41,12,65,65,65,65,65,65,26,26,32,22,32,32,32,54,54,49,35,75,75,75,75,75,75,37,37,59,46,54,54,61,61,43,51,36],"gold":79,"neow_bonus":"ONE_RANDOM_RARE_CARD","is_daily":false,"chose_seed":false,"campfire_upgraded":4,"win_rate":0.0,"timestamp":1612903099,"path_taken":["R","M","M","M","?","M","T","M","E","M","E","$","?","$","M","BOSS","R","M","M","M","$","M","T","M","M","R","?","?","R","?","M","BOSS","R","M","$","?","AVR","NM","T","R","E","M","?","?","R","?","M","BOSS"],"items_purchased_type":["Card","Relic","Card","Relic","Relic","Card","Card"],"build_version":"2020-12-22","purchased_purges":1,"victory":true,"max_hp_per_floor":[65,65,65,65,65,65,65,65,65,65,65,65,65,65,65,65,65,65,65,65,65,65,65,65,65,65,75,75,75,75,75,75,75,75,75,75,75,75,75,75,75,75,75,75,75,75,75,75,75,75],"card_choices":[{"not_picked":["Slimebound:ComboTackle","Slimebound:SlimeSpikes"],"picked":"Slimebound:SplitLeeching","floor":2},{"not_picked":["Slimebound:FinishingTackle","Slimebound:Chomp"],"picked":"Slimebound:Nibble","floor":3},{"not_picked":["Slimebound:ServeAndProtect","Slimebound:SamplingLick"],"picked":"Slimebound:SplitAcid","floor":4},{"not_picked":["Slimebound:LeechingTouch","Slimebound:FinishingTackle"],"picked":"Slimebound:Darklings","floor":5},{"not_picked":["Slimebound:HauntingLick","Slimebound:RollThrough"],"picked":"Slimebound:LeadByExample","floor":6},{"not_picked":["Slimebound:HauntingLick","Slimebound:ProtectTheBoss"],"picked":"Slimebound:Nibble","floor":8},{"not_picked":["Slimebound:DivideAndConquer","Slimebound:SpikyOuterGoop"],"picked":"Slimebound:WasteNot","floor":9},{"not_picked":["Slimebound:SplitMire","Slimebound:GoopTackle"],"picked":"Slimebound:Prepare","floor":10},{"not_picked":["Slimebound:FinishingTackle","Slimebound:LivingWall"],"picked":"Slimebound:LeechEnergy","floor":11},{"not_picked":["Slimebound:LivingWall","Slimebound:LeechEnergy"],"picked":"Slimebound:RainOfGoop","floor":12},{"not_picked":["Slimebound:ComboTackle","Slimebound:GoopTackle"],"picked":"Slimebound:PressTheAttack","floor":12},{"not_picked":["Slimebound:FinishingTackle","Slimebound:FormOfPuddle"],"picked":"Slimebound:Nibble","floor":12},{"not_picked":["Slimebound:LeadByExample","Slimebound:Replication"],"picked":"Slimebound:Recollect","floor":12},{"not_picked":["Slimebound:ComboTackle","Slimebound:SpikyOuterGoop"],"picked":"Slimebound:SplitMire","floor":12},{"not_picked":["Slimebound:LeechEnergy","Slimebound:MassRepurpose"],"picked":"Slimebound:SplitMire","floor":12},{"not_picked":["Slimebound:HungryTackle","Slimebound:LivingWall"],"picked":"Slimebound:FormOfPuddle","floor":14},{"not_picked":["Slimebound:Schlurp","Slimebound:SplitMire"],"picked":"Slimebound:LivingWall","floor":15},{"not_picked":["Slimebound:Overexert","Slimebound:SlimeSlap"],"picked":"Slimebound:PrepareCrush","floor":16},{"not_picked":["Slimebound:Equalize","Slimebound:Chomp"],"picked":"Slimebound:TongueLash+1","floor":19},{"not_picked":["Slimebound:GoopSpray+1","Slimebound:Recollect"],"picked":"Slimebound:Repurpose","floor":20},{"not_picked":["Slimebound:FlameTackle","Slimebound:RollThrough"],"picked":"Slimebound:PressTheAttack","floor":21},{"not_picked":["Slimebound:FinishingTackle+1","Slimebound:LeechEnergy"],"picked":"Slimebound:SlimeBarrage+1","floor":22},{"not_picked":["Sword Boomerang","Guardian:PrismaticBarrier","HollowMod:WraithStrike"],"picked":"SKIP","floor":23},{"not_picked":["HollowMod:SoulStrike+1","expansioncontent:InvincibleStrength"],"picked":"Replay:Undeath\u0027s Touch","floor":25},{"not_picked":["hexamod:SecondSeal","bronze:Iterate+1"],"picked":"Slimebound:RejuvenatingLick","floor":26},{"not_picked":["BowlingBash","Clothesline","Slimebound:ComboTackle+1"],"picked":"SKIP","floor":32},{"not_picked":["Magnetism","champ:Improvising"],"picked":"Storm of Steel","floor":33},{"not_picked":["bronze:Safeguard+1","HollowMod:HeavyBlow+1"],"picked":"Replay:ManipulateFuture+1","floor":36},{"not_picked":["HollowMod:DungDefenderAura+1","Clothesline+1"],"picked":"Sweeping Beam+1","floor":40},{"not_picked":["sneckomod:UnknownClassHEXA_GHOST_PURPLE","bronze:Branch"],"picked":"hexamod:RetreatToShadows+1","floor":43},{"not_picked":["BowlingBash","HollowMod:WraithStrike+1"],"picked":"Slimebound:DivideAndConquer","floor":44},{"not_picked":["HollowMod:ShadowDash","Replay:Sssssssssstrike+1"],"picked":"Slimebound:HauntingLick+1","floor":44},{"not_picked":["hexamod:GhostflameBarrier+1","bronze:FineTuning"],"picked":"Conserve Battery+1","floor":46},{"not_picked":["HollowMod:BaldurShell","Redo+1"],"picked":"Eclipse","floor":46},{"not_picked":["infinitespire:SevenWalls","infinitespire:Oblivion"],"picked":"infinitespire:FutureSight","floor":48},{"not_picked":["hexamod:SwordOfDarkness","sneckomod:SoulDraw"],"picked":"Dark Shackles","floor":49},{"not_picked":["Replay:AtTheReady+1","Slimebound:BestDefense"],"picked":"Noise+1","floor":49}],"player_experience":601167,"relics_obtained":[{"floor":9,"key":"Turnip"},{"floor":11,"key":"Unceasing Top"},{"floor":24,"key":"Oddly Smooth Stone"},{"floor":40,"key":"Pet Ghost"},{"floor":41,"key":"Art of War"},{"floor":43,"key":"Pen Nib"}],"event_choices":[],"is_beta":false,"boss_relics":[{"not_picked":["Runic Pyramid","SlaversCollar"],"picked":"Replay:Grab Bag"},{"not_picked":["ReplayTheSpireMod:DimensionalGlitch","infinitespire:Cupcake"],"picked":"Sozu"},{"not_picked":["Cursed Key","Busted Crown"],"picked":"hubris:RunicObelisk"},{"not_picked":["Empty Cage","hubris:Stopwatch"],"picked":"hubris:Backtick"},{"not_picked":["Honey Jar","ReplayTheSpireMod:SealedPack"],"picked":"hubris:ScarierMask"}],"items_purged_floors":[37],"is_endless":false,"potions_floor_spawned":[2,5,9,15,16,19,23,25,26,33,40,43,44],"ascension_level":2}}