{"host":"8is2j71l4wmybkoi","time":1612868558,"event":{"mods":["AchievementEnabler","BaseMod","Colored Map","Minty Spire (QoL Compilation)","Rare Cards Sparkle","StSLib","SuperFastMode"],"gold_per_floor":[109,109,109,119,132,132,145,145,171,183,197,210,59,94,94,170,170,182,182,198,210,230,230,263,277,277,303,323,323,238,272,272,272,272],"floor_reached":33,"language":"KOR","playtime":1267,"items_purged":["Strike_B"],"score":544,"play_id":"145d95fc-55e9-4374-8665-4004a241e27f","local_time":"20210209200238","is_ascension_mode":true,"campfire_choices":[{"data":"Chaos","floor":6.0,"key":"SMITH"},{"data":"Static Discharge","floor":8.0,"key":"SMITH"},{"data":"Dualcast","floor":15,"key":"SMITH"},{"floor":23,"key":"REST"},{"floor":29,"key":"REST"},{"floor":32,"key":"REST"}],"circlet_count":0,"master_deck":["AscendersBane","Defend_B","Defend_B","Zap","Dualcast+1","Static Discharge+1","Sweeping Beam","Chaos+1","Conserve Battery","Chill","Barrage","Capacitor","Reinforced Body","Fission","Rainbow+1","Static Discharge+1","Tempest+1","Go for the Eyes","Chaos+1","Turbo","Coolheaded","Glacier+1","BootSequence+1","Consume"],"relics":["Cracked Core","NeowsBlessing","Bag of Preparation","Astrolabe","Toy Ornithopter","Gambling Chip","Oddly Smooth Stone","Eternal Feather","Matryoshka"],"acts_visited":["Exordium","TheCity"],"potions_floor_usage":[14,16,21,24,27,31,33],"damage_taken":[{"damage":0.0,"enemies":"2 Louse","floor":1.0,"turns":1.0},{"damage":0.0,"enemies":"Small Slimes","floor":4.0,"turns":1.0},{"damage":0.0,"enemies":"Cultist","floor":5.0,"turns":1.0},{"damage":17.0,"enemies":"Gremlin Gang","floor":7.0,"turns":4.0},{"damage":7.0,"enemies":"Looter","floor":10.0,"turns":3.0},{"damage":5.0,"enemies":"Large Slime","floor":11.0,"turns":5.0},{"damage":1,"enemies":"3 Louse","floor":12,"turns":3},{"damage":18,"enemies":"3 Sentries","floor":14,"turns":5},{"damage":12,"enemies":"The Guardian","floor":16,"turns":10},{"damage":5,"enemies":"Chosen","floor":18,"turns":3},{"damage":2,"enemies":"Spheric Guardian","floor":20,"turns":4},{"damage":8,"enemies":"Shelled Parasite and Fungi","floor":21,"turns":4},{"damage":15,"enemies":"Centurion and Healer","floor":22,"turns":5},{"damage":19,"enemies":"Gremlin Leader","floor":24,"turns":6},{"damage":2,"enemies":"Snake Plant","floor":25,"turns":5},{"damage":12,"enemies":"Slavers","floor":27,"turns":4},{"damage":13,"enemies":"Shelled Parasite and Fungi","floor":28,"turns":4},{"damage":25,"enemies":"Book of Stabbing","floor":31,"turns":6},{"damage":44,"enemies":"Champ","floor":33,"turns":11}],"seed_played":"8602111913103671455","potions_obtained":[{"floor":1.0,"key":"Block Potion"},{"floor":5.0,"key":"BlessingOfTheForge"},{"floor":12,"key":"Explosive Potion"},{"floor":14,"key":"Weak Potion"},{"floor":16,"key":"LiquidBronze"},{"floor":25,"key":"DistilledChaos"},{"floor":28,"key":"EssenceOfSteel"},{"floor":31,"key":"AttackPotion"}],"is_trial":false,"path_per_floor":["M","?","?","M","M","R","M","R","T","M","M","M","$","E","R","B",null,"M","?","M","M","M","R","E","M","T","E","M","R","?","E","R","B"],"character_chosen":"DEFECT","items_purchased":["Capacitor"],"campfire_rested":3,"item_purchase_floors":[13],"current_hp_per_floor":[64,64,64,64,64,64,47,47,47,40,35,34,34,16,16,4,54,49,49,47,39,24,45,26,24,24,17,4,25,25,5,38,0,0],"gold":272,"neow_bonus":"THREE_ENEMY_KILL","is_daily":false,"chose_seed":false,"campfire_upgraded":3,"win_rate":0.0,"timestamp":1612868558,"path_taken":["M","?","?","?","?","R","M","R","T","M","M","M","$","E","R","BOSS","M","?","M","M","M","R","E","?","T","E","M","R","?","E","R","BOSS"],"items_purchased_type":["Card"],"build_version":"2020-12-22","purchased_purges":1,"victory":false,"max_hp_per_floor":[71,71,71,71,71,71,71,71,71,71,71,71,71,71,71,71,71,71,71,71,71,71,71,71,71,71,71,71,71,71,71,71,71,71],"card_choices":[{"not_picked":["Skim","Rebound"],"picked":"Static Discharge","floor":1.0},{"not_picked":["Compile Driver","Stack"],"picked":"Sweeping Beam","floor":4.0},{"not_picked":["Turbo","Storm"],"picked":"Chaos","floor":5.0},{"not_picked":["Beam Cell","Leap"],"picked":"Conserve Battery","floor":7.0},{"not_picked":["Consume","Ball Lightning"],"picked":"Chill","floor":10.0},{"not_picked":["Rebound","Ball Lightning"],"picked":"Barrage","floor":11.0},{"not_picked":["Storm","Redo","Consume"],"picked":"SKIP","floor":12},{"not_picked":["Barrage","Amplify"],"picked":"Reinforced Body","floor":14},{"not_picked":["Meteor Strike","Rainbow"],"picked":"Fission","floor":16},{"not_picked":["Coolheaded","Chill"],"picked":"Go for the Eyes","floor":18},{"not_picked":["Barrage","Go for the Eyes"],"picked":"Turbo","floor":20},{"not_picked":["Redo","Go for the Eyes"],"picked":"Coolheaded","floor":21},{"not_picked":["Rip and Tear","Gash"],"picked":"Glacier+1","floor":22},{"not_picked":["Stack","Hyperbeam","Go for the Eyes"],"picked":"SKIP","floor":24},{"not_picked":["Go for the Eyes","Coolheaded","Sweeping Beam"],"picked":"SKIP","floor":25},{"not_picked":["Doom and Gloom","Reinforced Body","Go for the Eyes"],"picked":"SKIP","floor":27},{"not_picked":["Rebound","Consume"],"picked":"BootSequence+1","floor":28},{"not_picked":["Thunder Strike","Genetic Algorithm"],"picked":"Consume","floor":31}],"player_experience":1083688,"relics_obtained":[{"floor":14,"key":"Bag of Preparation"},{"floor":24,"key":"Toy Ornithopter"},{"floor":26,"key":"Gambling Chip"},{"floor":27,"key":"Oddly Smooth Stone"},{"floor":31,"key":"Matryoshka"}],"event_choices":[{"cards_removed":["Strike_B"],"damage_healed":0.0,"max_hp_gain":0.0,"max_hp_loss":0.0,"gold_gain":0.0,"event_name":"Living Wall","player_choice":"Forget","floor":2.0,"gold_loss":0.0,"damage_taken":0.0},{"cards_removed":["Defend_B"],"damage_healed":0.0,"max_hp_gain":0.0,"max_hp_loss":0.0,"gold_gain":0.0,"event_name":"Bonfire Elementals","player_choice":"Offered Basic","floor":3.0,"gold_loss":0.0,"damage_taken":0.0},{"damage_healed":0,"gold_gain":0,"player_choice":"Copied","damage_taken":0,"max_hp_gain":0,"max_hp_loss":0,"event_name":"Duplicator","floor":19,"gold_loss":0,"cards_obtained":["Chaos"]},{"damage_healed":0,"gold_gain":0,"player_choice":"Obtained Relic","damage_taken":0,"relics_obtained":["Eternal Feather"],"max_hp_gain":0,"max_hp_loss":0,"event_name":"Addict","floor":30,"gold_loss":85}],"is_beta":false,"boss_relics":[{"not_picked":["Cursed Key","Nuclear Battery"],"picked":"Astrolabe"}],"items_purged_floors":[13],"is_endless":false,"potions_floor_spawned":[1,5,12,14,16,18,25,28,31],"killed_by":"Champ","ascension_level":15}}