{"host":"94llj6gteolxpmtb","time":1612841596,"event":{"mods":["BaseMod","Better Match","Better Note","BetterRewards","Colored Powertips","Googly Eyes","Minty Spire (QoL Compilation)","Quick Restart","StSLib"],"gold_per_floor":[113,16,16,16,26,26,56,69,69,95,95,112,129,9,9,111,111,129,29,29,29,29,64,84,99,126,126,144,163,163,180,180,180,180],"floor_reached":33,"language":"ENG","playtime":1822,"items_purged":["Strike_B","Defend_B"],"score":402,"play_id":"bd11956d-072f-40b4-bd9f-23cd025e838b","local_time":"20210208203316","is_ascension_mode":false,"campfire_choices":[{"floor":6,"key":"REST"},{"data":"Beam Cell","floor":11,"key":"SMITH"},{"data":"Gash","floor":15,"key":"SMITH"},{"floor":27,"key":"REST"},{"floor":32,"key":"REST"}],"circlet_count":0,"master_deck":["Strike_B","Strike_B","Defend_B+1","Defend_B","Defend_B","Zap+1","Dualcast+1","Steam+1","Bandage Up","Go for the Eyes","Chill","Beam Cell+1","Sweeping Beam","Gash+1","Reboot","CurseOfTheBell","Gash","Double Energy+1","Gash","Gash+1","Sweeping Beam+1"],"relics":["Cracked Core","NeowsBlessing","Meat on the Bone","War Paint","PreservedInsect","Frozen Egg 2","Bronze Scales","Gremlin Horn","Gambling Chip","Nloth\u0027s Gift","Art of War","Omamori"],"acts_visited":["Exordium","TheCity"],"potions_floor_usage":[10,10,16,16,16,16,23,23,25,33],"damage_taken":[{"damage":0,"enemies":"Small Slimes","floor":1,"turns":1},{"damage":0,"enemies":"Jaw Worm","floor":5,"turns":1},{"damage":0,"enemies":"Lagavulin","floor":7,"turns":2},{"damage":0,"enemies":"Cultist","floor":8,"turns":3},{"damage":0,"enemies":"3 Sentries","floor":10,"turns":6},{"damage":16,"enemies":"Exordium Wildlife","floor":12,"turns":6},{"damage":0,"enemies":"Exordium Thugs","floor":13,"turns":3},{"damage":0,"enemies":"Slime Boss","floor":16,"turns":8},{"damage":6,"enemies":"2 Thieves","floor":18,"turns":5},{"damage":21,"enemies":"Book of Stabbing","floor":23,"turns":3},{"damage":0,"enemies":"Chosen","floor":24,"turns":4},{"damage":31,"enemies":"Snake Plant","floor":25,"turns":4},{"damage":31,"enemies":"Shelled Parasite and Fungi","floor":28,"turns":5},{"damage":8,"enemies":"Sentry and Sphere","floor":29,"turns":5},{"damage":19,"enemies":"Cultist and Chosen","floor":31,"turns":5},{"damage":49,"enemies":"Champ","floor":33,"turns":7}],"seed_played":"474011637783398260","potions_obtained":[{"floor":1,"key":"PowerPotion"},{"floor":5,"key":"AttackPotion"},{"floor":10,"key":"EntropicBrew"},{"floor":16,"key":"FocusPotion"},{"floor":18,"key":"Strength Potion"},{"floor":23,"key":"Regen Potion"},{"floor":31,"key":"SteroidPotion"}],"is_trial":false,"path_per_floor":["M","$","?","?","M","R","E","M","T","E","R","M","M","$","R","B",null,"M","$","?","?","$","E","M","M","T","R","M","M","?","M","R","B"],"character_chosen":"DEFECT","items_purchased":["Bandage Up","Gash"],"campfire_rested":3,"item_purchase_floors":[2,14],"current_hp_per_floor":[75,75,57,42,42,64,68,72,72,75,75,63,63,63,63,67,75,73,73,73,73,73,52,56,38,38,60,45,41,41,38,60,15,15],"gold":180,"neow_bonus":"THREE_ENEMY_KILL","is_daily":false,"chose_seed":false,"campfire_upgraded":2,"win_rate":0.0,"timestamp":1612841596,"path_taken":["M","$","?","?","M","R","E","M","T","E","R","M","M","?","R","BOSS","M","$","?","?","?","E","M","M","T","R","M","?","?","?","R","BOSS"],"items_purchased_type":["Card","Card"],"build_version":"2020-12-22","purchased_purges":2,"victory":false,"max_hp_per_floor":[75,75,75,75,75,75,75,75,75,75,75,75,75,75,75,75,75,75,75,75,75,75,75,75,75,75,75,75,75,75,75,75,75,75],"card_choices":[{"not_picked":["Doom and Gloom","Blizzard"],"picked":"Steam","floor":1},{"not_picked":["Loop","Capacitor"],"picked":"Go for the Eyes","floor":5},{"not_picked":["Ball Lightning","Streamline"],"picked":"Chill","floor":7},{"not_picked":["Undo","Tempest"],"picked":"Beam Cell","floor":8},{"not_picked":["Redo","Capacitor+1","Meteor Strike"],"picked":"SKIP","floor":10},{"not_picked":["Glacier","Stack"],"picked":"Sweeping Beam","floor":12},{"not_picked":["Defragment+1","Hologram","Buffer+1"],"picked":"SKIP","floor":13},{"not_picked":["Seek","Rainbow"],"picked":"Reboot","floor":16},{"not_picked":["Melter","Defragment+1"],"picked":"Gash","floor":18},{"not_picked":["Turbo","Hologram"],"picked":"Double Energy+1","floor":23},{"not_picked":["Meteor Strike","Steam Power","Stack"],"picked":"SKIP","floor":24},{"not_picked":["Turbo","Multi-Cast"],"picked":"Gash","floor":25},{"not_picked":["Rebound","Hello World+1"],"picked":"Gash+1","floor":28},{"not_picked":["Rip and Tear+1","Conserve Battery","Coolheaded"],"picked":"SKIP","floor":29},{"not_picked":["Genetic Algorithm","Leap"],"picked":"Sweeping Beam+1","floor":31}],"player_experience":57460,"relics_obtained":[{"floor":7,"key":"War Paint"},{"floor":9,"key":"PreservedInsect"},{"floor":10,"key":"Frozen Egg 2"},{"floor":17,"key":"Bronze Scales"},{"floor":17,"key":"Gremlin Horn"},{"floor":17,"key":"Gambling Chip"},{"floor":23,"key":"Art of War"},{"floor":26,"key":"Omamori"}],"event_choices":[{"damage_healed":0,"gold_gain":0,"player_choice":"Success","damage_taken":18,"relics_obtained":["Meat on the Bone"],"max_hp_gain":0,"max_hp_loss":0,"event_name":"Scrap Ooze","floor":3,"gold_loss":0},{"damage_healed":0,"gold_gain":0,"player_choice":"Entered Light","damage_taken":15,"max_hp_gain":0,"max_hp_loss":0,"event_name":"Shining Light","floor":4,"gold_loss":0,"cards_upgraded":["Defend_B","Zap"]},{"damage_healed":0,"gold_gain":0,"player_choice":"Traded Relic","damage_taken":0,"relics_obtained":["Nloth\u0027s Gift"],"max_hp_gain":0,"max_hp_loss":0,"event_name":"N\u0027loth","floor":20,"relics_lost":["Calling Bell"],"gold_loss":0},{"cards_removed":["Strike_B"],"damage_healed":0,"gold_gain":0,"player_choice":"Give","damage_taken":0,"max_hp_gain":0,"max_hp_loss":0,"event_name":"betterNote:BetterNote","floor":21,"gold_loss":0,"cards_obtained":["Strike_G"]},{"cards_removed":["Strike_B"],"damage_healed":0,"gold_gain":0,"player_choice":"Purged","damage_taken":0,"max_hp_gain":0,"max_hp_loss":0,"event_name":"Purifier","floor":30,"gold_loss":0}],"is_beta":false,"boss_relics":[{"not_picked":["Philosopher\u0027s Stone","FrozenCore"],"picked":"Calling Bell"}],"items_purged_floors":[14,19],"is_endless":false,"potions_floor_spawned":[1,5,10,16,18,23,31],"killed_by":"Champ","ascension_level":0}}