{"host":"aelxjre69umlx7r4","time":1612831467,"event":{"mods":["AchievementEnabler","BaseMod","Colored Map","DeckTracker","Highlight Path","Keyboard Shortcuts","Minty Spire (QoL Compilation)","Permanent Neow","SuperFastMode"],"gold_per_floor":[117,117,192,211,100,100,115,150,175,201,214,389,389,407,407,509,509,519,538,538,551,562,594,594,594,594,594,262,262,297,316,316,412,412,425,300,300,311,326,355,355,366,392,392,425,441,138,165,165,165,165,165,89,124,124,124],"floor_reached":55,"language":"KOR","playtime":2821,"items_purged":["Regret","Strike_B","Doubt","Defend_B"],"score":897,"play_id":"e692fcf5-82aa-4371-9340-631947ffc746","local_time":"20210209094427","is_ascension_mode":true,"campfire_choices":[{"data":"Static Discharge","floor":6.0,"key":"SMITH"},{"data":"Double Energy","floor":13.0,"key":"SMITH"},{"data":"Biased Cognition","floor":15.0,"key":"SMITH"},{"data":"Consume","floor":24.0,"key":"SMITH"},{"data":"Lockon","floor":27.0,"key":"SMITH"},{"floor":29.0,"key":"REST"},{"floor":32.0,"key":"REST"},{"data":"Coolheaded","floor":44.0,"key":"SMITH"},{"floor":49.0,"key":"RECALL"},{"data":"Static Discharge","floor":52.0,"key":"SMITH"}],"circlet_count":0,"master_deck":["Strike_B","Defend_B+1","Defend_B","Defend_B","Zap","Dualcast+1","Chill","Static Discharge+1","Consume+1","Hologram","Coolheaded+1","Double Energy+1","Biased Cognition+1","Machine Learning","Ball Lightning+1","Force Field","Lockon+1","Capacitor","Amplify","Skim+1","Self Repair","Static Discharge+1","Conserve Battery","Defragment+1","Thunder Strike","Multi-Cast"],"relics":["Cracked Core","FossilizedHelix","Art of War","Happy Flower","Blood Vial","Juzu Bracelet","Gremlin Horn","PreservedInsect","Bronze Scales","Runic Pyramid","Lizard Tail","Cables","Potion Belt","Bottled Flame","War Paint"],"acts_visited":["Exordium","TheCity","TheBeyond","TheEnding"],"potions_floor_usage":[55,55],"damage_taken":[{"damage":1.0,"enemies":"Jaw Worm","floor":1.0,"turns":3.0},{"damage":11.0,"enemies":"Small Slimes","floor":4.0,"turns":4.0},{"damage":0.0,"enemies":"Cultist","floor":7.0,"turns":3.0},{"damage":15.0,"enemies":"3 Sentries","floor":8.0,"turns":9.0},{"damage":0.0,"enemies":"Lagavulin","floor":10.0,"turns":8.0},{"damage":1.0,"enemies":"Red Slaver","floor":11.0,"turns":3.0},{"damage":0.0,"enemies":"Looter","floor":14.0,"turns":4.0},{"damage":15.0,"enemies":"The Guardian","floor":16.0,"turns":9.0},{"damage":7.0,"enemies":"Spheric Guardian","floor":18.0,"turns":4.0},{"damage":10.0,"enemies":"2 Thieves","floor":19.0,"turns":4.0},{"damage":10.0,"enemies":"Sentry and Sphere","floor":21.0,"turns":4.0},{"damage":0.0,"enemies":"Snecko","floor":22.0,"turns":4.0},{"damage":44.0,"enemies":"Gremlin Leader","floor":23.0,"turns":6.0},{"damage":20.0,"enemies":"Slavers","floor":30.0,"turns":4.0},{"damage":0.0,"enemies":"Centurion and Healer","floor":31.0,"turns":6.0},{"damage":46.0,"enemies":"Automaton","floor":33.0,"turns":7.0},{"damage":7.0,"enemies":"3 Shapes","floor":35.0,"turns":5.0},{"damage":0.0,"enemies":"Orb Walker","floor":38.0,"turns":3.0},{"damage":36.0,"enemies":"4 Shapes","floor":39.0,"turns":4.0},{"damage":5.0,"enemies":"Giant Head","floor":40.0,"turns":7.0},{"damage":16.0,"enemies":"Writhing Mass","floor":42.0,"turns":4.0},{"damage":0.0,"enemies":"Nemesis","floor":45.0,"turns":5.0},{"damage":0.0,"enemies":"Maw","floor":46.0,"turns":6.0},{"damage":0.0,"enemies":"Reptomancer","floor":48.0,"turns":3.0},{"damage":14.0,"enemies":"Time Eater","floor":50.0,"turns":9.0},{"damage":49,"enemies":"Shield and Spear","floor":54,"turns":4},{"damage":99,"enemies":"The Heart","floor":55,"turns":3}],"seed_played":"1156930524199984652","potions_obtained":[{"floor":7.0,"key":"LiquidBronze"},{"floor":8.0,"key":"PotionOfCapacity"},{"floor":11.0,"key":"Energy Potion"},{"floor":16.0,"key":"SkillPotion"},{"floor":18.0,"key":"Regen Potion"},{"floor":31.0,"key":"SneckoOil"},{"floor":33.0,"key":"DuplicationPotion"},{"floor":35.0,"key":"Swift Potion"},{"floor":38.0,"key":"LiquidBronze"},{"floor":40.0,"key":"FocusPotion"},{"floor":45.0,"key":"PowerPotion"},{"floor":54,"key":"Strength Potion"}],"is_trial":false,"path_per_floor":["M","?","?","M","$","R","M","E","T","E","M","?","R","M","R","B",null,"M","M","?","M","M","E","R","?","T","R","$","R","E","M","R","B",null,"M","$","?","M","M","E","?","M","T","R","E","M","$","E","R","B",null,"R","$","E","B"],"character_chosen":"DEFECT","items_purchased":["Consume","Capacitor","PreservedInsect","Potion Belt","Thunder Strike"],"campfire_rested":2,"item_purchase_floors":[5,28,28,47,53],"current_hp_per_floor":[74,67,56,45,45,45,45,30,30,30,31,31,31,33,33,20,75,68,60,60,52,63,21,21,21,21,21,21,43,25,27,49,5,75,68,68,68,70,36,33,66,50,50,50,59,66,66,66,66,59,66,66,66,17,0,0],"gold":124,"neow_bonus":"ONE_RARE_RELIC","is_daily":false,"chose_seed":false,"campfire_upgraded":7,"win_rate":0.0,"timestamp":1612831467,"path_taken":["M","?","?","M","$","R","M","E","T","E","M","?","R","M","R","BOSS","M","M","?","M","M","E","R","?","T","R","$","R","E","M","R","BOSS","M","$","?","M","M","E","?","M","T","R","E","M","$","E","R","BOSS","R","$","E","BOSS"],"items_purchased_type":["Card","Card","Relic","Relic","Card"],"build_version":"2020-12-22","purchased_purges":4,"victory":false,"max_hp_per_floor":[75,75,75,75,75,75,75,75,75,75,75,75,75,75,75,75,75,75,75,75,75,75,75,75,75,75,75,75,75,75,75,75,75,75,75,75,75,75,75,75,66,66,66,66,66,66,66,66,66,66,66,66,66,66,66,66],"card_choices":[{"not_picked":["Conserve Battery","Hologram"],"picked":"Chill","floor":1.0},{"not_picked":["Compile Driver","Streamline"],"picked":"Static Discharge","floor":4.0},{"not_picked":["Barrage","Gash"],"picked":"Hologram","floor":7.0},{"not_picked":["Hello World","Recycle"],"picked":"Coolheaded","floor":8.0},{"not_picked":["Beam Cell","Sweeping Beam","Redo"],"picked":"SKIP","floor":10.0},{"not_picked":["Heatsinks","Double Energy","Streamline"],"picked":"SKIP","floor":11.0},{"not_picked":["Heatsinks","Streamline"],"picked":"Double Energy","floor":11.0},{"not_picked":["Barrage","Sweeping Beam"],"picked":"Biased Cognition","floor":14.0},{"not_picked":["Hyperbeam","All For One"],"picked":"Machine Learning","floor":16.0},{"not_picked":["Gash","Compile Driver"],"picked":"Ball Lightning+1","floor":18.0},{"not_picked":["Go for the Eyes","Streamline"],"picked":"Force Field","floor":19.0},{"not_picked":["FTL","Gash"],"picked":"Lockon","floor":21.0},{"not_picked":["Ball Lightning","Streamline+1","Conserve Battery"],"picked":"SKIP","floor":22.0},{"not_picked":["Turbo","Streamline","Steam"],"picked":"SKIP","floor":23.0},{"not_picked":["Undo","Machine Learning","Aggregate+1"],"picked":"SKIP","floor":30.0},{"not_picked":["Chill","Rebound","Steam"],"picked":"SKIP","floor":31.0},{"not_picked":["Rainbow","Hyperbeam"],"picked":"Amplify","floor":33.0},{"not_picked":["Reinforced Body","Chill"],"picked":"Skim","floor":35.0},{"not_picked":["Cold Snap","Stack+1","Aggregate+1"],"picked":"SKIP","floor":38.0},{"not_picked":["Go for the Eyes+1","Compile Driver","Cold Snap+1"],"picked":"SKIP","floor":39.0},{"not_picked":["Compile Driver+1","Skim","Cold Snap"],"picked":"SKIP","floor":40.0},{"not_picked":["Coolheaded","Rip and Tear"],"picked":"Self Repair","floor":42.0},{"not_picked":["Undo","Stack"],"picked":"Static Discharge","floor":45.0},{"not_picked":["Hello World","Lockon"],"picked":"Conserve Battery","floor":46.0},{"not_picked":["Coolheaded+1","Hello World+1"],"picked":"Defragment+1","floor":48.0},{"not_picked":["Rainbow","Conserve Battery+1"],"picked":"Multi-Cast","floor":54}],"player_experience":425095,"relics_obtained":[{"floor":8.0,"key":"Art of War"},{"floor":9.0,"key":"Happy Flower"},{"floor":10.0,"key":"Blood Vial"},{"floor":23.0,"key":"Juzu Bracelet"},{"floor":26.0,"key":"Gremlin Horn"},{"floor":30.0,"key":"Bronze Scales"},{"floor":40.0,"key":"Lizard Tail"},{"floor":45.0,"key":"Cables"},{"floor":48.0,"key":"Bottled Flame"},{"floor":54,"key":"War Paint"}],"event_choices":[{"cards_removed":["Strike_B"],"damage_healed":0.0,"max_hp_gain":0.0,"max_hp_loss":0.0,"gold_gain":0.0,"event_name":"Golden Wing","player_choice":"Card Removal","floor":2.0,"gold_loss":0.0,"damage_taken":7.0},{"damage_healed":0.0,"max_hp_gain":0.0,"max_hp_loss":0.0,"gold_gain":75.0,"event_name":"World of Goop","player_choice":"Gather Gold","floor":3.0,"gold_loss":0.0,"damage_taken":11.0},{"damage_healed":0.0,"max_hp_gain":0.0,"max_hp_loss":0.0,"gold_gain":175.0,"event_name":"Liars Game","player_choice":"AGREE","floor":12.0,"gold_loss":0.0,"damage_taken":0.0,"cards_obtained":["Doubt"]},{"damage_healed":0.0,"max_hp_gain":0.0,"max_hp_loss":0.0,"gold_gain":0.0,"event_name":"Upgrade Shrine","player_choice":"Upgraded","floor":20.0,"gold_loss":0.0,"damage_taken":0.0,"cards_upgraded":["Dualcast"]},{"cards_removed":["Strike_B"],"damage_healed":0.0,"max_hp_gain":0.0,"max_hp_loss":0.0,"gold_gain":0.0,"event_name":"Purifier","player_choice":"Purged","floor":25.0,"gold_loss":0.0,"damage_taken":0.0},{"damage_healed":0.0,"max_hp_gain":0.0,"max_hp_loss":0.0,"gold_gain":0.0,"event_name":"Tomb of Lord Red Mask","player_choice":"Ignored","floor":37.0,"gold_loss":0.0,"damage_taken":0.0},{"damage_healed":66.0,"max_hp_gain":0.0,"max_hp_loss":9.0,"gold_gain":0.0,"event_name":"The Moai Head","player_choice":"Heal","floor":41.0,"gold_loss":0.0,"damage_taken":0.0}],"is_beta":false,"boss_relics":[{"not_picked":["Fusion Hammer","Runic Dome","Snecko Eye"]},{"not_picked":["Philosopher\u0027s Stone","Nuclear Battery"],"picked":"Runic Pyramid"}],"items_purged_floors":[5,28,36,47],"is_endless":false,"potions_floor_spawned":[7,8,11,16,18,31,33,35,38,40,45,54],"killed_by":"The Heart","ascension_level":1}}