{"host":"bgyhjzqafgkxdxsh","time":1612865367,"event":{"mods":["BaseMod","Colored Map","Minty Spire (QoL Compilation)","Relic Stats","StSLib","everything is the same but u backflip on backflip"],"gold_per_floor":[111,111,131,131,141,175,175,192,218,218,318,352,352,384,384,482,482,492,512,529,549,549,583,583,601,601,632,632,35,35,35],"floor_reached":30,"language":"ENG","playtime":1024,"items_purged":["Strike_R"],"score":346,"play_id":"b77dacab-2162-4ce3-a3e0-578bedc01754","local_time":"20210209200927","is_ascension_mode":true,"campfire_choices":[{"data":"Bash","floor":7,"key":"SMITH"},{"data":"Sword Boomerang","floor":10,"key":"SMITH"},{"data":"Spot Weakness","floor":13,"key":"SMITH"},{"data":"Ghostly Armor","floor":15,"key":"SMITH"},{"data":"Sword Boomerang","floor":28,"key":"SMITH"}],"circlet_count":0,"master_deck":["Strike_R","Strike_R","Strike_R","Strike_R","Defend_R","Defend_R","Defend_R","Defend_R","Bash+1","Armaments+1","Thunderclap","Ghostly Armor+1","Spot Weakness+1","Sword Boomerang+1","Cleave","Limit Break","Iron Wave","Seeing Red+1","Sword Boomerang+1","Battle Trance","Spot Weakness+1","Metallicize"],"relics":["Black Blood","NeowsBlessing","Tiny Chest","Bag of Marbles","Toy Ornithopter","Paper Frog","Oddly Smooth Stone","Bronze Scales","StrikeDummy","Kunai","Calipers"],"acts_visited":["Exordium","TheCity"],"potions_floor_usage":[14,14,18,21,23,30],"damage_taken":[{"damage":0.0,"enemies":"Jaw Worm","floor":1.0,"turns":1.0},{"damage":0.0,"enemies":"2 Louse","floor":3.0,"turns":1.0},{"damage":0.0,"enemies":"Cultist","floor":5.0,"turns":1.0},{"damage":21,"enemies":"Lagavulin","floor":6,"turns":8},{"damage":8,"enemies":"Blue Slaver","floor":8,"turns":4},{"damage":37,"enemies":"3 Sentries","floor":12,"turns":7},{"damage":12,"enemies":"Gremlin Nob","floor":14,"turns":4},{"damage":34,"enemies":"Hexaghost","floor":16,"turns":9},{"damage":23,"enemies":"2 Thieves","floor":18,"turns":4},{"damage":13,"enemies":"Shell Parasite","floor":19,"turns":4},{"damage":23,"enemies":"3 Cultists","floor":20,"turns":5},{"damage":27,"enemies":"Shelled Parasite and Fungi","floor":21,"turns":7},{"damage":15,"enemies":"Slavers","floor":23,"turns":3},{"damage":23,"enemies":"Centurion and Healer","floor":25,"turns":6},{"damage":23,"enemies":"Book of Stabbing","floor":27,"turns":3},{"damage":38,"enemies":"Gremlin Leader","floor":30,"turns":4}],"seed_played":"-7648264492385041169","potions_obtained":[{"floor":3.0,"key":"EssenceOfSteel"},{"floor":5.0,"key":"LiquidBronze"},{"floor":16,"key":"LiquidMemories"},{"floor":18,"key":"SteroidPotion"},{"floor":19,"key":"Block Potion"}],"is_trial":false,"path_per_floor":["M","?","M","?","M","E","R","M","T","R","?","E","R","E","R","B",null,"M","M","M","M","?","E","T","M","T","E","R","$","E"],"character_chosen":"IRONCLAD","items_purchased":["Calipers","CultistPotion","Metallicize","SkillPotion"],"campfire_rested":0,"item_purchase_floors":[29,29,29,29],"current_hp_per_floor":[80,80,80,80,80,65,65,63,63,63,63,32,32,36,36,8,80,69,68,57,47,47,49,49,38,38,27,27,27,0,0],"gold":35,"neow_bonus":"THREE_ENEMY_KILL","is_daily":false,"chose_seed":false,"campfire_upgraded":5,"win_rate":0.0,"timestamp":1612865367,"path_taken":["M","?","M","?","?","E","R","M","T","R","?","E","R","E","R","BOSS","M","?","M","M","?","E","?","M","T","E","R","$","E"],"items_purchased_type":["Relic","Potion","Card","Potion"],"build_version":"2020-12-22","purchased_purges":1,"victory":false,"max_hp_per_floor":[80,80,80,80,80,80,80,80,80,80,80,80,80,80,80,80,80,80,80,80,80,80,80,80,80,80,80,80,80,80,80],"relic_stats":{"counters":[16,71],"Bronze Scales":[38],"Black Blood":114,"Tiny Chest":1,"Kunai":[1],"obtain_stats":[{"Calipers":29,"NeowsBlessing":0,"Bronze Scales":24,"Black Blood":17,"Oddly Smooth Stone":23,"Tiny Chest":6,"Bag of Marbles":9,"Kunai":27,"StrikeDummy":26,"Burning Blood":0,"Toy Ornithopter":12,"Paper Frog":14},{"Calipers":15,"NeowsBlessing":0,"Bronze Scales":13,"Black Blood":8,"Oddly Smooth Stone":13,"Tiny Chest":4,"Bag of Marbles":5,"Kunai":15,"StrikeDummy":14,"Burning Blood":0,"Toy Ornithopter":6,"Paper Frog":7},{"Calipers":67,"NeowsBlessing":0,"Bronze Scales":58,"Black Blood":35,"Oddly Smooth Stone":58,"Tiny Chest":11,"Bag of Marbles":15,"Kunai":67,"StrikeDummy":64,"Burning Blood":0,"Toy Ornithopter":22,"Paper Frog":26}],"Toy Ornithopter":25},"card_choices":[{"not_picked":["Cleave","Reckless Charge"],"picked":"Armaments","floor":1.0},{"not_picked":["Armaments","Perfected Strike"],"picked":"Thunderclap","floor":3.0},{"not_picked":["Rampage","Thunderclap"],"picked":"Ghostly Armor","floor":5.0},{"not_picked":["Infernal Blade","Rampage"],"picked":"Spot Weakness","floor":6},{"not_picked":["Twin Strike","Flex"],"picked":"Sword Boomerang","floor":8},{"not_picked":["Combust","Armaments"],"picked":"Cleave","floor":12},{"not_picked":["Ghostly Armor","Evolve","Brutality"],"picked":"SKIP","floor":14},{"not_picked":["Corruption","Impervious"],"picked":"Limit Break","floor":16},{"not_picked":["Twin Strike","Pommel Strike","Evolve+1"],"picked":"SKIP","floor":18},{"not_picked":["Dropkick","Rampage"],"picked":"Iron Wave","floor":19},{"not_picked":["Flame Barrier","Bloodletting"],"picked":"Seeing Red+1","floor":20},{"not_picked":["Twin Strike+1","Headbutt"],"picked":"Sword Boomerang","floor":21},{"not_picked":["Pommel Strike+1","Clash"],"picked":"Spot Weakness+1","floor":23},{"not_picked":["Feel No Pain","Dark Embrace","Clothesline"],"picked":"SKIP","floor":25},{"not_picked":["Carnage+1","Shockwave","Body Slam"],"picked":"SKIP","floor":27}],"player_experience":494778,"relics_obtained":[{"floor":6,"key":"Tiny Chest"},{"floor":9,"key":"Bag of Marbles"},{"floor":12,"key":"Toy Ornithopter"},{"floor":14,"key":"Paper Frog"},{"floor":23,"key":"Oddly Smooth Stone"},{"floor":24,"key":"Bronze Scales"},{"floor":26,"key":"StrikeDummy"},{"floor":27,"key":"Kunai"}],"event_choices":[{"damage_healed":0.0,"max_hp_gain":0.0,"max_hp_loss":0.0,"gold_gain":0.0,"event_name":"Living Wall","player_choice":"Grow","floor":2.0,"gold_loss":0.0,"damage_taken":0.0,"cards_upgraded":["Armaments"]},{"damage_healed":0.0,"max_hp_gain":0.0,"max_hp_loss":0.0,"gold_gain":0.0,"event_name":"Liars Game","player_choice":"Ignored","floor":4.0,"gold_loss":0.0,"damage_taken":0.0},{"damage_healed":0,"gold_gain":100,"player_choice":"Gold","damage_taken":0,"max_hp_gain":0,"max_hp_loss":0,"event_name":"Wheel of Change","floor":11,"gold_loss":0},{"damage_healed":0,"gold_gain":0,"player_choice":"Read","damage_taken":0,"max_hp_gain":0,"max_hp_loss":0,"event_name":"The Library","floor":22,"gold_loss":0,"cards_obtained":["Battle Trance"]}],"is_beta":false,"boss_relics":[{"not_picked":["Velvet Choker","Fusion Hammer"],"picked":"Black Blood"}],"items_purged_floors":[29],"is_endless":false,"potions_floor_spawned":[3,5,16,18,19],"killed_by":"Gremlin Leader","ascension_level":4}}