{"host":"tq99ucv8ezzqzioe","time":1612835477,"event":{"mods":["BaseMod","Colored Map","Downfall","Highlight Path","Minty Spire (QoL Compilation)","StSLib"],"gold_per_floor":[115,115,95,20,32,63,79,114,141,151,177,201,212,11,11,11,11],"floor_reached":16,"language":"ENG","playtime":1152,"items_purged":["Strike_B"],"score":203,"play_id":"db8cd999-5e96-43dc-9afb-dea24ae31c48","local_time":"20210208205117","is_ascension_mode":true,"campfire_choices":[{"floor":15,"key":"RECALL"}],"circlet_count":0,"master_deck":["Strike_B+1","Strike_B+1","Strike_B","Defend_B","Defend_B","Defend_B","Defend_B","Zap","Dualcast","Seek","Sweeping Beam","Melter","Ball Lightning","Lockon","Undo","Thunder Strike","Leap","Electrodynamics","Cold Snap","Genetic Algorithm"],"relics":["Cracked Core","Pen Nib","Whetstone","Tiny Chest","Peace Pipe"],"acts_visited":["Exordium"],"potions_floor_usage":[6,6,8,11,16],"damage_taken":[{"damage":7,"enemies":"Jaw Worm","floor":1,"turns":3},{"damage":12,"enemies":"2 Louse","floor":5,"turns":3},{"damage":0,"enemies":"Gremlin Nob","floor":6,"turns":4},{"damage":0,"enemies":"Cultist","floor":7,"turns":2},{"damage":19,"enemies":"3 Sentries","floor":8,"turns":5},{"damage":15,"enemies":"Exordium Thugs","floor":10,"turns":3},{"damage":1,"enemies":"Gremlin Nob","floor":11,"turns":3},{"damage":0,"enemies":"Large Slime","floor":13,"turns":3},{"damage":17,"enemies":"Hexaghost","floor":16,"turns":9}],"seed_played":"8840801279200419780","potions_obtained":[{"floor":1,"key":"Energy Potion"},{"floor":3,"key":"PowerPotion"},{"floor":5,"key":"DuplicationPotion"},{"floor":7,"key":"BlessingOfTheForge"},{"floor":13,"key":"sneckomod:MuddlingPotion"}],"is_trial":false,"path_per_floor":["M","?","?","$","M","E","M","E","T","M","E","T","M","$","R","B"],"character_chosen":"DEFECT","items_purchased":["Melter","Cold Snap","Genetic Algorithm"],"campfire_rested":0,"item_purchase_floors":[4,14,14],"current_hp_per_floor":[61,61,61,61,49,49,49,30,30,15,14,14,14,14,14,0,0],"gold":11,"neow_bonus":"ONE_RANDOM_RARE_CARD","is_daily":false,"chose_seed":false,"campfire_upgraded":0,"win_rate":0.0,"timestamp":1612835477,"path_taken":["M","?","?","$","M","E","M","E","T","?","E","?","M","$","R","BOSS"],"items_purchased_type":["Card","Card","Card"],"build_version":"2020-12-22","purchased_purges":1,"victory":false,"max_hp_per_floor":[75,75,75,75,75,75,75,75,75,75,75,75,75,75,75,75,75],"card_choices":[{"not_picked":["Recycle","Barrage"],"picked":"Sweeping Beam","floor":1},{"not_picked":["Turbo","Conserve Battery"],"picked":"Ball Lightning","floor":5},{"not_picked":["Beam Cell","Doom and Gloom"],"picked":"Lockon","floor":6},{"not_picked":["Streamline","Coolheaded"],"picked":"Undo","floor":7},{"not_picked":["Rebound","Compile Driver"],"picked":"Thunder Strike","floor":8},{"not_picked":["Steam","Rebound"],"picked":"Leap","floor":10},{"not_picked":["Conserve Battery","Redo"],"picked":"Electrodynamics","floor":11},{"not_picked":["Streamline","Steam","Gash"],"picked":"SKIP","floor":13}],"player_experience":930778,"relics_obtained":[{"floor":6,"key":"Pen Nib"},{"floor":8,"key":"Whetstone"},{"floor":9,"key":"Tiny Chest"},{"floor":11,"key":"Peace Pipe"}],"event_choices":[{"damage_healed":0,"gold_gain":0,"player_choice":"Ignored","damage_taken":0,"max_hp_gain":0,"max_hp_loss":0,"event_name":"Liars Game","floor":2,"gold_loss":0},{"damage_healed":0,"gold_gain":0,"player_choice":"Bought 1 Potion","damage_taken":0,"max_hp_gain":0,"max_hp_loss":0,"event_name":"The Woman in Blue","floor":3,"gold_loss":0}],"is_beta":false,"boss_relics":[],"items_purged_floors":[14],"is_endless":false,"potions_floor_spawned":[1,5,7,13],"killed_by":"Hexaghost","ascension_level":8}}