{"host":"z609fbm6pkeriks8","time":1612912806,"event":{"mods":["AchievementEnabler","BaseMod","Colored Map","Colored Powertips","Highlight Path","Minty Spire (QoL Compilation)","StSLib"],"gold_per_floor":[114,114,114,130,130,164,164,185,185,137,178,178,203,227,227,358,358,372,393,407,432,445,485,485,499,499,499,524,524,563,578,578,578,578],"floor_reached":33,"language":"ZHS","playtime":1842,"items_purged":[],"score":326,"play_id":"02f9836a-d4b8-4ace-a514-e80960bfa955","local_time":"20210210072006","is_ascension_mode":false,"campfire_choices":[{"data":"Streamline","floor":7,"key":"SMITH"},{"data":"Rainbow","floor":15,"key":"SMITH"},{"data":"Machine Learning","floor":24,"key":"SMITH"},{"data":"Fission","floor":27,"key":"SMITH"},{"data":"Fusion","floor":29,"key":"SMITH"},{"floor":32,"key":"REST"}],"circlet_count":0,"master_deck":["Strike_B","Strike_B","Strike_B","Defend_B+1","Defend_B","Defend_B","Defend_B","Zap","Dualcast","Ball Lightning","Aggregate+1","Streamline+1","Glacier","Compile Driver","Rainbow+1","Cold Snap","Steam Power","Fission+1","Stack","Barrage","Go for the Eyes+1","Self Repair","Machine Learning+1","Lockon","Fusion+1","Gash+1"],"relics":["Cracked Core","NeowsBlessing","Incense Burner","Golden Idol","Ornamental Fan","War Paint","Darkstone Periapt","Question Card","Sozu","Matryoshka","Tiny Chest","Blood Vial","Girya"],"acts_visited":["Exordium","TheCity"],"potions_floor_usage":[23,23],"damage_taken":[{"damage":0,"enemies":"Jaw Worm","floor":1,"turns":1},{"damage":0,"enemies":"Small Slimes","floor":4,"turns":1},{"damage":0,"enemies":"3 Sentries","floor":6,"turns":1},{"damage":1,"enemies":"Cultist","floor":8,"turns":3},{"damage":5,"enemies":"Gremlin Nob","floor":11,"turns":3},{"damage":4,"enemies":"Blue Slaver","floor":13,"turns":2},{"damage":12,"enemies":"Gremlin Gang","floor":14,"turns":5},{"damage":23,"enemies":"The Guardian","floor":16,"turns":8},{"damage":0,"enemies":"Spheric Guardian","floor":18,"turns":3},{"damage":13,"enemies":"Shell Parasite","floor":19,"turns":4},{"damage":10,"enemies":"Chosen and Byrds","floor":20,"turns":7},{"damage":9,"enemies":"Centurion and Healer","floor":21,"turns":7},{"damage":0,"enemies":"Snecko","floor":22,"turns":5},{"damage":17,"enemies":"Gremlin Leader","floor":23,"turns":8},{"damage":0,"enemies":"Sentry and Sphere","floor":25,"turns":4},{"damage":27,"enemies":"Shelled Parasite and Fungi","floor":28,"turns":6},{"damage":23,"enemies":"Book of Stabbing","floor":30,"turns":6},{"damage":0,"enemies":"Snecko","floor":31,"turns":4},{"damage":60,"enemies":"Collector","floor":33,"turns":17}],"seed_played":"5704077718347711562","potions_obtained":[{"floor":1,"key":"SkillPotion"},{"floor":4,"key":"Strength Potion"},{"floor":16,"key":"SkillPotion"}],"is_trial":false,"path_per_floor":["M","?","?","M","?","E","R","M","T","$","E","?","M","M","R","B",null,"M","M","M","M","M","E","R","M","T","R","M","R","E","M","R","B"],"character_chosen":"DEFECT","items_purchased":["Compile Driver"],"campfire_rested":1,"item_purchase_floors":[10],"current_hp_per_floor":[75,72,54,54,54,54,54,53,53,53,48,48,44,32,32,9,75,75,62,52,43,43,33,33,40,40,40,22,22,8,17,39,0,0],"gold":578,"neow_bonus":"THREE_ENEMY_KILL","is_daily":false,"chose_seed":false,"campfire_upgraded":5,"win_rate":0.0,"timestamp":1612912806,"path_taken":["M","?","?","M","?","E","R","?","T","$","E","?","?","M","R","BOSS","M","M","M","M","M","E","R","M","T","R","M","R","E","M","R","BOSS"],"items_purchased_type":["Card"],"build_version":"2020-12-22","purchased_purges":0,"victory":false,"max_hp_per_floor":[75,75,75,75,75,75,75,75,75,75,75,75,75,75,75,75,75,75,75,75,75,75,75,75,75,75,75,75,75,75,75,75,75,75],"card_choices":[{"not_picked":["BootSequence","Force Field"],"picked":"Ball Lightning","floor":1},{"not_picked":["Ball Lightning","Hologram"],"picked":"Aggregate","floor":4},{"not_picked":["Coolheaded","Conserve Battery"],"picked":"Streamline","floor":6},{"not_picked":["Sweeping Beam","Steam"],"picked":"Glacier","floor":8},{"not_picked":["Aggregate","Streamline"],"picked":"Rainbow","floor":11},{"not_picked":["Leap","Beam Cell","Compile Driver"],"picked":"Cold Snap","floor":13},{"not_picked":["Doom and Gloom","Rip and Tear","Darkness"],"picked":"Steam Power","floor":14},{"not_picked":["Rainbow","Reboot","Seek"],"picked":"Fission","floor":16},{"not_picked":["Melter","Gash+1","Leap"],"picked":"Stack","floor":18},{"not_picked":["Compile Driver+1","Melter+1","Coolheaded"],"picked":"Barrage","floor":19},{"not_picked":["Compile Driver","Cold Snap+1","Chaos","Reboot"],"picked":"SKIP","floor":20},{"not_picked":["Doom and Gloom","White Noise","Stack"],"picked":"Go for the Eyes+1","floor":21},{"not_picked":["Ball Lightning","Barrage+1","Beam Cell"],"picked":"Self Repair","floor":22},{"not_picked":["Biased Cognition","Gash+1","Capacitor"],"picked":"Machine Learning","floor":23},{"not_picked":["Steam","Gash","Compile Driver"],"picked":"Lockon","floor":25},{"not_picked":["Gash","Reprogram+1","Loop"],"picked":"Fusion","floor":28},{"not_picked":["Steam","Barrage","Coolheaded"],"picked":"Gash+1","floor":30},{"not_picked":["Conserve Battery","Gash","Doom and Gloom","Rip and Tear"],"picked":"SKIP","floor":31}],"player_experience":44396,"relics_obtained":[{"floor":6,"key":"War Paint"},{"floor":9,"key":"Darkstone Periapt"},{"floor":11,"key":"Question Card"},{"floor":23,"key":"Matryoshka"},{"floor":26,"key":"Tiny Chest"},{"floor":26,"key":"Blood Vial"},{"floor":30,"key":"Girya"}],"event_choices":[{"damage_healed":0,"gold_gain":0,"player_choice":"Success","damage_taken":3,"relics_obtained":["Incense Burner"],"max_hp_gain":0,"max_hp_loss":0,"event_name":"Scrap Ooze","floor":2,"gold_loss":0},{"damage_healed":0,"gold_gain":0,"player_choice":"Take Damage","damage_taken":18,"relics_obtained":["Golden Idol"],"max_hp_gain":0,"max_hp_loss":0,"event_name":"Golden Idol","floor":3,"gold_loss":0},{"damage_healed":0,"gold_gain":0,"player_choice":"Gave Potion","damage_taken":0,"relics_obtained":["Ornamental Fan"],"max_hp_gain":0,"max_hp_loss":0,"event_name":"WeMeetAgain","floor":5,"gold_loss":0},{"cards_removed":["Strike_B"],"damage_healed":0,"gold_gain":0,"player_choice":"Card Removal","damage_taken":0,"max_hp_gain":0,"max_hp_loss":0,"event_name":"Wheel of Change","floor":12,"gold_loss":0}],"is_beta":false,"boss_relics":[{"not_picked":["Ectoplasm","Black Star"],"picked":"Sozu"}],"items_purged_floors":[],"is_endless":false,"potions_floor_spawned":[1,4,16,19,23,31],"killed_by":"Collector","ascension_level":0}}