{"host":"22ezjknwheybwqtz","time":1612852425,"event":{"mods":["BaseMod","Downfall","Minty Spire (QoL Compilation)","Shop Mod","StSLib","The Necromancer","The Poker Player"],"gold_per_floor":[110,38,53,228,243,243,2,14,14,29,47,47,110,210,210,313,313,325,342,127,146,146,146,162,162,162,182,193,206,206,206,206],"floor_reached":30,"language":"ENG","playtime":994,"items_purged":[],"score":276,"play_id":"cd3d0634-7fec-4fbb-a8bb-5d7a28d9db47","local_time":"20210209143345","is_ascension_mode":false,"metric_token":466,"campfire_choices":[{"data":"PokerPlayerMod:DiamondStrike","floor":6,"key":"SMITH"},{"data":"PokerPlayerMod:Mulligan","floor":12,"key":"SMITH"},{"data":"PokerPlayerMod:TrumpStrike","floor":15,"key":"SMITH"},{"data":"PokerPlayerMod:WildCard","floor":23,"key":"SMITH"},{"data":"PokerPlayerMod:Sharpen","floor":25,"key":"SMITH"}],"circlet_count":0,"master_deck":["PokerPlayerMod:Diamond1","PokerPlayerMod:Diamond2","PokerPlayerMod:Diamond3","PokerPlayerMod:Diamond4","PokerPlayerMod:Diamond5","PokerPlayerMod:Spade1","PokerPlayerMod:Spade2","PokerPlayerMod:Spade3","PokerPlayerMod:Spade4","PokerPlayerMod:Club1","PokerPlayerMod:Club2","PokerPlayerMod:Heart2","PokerPlayerMod:TrumpStrike+1","PokerPlayerMod:BadJoker","PokerPlayerMod:Mulligan+1","PokerPlayerMod:Club4","PokerPlayerMod:Sharpen+1","PokerPlayerMod:DiamondStrike+1","Doubt","PokerPlayerMod:DiamondStrike","PokerPlayerMod:Diamond10+","PanicButton","PokerPlayerMod:Club8","PokerPlayerMod:Diamond2","PokerPlayerMod:Diamond7","PokerPlayerMod:Diamond3","PokerPlayerMod:WildCard+1","PokerPlayerMod:Diamond8","PokerPlayerMod:Heart3","PokerPlayerMod:DiamondStrike","PokerPlayerMod:Duplicate","PokerPlayerMod:CardBurn","PokerPlayerMod:Club3"],"relics":["Coffee Dripper","PreservedInsect","Ornamental Fan","Velvet Choker","Blood Vial","Mango","Turnip"],"acts_visited":["Exordium","TheCity"],"potions_floor_usage":[28,28],"damage_taken":[{"damage":0,"enemies":"Jaw Worm","floor":1,"turns":2},{"damage":3,"enemies":"2 Louse","floor":3,"turns":2},{"damage":6,"enemies":"Cultist","floor":5,"turns":3},{"damage":13,"enemies":"Red Slaver","floor":8,"turns":2},{"damage":0,"enemies":"Blue Slaver","floor":10,"turns":2},{"damage":10,"enemies":"Exordium Wildlife","floor":11,"turns":2},{"damage":0,"enemies":"3 Sentries","floor":13,"turns":2},{"damage":0,"enemies":"Slime Boss","floor":16,"turns":3},{"damage":15,"enemies":"2 Thieves","floor":18,"turns":2},{"damage":16,"enemies":"3 Byrds","floor":19,"turns":3},{"damage":6,"enemies":"3 Cultists","floor":21,"turns":3},{"damage":15,"enemies":"Snecko","floor":24,"turns":4},{"damage":24,"enemies":"Centurion and Healer","floor":27,"turns":3},{"damage":0,"enemies":"Shelled Parasite and Fungi","floor":28,"turns":4},{"damage":0,"enemies":"Snake Plant","floor":29,"turns":2},{"damage":20,"enemies":"Centurion and Healer","floor":30,"turns":1}],"seed_played":"-807073018070511367","potions_obtained":[{"floor":1,"key":"SpeedPotion"},{"floor":10,"key":"sneckomod:MuddlingPotion"},{"floor":16,"key":"Block Potion"},{"floor":21,"key":"Weak Potion"},{"floor":29,"key":"Weak Potion"}],"is_trial":false,"path_per_floor":["M","$","M","?","M","R","$","M","T","M","M","R","?","?","R","B",null,"M","M","$","M","?","R","M","R","T","M","M","M","M"],"character_chosen":"THE_POKER_PLAYER","items_purchased":["PokerPlayerMod:Sharpen","PokerPlayerMod:Diamond10+","PanicButton","Blood Vial","PokerPlayerMod:Diamond8"],"campfire_rested":0,"item_purchase_floors":[2,7,7,20,20],"current_hp_per_floor":[52,52,49,49,43,43,43,30,30,30,20,20,22,22,22,22,52,37,21,21,17,31,31,21,21,21,4,9,11,0,0,0],"gold":206,"neow_bonus":"BOSS_RELIC","is_daily":false,"chose_seed":false,"campfire_upgraded":5,"win_rate":0.0,"timestamp":1612852425,"path_taken":["M","$","M","?","M","R","$","M","T","M","M","R","?","?","R","BOSS","M","M","$","M","?","R","M","R","T","M","?","M","M"],"items_purchased_type":["Card","Undefined","Card","Relic","Card"],"build_version":"2020-12-22","purchased_purges":0,"victory":false,"max_hp_per_floor":[52,52,52,52,52,52,52,52,52,52,52,52,52,52,52,52,52,52,52,52,52,66,66,66,66,66,66,66,66,66,66,66],"card_choices":[{"not_picked":["PokerPlayerMod:DartThrow","PokerPlayerMod:HeartStrike"],"picked":"PokerPlayerMod:Club4","floor":1},{"not_picked":["PokerPlayerMod:CardBurn","PokerPlayerMod:ClubDance"],"picked":"PokerPlayerMod:DiamondStrike","floor":3},{"not_picked":["PokerPlayerMod:ClubStrike","PokerPlayerMod:ClubShade"],"picked":"PokerPlayerMod:DiamondStrike","floor":5},{"not_picked":["PokerPlayerMod:Diamond2","PokerPlayerMod:ClubDance"],"picked":"PokerPlayerMod:Club8","floor":8},{"not_picked":["PokerPlayerMod:ClubsClub","PokerPlayerMod:Spade4"],"picked":"PokerPlayerMod:Diamond2","floor":10},{"not_picked":["PokerPlayerMod:Spade5","PokerPlayerMod:Diamond4"],"picked":"PokerPlayerMod:Diamond7","floor":11},{"not_picked":["PokerPlayerMod:CardBurn","PokerPlayerMod:Club3"],"picked":"PokerPlayerMod:Diamond3","floor":13},{"not_picked":["PokerPlayerMod:RoyalStrike","PokerPlayerMod:Spade9"],"picked":"PokerPlayerMod:WildCard","floor":16},{"not_picked":["PokerPlayerMod:Spade1","PokerPlayerMod:Spade3","PokerPlayerMod:Extraction+1"],"picked":"SKIP","floor":18},{"not_picked":["PokerPlayerMod:ClubsClub+1","PokerPlayerMod:Diamond1","PokerPlayerMod:Extraction"],"picked":"SKIP","floor":19},{"not_picked":["PokerPlayerMod:ClubsClub","PokerPlayerMod:Spade2"],"picked":"PokerPlayerMod:Heart3","floor":21},{"not_picked":["PokerPlayerMod:Diamond2","PokerPlayerMod:Diamond4"],"picked":"PokerPlayerMod:DiamondStrike","floor":24},{"not_picked":["PokerPlayerMod:Diamond2","PokerPlayerMod:Spade1"],"picked":"PokerPlayerMod:Duplicate","floor":27},{"not_picked":["PokerPlayerMod:SecondChance","PokerPlayerMod:Diamond4"],"picked":"PokerPlayerMod:CardBurn","floor":28},{"not_picked":["PokerPlayerMod:FillThePot","PokerPlayerMod:MagicTrick+1"],"picked":"PokerPlayerMod:Club3","floor":29}],"player_experience":109010,"relics_obtained":[{"floor":9,"key":"PreservedInsect"},{"floor":13,"key":"Ornamental Fan"},{"floor":26,"key":"Turnip"}],"event_choices":[{"damage_healed":0,"gold_gain":175,"player_choice":"AGREE","damage_taken":0,"max_hp_gain":0,"max_hp_loss":0,"event_name":"Liars Game","floor":4,"gold_loss":0,"cards_obtained":["Doubt"]},{"damage_healed":0,"gold_gain":0,"player_choice":"Searched \u00272\u0027 times","damage_taken":0,"max_hp_gain":0,"max_hp_loss":0,"event_name":"Dead Adventurer","floor":13,"gold_loss":0},{"damage_healed":0,"gold_gain":100,"player_choice":"Pray","damage_taken":0,"max_hp_gain":0,"max_hp_loss":0,"event_name":"Golden Shrine","floor":14,"gold_loss":0},{"damage_healed":0,"gold_gain":0,"player_choice":"Gave Potion","damage_taken":0,"relics_obtained":["Mango"],"max_hp_gain":0,"max_hp_loss":0,"event_name":"WeMeetAgain","floor":22,"gold_loss":0}],"is_beta":false,"boss_relics":[{"not_picked":["Calling Bell","Philosopher\u0027s Stone"],"picked":"Velvet Choker"}],"items_purged_floors":[],"is_endless":false,"potions_floor_spawned":[1,10,16,19,21,29],"killed_by":"Centurion and Healer","ascension_level":0}}