{"host":"j49z5jz0n7e8vjox","time":1612883720,"event":{"mods":["AchievementEnabler","BaseMod","Bestiary","Colored Map","Colored Powertips","DeckTracker","Minty Spire (QoL Compilation)","Permanent Neow","UnlockEverythingMod"],"gold_per_floor":[117,73,92,57,73,73,90,120,169,202,182,192,192,192],"floor_reached":13,"language":"ENG","playtime":4602,"items_purged":[],"score":190,"play_id":"04ac00bb-651e-46e0-b8e7-7fd5dfc8d372","local_time":"20210209091520","is_ascension_mode":true,"campfire_choices":[{"data":"Shockwave","floor":6,"key":"SMITH"}],"circlet_count":0,"master_deck":["AscendersBane","Strike_R","Strike_R","Strike_R","Strike_R","Strike_R","Defend_R","Defend_R","Defend_R","Defend_R","Bash","Evolve","Inflame","Dark Embrace","Shockwave+1","Pommel Strike","Feed","Cleave","True Grit"],"relics":["Burning Blood","Gremlin Horn","MealTicket","Juzu Bracelet"],"acts_visited":["Exordium"],"potions_floor_usage":[5,7,8,10,13,13],"damage_taken":[{"damage":11,"enemies":"Small Slimes","floor":1,"turns":5},{"damage":28,"enemies":"Jaw Worm","floor":3,"turns":6},{"damage":7,"enemies":"Cultist","floor":5,"turns":4},{"damage":8,"enemies":"3 Louse","floor":7,"turns":5},{"damage":43,"enemies":"3 Sentries","floor":8,"turns":10},{"damage":29,"enemies":"Gremlin Nob","floor":10,"turns":4},{"damage":13,"enemies":"2 Fungi Beasts","floor":12,"turns":4},{"damage":15,"enemies":"3 Sentries","floor":13,"turns":4}],"seed_played":"-3642116321251418023","potions_obtained":[{"floor":0,"key":"Strength Potion"},{"floor":0,"key":"Swift Potion"},{"floor":0,"key":"Fruit Juice"},{"floor":5,"key":"BloodPotion"},{"floor":7,"key":"EssenceOfSteel"},{"floor":10,"key":"ElixirPotion"},{"floor":11,"key":"ColorlessPotion"},{"floor":12,"key":"SteroidPotion"}],"is_trial":false,"path_per_floor":["M","$","M","?","M","R","M","E","T","E","?","M","E"],"character_chosen":"IRONCLAD","items_purchased":["Inflame"],"campfire_rested":0,"item_purchase_floors":[2],"current_hp_per_floor":[63,63,41,59,63,63,77,40,40,20,20,13,0,0],"gold":192,"neow_bonus":"THREE_SMALL_POTIONS","is_daily":false,"chose_seed":false,"campfire_upgraded":1,"win_rate":0.0,"timestamp":1612883720,"path_taken":["M","$","M","?","M","R","M","E","T","E","?","M","E"],"items_purchased_type":["Card"],"build_version":"2020-12-22","purchased_purges":0,"victory":false,"max_hp_per_floor":[75,75,75,75,80,80,80,80,80,83,83,83,83,83],"card_choices":[{"not_picked":["Shrug It Off","Anger"],"picked":"Evolve","floor":1},{"not_picked":["Clothesline","Iron Wave"],"picked":"Dark Embrace","floor":3},{"not_picked":["Havoc","Power Through"],"picked":"Shockwave","floor":5},{"not_picked":["Body Slam","Blood for Blood"],"picked":"Pommel Strike","floor":7},{"not_picked":["Whirlwind","Evolve"],"picked":"Feed","floor":8},{"not_picked":["Twin Strike","Havoc"],"picked":"Cleave","floor":10},{"not_picked":["Twin Strike","Heavy Blade"],"picked":"True Grit","floor":12}],"player_experience":836991,"relics_obtained":[{"floor":8,"key":"Gremlin Horn"},{"floor":9,"key":"MealTicket"},{"floor":10,"key":"Juzu Bracelet"}],"event_choices":[{"damage_healed":18,"gold_gain":0,"player_choice":"Healed","damage_taken":0,"max_hp_gain":0,"max_hp_loss":0,"event_name":"The Cleric","floor":4,"gold_loss":35},{"damage_healed":0,"gold_gain":0,"player_choice":"Bought 1 Potion","damage_taken":0,"max_hp_gain":0,"max_hp_loss":0,"event_name":"The Woman in Blue","floor":11,"gold_loss":0}],"is_beta":false,"boss_relics":[],"items_purged_floors":[],"is_endless":false,"potions_floor_spawned":[5,7,10,12],"killed_by":"3 Sentries","ascension_level":20}}