{"host":"8rqsnaeml9gxb0kp","time":1612911384,"event":{"mods":["AchievementEnabler","BaseMod","Dark Map","Minty Spire (QoL Compilation)","Relic Stats","StSLib","slay the spire mod where everything is the same but ironclad has a cowboy hat"],"gold_per_floor":[113,188,201,33,48,48,76,76,122,122,133,133,160,435,435,512,512,524,538,144,163,76,76,110,126,126,152,171,171,171,199,199,275,275,287,299,82,98,112,138,148,175,175,200,200,226,226,243,243,243],"floor_reached":51,"language":"ENG","playtime":3162,"items_purged":["Regret","Strike_R"],"score":1557,"play_id":"8f79e35a-4dc3-4ea8-8728-995ba1e11d8d","local_time":"20210209145624","is_ascension_mode":true,"campfire_choices":[{"floor":6.0,"key":"REST"},{"floor":8.0,"key":"REST"},{"floor":10.0,"key":"REST"},{"floor":15.0,"key":"REST"},{"floor":23.0,"key":"REST"},{"floor":29.0,"key":"REST"},{"floor":32.0,"key":"REST"},{"floor":47.0,"key":"REST"},{"floor":49.0,"key":"REST"}],"circlet_count":0,"master_deck":["AscendersBane","Strike_R","Defend_R","Defend_R","Defend_R","Defend_R","Bash","Clothesline","Anger","Demon Form","Sword Boomerang+1","Twin Strike","Sword Boomerang+1","Whirlwind","Reaper","Twin Strike","Double Tap","Heavy Blade","Whirlwind+1","Reaper","Carnage+1","Flame Barrier","Combust+1","Reaper","Whirlwind","Cleave+1","Rupture","Carnage","Battle Trance+1","Immolate","Corruption","Barricade","Sword Boomerang","Limit Break","Infernal Blade+1","Parasite","Shrug It Off","Offering","Shrug It Off+1","Pommel Strike+1","Ghostly Armor+1"],"relics":["Fusion Hammer","Oddly Smooth Stone","Dream Catcher","MealTicket","Prayer Wheel","Snecko Eye","Regal Pillow","HornCleat","Smiling Mask","PreservedInsect","Art of War","Busted Crown","Bag of Marbles","Ice Cream","Happy Flower","Singing Bowl","Torii","Calipers"],"acts_visited":["Exordium","TheCity","TheBeyond"],"potions_floor_usage":[50,50],"damage_taken":[{"damage":4.0,"enemies":"Small Slimes","floor":1.0,"turns":3.0},{"damage":4.0,"enemies":"Jaw Worm","floor":3.0,"turns":3.0},{"damage":0.0,"enemies":"2 Louse","floor":5.0,"turns":3.0},{"damage":26.0,"enemies":"Gremlin Nob","floor":7.0,"turns":4.0},{"damage":8.0,"enemies":"Exordium Thugs","floor":11.0,"turns":4.0},{"damage":22.0,"enemies":"3 Sentries","floor":13.0,"turns":4.0},{"damage":8.0,"enemies":"Slime Boss","floor":16.0,"turns":8.0},{"damage":18.0,"enemies":"3 Byrds","floor":18.0,"turns":3.0},{"damage":24.0,"enemies":"Shell Parasite","floor":19.0,"turns":3.0},{"damage":24.0,"enemies":"Cultist and Chosen","floor":21.0,"turns":4.0},{"damage":4.0,"enemies":"Gremlin Leader","floor":24.0,"turns":6.0},{"damage":30.0,"enemies":"Snake Plant","floor":25.0,"turns":4.0},{"damage":22.0,"enemies":"Slavers","floor":27.0,"turns":3.0},{"damage":0.0,"enemies":"3 Cultists","floor":28.0,"turns":3.0},{"damage":21.0,"enemies":"Book of Stabbing","floor":31.0,"turns":3.0},{"damage":40.0,"enemies":"Collector","floor":33.0,"turns":7.0},{"damage":18.0,"enemies":"3 Darklings","floor":35.0,"turns":3.0},{"damage":10.0,"enemies":"3 Shapes","floor":36.0,"turns":2.0},{"damage":19.0,"enemies":"3 Darklings","floor":38.0,"turns":2.0},{"damage":19.0,"enemies":"Writhing Mass","floor":39.0,"turns":4.0},{"damage":2.0,"enemies":"Nemesis","floor":40.0,"turns":4.0},{"damage":11.0,"enemies":"Spire Growth","floor":41.0,"turns":3.0},{"damage":5.0,"enemies":"Reptomancer","floor":42.0,"turns":3.0},{"damage":13.0,"enemies":"Mind Bloom Boss Battle","floor":44.0,"turns":6.0},{"damage":30.0,"enemies":"Nemesis","floor":46.0,"turns":5.0},{"damage":30.0,"enemies":"Maw","floor":48.0,"turns":9.0},{"damage":85,"enemies":"Awakened One","floor":50,"turns":9}],"seed_played":"-1725088073749016000","potions_obtained":[{"floor":3.0,"key":"Fire Potion"},{"floor":13.0,"key":"SkillPotion"},{"floor":18.0,"key":"ElixirPotion"},{"floor":19.0,"key":"Regen Potion"},{"floor":27.0,"key":"Swift Potion"},{"floor":33.0,"key":"Block Potion"},{"floor":36.0,"key":"Block Potion"},{"floor":39.0,"key":"BlessingOfTheForge"},{"floor":41.0,"key":"DistilledChaos"},{"floor":48.0,"key":"LiquidMemories"}],"is_trial":false,"path_per_floor":["M","?","M","$","M","R","E","R","T","R","M","?","E","?","R","B",null,"M","M","$","M","$","R","E","M","T","E","M","R","?","E","R","B",null,"M","M","$","M","M","E","M","E","T","?","?","E","R","M","R","B",null],"character_chosen":"IRONCLAD","items_purchased":["Oddly Smooth Stone","Regal Pillow","Reaper","Flame Barrier","Bag of Marbles"],"campfire_rested":9,"item_purchase_floors":[4,20,20,22,37],"current_hp_per_floor":[64,53,49,49,49,71,45,67,67,75,67,44,22,22,44,56,70,62,38,53,41,56,75,75,45,45,35,59,75,75,62,75,63,72,62,64,75,56,49,53,42,55,55,44,44,27,65,47,81,12],"gold":243,"neow_bonus":"BOSS_RELIC","is_daily":false,"chose_seed":false,"campfire_upgraded":0,"win_rate":0.0,"timestamp":1612911384,"path_taken":["M","?","M","$","M","R","E","R","T","R","M","?","E","?","R","BOSS","M","M","$","M","$","R","E","M","T","E","M","R","?","E","R","BOSS","M","M","$","M","M","E","M","E","T","?","?","E","R","M","R","BOSS"],"items_purchased_type":["Relic","Relic","Card","Card","Relic"],"build_version":"2020-12-22","purchased_purges":2,"victory":true,"max_hp_per_floor":[75,75,75,75,75,75,75,75,75,75,75,75,75,75,75,75,75,75,75,75,75,75,75,75,75,75,75,75,75,75,75,75,75,75,75,75,75,75,75,75,75,75,75,77,77,79,79,81,81,81],"relic_stats":{"Regal Pillow":25,"Happy Flower":[9],"Singing Bowl":6,"Torii":19,"counters":[27,115],"PreservedInsect":206,"Smiling Mask":50,"Dream Catcher":8,"Busted Crown":36,"Snecko Eye":[155,129,142,154],"MealTicket":41,"Prayer Wheel":11,"Art of War":[2],"obtain_stats":[{"Ice Cream":40,"Regal Pillow":20,"Calipers":46,"Happy Flower":42,"Singing Bowl":43,"Torii":44,"Oddly Smooth Stone":4,"PreservedInsect":27,"Smiling Mask":26,"Burning Blood":0,"Dream Catcher":7,"HornCleat":24,"Busted Crown":34,"Snecko Eye":17,"MealTicket":9,"Prayer Wheel":13,"Fusion Hammer":0,"Art of War":31,"Bag of Marbles":37},{"Ice Cream":21,"Regal Pillow":9,"Calipers":25,"Happy Flower":23,"Singing Bowl":23,"Torii":24,"Oddly Smooth Stone":2,"PreservedInsect":13,"Smiling Mask":12,"Burning Blood":0,"Dream Catcher":4,"HornCleat":11,"Busted Crown":16,"Snecko Eye":7,"MealTicket":4,"Prayer Wheel":6,"Fusion Hammer":0,"Art of War":15,"Bag of Marbles":18},{"Ice Cream":80,"Regal Pillow":35,"Calipers":97,"Happy Flower":86,"Singing Bowl":86,"Torii":92,"Oddly Smooth Stone":6,"PreservedInsect":52,"Smiling Mask":49,"Burning Blood":0,"Dream Catcher":13,"HornCleat":45,"Busted Crown":65,"Snecko Eye":29,"MealTicket":13,"Prayer Wheel":21,"Fusion Hammer":0,"Art of War":58,"Bag of Marbles":70}]},"card_choices":[{"not_picked":["Twin Strike","Dropkick"],"picked":"Clothesline","floor":1.0},{"not_picked":["Infernal Blade","Intimidate"],"picked":"Anger","floor":3.0},{"not_picked":["Perfected Strike","Flex"],"picked":"Demon Form","floor":5.0},{"not_picked":["Evolve","Flex"],"picked":"Sword Boomerang","floor":7.0},{"not_picked":["Wild Strike","Armaments"],"picked":"Twin Strike","floor":8.0},{"not_picked":["Wild Strike","Rampage"],"picked":"Sword Boomerang","floor":10.0},{"not_picked":["Anger","Sword Boomerang"],"picked":"Whirlwind","floor":11.0},{"not_picked":["Blood for Blood","Feel No Pain"],"picked":"Reaper","floor":13.0},{"not_picked":["Iron Wave","Clash"],"picked":"Twin Strike","floor":15.0},{"not_picked":["Juggernaut","Exhume"],"picked":"Double Tap","floor":16.0},{"not_picked":["Twin Strike","Shrug It Off"],"picked":"Heavy Blade","floor":18.0},{"not_picked":["Hemokinesis","Feel No Pain","Dark Embrace"],"picked":"SKIP","floor":18.0},{"not_picked":["True Grit","Combust"],"picked":"Whirlwind+1","floor":19.0},{"not_picked":["Dark Embrace+1","Shrug It Off","Infernal Blade"],"picked":"SKIP","floor":19.0},{"not_picked":["Iron Wave","Anger"],"picked":"Carnage+1","floor":21.0},{"not_picked":["Whirlwind","Sever Soul","Heavy Blade"],"picked":"SKIP","floor":21.0},{"not_picked":["Hemokinesis","Disarm"],"picked":"Combust+1","floor":23.0},{"not_picked":["Headbutt","Body Slam","Wild Strike"],"picked":"SKIP","floor":24.0},{"not_picked":["Perfected Strike","Dark Embrace"],"picked":"Reaper","floor":25.0},{"not_picked":["Perfected Strike","Heavy Blade"],"picked":"Whirlwind","floor":25.0},{"not_picked":["Twin Strike","Sentinel"],"picked":"Cleave+1","floor":27.0},{"not_picked":["Anger","Twin Strike+1"],"picked":"Rupture","floor":28.0},{"not_picked":["Thunderclap","Evolve+1"],"picked":"Carnage","floor":28.0},{"not_picked":["Carnage","Infernal Blade"],"picked":"Battle Trance+1","floor":29.0},{"not_picked":["Twin Strike","Thunderclap"],"picked":"Barricade","floor":31.0},{"not_picked":["Sentinel","Burning Pact"],"picked":"Sword Boomerang","floor":32.0},{"not_picked":["Demon Form","Offering"],"picked":"Limit Break","floor":33.0},{"not_picked":["Headbutt"],"picked":"SKIP","floor":35.0},{"not_picked":["Flex"],"picked":"SKIP","floor":35.0},{"not_picked":["Pommel Strike"],"picked":"SKIP","floor":36.0},{"not_picked":["Reckless Charge+1"],"picked":"SKIP","floor":36.0},{"not_picked":[],"picked":"Infernal Blade+1","floor":38.0},{"not_picked":["Clash"],"picked":"SKIP","floor":38.0},{"not_picked":["Combust"],"picked":"SKIP","floor":39.0},{"not_picked":["Twin Strike"],"picked":"SKIP","floor":39.0},{"not_picked":["Exhume"],"picked":"SKIP","floor":40.0},{"not_picked":[],"picked":"Shrug It Off","floor":41.0},{"not_picked":["Wild Strike"],"picked":"SKIP","floor":41.0},{"not_picked":["True Grit"],"picked":"SKIP","floor":42.0},{"not_picked":["Warcry"],"picked":"Singing Bowl","floor":44.0},{"not_picked":["Havoc"],"picked":"Singing Bowl","floor":46.0},{"not_picked":[],"picked":"Shrug It Off+1","floor":47.0},{"not_picked":["Dark Embrace"],"picked":"Singing Bowl","floor":48.0},{"not_picked":[],"picked":"Pommel Strike+1","floor":48.0},{"not_picked":[],"picked":"Ghostly Armor+1","floor":49.0}],"player_experience":185036,"relics_obtained":[{"floor":7.0,"key":"Dream Catcher"},{"floor":9.0,"key":"MealTicket"},{"floor":13.0,"key":"Prayer Wheel"},{"floor":24.0,"key":"HornCleat"},{"floor":26.0,"key":"Smiling Mask"},{"floor":27.0,"key":"PreservedInsect"},{"floor":31.0,"key":"Art of War"},{"floor":40.0,"key":"Ice Cream"},{"floor":42.0,"key":"Happy Flower"},{"floor":43.0,"key":"Singing Bowl"},{"floor":44.0,"key":"Torii"},{"floor":46.0,"key":"Calipers"}],"event_choices":[{"damage_healed":0.0,"max_hp_gain":0.0,"max_hp_loss":0.0,"gold_gain":75.0,"event_name":"World of Goop","player_choice":"Gather Gold","floor":2.0,"gold_loss":0.0,"damage_taken":11.0},{"damage_healed":0.0,"max_hp_gain":0.0,"max_hp_loss":0.0,"gold_gain":0.0,"event_name":"Shining Light","player_choice":"Entered Light","floor":12.0,"gold_loss":0.0,"damage_taken":23.0,"cards_upgraded":["Sword Boomerang","Sword Boomerang"]},{"damage_healed":0.0,"max_hp_gain":0.0,"max_hp_loss":0.0,"gold_gain":275.0,"event_name":"Golden Shrine","player_choice":"Desecrate","floor":14.0,"gold_loss":0.0,"damage_taken":0.0,"cards_obtained":["Regret"]},{"damage_healed":0.0,"max_hp_gain":0.0,"max_hp_loss":0.0,"gold_gain":0.0,"cards_transformed":["Strike_R","Strike_R"],"event_name":"Drug Dealer","player_choice":"Became Test Subject","floor":30.0,"gold_loss":0.0,"damage_taken":0.0,"cards_obtained":["Immolate","Corruption"]},{"damage_healed":0.0,"max_hp_gain":0.0,"max_hp_loss":0.0,"gold_gain":0.0,"event_name":"MindBloom","player_choice":"Fight","floor":44.0,"gold_loss":0.0,"damage_taken":0.0},{"damage_healed":0.0,"max_hp_gain":0.0,"max_hp_loss":0.0,"gold_gain":0.0,"cards_transformed":["Strike_R"],"event_name":"Transmorgrifier","player_choice":"Transformed","floor":45.0,"gold_loss":0.0,"damage_taken":0.0,"cards_obtained":["Offering"]}],"is_beta":false,"boss_relics":[{"not_picked":["Ectoplasm","Velvet Choker"],"picked":"Snecko Eye"},{"not_picked":["SacredBark","Cursed Key"],"picked":"Busted Crown"}],"items_purged_floors":[20,37],"is_endless":false,"potions_floor_spawned":[3,13,18,19,27,33,36,39,40,41,48],"ascension_level":18}}