{"host":"2fcuechlb8c23yrb","time":1612904433,"event":{"mods":["2.2 Compatiblity","AchievementEnabler","BaseMod","Bestiary","Better Match","Block Reminder","Colored Map","Colored Powertips","DeckTracker","Displayed Cursed Tome","GifTheSpireLib","Highlight Path","Minty Spire (QoL Compilation)","Quick Restart","Rare Cards Sparkle","Relic Sorter","Relic Stats","StSLib"],"gold_per_floor":[109,109,128,47,63,63,93,120,145,162,19,19,94,111,111,215,265,276,20,31,31,42,42,141,141,141,141,153,164,176,19,19,114,114,124,124,26,79,98,98,148,0,0,0,0,18,31,48,48,48,48],"floor_reached":50,"language":"ENG","playtime":2310,"items_purged":[],"score":482,"play_id":"6082823a-39fc-4bdf-8a6b-13adbf96b980","local_time":"20210209160033","is_ascension_mode":false,"campfire_choices":[{"data":"Devotion","floor":6.0,"key":"SMITH"},{"floor":15.0,"key":"REST"},{"floor":23.0,"key":"REST"},{"data":"EmptyBody","floor":27.0,"key":"SMITH"},{"floor":32,"key":"REST"},{"floor":40,"key":"REST"},{"floor":45,"key":"REST"},{"floor":49,"key":"REST"}],"circlet_count":0,"master_deck":["Strike_P+1","Strike_P+1","Strike_P+1","Strike_P+1","Defend_P+1","Defend_P+1","Defend_P+1","Defend_P+1","Eruption","Vigilance+1","Crescendo+1","CrushJoints","Devotion+1","EmptyBody+1","BowlingBash","ReachHeaven+1","BattleHymn","Ragnarok","SignatureMove","DeceiveReality+1","Scrawl","Madness","Madness","SashWhip+1","Blind","BowlingBash+1"],"relics":["PureWater","NeowsBlessing","Odd Mushroom","Bronze Scales","Oddly Smooth Stone","Sling","Tiny House","Pear","Letter Opener","Art of War","Fusion Hammer","Torii","GoldenEye","ClockworkSouvenir","Nunchaku"],"acts_visited":["Exordium","TheCity","TheBeyond"],"potions_floor_usage":[29,30,38,38,39,41,41,48],"damage_taken":[{"damage":0.0,"enemies":"Jaw Worm","floor":1.0,"turns":1.0},{"damage":0.0,"enemies":"Small Slimes","floor":3.0,"turns":1.0},{"damage":0.0,"enemies":"2 Louse","floor":5.0,"turns":2.0},{"damage":0.0,"enemies":"The Mushroom Lair","floor":7.0,"turns":2.0},{"damage":16.0,"enemies":"Lots of Slimes","floor":10.0,"turns":4.0},{"damage":2.0,"enemies":"Looter","floor":14.0,"turns":3.0},{"damage":31.0,"enemies":"Hexaghost","floor":16.0,"turns":7.0},{"damage":12.0,"enemies":"3 Byrds","floor":18.0,"turns":3.0},{"damage":21.0,"enemies":"2 Thieves","floor":20.0,"turns":4.0},{"damage":0.0,"enemies":"3 Cultists","floor":22.0,"turns":2.0},{"damage":7.0,"enemies":"Snake Plant","floor":28.0,"turns":3.0},{"damage":0,"enemies":"Centurion and Healer","floor":29,"turns":2},{"damage":16,"enemies":"Snecko","floor":30,"turns":2},{"damage":40,"enemies":"Champ","floor":33,"turns":9},{"damage":1,"enemies":"3 Darklings","floor":35,"turns":5},{"damage":38,"enemies":"2 Orb Walkers","floor":38,"turns":3},{"damage":0,"enemies":"Orb Walker","floor":39,"turns":2},{"damage":3,"enemies":"Mind Bloom Boss Battle","floor":41,"turns":4},{"damage":29,"enemies":"4 Shapes","floor":46,"turns":5},{"damage":1,"enemies":"Writhing Mass","floor":47,"turns":5},{"damage":36,"enemies":"Maw","floor":48,"turns":5},{"damage":60,"enemies":"Donu and Deca","floor":50,"turns":5}],"seed_played":"55918726611211843","potions_obtained":[{"floor":1.0,"key":"Explosive Potion"},{"floor":14.0,"key":"SteroidPotion"},{"floor":16.0,"key":"Ambrosia"},{"floor":17.0,"key":"StancePotion"},{"floor":22.0,"key":"Ambrosia"},{"floor":29,"key":"SteroidPotion"},{"floor":33,"key":"BottledMiracle"},{"floor":38,"key":"PowerPotion"},{"floor":39,"key":"Regen Potion"},{"floor":47,"key":"FearPotion"}],"is_trial":false,"path_per_floor":["M","?","M","$","M","R","?","T","T","M","$","?","?","M","R","B",null,"M","$","M","?","M","R","?","?","T","R","M","M","M","$","R","B",null,"M","?","$","?","M","R","?","$","T","?","R","M","M","M","R","B"],"character_chosen":"WATCHER","items_purchased":["Devotion","Sling","Pear","Art of War","SkillPotion","SkillPotion","ClockworkSouvenir"],"campfire_rested":6,"item_purchase_floors":[4,11,19,31,37,37,42],"current_hp_per_floor":[72,77,77,77,77,77,77,77,77,61,61,61,50,48,71,40,82,70,80,59,59,59,86,86,86,86,86,79,79,63,63,90,50,92,91,79,79,41,41,68,77,77,77,77,92,63,62,26,53,0,0],"gold":48,"neow_bonus":"THREE_ENEMY_KILL","is_daily":false,"chose_seed":false,"campfire_upgraded":2,"win_rate":0.0,"timestamp":1612904433,"path_taken":["M","?","M","$","M","R","?","?","T","M","?","?","?","M","R","BOSS","M","$","M","?","?","R","?","?","T","R","M","M","?","$","R","BOSS","M","?","$","?","M","R","?","$","T","?","R","M","M","M","R","BOSS"],"items_purchased_type":["Card","Relic","Relic","Relic","Potion","Potion","Relic"],"build_version":"2020-12-22","purchased_purges":0,"victory":false,"max_hp_per_floor":[72,77,77,77,77,77,77,77,77,77,77,77,77,77,77,77,82,82,92,92,92,92,92,92,92,92,92,92,92,92,92,92,92,92,92,92,92,92,92,92,92,92,92,92,92,92,92,92,92,92,92],"relic_stats":{"Nunchaku":[3],"Torii":5,"counters":[22,79],"Bronze Scales":[252],"Art of War":[3],"Letter Opener":[122],"GoldenEye":[0],"obtain_stats":[{"Tiny House":17,"Pear":19,"NeowsBlessing":0,"Torii":38,"Oddly Smooth Stone":9,"Letter Opener":26,"Odd Mushroom":7,"Sling":11,"GoldenEye":41,"ClockworkSouvenir":42,"Nunchaku":43,"Bronze Scales":8,"Fusion Hammer":34,"Art of War":31,"PureWater":0},{"Tiny House":7,"Pear":8,"NeowsBlessing":0,"Torii":16,"Oddly Smooth Stone":4,"Letter Opener":10,"Odd Mushroom":4,"Sling":5,"GoldenEye":18,"ClockworkSouvenir":18,"Nunchaku":18,"Bronze Scales":4,"Fusion Hammer":14,"Art of War":13,"PureWater":0},{"Tiny House":20,"Pear":23,"NeowsBlessing":0,"Torii":53,"Oddly Smooth Stone":6,"Letter Opener":29,"Odd Mushroom":6,"Sling":10,"GoldenEye":59,"ClockworkSouvenir":59,"Nunchaku":59,"Bronze Scales":6,"Fusion Hammer":45,"Art of War":36,"PureWater":0}]},"card_choices":[{"not_picked":["SignatureMove","JustLucky"],"picked":"Crescendo","floor":1.0},{"not_picked":["Crescendo","Wireheading"],"picked":"CrushJoints","floor":3.0},{"not_picked":["PathToVictory","Halt"],"picked":"EmptyBody","floor":5.0},{"not_picked":["Adaptation","ThirdEye"],"picked":"BowlingBash","floor":7.0},{"not_picked":["Halt","EmptyBody"],"picked":"ReachHeaven","floor":10.0},{"not_picked":["Halt","ClearTheMind"],"picked":"BattleHymn","floor":14.0},{"not_picked":["SpiritShield","ConjureBlade"],"picked":"Ragnarok","floor":16.0},{"not_picked":["TalkToTheHand","Evaluate"],"picked":"SignatureMove","floor":17.0},{"not_picked":["Pray+1","LikeWater","Sanctity"],"picked":"SKIP","floor":18.0},{"not_picked":["Halt","EmptyBody","Adaptation"],"picked":"SKIP","floor":20.0},{"not_picked":["Study","PathToVictory+1"],"picked":"DeceiveReality+1","floor":22.0},{"not_picked":["JustLucky","ClearTheMind","Worship"],"picked":"SKIP","floor":28.0},{"not_picked":["Sanctity","FlurryOfBlows","WheelKick"],"picked":"SKIP","floor":29},{"not_picked":["Crescendo","LikeWater","FearNoEvil"],"picked":"SKIP","floor":30},{"not_picked":["SpiritShield","Ragnarok"],"picked":"Scrawl","floor":33},{"not_picked":["CutThroughFate+1","Tantrum+1","FlurryOfBlows"],"picked":"SKIP","floor":35},{"not_picked":["BowlingBash","Crescendo+1"],"picked":"SashWhip+1","floor":38},{"not_picked":["Ragnarok","Fasting2","Prostrate"],"picked":"SKIP","floor":39},{"not_picked":["Finesse","Panache"],"picked":"Blind","floor":44},{"not_picked":["Fasting2","FlurryOfBlows+1","EmptyMind"],"picked":"SKIP","floor":46},{"not_picked":["Meditate","EmptyMind"],"picked":"BowlingBash+1","floor":47},{"not_picked":["Vengeance+1","Protect+1","EmptyBody"],"picked":"SKIP","floor":48}],"player_experience":85376,"relics_obtained":[{"floor":7.0,"key":"Odd Mushroom"},{"floor":8.0,"key":"Bronze Scales"},{"floor":9.0,"key":"Oddly Smooth Stone"},{"floor":26.0,"key":"Letter Opener"},{"floor":38,"key":"Torii"},{"floor":41,"key":"GoldenEye"},{"floor":43,"key":"Nunchaku"}],"event_choices":[{"damage_healed":0.0,"max_hp_gain":5.0,"max_hp_loss":0.0,"gold_gain":0.0,"event_name":"Big Fish","player_choice":"Donut","floor":2.0,"gold_loss":0.0,"damage_taken":0.0},{"damage_healed":0.0,"max_hp_gain":0.0,"max_hp_loss":0.0,"gold_gain":0.0,"event_name":"Mushrooms","player_choice":"Fought Mushrooms","floor":7.0,"gold_loss":0.0,"damage_taken":0.0},{"damage_healed":0.0,"max_hp_gain":0.0,"max_hp_loss":0.0,"gold_gain":0.0,"event_name":"Living Wall","player_choice":"Grow","floor":12.0,"gold_loss":0.0,"damage_taken":0.0,"cards_upgraded":["ReachHeaven"]},{"damage_healed":0.0,"max_hp_gain":0.0,"max_hp_loss":0.0,"gold_gain":75.0,"event_name":"World of Goop","player_choice":"Gather Gold","floor":13.0,"gold_loss":0.0,"damage_taken":11.0},{"damage_healed":0.0,"max_hp_gain":0.0,"max_hp_loss":0.0,"gold_gain":0.0,"event_name":"Upgrade Shrine","player_choice":"Upgraded","floor":21.0,"gold_loss":0.0,"damage_taken":0.0,"cards_upgraded":["Crescendo"]},{"damage_healed":0.0,"max_hp_gain":0.0,"max_hp_loss":0.0,"gold_gain":99.0,"event_name":"Nest","player_choice":"Stole From Cult","floor":24.0,"gold_loss":0.0,"damage_taken":0.0},{"damage_healed":0.0,"max_hp_gain":0.0,"max_hp_loss":0.0,"gold_gain":0.0,"event_name":"Back to Basics","player_choice":"Simplicity","floor":25.0,"gold_loss":0.0,"damage_taken":0.0,"cards_upgraded":["Strike_P","Strike_P","Strike_P","Strike_P","Defend_P","Defend_P","Defend_P","Defend_P"]},{"damage_healed":0,"gold_gain":0,"player_choice":"Embrace Madness","damage_taken":12,"max_hp_gain":0,"max_hp_loss":0,"event_name":"Winding Halls","floor":36,"gold_loss":0,"cards_obtained":["Madness","Madness"]},{"damage_healed":0,"gold_gain":0,"player_choice":"Fight","damage_taken":0,"max_hp_gain":0,"max_hp_loss":0,"event_name":"Mysterious Sphere","floor":38,"gold_loss":0},{"damage_healed":0,"gold_gain":0,"player_choice":"Fight","damage_taken":0,"max_hp_gain":0,"max_hp_loss":0,"event_name":"MindBloom","floor":41,"gold_loss":0},{"damage_healed":0,"gold_gain":0,"player_choice":"Memory 1","damage_taken":0,"max_hp_gain":0,"max_hp_loss":0,"event_name":"SensoryStone","floor":44,"gold_loss":0}],"is_beta":false,"boss_relics":[{"not_picked":["Calling Bell","Empty Cage"],"picked":"Tiny House"},{"not_picked":["Runic Pyramid","Cursed Key"],"picked":"Fusion Hammer"}],"items_purged_floors":[],"is_endless":false,"potions_floor_spawned":[1,14,16,22,29,33,38,39,47],"killed_by":"Donu and Deca","ascension_level":0}}