{"host":"oehe2dxjvdgux73m","time":1612881175,"event":{"mods":["AchievementEnabler","BaseMod","Colored Map","Colored Powertips","DeckTracker","Keyboard Shortcuts","Minty Spire (QoL Compilation)","Permanent Neow","Quick Restart","StSLib","SuperFastMode"],"gold_per_floor":[114,134,84,84,103,103,131,148,148,161,174,209,226,226,226],"floor_reached":14,"language":"KOR","playtime":305,"items_purged":[],"score":120,"play_id":"c6cf54c0-98d3-4036-b6ae-533e274712e9","local_time":"20210209233255","is_ascension_mode":true,"campfire_choices":[{"data":"Zap","floor":6.0,"key":"SMITH"}],"circlet_count":0,"master_deck":["Strike_B+1","Strike_B+1","Strike_B","Defend_B","Defend_B","Defend_B","Defend_B","Zap+1","Dualcast","Go for the Eyes","Recycle","Compile Driver","Seek","Fusion","Streamline","Coolheaded","Melter","Cold Snap"],"relics":["Cracked Core","NeowsBlessing","Whetstone","Strawberry","Sundial"],"acts_visited":["Exordium"],"potions_floor_usage":[14,14],"damage_taken":[{"damage":0.0,"enemies":"Jaw Worm","floor":1.0,"turns":1.0},{"damage":0.0,"enemies":"2 Louse","floor":2.0,"turns":1.0},{"damage":0.0,"enemies":"Cultist","floor":5.0,"turns":1.0},{"damage":10.0,"enemies":"3 Sentries","floor":7.0,"turns":4.0},{"damage":6.0,"enemies":"2 Fungi Beasts","floor":8.0,"turns":3.0},{"damage":19.0,"enemies":"Exordium Thugs","floor":10.0,"turns":4.0},{"damage":5.0,"enemies":"Large Slime","floor":11.0,"turns":4.0},{"damage":24.0,"enemies":"Gremlin Nob","floor":12.0,"turns":4.0},{"damage":8.0,"enemies":"Gremlin Gang","floor":13.0,"turns":4.0},{"damage":10,"enemies":"Lagavulin","floor":14,"turns":2}],"seed_played":"-2781779582709768441","potions_obtained":[{"floor":2.0,"key":"Block Potion"},{"floor":4.0,"key":"Fire Potion"},{"floor":4.0,"key":"Explosive Potion"},{"floor":7.0,"key":"BlessingOfTheForge"},{"floor":8.0,"key":"FearPotion"},{"floor":10.0,"key":"AttackPotion"},{"floor":11.0,"key":"Energy Potion"}],"is_trial":false,"path_per_floor":["M","M","?","?","M","R","E","M","T","M","M","E","M","E"],"character_chosen":"DEFECT","items_purchased":[],"campfire_rested":0,"item_purchase_floors":[],"current_hp_per_floor":[75,75,75,75,75,75,65,59,66,47,42,18,10,0,0],"gold":226,"neow_bonus":"THREE_ENEMY_KILL","is_daily":false,"chose_seed":false,"campfire_upgraded":1,"win_rate":0.0,"timestamp":1612881175,"path_taken":["M","M","?","?","M","R","E","M","T","M","?","E","M","E"],"items_purchased_type":[],"build_version":"2020-12-22","purchased_purges":0,"victory":false,"max_hp_per_floor":[75,75,75,75,75,75,75,75,82,82,82,82,82,82,82],"card_choices":[{"not_picked":["Redo","Leap"],"picked":"Go for the Eyes","floor":1.0},{"not_picked":["Consume","Barrage"],"picked":"Recycle","floor":2.0},{"not_picked":["Sunder","Force Field"],"picked":"Compile Driver","floor":5.0},{"not_picked":["Cold Snap","Beam Cell"],"picked":"Seek","floor":7.0},{"not_picked":["Steam Power","Barrage"],"picked":"Fusion","floor":8.0},{"not_picked":["Conserve Battery","Steam"],"picked":"Streamline","floor":10.0},{"not_picked":["Sweeping Beam","Leap"],"picked":"Coolheaded","floor":11.0},{"not_picked":["Ball Lightning","Aggregate"],"picked":"Melter","floor":12.0},{"not_picked":["Double Energy","Storm"],"picked":"Cold Snap","floor":13.0}],"player_experience":437975,"relics_obtained":[{"floor":7.0,"key":"Whetstone"},{"floor":9.0,"key":"Strawberry"},{"floor":12.0,"key":"Sundial"}],"event_choices":[{"cards_removed":["Strike_B"],"damage_healed":0.0,"max_hp_gain":0.0,"max_hp_loss":0.0,"gold_gain":0.0,"event_name":"The Cleric","player_choice":"Card Removal","floor":3.0,"gold_loss":50.0,"damage_taken":0.0},{"damage_healed":0.0,"max_hp_gain":0.0,"max_hp_loss":0.0,"gold_gain":0.0,"event_name":"Lab","player_choice":"Got Potions","floor":4.0,"gold_loss":0.0,"damage_taken":0.0}],"is_beta":false,"boss_relics":[],"items_purged_floors":[],"is_endless":false,"potions_floor_spawned":[2,7,8,10,11],"killed_by":"Lagavulin","ascension_level":3}}