{"host":"665g8wmplxs7g59h","time":1612872366,"event":{"mods":["AchievementEnabler","BaseMod","Colored Map","DeckTracker","Minty Spire (QoL Compilation)","Permanent Neow","SuperFastMode"],"gold_per_floor":[214,224,240,315,325,325,351,351,399,176,176,176,176,194,194,295,295,311,107,119,133,148,148,148],"floor_reached":23,"language":"KOR","playtime":888,"items_purged":["Entrench","Body Slam"],"score":193,"play_id":"caa26e41-77f6-48da-8438-7a3a3ba684e6","local_time":"20210209210606","is_ascension_mode":false,"campfire_choices":[{"data":"Rampage","floor":6,"key":"SMITH"},{"floor":8,"key":"REST"},{"data":"Armaments","floor":11,"key":"SMITH"},{"floor":15,"key":"RECALL"}],"circlet_count":0,"master_deck":["Bash+1","Dual Wield","Armaments+1","Rampage+1","Headbutt","Sever Soul","Pummel","Immolate","Exhume","Sentinel","Bloodletting","Inflame","Second Wind","Warcry","True Grit+1"],"relics":["Burning Blood","The Courier","Whetstone","Happy Flower","Pandora\u0027s Box","Lee\u0027s Waffle"],"acts_visited":["Exordium","TheCity"],"potions_floor_usage":[16,16,18,22],"damage_taken":[{"damage":9,"enemies":"2 Louse","floor":1,"turns":2},{"damage":10,"enemies":"Jaw Worm","floor":2,"turns":4},{"damage":4,"enemies":"Cultist","floor":3,"turns":4},{"damage":17,"enemies":"3 Louse","floor":5,"turns":6},{"damage":29,"enemies":"Gremlin Nob","floor":7,"turns":5},{"damage":2,"enemies":"Blue Slaver","floor":14,"turns":3},{"damage":15,"enemies":"Slime Boss","floor":16,"turns":11},{"damage":39,"enemies":"Shell Parasite","floor":18,"turns":6},{"damage":30,"enemies":"3 Byrds","floor":20,"turns":5},{"damage":35,"enemies":"Snecko","floor":21,"turns":5},{"damage":22,"enemies":"Centurion and Healer","floor":22,"turns":7},{"damage":32,"enemies":"Slavers","floor":23,"turns":1}],"seed_played":"-2414585256547860829","potions_obtained":[{"floor":3,"key":"EssenceOfSteel"},{"floor":7,"key":"AttackPotion"},{"floor":14,"key":"GamblersBrew"},{"floor":18,"key":"Fruit Juice"},{"floor":21,"key":"ColorlessPotion"}],"is_trial":false,"path_per_floor":["M","M","M","?","M","R","E","R","T","$","R","T","?","M","R","B",null,"M","$","M","M","M","E"],"character_chosen":"IRONCLAD","items_purchased":["Headbutt","Happy Flower","Lee\u0027s Waffle"],"campfire_rested":1,"item_purchase_floors":[10,10,19],"current_hp_per_floor":[77,73,75,64,53,53,30,54,54,54,54,54,54,58,58,49,80,52,92,68,39,23,0,0],"gold":148,"neow_bonus":"HUNDRED_GOLD","is_daily":false,"chose_seed":false,"campfire_upgraded":2,"win_rate":0.0,"timestamp":1612872366,"path_taken":["M","M","M","?","M","R","E","R","T","$","R","?","?","?","R","BOSS","M","$","M","M","M","E"],"items_purchased_type":["Card","Relic","Relic"],"build_version":"2020-12-22","purchased_purges":2,"victory":false,"max_hp_per_floor":[80,80,80,80,80,80,80,80,80,80,80,80,80,80,80,80,80,85,92,92,92,92,92,92],"card_choices":[{"not_picked":["Thunderclap","Flame Barrier"],"picked":"Dual Wield","floor":1},{"not_picked":["Flex","Iron Wave"],"picked":"Armaments","floor":2},{"not_picked":["Pommel Strike","Flex"],"picked":"Entrench","floor":3},{"not_picked":["Entrench","Sword Boomerang"],"picked":"Rampage","floor":5},{"not_picked":["Wild Strike","Twin Strike","Shockwave"],"picked":"SKIP","floor":7},{"not_picked":["Disarm","Metallicize","Perfected Strike"],"picked":"SKIP","floor":14},{"not_picked":["Flex","Intimidate+1","Twin Strike"],"picked":"SKIP","floor":18},{"not_picked":["Havoc","Flex","Perfected Strike+1"],"picked":"SKIP","floor":20},{"not_picked":["Sword Boomerang","Intimidate+1"],"picked":"Warcry","floor":21},{"not_picked":["Blood for Blood","Entrench"],"picked":"True Grit+1","floor":22}],"player_experience":77264,"relics_obtained":[{"floor":7,"key":"The Courier"},{"floor":9,"key":"Whetstone"}],"event_choices":[{"damage_healed":0,"gold_gain":75,"player_choice":"Gather Gold","damage_taken":11,"max_hp_gain":0,"max_hp_loss":0,"event_name":"World of Goop","floor":4,"gold_loss":0},{"damage_healed":0,"gold_gain":0,"player_choice":"0 cards matched","damage_taken":0,"max_hp_gain":0,"max_hp_loss":0,"event_name":"Match and Keep!","floor":13,"gold_loss":0,"cards_obtained":[]}],"is_beta":false,"boss_relics":[{"not_picked":["Fusion Hammer","Runic Pyramid"],"picked":"Pandora\u0027s Box"}],"items_purged_floors":[10,19],"is_endless":false,"potions_floor_spawned":[3,7,14,18,21],"killed_by":"Slavers","ascension_level":0}}