{"host":"2q82lssse0ckn8xu","time":1612857099,"event":{"mods":["AchievementEnabler","BaseMod","Colored Map","Colored Powertips","Minty Spire (QoL Compilation)","Permanent Neow","Quick Restart","StSLib","The Saiyan","Unceasing Turn Reminder"],"gold_per_floor":[12,30,48,67,79,79,112,112,138,138,138,153,163,196,196,293,293,293,293,293,293,293,293,293,293,293,293,293,293,293,293,293,293,293,293,293,293,293,293,293,293,71,71,1,1,1,1,1,1,1,1],"floor_reached":50,"language":"ENG","playtime":1935,"items_purged":["Regret"],"score":818,"play_id":"31ac19e5-921f-4f7b-aa50-c0cc8583af2f","local_time":"20210209132139","is_ascension_mode":true,"campfire_choices":[{"floor":6.0,"key":"REST"},{"floor":8.0,"key":"REST"},{"data":"Devotion","floor":10.0,"key":"SMITH"},{"floor":15.0,"key":"REST"},{"floor":23.0,"key":"REST"},{"floor":25.0,"key":"REST"},{"data":"Establishment","floor":27.0,"key":"SMITH"},{"data":"Vengeance","floor":32.0,"key":"SMITH"},{"floor":40.0,"key":"REST"},{"floor":47.0,"key":"REST"},{"floor":49,"key":"REST"}],"circlet_count":0,"master_deck":["AscendersBane","Strike_P","Strike_P","Strike_P","Strike_P+1","Defend_P","Defend_P+1","Defend_P","Eruption","Vigilance+1","Ragnarok+1","CutThroughFate+1","Swivel","WheelKick","Devotion+1","CarveReality","Tantrum","LikeWater+1","Vengeance+1","LessonLearned+1","Evaluate+1","Conclude+1","Collect","Establishment+1","Consecrate+1","Vault","PathToVictory+1","Tantrum+1","Wallop+1","ClearTheMind","Protect","Prostrate+1","Prostrate+1"],"relics":["PureWater","MealTicket","Juzu Bracelet","Whetstone","Ectoplasm","Vajra","Strawberry","Bottled Tornado","SlaversCollar","WarpedTongs","Regal Pillow","Happy Flower"],"acts_visited":["Exordium","TheCity","TheBeyond"],"potions_floor_usage":[50],"damage_taken":[{"damage":0.0,"enemies":"Small Slimes","floor":1.0,"turns":3.0},{"damage":8.0,"enemies":"Jaw Worm","floor":2.0,"turns":3.0},{"damage":0.0,"enemies":"2 Louse","floor":3.0,"turns":2.0},{"damage":0.0,"enemies":"Blue Slaver","floor":4.0,"turns":3.0},{"damage":38.0,"enemies":"Exordium Thugs","floor":5.0,"turns":6.0},{"damage":18.0,"enemies":"Gremlin Nob","floor":7.0,"turns":4.0},{"damage":0.0,"enemies":"Large Slime","floor":12.0,"turns":3.0},{"damage":15.0,"enemies":"3 Louse","floor":13.0,"turns":2.0},{"damage":0.0,"enemies":"Lagavulin","floor":14.0,"turns":3.0},{"damage":54.0,"enemies":"The Guardian","floor":16.0,"turns":7.0},{"damage":11.0,"enemies":"Spheric Guardian","floor":18.0,"turns":4.0},{"damage":0.0,"enemies":"Shell Parasite","floor":20.0,"turns":3.0},{"damage":0.0,"enemies":"Sentry and Sphere","floor":21.0,"turns":2.0},{"damage":2.0,"enemies":"3 Cultists","floor":22.0,"turns":3.0},{"damage":42.0,"enemies":"Slavers","floor":24.0,"turns":4.0},{"damage":15.0,"enemies":"Gremlin Leader","floor":30.0,"turns":4.0},{"damage":16.0,"enemies":"Collector","floor":33.0,"turns":5.0},{"damage":29.0,"enemies":"3 Shapes","floor":35.0,"turns":5.0},{"damage":47.0,"enemies":"3 Darklings","floor":39.0,"turns":4.0},{"damage":29.0,"enemies":"Nemesis","floor":41.0,"turns":3.0},{"damage":11.0,"enemies":"Transient","floor":45.0,"turns":6.0},{"damage":83,"enemies":"Spire Growth","floor":48,"turns":4},{"damage":46,"enemies":"Time Eater","floor":50,"turns":3}],"seed_played":"-8216211753965834798","potions_obtained":[{"floor":2.0,"key":"Swift Potion"},{"floor":4.0,"key":"Energy Potion"},{"floor":7.0,"key":"AttackPotion"},{"floor":13.0,"key":"FairyPotion"},{"floor":14.0,"key":"LiquidMemories"},{"floor":18.0,"key":"Fire Potion"},{"floor":21.0,"key":"Swift Potion"},{"floor":22.0,"key":"Regen Potion"},{"floor":24.0,"key":"DistilledChaos"},{"floor":35.0,"key":"BottledMiracle"},{"floor":48,"key":"PowerPotion"}],"is_trial":false,"path_per_floor":["M","M","M","M","M","R","E","R","T","R","$","M","M","E","R","B",null,"M","?","M","M","M","R","E","R","T","R","?","$","E","$","R","B",null,"M","?","?","?","M","R","E","$","T","$","M","?","R","M","R","B"],"character_chosen":"WATCHER","items_purchased":["Happy Flower","ClearTheMind","Protect"],"campfire_rested":8,"item_purchase_floors":[42,44,44],"current_hp_per_floor":[65,57,57,57,19,40,22,43,43,43,58,58,43,43,64,10,57,46,33,33,33,31,54,24,47,54,54,82,84,69,84,84,68,80,51,51,51,51,4,29,25,40,40,55,44,44,84,1,41,0,0],"gold":1,"neow_bonus":"THREE_RARE_CARDS","is_daily":false,"chose_seed":false,"campfire_upgraded":3,"win_rate":0.0,"timestamp":1612857099,"path_taken":["M","M","M","M","M","R","E","R","T","R","$","M","M","E","R","BOSS","M","?","M","M","M","R","E","R","T","R","?","?","E","$","R","BOSS","M","?","?","?","M","R","E","$","T","?","M","?","R","M","R","BOSS"],"items_purchased_type":["Relic","Card","Card"],"build_version":"2020-12-22","purchased_purges":1,"victory":false,"max_hp_per_floor":[72,72,72,72,72,72,72,72,72,72,72,72,72,72,72,72,72,72,77,77,77,77,77,77,77,84,84,84,84,84,84,84,84,84,84,84,84,84,84,84,84,84,84,84,84,84,84,84,84,84,84],"card_choices":[{"not_picked":["Blasphemy","ConjureBlade"],"picked":"Ragnarok","floor":0.0},{"not_picked":["FlurryOfBlows","JustLucky"],"picked":"CutThroughFate","floor":1.0},{"not_picked":["JustLucky","TalkToTheHand"],"picked":"Swivel","floor":2.0},{"not_picked":["JustLucky","Halt"],"picked":"WheelKick","floor":3.0},{"not_picked":["CutThroughFate","Protect"],"picked":"Devotion","floor":4.0},{"not_picked":["EmptyBody","Consecrate"],"picked":"CarveReality","floor":5.0},{"not_picked":["EmptyMind","CrushJoints","MentalFortress"],"picked":"SKIP","floor":7.0},{"not_picked":["ThirdEye","FlurryOfBlows"],"picked":"Tantrum","floor":12.0},{"not_picked":["WaveOfTheHand","Wireheading"],"picked":"LikeWater","floor":13.0},{"not_picked":["JustLucky","SashWhip"],"picked":"Vengeance","floor":14.0},{"not_picked":["DevaForm","DeusExMachina"],"picked":"LessonLearned","floor":16.0},{"not_picked":["Weave+1","CutThroughFate","Halt"],"picked":"SKIP","floor":18.0},{"not_picked":["EmptyBody","Prostrate"],"picked":"Evaluate","floor":20.0},{"not_picked":["BowlingBash","TalkToTheHand"],"picked":"Conclude+1","floor":21.0},{"not_picked":["SashWhip","Consecrate"],"picked":"Collect","floor":22.0},{"not_picked":["ForeignInfluence","Halt"],"picked":"Establishment","floor":24.0},{"not_picked":["CutThroughFate","Indignation"],"picked":"Consecrate+1","floor":30.0},{"not_picked":["Scrawl","Wish"],"picked":"Vault","floor":33.0},{"not_picked":["BowlingBash+1","JustLucky+1"],"picked":"PathToVictory+1","floor":35.0},{"not_picked":["DeceiveReality","CrushJoints"],"picked":"Tantrum+1","floor":39.0},{"not_picked":["SandsOfTime+1","FearNoEvil+1"],"picked":"Wallop+1","floor":41.0},{"not_picked":["SashWhip+1","Consecrate+1"],"picked":"Prostrate+1","floor":45.0},{"not_picked":["ThirdEye","SashWhip"],"picked":"Prostrate+1","floor":48}],"player_experience":681516,"relics_obtained":[{"floor":7.0,"key":"MealTicket"},{"floor":9.0,"key":"Juzu Bracelet"},{"floor":14.0,"key":"Whetstone"},{"floor":24.0,"key":"Vajra"},{"floor":26.0,"key":"Strawberry"},{"floor":30.0,"key":"Bottled Tornado"},{"floor":41.0,"key":"Regal Pillow"}],"event_choices":[{"damage_healed":0.0,"max_hp_gain":5.0,"max_hp_loss":0.0,"gold_gain":0.0,"event_name":"Forgotten Altar","player_choice":"Shed Blood","floor":19.0,"gold_loss":0.0,"damage_taken":18.0},{"damage_healed":28.0,"max_hp_gain":0.0,"max_hp_loss":0.0,"gold_gain":0.0,"event_name":"The Library","player_choice":"Heal","floor":28.0,"gold_loss":0.0,"damage_taken":0.0},{"cards_removed":["Defend_P"],"damage_healed":0.0,"max_hp_gain":0.0,"max_hp_loss":0.0,"gold_gain":0.0,"event_name":"Falling","player_choice":"Removed Skill","floor":36.0,"gold_loss":0.0,"damage_taken":0.0},{"damage_healed":0.0,"max_hp_gain":0.0,"max_hp_loss":0.0,"gold_gain":0.0,"event_name":"Accursed Blacksmith","player_choice":"Rummage","floor":37.0,"gold_loss":0.0,"damage_taken":0.0,"relics_obtained":["WarpedTongs"],"cards_obtained":["Pain"]},{"damage_healed":0.0,"max_hp_gain":0.0,"max_hp_loss":0.0,"gold_gain":0.0,"cards_transformed":["Pain"],"event_name":"Transmorgrifier","player_choice":"Transformed","floor":38.0,"gold_loss":0.0,"damage_taken":0.0,"cards_obtained":["Regret"]},{"damage_healed":0.0,"max_hp_gain":0.0,"max_hp_loss":0.0,"gold_gain":0.0,"event_name":"Mysterious Sphere","player_choice":"Ignored","floor":46.0,"gold_loss":0.0,"damage_taken":0.0}],"is_beta":false,"boss_relics":[{"not_picked":["Runic Dome","Snecko Eye"],"picked":"Ectoplasm"},{"not_picked":["SacredBark","Sozu"],"picked":"SlaversCollar"}],"items_purged_floors":[42],"is_endless":false,"potions_floor_spawned":[2,4,7,13,14,18,21,22,24,35,48],"killed_by":"Time Eater","ascension_level":10}}