{"host":"kag8mfq4or8nkqb2","time":1612897125,"event":{"mods":["2.2 Compatiblity","BaseMod","Colored Map","Colored Powertips","Downfall","Minty Spire (QoL Compilation)","Relic Stats","StSLib"],"gold_per_floor":[99,99,99,274,274,274,274,274,306,326,70,90,90,119,150,162,162,162],"floor_reached":16,"language":"ENG","playtime":540,"items_purged":["Doubt"],"score":223,"play_id":"32d9b379-4f58-45c0-9475-32a2f3ba85c4","local_time":"20210209185845","is_ascension_mode":true,"campfire_choices":[{"floor":1,"key":"RECALL"},{"data":"expansioncontent:DashGenerateEvil","floor":13,"key":"SMITH"}],"circlet_count":0,"master_deck":["AscendersBane","Slimebound:Strike_Slimebound","Slimebound:Strike_Slimebound","Slimebound:Tackle","Slimebound:Defend_Slimebound","Slimebound:Defend_Slimebound","Slimebound:Defend_Slimebound","Slimebound:Defend_Slimebound","Slimebound:Split","Slimebound:SplitSpecialist","Slimebound:Prepare","Slimebound:SlimeBarrage","Slimebound:SlimeTap","expansioncontent:DashGenerateEvil+1","Slimebound:Equalize","Slimebound:MegaLick","Slimebound:Schlurp"],"relics":["Slimebound:AbsorbEndCombat","downfall:HeartsMalice","Omamori","Eternal Feather","Singing Bowl","MawBank"],"acts_visited":["Exordium"],"potions_floor_usage":[14,16,16],"damage_taken":[{"damage":0,"enemies":"2 Louse","floor":2,"turns":1},{"damage":0,"enemies":"Small Slimes","floor":8,"turns":1},{"damage":0,"enemies":"3 Sentries","floor":9,"turns":1},{"damage":2,"enemies":"Jaw Worm","floor":10,"turns":5},{"damage":5,"enemies":"downfall:FleeingMerchant","floor":11,"turns":4},{"damage":19,"enemies":"Exordium Wildlife","floor":12,"turns":6},{"damage":24,"enemies":"Gremlin Nob","floor":14,"turns":4},{"damage":0,"enemies":"2 Fungi Beasts","floor":15,"turns":3},{"damage":65,"enemies":"WA_ARCHETYPE_RETAIN","floor":16,"turns":7}],"seed_played":"-8050331056873643629","potions_obtained":[{"floor":9,"key":"hexamod:SoulburnPotion"},{"floor":10,"key":"GamblersBrew"},{"floor":14,"key":"Fire Potion"}],"is_trial":false,"path_per_floor":["R","M","?","?","?","?","T","M","E","M","$","M","R","E","M","B"],"character_chosen":"SLIMEBOUND","items_purchased":["expansioncontent:DashGenerateEvil"],"campfire_rested":0,"item_purchase_floors":[11],"current_hp_per_floor":[53,53,53,53,50,50,50,50,50,50,51,36,45,25,37,0,0,0],"gold":162,"neow_bonus":"THREE_ENEMY_KILL","is_daily":false,"chose_seed":false,"campfire_upgraded":1,"win_rate":0.0,"timestamp":1612897125,"path_taken":["R","M","?","?","?","?","T","M","E","M","$","?","R","E","M","BOSS"],"items_purchased_type":["Card"],"build_version":"2020-12-22","purchased_purges":1,"victory":false,"max_hp_per_floor":[59,59,59,59,59,59,59,59,59,61,61,61,61,61,61,61,61,61],"relic_stats":{"Singing Bowl":2,"counters":[9,29],"Eternal Feather":9,"MawBank":24,"obtain_stats":[{"Singing Bowl":9,"downfall:HeartsMalice":0,"Eternal Feather":7,"Slimebound:AbsorbEndCombat":0,"Omamori":5,"MawBank":14},{"Singing Bowl":3,"downfall:HeartsMalice":0,"Eternal Feather":1,"Slimebound:AbsorbEndCombat":0,"Omamori":1,"MawBank":7},{"Singing Bowl":0,"downfall:HeartsMalice":0,"Eternal Feather":0,"Slimebound:AbsorbEndCombat":0,"Omamori":0,"MawBank":19}]},"card_choices":[{"not_picked":["Slimebound:RejuvenatingLick","Slimebound:SlimeBarrage"],"picked":"Slimebound:SplitSpecialist","floor":2},{"not_picked":["Slimebound:PressTheAttack","Slimebound:SamplingLick"],"picked":"Slimebound:Prepare","floor":8},{"not_picked":["Slimebound:SamplingLick","Slimebound:LeechEnergy"],"picked":"Slimebound:SlimeBarrage","floor":9},{"not_picked":["Slimebound:SplitLeeching","Slimebound:BestDefense","Slimebound:Schlurp"],"picked":"Singing Bowl","floor":10},{"not_picked":["Slimebound:SplitLeeching","Slimebound:SpikyOuterGoop"],"picked":"Slimebound:SlimeTap","floor":11},{"not_picked":["Slimebound:MegaLick","Slimebound:SamplingLick"],"picked":"Slimebound:Equalize","floor":12},{"not_picked":["Slimebound:MassRepurpose","Slimebound:DivideAndConquer"],"picked":"Slimebound:MegaLick","floor":14},{"not_picked":["Slimebound:LivingWall","Slimebound:SplitLeeching"],"picked":"Slimebound:Schlurp","floor":15}],"player_experience":1093229,"relics_obtained":[{"floor":7,"key":"Eternal Feather"},{"floor":9,"key":"Singing Bowl"},{"floor":14,"key":"MawBank"}],"event_choices":[{"cards_removed":["Slimebound:CorrosiveSpit"],"damage_healed":0,"gold_gain":0,"player_choice":"Card Removal","damage_taken":0,"max_hp_gain":0,"max_hp_loss":0,"event_name":"The Cleric","floor":3,"gold_loss":0},{"damage_healed":0,"gold_gain":0,"player_choice":"Success","damage_taken":3,"relics_obtained":["Omamori"],"max_hp_gain":0,"max_hp_loss":0,"event_name":"Scrap Ooze","floor":5,"gold_loss":0}],"is_beta":false,"boss_relics":[],"items_purged_floors":[11],"is_endless":false,"potions_floor_spawned":[9,10,14,15],"killed_by":"WA_ARCHETYPE_RETAIN","ascension_level":14}}