{"host":"665g8wmplxs7g59h","time":1612871368,"event":{"mods":["AchievementEnabler","BaseMod","Colored Map","DeckTracker","Minty Spire (QoL Compilation)","Permanent Neow","SuperFastMode"],"gold_per_floor":[110,123,24,24,24,24,36,47,115,115,126,126,142,160,160,257,257,271,271,52,52,70,70,90,90,90,121,121,136,146,165,165,165,165],"floor_reached":33,"language":"KOR","playtime":1344,"items_purged":["Strike_R","Strike_R"],"score":261,"play_id":"b92f55c9-f466-4cb0-8784-2f845b2ca9cc","local_time":"20210209204928","is_ascension_mode":false,"campfire_choices":[{"data":"Armaments","floor":6,"key":"SMITH"},{"data":"Whirlwind","floor":12,"key":"SMITH"},{"data":"Warcry","floor":15,"key":"SMITH"},{"data":"Body Slam","floor":23,"key":"SMITH"},{"data":"Evolve","floor":25,"key":"SMITH"},{"floor":28,"key":"RECALL"},{"floor":32,"key":"REST"}],"circlet_count":0,"master_deck":["Strike_R","Strike_R","Defend_R+1","Defend_R","Defend_R+1","Defend_R","Bash","Battle Trance","Armaments+1","Warcry+1","Whirlwind+1","Evolve+1","Shrug It Off+1","Pommel Strike","Offering+1","Headbutt","Ghostly Armor+1","Body Slam+1","Shrug It Off+1"],"relics":["Burning Blood","Toxic Egg 2","Busted Crown","Bottled Lightning","Bag of Marbles"],"acts_visited":["Exordium","TheCity"],"potions_floor_usage":[16,16,16,33,33,33],"damage_taken":[{"damage":0,"enemies":"2 Louse","floor":1,"turns":3},{"damage":3,"enemies":"Jaw Worm","floor":2,"turns":4},{"damage":1,"enemies":"Cultist","floor":7,"turns":3},{"damage":0,"enemies":"Large Slime","floor":8,"turns":6},{"damage":11,"enemies":"Exordium Wildlife","floor":11,"turns":6},{"damage":0,"enemies":"Gremlin Gang","floor":13,"turns":1},{"damage":22,"enemies":"Exordium Thugs","floor":14,"turns":8},{"damage":15,"enemies":"The Guardian","floor":16,"turns":17},{"damage":25,"enemies":"Shell Parasite","floor":18,"turns":8},{"damage":6,"enemies":"Chosen","floor":22,"turns":4},{"damage":13,"enemies":"Centurion and Healer","floor":24,"turns":4},{"damage":17,"enemies":"Book of Stabbing","floor":27,"turns":5},{"damage":21,"enemies":"Snecko","floor":29,"turns":6},{"damage":6,"enemies":"Cultist and Chosen","floor":30,"turns":4},{"damage":6,"enemies":"3 Cultists","floor":31,"turns":1},{"damage":81,"enemies":"Automaton","floor":33,"turns":12}],"seed_played":"4246348124201104789","potions_obtained":[{"floor":10,"key":"LiquidMemories"},{"floor":10,"key":"Explosive Potion"},{"floor":10,"key":"CultistPotion"},{"floor":14,"key":"BlessingOfTheForge"},{"floor":18,"key":"EssenceOfSteel"},{"floor":27,"key":"LiquidMemories"},{"floor":30,"key":"FearPotion"}],"is_trial":false,"path_per_floor":["M","M","$","?","?","R","M","M","T","?","M","R","M","M","R","B",null,"M","?","$","?","M","R","M","R","T","E","R","M","M","M","R","B"],"character_chosen":"IRONCLAD","items_purchased":["Warcry","Ghostly Armor+1","Body Slam"],"campfire_rested":1,"item_purchase_floors":[3,20,20],"current_hp_per_floor":[80,80,80,64,64,64,69,75,75,75,70,70,76,60,60,51,80,61,61,61,61,61,61,54,54,54,43,43,28,28,28,52,0,0],"gold":165,"neow_bonus":"THREE_CARDS","is_daily":false,"chose_seed":false,"campfire_upgraded":5,"win_rate":0.0,"timestamp":1612871368,"path_taken":["M","M","$","?","?","R","M","M","T","?","?","R","M","M","R","BOSS","M","?","$","?","M","R","M","R","T","E","R","?","M","M","R","BOSS"],"items_purchased_type":["Card","Card","Card"],"build_version":"2020-12-22","purchased_purges":2,"victory":false,"max_hp_per_floor":[80,80,80,80,80,80,80,80,80,80,80,80,80,80,80,80,80,80,80,80,80,80,80,80,80,80,80,80,80,80,80,80,80,80],"card_choices":[{"not_picked":["Bloodletting","Spot Weakness"],"picked":"Battle Trance","floor":0},{"not_picked":["Sword Boomerang","Carnage","Cleave"],"picked":"SKIP","floor":1},{"not_picked":["Anger","Havoc"],"picked":"Armaments","floor":2},{"not_picked":["Shrug It Off","Perfected Strike"],"picked":"Whirlwind","floor":7},{"not_picked":["Intimidate","Warcry","Searing Blow"],"picked":"SKIP","floor":8},{"not_picked":["Second Wind+1","Clash"],"picked":"Evolve","floor":11},{"not_picked":["Perfected Strike","Searing Blow"],"picked":"Shrug It Off+1","floor":13},{"not_picked":["Berserk","Clash"],"picked":"Pommel Strike","floor":14},{"not_picked":["Limit Break+1","Exhume+1"],"picked":"Offering+1","floor":16},{"not_picked":[],"picked":"Headbutt","floor":18},{"not_picked":["True Grit+1"],"picked":"SKIP","floor":22},{"not_picked":["Seeing Red+1"],"picked":"SKIP","floor":24},{"not_picked":["True Grit+1"],"picked":"SKIP","floor":27},{"not_picked":["Perfected Strike+1"],"picked":"SKIP","floor":29},{"not_picked":["Pommel Strike+1"],"picked":"SKIP","floor":30},{"not_picked":["Rage+1"],"picked":"SKIP","floor":31}],"player_experience":75857,"relics_obtained":[{"floor":9,"key":"Toxic Egg 2"},{"floor":26,"key":"Bottled Lightning"},{"floor":27,"key":"Bag of Marbles"}],"event_choices":[{"damage_healed":0,"gold_gain":0,"player_choice":"Entered Light","damage_taken":16,"max_hp_gain":0,"max_hp_loss":0,"event_name":"Shining Light","floor":4,"gold_loss":0,"cards_upgraded":["Defend_R","Defend_R"]},{"damage_healed":0,"gold_gain":0,"player_choice":"Ignored","damage_taken":0,"max_hp_gain":0,"max_hp_loss":0,"event_name":"Liars Game","floor":5,"gold_loss":0},{"damage_healed":0,"gold_gain":0,"player_choice":"Got Potions","damage_taken":0,"max_hp_gain":0,"max_hp_loss":0,"event_name":"Lab","floor":10,"gold_loss":0},{"cards_removed":["Strike_R"],"damage_healed":0,"gold_gain":0,"player_choice":"Elegance","damage_taken":0,"max_hp_gain":0,"max_hp_loss":0,"event_name":"Back to Basics","floor":19,"gold_loss":0},{"damage_healed":0,"gold_gain":0,"player_choice":"1 cards matched","damage_taken":0,"max_hp_gain":0,"max_hp_loss":0,"event_name":"Match and Keep!","floor":21,"gold_loss":0,"cards_obtained":["Shrug It Off"]}],"is_beta":false,"boss_relics":[{"not_picked":["Runic Pyramid","SacredBark"],"picked":"Busted Crown"}],"items_purged_floors":[3,20],"is_endless":false,"potions_floor_spawned":[11,14,18,27,30,31],"killed_by":"Automaton","ascension_level":0}}