{"host":"qmdmcz5nn4dzus5k","time":1612840132,"event":{"mods":["AchievementEnabler","BaseMod","Bestiary","BetterRewards","Displayed Cursed Tome","Minty Spire (QoL Compilation)","Relic Filter","Remove Card Discount Mod","Replay The Spire","Spicy Shops","StSLib","The Marked","TheHero","Uncapped"],"gold_per_floor":[120,120,120,67,93,93,133,163,163,191,225,225,249,280,280,300,300],"floor_reached":16,"language":"ENG","playtime":1408,"items_purged":["Pain","Strike_P","Defend_P"],"score":102,"play_id":"59bdb6a0-eb36-4328-92da-60cac1035990","local_time":"20210208220852","is_ascension_mode":false,"campfire_choices":[{"data":"Crescendo","floor":6,"key":"SMITH"},{"floor":15,"key":"REST"}],"circlet_count":0,"master_deck":["Strike_P","Strike_P","Defend_P","Defend_P","Defend_P","Eruption","Vigilance","Study","Crescendo+1","Secret Technique+1","FlurryOfBlows","Replay:Battleflow","ClearTheMind","WindmillStrike","FlyingSleeves","FlurryOfBlows","DeusExMachina+1","ReplayTheSpireMod:Splinters","LessonLearned","Pray"],"relics":["PureWater","Replay:Bandana","Pet Ghost","Counterbalance","Damaru","Bird Faced Urn","Pocketwatch"],"acts_visited":["Exordium"],"potions_floor_usage":[],"damage_taken":[{"damage":0,"enemies":"Cultist","floor":1,"turns":3},{"damage":0,"enemies":"Small Slimes","floor":5,"turns":3},{"damage":38,"enemies":"Gremlin Nob","floor":7,"turns":5},{"damage":2,"enemies":"2 Louse","floor":8,"turns":2},{"damage":14,"enemies":"2 Fungi Beasts","floor":10,"turns":4},{"damage":3,"enemies":"Large Slime","floor":11,"turns":4},{"damage":12,"enemies":"Red Slaver","floor":14,"turns":3},{"damage":28,"enemies":"The Guardian","floor":16,"turns":6}],"seed_played":"8325514318250062033","potions_obtained":[{"floor":1,"key":"GamblersBrew"},{"floor":5,"key":"Dexterity Potion"},{"floor":8,"key":"SteroidPotion"}],"is_trial":false,"path_per_floor":["M","?","?","$","M","R","E","M","T","M","M","?","?","M","R","B"],"character_chosen":"WATCHER","items_purchased":["Replay:Bandana","Pet Ghost","Study","Crescendo","Secret Technique","FlurryOfBlows"],"campfire_rested":1,"item_purchase_floors":[0,0,0,0,0,4],"current_hp_per_floor":[72,72,72,72,72,72,34,32,32,18,15,15,15,3,24,0,0],"gold":300,"neow_bonus":"","is_daily":false,"chose_seed":false,"campfire_upgraded":1,"win_rate":0.0,"timestamp":1612840132,"path_taken":["M","?","?","$","M","R","E","?","T","M","M","?","?","M","R","BOSS"],"items_purchased_type":["Relic","Relic","Card","Card","Card","Card"],"build_version":"2020-12-22","purchased_purges":3,"victory":false,"max_hp_per_floor":[72,72,72,72,72,72,72,72,72,72,72,72,72,72,72,72,72],"card_choices":[{"not_picked":["Protect","Replay:DivineShield","FlyingSleeves"],"picked":"SKIP","floor":1},{"not_picked":["Halt","LikeWater"],"picked":"Replay:Battleflow","floor":5},{"not_picked":["Perseverance","DeusExMachina"],"picked":"ClearTheMind","floor":7},{"not_picked":["Replay:AtTheReady","Crescendo"],"picked":"WindmillStrike","floor":8},{"not_picked":["DeceiveReality","Replay:BluntJabs"],"picked":"FlyingSleeves","floor":10},{"not_picked":["FlyingSleeves","Protect"],"picked":"FlurryOfBlows","floor":11},{"not_picked":["EmptyBody","EmptyFist"],"picked":"LessonLearned","floor":13},{"not_picked":["WindmillStrike","EmptyMind"],"picked":"Pray","floor":14}],"player_experience":67443,"relics_obtained":[{"floor":7,"key":"Damaru"},{"floor":9,"key":"Bird Faced Urn"},{"floor":13,"key":"Pocketwatch"}],"event_choices":[{"damage_healed":0,"gold_gain":0,"player_choice":"Leave","damage_taken":0,"max_hp_gain":0,"max_hp_loss":0,"event_name":"The Cleric","floor":2,"gold_loss":0},{"damage_healed":0,"gold_gain":0,"player_choice":"Ignored","damage_taken":0,"max_hp_gain":0,"max_hp_loss":0,"event_name":"NoteForYourself","floor":3,"gold_loss":0}],"is_beta":false,"boss_relics":[],"items_purged_floors":[0,0,0],"is_endless":false,"potions_floor_spawned":[1,5,8,11,14],"killed_by":"The Guardian","ascension_level":0}}