{"host":"2zu58scgr3ekv4lr","time":1612903319,"event":{"mods":["AchievementEnabler","BaseMod","Minty Spire (QoL Compilation)","Quick Restart","StSLib","The Cursed"],"gold_per_floor":[109,122,122,122,122,150,168,178,202,202,212,222,232,245,245,346,346,301,301,226,226,226,226,226,226,226,226,226,226,226],"floor_reached":29,"language":"ENG","playtime":1409,"items_purged":["Bash"],"score":274,"play_id":"55bd4003-683b-4482-9606-f826b258964f","local_time":"20210209214159","is_ascension_mode":false,"campfire_choices":[{"floor":10,"key":"REST"},{"floor":15,"key":"REST"},{"floor":23,"key":"REST"},{"floor":25,"key":"REST"},{"data":"Inflame","floor":27,"key":"SMITH"}],"circlet_count":0,"master_deck":["Strike_R","Strike_R","Strike_R","Strike_R","Defend_R","Defend_R","Defend_R","Defend_R","Perfected Strike","Heavy Blade","Demon Form+1","Inflame+1","Thunderclap","Dual Wield","Ghostly Armor","Spot Weakness","Armaments"],"relics":["Burning Blood","NeowsBlessing","MealTicket","Boot","Vajra","Ectoplasm","Anchor","Art of War"],"acts_visited":["Exordium","TheCity"],"potions_floor_usage":[12,16,16,16,29],"damage_taken":[{"damage":0,"enemies":"Jaw Worm","floor":1,"turns":1},{"damage":0,"enemies":"2 Louse","floor":2,"turns":1},{"damage":0,"enemies":"3 Sentries","floor":6,"turns":1},{"damage":5,"enemies":"Small Slimes","floor":7,"turns":4},{"damage":12,"enemies":"Looter","floor":8,"turns":4},{"damage":18,"enemies":"Gremlin Gang","floor":11,"turns":6},{"damage":7,"enemies":"2 Fungi Beasts","floor":12,"turns":3},{"damage":26,"enemies":"Exordium Thugs","floor":13,"turns":5},{"damage":34,"enemies":"Large Slime","floor":14,"turns":8},{"damage":41,"enemies":"The Guardian","floor":16,"turns":11},{"damage":20,"enemies":"2 Thieves","floor":18,"turns":4},{"damage":27,"enemies":"Spheric Guardian","floor":21,"turns":4},{"damage":15,"enemies":"Snecko","floor":22,"turns":5},{"damage":48,"enemies":"Gremlin Leader","floor":24,"turns":6},{"damage":33,"enemies":"Cultist and Chosen","floor":28,"turns":6},{"damage":31,"enemies":"Centurion and Healer","floor":29,"turns":5}],"seed_played":"-3321385271525586055","potions_obtained":[{"floor":2,"key":"FearPotion"},{"floor":6,"key":"BloodPotion"},{"floor":8,"key":"PowerPotion"},{"floor":12,"key":"Dexterity Potion"},{"floor":24,"key":"Dexterity Potion"}],"is_trial":false,"path_per_floor":["M","M","?","?","?","E","M","M","T","R","M","M","M","M","R","B",null,"M","?","$","M","M","R","E","R","T","R","M","M"],"character_chosen":"IRONCLAD","items_purchased":[],"campfire_rested":4,"item_purchase_floors":[],"current_hp_per_floor":[80,80,73,40,40,46,47,41,41,65,53,68,48,20,44,9,80,66,66,80,59,50,74,32,56,56,56,29,0,0],"gold":226,"neow_bonus":"THREE_ENEMY_KILL","is_daily":false,"chose_seed":false,"campfire_upgraded":1,"win_rate":0.0,"timestamp":1612903319,"path_taken":["M","M","?","?","?","E","M","M","T","R","M","M","M","M","R","BOSS","M","?","$","M","M","R","E","R","T","R","M","M"],"items_purchased_type":[],"build_version":"2020-12-22","purchased_purges":1,"victory":false,"max_hp_per_floor":[80,80,80,80,80,80,80,80,80,80,80,80,80,80,80,80,80,80,80,80,80,80,80,80,80,80,80,80,80,80],"card_choices":[{"not_picked":["Anger","Pummel"],"picked":"Perfected Strike","floor":1},{"not_picked":["Iron Wave","True Grit"],"picked":"Heavy Blade","floor":2},{"not_picked":["True Grit","Sword Boomerang"],"picked":"Demon Form","floor":6},{"not_picked":["Iron Wave","Pommel Strike"],"picked":"Inflame","floor":7},{"not_picked":["Headbutt","Pommel Strike"],"picked":"Thunderclap","floor":8},{"not_picked":["Heavy Blade","Whirlwind","Perfected Strike"],"picked":"SKIP","floor":11},{"not_picked":["Pommel Strike","Twin Strike"],"picked":"Dual Wield","floor":12},{"not_picked":["Body Slam","Bludgeon","Heavy Blade"],"picked":"SKIP","floor":13},{"not_picked":["Thunderclap","Clothesline"],"picked":"Ghostly Armor","floor":14},{"not_picked":["Perfected Strike","Carnage","Body Slam"],"picked":"SKIP","floor":18},{"not_picked":["Second Wind","Twin Strike"],"picked":"Spot Weakness","floor":21},{"not_picked":["Perfected Strike","Bloodletting+1","Hemokinesis+1"],"picked":"SKIP","floor":22},{"not_picked":["Fire Breathing","Rupture","Intimidate"],"picked":"SKIP","floor":24},{"not_picked":["Ghostly Armor","Cleave"],"picked":"Armaments","floor":28}],"player_experience":30959,"relics_obtained":[{"floor":6,"key":"Boot"},{"floor":9,"key":"Vajra"},{"floor":24,"key":"Anchor"},{"floor":26,"key":"Art of War"}],"event_choices":[{"cards_removed":["Strike_R"],"damage_healed":0,"gold_gain":0,"player_choice":"Card Removal","damage_taken":7,"max_hp_gain":0,"max_hp_loss":0,"event_name":"Golden Wing","floor":3,"gold_loss":0},{"damage_healed":0,"gold_gain":0,"player_choice":"Success","damage_taken":33,"relics_obtained":["MealTicket"],"max_hp_gain":0,"max_hp_loss":0,"event_name":"Scrap Ooze","floor":4,"gold_loss":0},{"damage_healed":0,"gold_gain":0,"player_choice":"Ignored","damage_taken":0,"max_hp_gain":0,"max_hp_loss":0,"event_name":"Liars Game","floor":5,"gold_loss":0},{"damage_healed":0,"gold_gain":0,"player_choice":"Forge","damage_taken":0,"max_hp_gain":0,"max_hp_loss":0,"event_name":"Accursed Blacksmith","floor":19,"gold_loss":0,"cards_upgraded":["Demon Form"]}],"is_beta":false,"boss_relics":[{"not_picked":["Busted Crown","Tiny House"],"picked":"Ectoplasm"}],"items_purged_floors":[20],"is_endless":false,"potions_floor_spawned":[2,6,8,12,24],"killed_by":"Centurion and Healer","ascension_level":0}}