{"host":"kvo7eymyd21g9abd","time":1612895252,"event":{"mods":["AchievementEnabler","BaseMod","Bestiary","Colored Map","Minty Spire (QoL Compilation)","StSLib"],"gold_per_floor":[115,115,129,129,129,156,156,186,186,219,219,219,20,59,59,155,155,177,0,17,46,46,46,85,108,131,68,68,79,79,123,123,233,283,304,325,325,347,347,347,370,370,421,433,480,504,525,525],"floor_reached":47,"language":"ENG","playtime":2488,"items_purged":[],"score":680,"play_id":"8b9521ad-ef2a-4571-90d1-d8868136a5b8","local_time":"20210209132732","is_ascension_mode":true,"campfire_choices":[{"floor":7.0,"key":"RECALL"},{"floor":15.0,"key":"REST"},{"floor":23.0,"key":"REST"},{"floor":28.0,"key":"REST"},{"floor":30.0,"key":"REST"},{"floor":32.0,"key":"REST"},{"floor":40,"key":"REST"},{"floor":42,"key":"REST"},{"floor":44,"key":"REST"}],"circlet_count":0,"master_deck":["Strike_G+1","Strike_G+1","Strike_G+1","Strike_G+1","Strike_G+1","Defend_G+1","Defend_G+1","Defend_G+1","Defend_G+1","Defend_G+1","Survivor","Neutralize+1","Quick Slash","Eviscerate","Dagger Throw","Reflex","Prepared","Prepared","Dodge and Roll+1","Cloak And Dagger+1","Terror","Eviscerate","Tools of the Trade","Calculated Gamble+1","Tools of the Trade","All Out Attack+1","Well Laid Plans","Parasite"],"relics":["Fusion Hammer","Gambling Chip","Sundial","Darkstone Periapt","Regal Pillow","CeramicFish","Velvet Choker","Akabeko","Centennial Puzzle","Gremlin Horn","Tiny House","MawBank","Letter Opener"],"acts_visited":["Exordium","TheCity","TheBeyond"],"potions_floor_usage":[41],"damage_taken":[{"damage":1.0,"enemies":"2 Louse","floor":1.0,"turns":3.0},{"damage":0.0,"enemies":"Small Slimes","floor":3.0,"turns":3.0},{"damage":13.0,"enemies":"Gremlin Nob","floor":6.0,"turns":3.0},{"damage":18.0,"enemies":"Lagavulin","floor":8.0,"turns":6.0},{"damage":15.0,"enemies":"3 Sentries","floor":10.0,"turns":6.0},{"damage":0.0,"enemies":"Gremlin Nob","floor":14.0,"turns":2.0},{"damage":48.0,"enemies":"Hexaghost","floor":16.0,"turns":11.0},{"damage":9.0,"enemies":"Shell Parasite","floor":18.0,"turns":5.0},{"damage":12.0,"enemies":"2 Thieves","floor":20.0,"turns":3.0},{"damage":27.0,"enemies":"Snecko","floor":21.0,"turns":6.0},{"damage":23.0,"enemies":"Gremlin Leader","floor":24.0,"turns":10.0},{"damage":16.0,"enemies":"Shelled Parasite and Fungi","floor":25.0,"turns":4.0},{"damage":6.0,"enemies":"Snake Plant","floor":29.0,"turns":3.0},{"damage":5.0,"enemies":"Book of Stabbing","floor":31.0,"turns":3.0},{"damage":69.0,"enemies":"Automaton","floor":33.0,"turns":12.0},{"damage":13,"enemies":"3 Darklings","floor":35,"turns":6},{"damage":11,"enemies":"3 Shapes","floor":36,"turns":6},{"damage":51,"enemies":"Writhing Mass","floor":38,"turns":6},{"damage":27,"enemies":"Jaw Worm Horde","floor":41,"turns":3},{"damage":42,"enemies":"Nemesis","floor":45,"turns":5},{"damage":14,"enemies":"Spire Growth","floor":46,"turns":5},{"damage":29,"enemies":"Writhing Mass","floor":47,"turns":4}],"seed_played":"-5992810187412598274","potions_obtained":[{"floor":3.0,"key":"SteroidPotion"},{"floor":8.0,"key":"Poison Potion"},{"floor":10.0,"key":"FairyPotion"},{"floor":14.0,"key":"BlessingOfTheForge"},{"floor":25.0,"key":"Weak Potion"},{"floor":31.0,"key":"Block Potion"},{"floor":34,"key":"Explosive Potion"},{"floor":36,"key":"CunningPotion"},{"floor":46,"key":"Energy Potion"}],"is_trial":false,"path_per_floor":["M","?","M","$","?","E","R","E","T","E","?","$","$","E","R","B",null,"M","?","M","M","?","R","E","M","T","$","R","M","R","E","R","B",null,"M","M","?","M","?","R","M","R","T","R","E","M","M"],"character_chosen":"THE_SILENT","items_purchased":["Regal Pillow","Explosive Potion","Calculated Gamble"],"campfire_rested":8,"item_purchase_floors":[13,13,27],"current_hp_per_floor":[69,69,69,69,55,42,42,24,24,9,32,32,32,32,68,20,58,49,49,37,10,10,46,23,7,7,7,43,37,70,65,70,1,58,45,34,34,8,8,45,18,55,55,75,33,19,0,0],"gold":525,"neow_bonus":"BOSS_RELIC","is_daily":false,"chose_seed":false,"campfire_upgraded":0,"win_rate":0.0,"timestamp":1612895252,"path_taken":["M","?","M","$","?","E","R","E","T","E","?","?","$","E","R","BOSS","M","?","M","M","?","R","E","M","T","?","R","M","R","E","R","BOSS","M","M","?","M","?","R","M","R","T","R","E","M","?"],"items_purchased_type":["Relic","Potion","Card"],"build_version":"2020-12-22","purchased_purges":0,"victory":false,"max_hp_per_floor":[70,70,70,70,70,70,70,70,70,70,70,70,70,70,70,70,70,70,70,70,70,70,70,70,70,70,70,70,70,70,70,70,70,75,75,75,75,75,75,75,75,75,75,75,75,75,81,81],"card_choices":[{"not_picked":["Flying Knee","Acrobatics"],"picked":"Quick Slash","floor":1.0},{"not_picked":["Blade Dance","Concentrate"],"picked":"Eviscerate","floor":3.0},{"not_picked":["Deadly Poison","Backstab","Finisher"],"picked":"SKIP","floor":6.0},{"not_picked":["Outmaneuver","Acrobatics"],"picked":"Dagger Throw","floor":8.0},{"not_picked":["Bane","Setup"],"picked":"Reflex","floor":10.0},{"not_picked":["Glass Knife","Bane"],"picked":"Prepared","floor":14.0},{"not_picked":["Sucker Punch","Reflex"],"picked":"Prepared","floor":18.0},{"not_picked":["Poisoned Stab","Blade Dance","Deflect"],"picked":"SKIP","floor":20.0},{"not_picked":["Bane","Concentrate"],"picked":"Dodge and Roll","floor":21.0},{"not_picked":["Crippling Poison","Flechettes"],"picked":"Cloak And Dagger+1","floor":24.0},{"not_picked":["Crippling Poison+1","Slice+1"],"picked":"Terror","floor":25.0},{"not_picked":["Deadly Poison","Poisoned Stab","Bane"],"picked":"SKIP","floor":29.0},{"not_picked":["Heel Hook","Venomology"],"picked":"Eviscerate","floor":31.0},{"not_picked":["Corpse Explosion","Die Die Die"],"picked":"Tools of the Trade","floor":33.0},{"not_picked":["Blade Dance+1","Dash+1"],"picked":"Calculated Gamble+1","floor":35},{"not_picked":["Cloak And Dagger+1","PiercingWail+1"],"picked":"Tools of the Trade","floor":36},{"not_picked":["PiercingWail+1","Blade Dance+1"],"picked":"All Out Attack+1","floor":38},{"not_picked":["Infinite Blades+1","Deadly Poison+1"],"picked":"Well Laid Plans","floor":41},{"not_picked":["Acrobatics+1","Endless Agony+1","Setup+1"],"picked":"SKIP","floor":45},{"not_picked":["Dagger Spray","Tools of the Trade","Riddle With Holes"],"picked":"SKIP","floor":46}],"player_experience":452389,"relics_obtained":[{"floor":6.0,"key":"Gambling Chip"},{"floor":8.0,"key":"Sundial"},{"floor":10.0,"key":"Darkstone Periapt"},{"floor":14.0,"key":"CeramicFish"},{"floor":24.0,"key":"Akabeko"},{"floor":26.0,"key":"Centennial Puzzle"},{"floor":31.0,"key":"Gremlin Horn"},{"floor":43,"key":"MawBank"},{"floor":45,"key":"Letter Opener"}],"event_choices":[{"damage_healed":0.0,"max_hp_gain":0.0,"max_hp_loss":0.0,"gold_gain":0.0,"event_name":"Living Wall","player_choice":"Grow","floor":2.0,"gold_loss":0.0,"damage_taken":0.0,"cards_upgraded":["Neutralize"]},{"damage_healed":0.0,"max_hp_gain":0.0,"max_hp_loss":0.0,"gold_gain":0.0,"event_name":"Shining Light","player_choice":"Entered Light","floor":5.0,"gold_loss":0.0,"damage_taken":14.0,"cards_upgraded":["Strike_G","Strike_G"]},{"damage_healed":23.0,"max_hp_gain":0.0,"max_hp_loss":0.0,"gold_gain":0.0,"event_name":"Big Fish","player_choice":"Banana","floor":11.0,"gold_loss":0.0,"damage_taken":0.0},{"damage_healed":0.0,"max_hp_gain":0.0,"max_hp_loss":0.0,"gold_gain":0.0,"event_name":"Masked Bandits","player_choice":"Paid Fearfully","floor":19.0,"gold_loss":177.0,"damage_taken":0.0},{"damage_healed":0.0,"max_hp_gain":0.0,"max_hp_loss":0.0,"gold_gain":0.0,"event_name":"Back to Basics","player_choice":"Simplicity","floor":22.0,"gold_loss":0.0,"damage_taken":0.0,"cards_upgraded":["Strike_G","Strike_G","Strike_G","Defend_G","Defend_G","Defend_G","Defend_G","Defend_G"]},{"damage_healed":0,"gold_gain":0,"player_choice":"Ignored","damage_taken":0,"max_hp_gain":0,"max_hp_loss":0,"event_name":"Mysterious Sphere","floor":37,"gold_loss":0},{"cards_removed":["Calculated Gamble"],"damage_healed":0,"gold_gain":0,"player_choice":"Removed Skill","damage_taken":0,"max_hp_gain":0,"max_hp_loss":0,"event_name":"Falling","floor":39,"gold_loss":0}],"is_beta":false,"boss_relics":[{"not_picked":["Runic Dome","Sozu"],"picked":"Velvet Choker"},{"not_picked":["Astrolabe","SlaversCollar"],"picked":"Tiny House"}],"items_purged_floors":[],"is_endless":false,"potions_floor_spawned":[3,8,10,14,18,25,31,36,46],"killed_by":"Writhing Mass","ascension_level":5}}