{"host":"jpcy2bclvs7juczu","time":1612838674,"event":{"mods":["Alarm Clock","BaseMod","Bestiary","Block Reminder","Colored Map","Colored Powertips","Current Relic Mod","Curses Come First","Dark Map","Filter the Spire","Minty Spire (QoL Compilation)","Quick Restart","RNG Fix","Relic Stats","Slay the Relics Exporter","Smile Girya","StSLib","everything is the same but u backflip on backflip","ojb\u0027s Better Paths Mod","ojb\u0027s Info Mod","slay the spire mod where everything is the same but ironclad has a cowboy hat"],"gold_per_floor":[114,134,144,163,163,189,22,53,53,82,82,82,95,112,112,189,189,208,208,108,121,132,158,158,158,158],"floor_reached":25,"language":"ENG","playtime":1110,"items_purged":["Clash"],"score":536,"play_id":"a2f8218c-8842-4033-8ee9-59ed39a495aa","local_time":"20210208214434","is_ascension_mode":true,"campfire_choices":[{"data":"Bash","floor":11,"key":"SMITH"},{"data":"Fire Breathing","floor":15,"key":"SMITH"},{"data":"Body Slam","floor":24,"key":"SMITH"}],"circlet_count":0,"master_deck":["AscendersBane","Bash+1","Anger","Fire Breathing+1","Iron Wave","Power Through","Body Slam+1","Clothesline","Ghostly Armor","Carnage","Offering","Ghostly Armor","Warcry","Havoc","Berserk","Demon Form","Immolate+1","Sever Soul","Inflame","True Grit","Power Through"],"relics":["Burning Blood","Toy Ornithopter","Blood Vial","OrangePellets","Bronze Scales","Omamori","Pandora\u0027s Box","Bird Faced Urn"],"acts_visited":["Exordium","TheCity"],"potions_floor_usage":[8,8,16,21,23,23],"damage_taken":[{"damage":5,"enemies":"2 Louse","floor":1,"turns":4},{"damage":2,"enemies":"Cultist","floor":2,"turns":4},{"damage":7,"enemies":"Small Slimes","floor":3,"turns":3},{"damage":9,"enemies":"Red Slaver","floor":4,"turns":4},{"damage":0,"enemies":"3 Sentries","floor":6,"turns":6},{"damage":15,"enemies":"Lagavulin","floor":8,"turns":7},{"damage":51,"enemies":"Gremlin Nob","floor":10,"turns":5},{"damage":12,"enemies":"Large Slime","floor":13,"turns":6},{"damage":6,"enemies":"Looter","floor":14,"turns":4},{"damage":12,"enemies":"Hexaghost","floor":16,"turns":11},{"damage":12,"enemies":"Shell Parasite","floor":18,"turns":4},{"damage":15,"enemies":"Chosen","floor":21,"turns":5},{"damage":6,"enemies":"Centurion and Healer","floor":22,"turns":4},{"damage":42,"enemies":"Slavers","floor":23,"turns":5},{"damage":51,"enemies":"Gremlin Leader","floor":25,"turns":4}],"seed_played":"8130940223225940514","potions_obtained":[{"floor":2,"key":"Weak Potion"},{"floor":4,"key":"Regen Potion"},{"floor":6,"key":"Ancient Potion"},{"floor":13,"key":"PowerPotion"},{"floor":14,"key":"Ancient Potion"},{"floor":16,"key":"GamblersBrew"},{"floor":21,"key":"FearPotion"}],"is_trial":false,"path_per_floor":["M","M","M","M","?","E","$","E","T","E","R","?","M","M","R","B",null,"M","?","$","M","M","E","R","E"],"character_chosen":"IRONCLAD","items_purchased":["OrangePellets","True Grit"],"campfire_rested":0,"item_purchase_floors":[7,20],"current_hp_per_floor":[69,73,72,69,69,75,75,71,71,28,28,53,49,51,51,52,69,65,65,65,63,65,41,41,0,0],"gold":158,"neow_bonus":"RANDOM_COMMON_RELIC","is_daily":false,"chose_seed":false,"campfire_upgraded":3,"win_rate":0.0,"timestamp":1612838674,"path_taken":["M","M","M","?","?","E","$","E","T","E","R","?","M","M","R","BOSS","M","?","$","M","M","E","R","E"],"items_purchased_type":["Relic","Card"],"build_version":"2020-12-22","purchased_purges":1,"victory":false,"max_hp_per_floor":[75,75,75,75,75,75,75,75,75,75,75,75,75,75,75,75,75,75,75,75,75,75,75,75,75,75],"relic_stats":{"Blood Vial":18,"OrangePellets":[7],"counters":[15,76],"Bronze Scales":[159],"Bird Faced Urn":[6],"Pandora\u0027s Box":["Ghostly Armor","Warcry","Havoc","Berserk","Demon Form","Immolate","Sever Soul","Inflame"],"obtain_stats":[{"Blood Vial":6,"OrangePellets":7,"Bronze Scales":8,"Bird Faced Urn":23,"Pandora\u0027s Box":17,"Omamori":10,"Burning Blood":0,"Toy Ornithopter":0},{"Blood Vial":5,"OrangePellets":5,"Bronze Scales":6,"Bird Faced Urn":14,"Pandora\u0027s Box":10,"Omamori":7,"Burning Blood":0,"Toy Ornithopter":0},{"Blood Vial":21,"OrangePellets":21,"Bronze Scales":28,"Bird Faced Urn":72,"Pandora\u0027s Box":54,"Omamori":33,"Burning Blood":0,"Toy Ornithopter":0}],"Burning Blood":84,"Toy Ornithopter":25},"card_choices":[{"not_picked":["Heavy Blade","Headbutt"],"picked":"Anger","floor":1},{"not_picked":["Cleave","Flex"],"picked":"Fire Breathing","floor":2},{"not_picked":["Spot Weakness","Wild Strike"],"picked":"Iron Wave","floor":3},{"not_picked":["Heavy Blade","Exhume"],"picked":"Power Through","floor":4},{"not_picked":["Havoc","Fire Breathing"],"picked":"Body Slam","floor":6},{"not_picked":["Clash","Iron Wave","Thunderclap"],"picked":"SKIP","floor":8},{"not_picked":["Power Through","Body Slam"],"picked":"Clothesline","floor":10},{"not_picked":["Clash","Headbutt"],"picked":"Ghostly Armor","floor":13},{"not_picked":["Blood for Blood","Clash"],"picked":"Carnage","floor":14},{"not_picked":["Feed","Double Tap"],"picked":"Offering","floor":16},{"not_picked":["Sword Boomerang","Wild Strike","Twin Strike"],"picked":"SKIP","floor":18},{"not_picked":["Dropkick+1","Juggernaut","Clash"],"picked":"SKIP","floor":21},{"not_picked":["Armaments","Headbutt+1","Twin Strike"],"picked":"SKIP","floor":22},{"not_picked":["Rage","Rampage"],"picked":"Power Through","floor":23}],"player_experience":1600137,"relics_obtained":[{"floor":6,"key":"Blood Vial"},{"floor":8,"key":"Bronze Scales"},{"floor":10,"key":"Omamori"},{"floor":23,"key":"Bird Faced Urn"}],"event_choices":[{"damage_healed":0,"gold_gain":0,"cards_transformed":["Strike_R"],"player_choice":"Change","damage_taken":0,"max_hp_gain":0,"max_hp_loss":0,"event_name":"Living Wall","floor":5,"gold_loss":0,"cards_obtained":["Clash"]},{"damage_healed":25,"gold_gain":0,"player_choice":"Banana","damage_taken":0,"max_hp_gain":0,"max_hp_loss":0,"event_name":"Big Fish","floor":12,"gold_loss":0},{"damage_healed":0,"gold_gain":0,"player_choice":"Upgraded","damage_taken":0,"max_hp_gain":0,"max_hp_loss":0,"event_name":"Upgrade Shrine","floor":19,"gold_loss":0,"cards_upgraded":["Immolate"]}],"is_beta":false,"boss_relics":[{"not_picked":["SacredBark","Mark of Pain"],"picked":"Pandora\u0027s Box"}],"items_purged_floors":[20],"is_endless":false,"potions_floor_spawned":[2,4,6,13,14,16,21],"killed_by":"Gremlin Leader","ascension_level":20}}