{"host":"Doisman","time":1612840364,"event":{"mods":["AchievementEnabler","BaseMod","Better Note","Curses Come First","Minty Spire (QoL Compilation)","Permanent Neow","Relic Stats","Replay The Spire","StSLib"],"gold_per_floor":[109,109,126,39,55,55,68,101,101,101,120,20,20,62,62,163,163,177,195,212,212,212,246,246,277,277,277,277,192,210,210,210,309,309,327,327,327,32,82,116,131,131,179,213,44,76,76,2,2,2],"floor_reached":51,"language":"ENG","playtime":1621,"items_purged":["Overencumbered","Strike_P"],"score":882,"play_id":"f9eb62df-f170-4a70-8326-f0c14cdfd0da","local_time":"20210208211244","is_ascension_mode":true,"campfire_choices":[{"data":"DevaForm","floor":6,"key":"SMITH"},{"data":"Halt","floor":13,"key":"SMITH"},{"data":"WheelKick","floor":15,"key":"SMITH"},{"data":"Halt","floor":24,"key":"SMITH"},{"data":"Vigilance","floor":27,"key":"SMITH"},{"data":"1","floor":32,"key":"LIFT"},{"data":"2","floor":42,"key":"LIFT"},{"data":"3","floor":47,"key":"LIFT"},{"data":"ReplayUltimateDefense","floor":49,"key":"SMITH"}],"circlet_count":0,"master_deck":["Strike_P","Strike_P","Defend_P","Defend_P","Defend_P","Defend_P","Eruption+1","Vigilance+1","Conclude","CutThroughFate","DevaForm+1","Tantrum","Halt+1","WheelKick+1","FlurryOfBlows","Fasting2+1","Halt+1","FollowUp+1","FlurryOfBlows","DeceiveReality","ReplayUltimateDefense+1","Prostrate+1","Fasting2"],"relics":["Runic Pyramid","ReplayTheSpireMod:CursedCoin","Garlic","StrikeDummy","Blood Vial","Simple Rune","Counterbalance","Girya","VioletLotus","Sling","Anchor","Bird Faced Urn","Iron Hammer","Strawberry","Centennial Puzzle","Bag of Marbles"],"acts_visited":["Exordium","TheCity","TheBeyond"],"potions_floor_usage":[18,23,25,25,25,39,41,46,50,50],"damage_taken":[{"damage":0,"enemies":"2 Louse","floor":1,"turns":3},{"damage":0,"enemies":"Cultist","floor":3,"turns":2},{"damage":0,"enemies":"Small Slimes","floor":5,"turns":4},{"damage":0,"enemies":"Looter","floor":7,"turns":2},{"damage":0,"enemies":"Gremlin Nob","floor":8,"turns":2},{"damage":0,"enemies":"Exordium Wildlife","floor":11,"turns":2},{"damage":22,"enemies":"Hexaghost","floor":16,"turns":6},{"damage":6,"enemies":"2 Thieves","floor":18,"turns":3},{"damage":0,"enemies":"Spheric Guardian","floor":19,"turns":3},{"damage":0,"enemies":"Cultist and Chosen","floor":20,"turns":5},{"damage":0,"enemies":"Slavers","floor":23,"turns":3},{"damage":12,"enemies":"Book of Stabbing","floor":25,"turns":5},{"damage":3,"enemies":"Shelled Parasite and Fungi","floor":30,"turns":2},{"damage":2,"enemies":"Collector","floor":33,"turns":5},{"damage":10,"enemies":"3 Shapes","floor":35,"turns":4},{"damage":0,"enemies":"Mind Bloom Boss Battle","floor":39,"turns":6},{"damage":0,"enemies":"Giant Head","floor":40,"turns":6},{"damage":9,"enemies":"3 Darklings","floor":41,"turns":3},{"damage":12,"enemies":"Nemesis","floor":44,"turns":5},{"damage":8,"enemies":"Reptomancer","floor":46,"turns":6},{"damage":32,"enemies":"Awakened One","floor":50,"turns":8}],"seed_played":"-1857542536061720235","potions_obtained":[{"floor":8,"key":"Elixir"},{"floor":14,"key":"Languid Potion"},{"floor":14,"key":"EntropicBrew"},{"floor":14,"key":"Fire Potion"},{"floor":16,"key":"DistilledChaos"},{"floor":19,"key":"BottledMiracle"},{"floor":23,"key":"Toxic Potion"},{"floor":40,"key":"StancePotion"},{"floor":41,"key":"PowerPotion"}],"is_trial":false,"path_per_floor":["M","?","M","$","M","R","M","E","T","?","M","$","R","?","R","B",null,"M","M","M","?","?","E","R","E","T","R","?","?","M","?","R","B",null,"M","?","?","$","?","E","M","R","T","E","$","E","R","$","R","B",null],"character_chosen":"WATCHER","items_purchased":["ReplayTheSpireMod:CursedCoin","DevaForm","Sling","Anchor","ReplayUltimateDefense","Fasting2"],"campfire_rested":0,"item_purchase_floors":[4,4,38,38,45,48],"current_hp_per_floor":[72,72,72,72,72,72,72,72,72,72,72,72,72,54,54,32,72,66,66,66,66,66,66,66,56,56,56,56,56,55,55,55,55,72,62,62,62,62,64,70,63,63,70,64,64,62,62,62,62,42],"gold":2,"neow_bonus":"BOSS_RELIC","is_daily":false,"chose_seed":false,"campfire_upgraded":6,"win_rate":0.0,"timestamp":1612840364,"path_taken":["M","?","M","$","?","R","M","E","T","?","M","$","R","?","R","BOSS","M","M","M","?","?","E","R","E","T","R","?","?","M","?","R","BOSS","M","?","?","$","?","E","M","R","T","E","?","E","R","$","R","BOSS"],"items_purchased_type":["Relic","Card","Relic","Relic","Card","Card"],"build_version":"2020-12-18","purchased_purges":2,"victory":true,"max_hp_per_floor":[72,72,72,72,72,72,72,72,72,72,72,72,72,72,72,72,72,72,72,72,72,72,72,72,72,72,72,72,72,72,72,72,72,72,72,72,72,72,72,72,72,72,79,79,79,79,79,79,79,79],"relic_stats":{"Blood Vial":18,"Centennial Puzzle":[5],"counters":[21,85],"Bird Faced Urn":[22],"VioletLotus":[10],"obtain_stats":[{"Girya":29,"ReplayTheSpireMod:CursedCoin":4,"Counterbalance":26,"Sling":38,"Blood Vial":23,"Anchor":38,"Centennial Puzzle":44,"Bird Faced Urn":39,"Strawberry":43,"Simple Rune":25,"VioletLotus":34,"Iron Hammer":40,"Garlic":8,"Bag of Marbles":46,"PureWater":0,"StrikeDummy":9,"Runic Pyramid":0},{"Girya":12,"ReplayTheSpireMod:CursedCoin":2,"Counterbalance":12,"Sling":15,"Blood Vial":11,"Anchor":15,"Centennial Puzzle":19,"Bird Faced Urn":16,"Strawberry":18,"Simple Rune":12,"VioletLotus":14,"Iron Hammer":17,"Garlic":5,"Bag of Marbles":20,"PureWater":0,"StrikeDummy":5,"Runic Pyramid":0},{"Girya":40,"ReplayTheSpireMod:CursedCoin":5,"Counterbalance":40,"Sling":51,"Blood Vial":35,"Anchor":51,"Centennial Puzzle":71,"Bird Faced Urn":57,"Strawberry":66,"Simple Rune":40,"VioletLotus":47,"Iron Hammer":63,"Garlic":13,"Bag of Marbles":77,"PureWater":0,"StrikeDummy":13,"Runic Pyramid":0}]},"card_choices":[{"not_picked":["PathToVictory","Crescendo"],"picked":"Conclude","floor":1},{"not_picked":["Evaluate","Blasphemy"],"picked":"CutThroughFate","floor":3},{"not_picked":["CrushJoints","InnerPeace","Evaluate"],"picked":"SKIP","floor":5},{"not_picked":["Replay:ManipulateFuture","Replay:Cycle"],"picked":"Tantrum","floor":7},{"not_picked":["Replay:BluntJabs","Protect"],"picked":"Halt","floor":8},{"not_picked":["Protect","EmptyBody","WaveOfTheHand"],"picked":"SKIP","floor":11},{"not_picked":["Protect","WaveOfTheHand"],"picked":"WheelKick","floor":14},{"not_picked":["ClearTheMind","Protect"],"picked":"FlurryOfBlows","floor":18},{"not_picked":["Evaluate+1","Conclude"],"picked":"Fasting2+1","floor":19},{"not_picked":["ClearTheMind","Judgement"],"picked":"Halt","floor":20},{"not_picked":["Replay:Cycle+1","CutThroughFate","InnerPeace"],"picked":"SKIP","floor":23},{"not_picked":["WheelKick","SignatureMove+1"],"picked":"FollowUp+1","floor":25},{"not_picked":["Nirvana","FlyingSleeves+1","SandsOfTime"],"picked":"SKIP","floor":30},{"not_picked":["Replay:ManipulateFuture+1","Meditate+1"],"picked":"FlurryOfBlows","floor":35},{"not_picked":["Study","Protect+1","CarveReality+1"],"picked":"SKIP","floor":40},{"not_picked":["Swivel","Protect+1"],"picked":"DeceiveReality","floor":41},{"not_picked":["SashWhip+1","Replay:Anticipation","BattleHymn+1"],"picked":"SKIP","floor":44},{"not_picked":["BowlingBash+1","ThirdEye"],"picked":"Prostrate+1","floor":46}],"player_experience":1094749,"relics_obtained":[{"floor":8,"key":"Garlic"},{"floor":9,"key":"StrikeDummy"},{"floor":23,"key":"Blood Vial"},{"floor":25,"key":"Simple Rune"},{"floor":26,"key":"Counterbalance"},{"floor":39,"key":"Bird Faced Urn"},{"floor":40,"key":"Iron Hammer"},{"floor":43,"key":"Strawberry"},{"floor":44,"key":"Centennial Puzzle"},{"floor":46,"key":"Bag of Marbles"}],"event_choices":[{"damage_healed":0,"gold_gain":0,"player_choice":"Upgraded","damage_taken":0,"max_hp_gain":0,"max_hp_loss":0,"event_name":"Upgrade Shrine","floor":2,"gold_loss":0,"cards_upgraded":["Eruption"]},{"damage_healed":0,"gold_gain":0,"player_choice":"Ignored","damage_taken":0,"max_hp_gain":0,"max_hp_loss":0,"event_name":"betterNote:BetterNote","floor":21,"gold_loss":0,"cards_obtained":["Bash"]},{"damage_healed":0,"gold_gain":0,"player_choice":"Ignored","damage_taken":0,"max_hp_gain":0,"max_hp_loss":0,"event_name":"Vampires","floor":28,"gold_loss":0},{"damage_healed":0,"gold_gain":0,"player_choice":"Obtained Relic","damage_taken":0,"relics_obtained":["Girya"],"max_hp_gain":0,"max_hp_loss":0,"event_name":"Addict","floor":29,"gold_loss":85},{"damage_healed":0,"gold_gain":0,"player_choice":"Ignored","damage_taken":0,"max_hp_gain":0,"max_hp_loss":0,"event_name":"Ghosts","floor":31,"gold_loss":0},{"damage_healed":0,"gold_gain":0,"player_choice":"Ignored","damage_taken":0,"max_hp_gain":0,"max_hp_loss":0,"event_name":"Tomb of Lord Red Mask","floor":36,"gold_loss":0},{"cards_removed":["Strike_P"],"damage_healed":0,"gold_gain":0,"player_choice":"Removed Attack","damage_taken":0,"max_hp_gain":0,"max_hp_loss":0,"event_name":"Falling","floor":37,"gold_loss":0},{"damage_healed":0,"gold_gain":0,"player_choice":"Fight","damage_taken":0,"max_hp_gain":0,"max_hp_loss":0,"event_name":"MindBloom","floor":39,"gold_loss":0}],"is_beta":true,"boss_relics":[{"not_picked":["Replay:Drink Me","Kintsugi","Snecko Heart"]},{"not_picked":["Busted Crown","Coffee Dripper"],"picked":"VioletLotus"}],"items_purged_floors":[4,12],"is_endless":false,"potions_floor_spawned":[8,16,19,20,23,40,41],"ascension_level":1}}