{"host":"jpcy2bclvs7juczu","time":1612832266,"event":{"mods":["Alarm Clock","BaseMod","Bestiary","Block Reminder","Colored Map","Colored Powertips","Current Relic Mod","Curses Come First","Dark Map","Filter the Spire","Minty Spire (QoL Compilation)","Quick Restart","RNG Fix","Relic Stats","Slay the Relics Exporter","Smile Girya","StSLib","everything is the same but u backflip on backflip","ojb\u0027s Better Paths Mod","ojb\u0027s Info Mod","slay the spire mod where everything is the same but ironclad has a cowboy hat"],"gold_per_floor":[115,126,139,154,46,57,57,73,73,93,110,110,110],"floor_reached":12,"language":"ENG","playtime":713,"items_purged":[],"score":152,"play_id":"225e1291-173d-488a-9252-00c80b107754","local_time":"20210208195746","is_ascension_mode":true,"campfire_choices":[{"floor":7,"key":"REST"}],"circlet_count":0,"master_deck":["AscendersBane","Strike_G","Strike_G","Strike_G","Strike_G","Strike_G","Defend_G","Defend_G","Defend_G","Defend_G","Defend_G","Survivor","Neutralize","Bouncing Flask","Skewer","Dagger Throw","Underhanded Strike","Acrobatics","Bane","Blade Dance"],"relics":["Snecko Eye","Pantograph"],"acts_visited":["Exordium"],"potions_floor_usage":[12,12],"damage_taken":[{"damage":10,"enemies":"Small Slimes","floor":1,"turns":6},{"damage":1,"enemies":"Cultist","floor":2,"turns":3},{"damage":6,"enemies":"Jaw Worm","floor":3,"turns":4},{"damage":0,"enemies":"2 Fungi Beasts","floor":4,"turns":3},{"damage":30,"enemies":"Lots of Slimes","floor":6,"turns":5},{"damage":7,"enemies":"Large Slime","floor":8,"turns":5},{"damage":0,"enemies":"2 Fungi Beasts","floor":10,"turns":3},{"damage":6,"enemies":"Blue Slaver","floor":11,"turns":4},{"damage":18,"enemies":"Lagavulin","floor":12,"turns":4}],"seed_played":"1521902308374476087","potions_obtained":[{"floor":6,"key":"Block Potion"}],"is_trial":false,"path_per_floor":["M","M","M","M","$","M","R","M","T","M","M","E"],"character_chosen":"THE_SILENT","items_purchased":["PowerPotion","Dagger Throw"],"campfire_rested":1,"item_purchase_floors":[5,5],"current_hp_per_floor":[49,48,42,42,42,12,31,24,24,24,18,0,0],"gold":110,"neow_bonus":"BOSS_RELIC","is_daily":false,"chose_seed":false,"campfire_upgraded":0,"win_rate":0.0,"timestamp":1612832266,"path_taken":["M","M","M","?","$","M","R","M","T","?","M","E"],"items_purchased_type":["Potion","Card"],"build_version":"2020-12-22","purchased_purges":0,"victory":false,"max_hp_per_floor":[66,66,66,66,66,66,66,66,66,66,66,66,66],"relic_stats":{"counters":[9,37],"Pantograph":0,"Snecko Eye":[51,67,51,82],"obtain_stats":[{"Pantograph":9,"Snecko Eye":0,"Ring of the Snake":0},{"Pantograph":6,"Snecko Eye":0,"Ring of the Snake":0},{"Pantograph":26,"Snecko Eye":0,"Ring of the Snake":0}]},"card_choices":[{"not_picked":["Acrobatics","Noxious Fumes"],"picked":"Bouncing Flask","floor":1},{"not_picked":["Expertise","Distraction","Accuracy"],"picked":"SKIP","floor":2},{"not_picked":["Cloak And Dagger","Dagger Throw"],"picked":"Skewer","floor":3},{"not_picked":["Endless Agony","Deflect","Backflip"],"picked":"SKIP","floor":4},{"not_picked":["Sucker Punch","Concentrate"],"picked":"Underhanded Strike","floor":6},{"not_picked":["Terror","Dodge and Roll"],"picked":"Acrobatics","floor":8},{"not_picked":["Slice","Deflect"],"picked":"Bane","floor":10},{"not_picked":["Sucker Punch","Cloak And Dagger"],"picked":"Blade Dance","floor":11}],"player_experience":1597467,"relics_obtained":[{"floor":9,"key":"Pantograph"}],"event_choices":[],"is_beta":false,"boss_relics":[],"items_purged_floors":[],"is_endless":false,"potions_floor_spawned":[6,8,10,11],"killed_by":"Lagavulin","ascension_level":20}}