{"host":"zeqqfkj762i3pba1","time":1612832791,"event":{"mods":["BaseMod","Colored Map","Infinite Spire","Minty Spire (QoL Compilation)","Replay The Spire","StSLib"],"gold_per_floor":[115,132,151,167,38,72,72,98,123,152,164,194,219,231,243,360,372,398,430,442,454,454],"floor_reached":21,"language":"ENG","playtime":1980,"items_purged":["Replay:Hysterical Blindness"],"score":231,"play_id":"53778b6b-0817-497b-9b44-22d22770408f","local_time":"20210208200631","is_ascension_mode":true,"campfire_choices":[{"floor":7.0,"key":"REST"},{"floor":11.0,"key":"REST"},{"floor":15,"key":"REST"}],"circlet_count":0,"master_deck":["Strike_P","Strike_P","Strike_P","Strike_P+1","Defend_P+1","Defend_P+1","Defend_P+1","Defend_P+1","Eruption","Vigilance","Replay:ManipulateFuture","ThirdEye+1","Replay:Hum","Weave","Omniscience","Swivel","Evaluate","Ragnarok","Crescendo+1","Replay:Anticipation"],"relics":["Philosopher\u0027s Stone","ReplayTheSpireMod:CursedCoin","Lantern","Replay:Bottled Eggs","Centennial Puzzle","Smiling Mask","MawBank","Replay:Bronze Core","Enchiridion"],"acts_visited":["Exordium","TheCity"],"potions_floor_usage":[16,19,21],"damage_taken":[{"damage":0.0,"enemies":"Jaw Worm","floor":1.0,"turns":3.0},{"damage":1.0,"enemies":"2 Louse","floor":2.0,"turns":2.0},{"damage":0.0,"enemies":"Small Slimes","floor":3.0,"turns":2.0},{"damage":6.0,"enemies":"Blue Slaver","floor":4.0,"turns":6.0},{"damage":45.0,"enemies":"Lagavulin","floor":6.0,"turns":5.0},{"damage":8.0,"enemies":"3 Sentries","floor":8.0,"turns":8.0},{"damage":18.0,"enemies":"Gremlin Nob","floor":10.0,"turns":3.0},{"damage":0.0,"enemies":"2 Fungi Beasts","floor":12.0,"turns":4.0},{"damage":2,"enemies":"Large Slime","floor":13,"turns":8},{"damage":52,"enemies":"The Guardian","floor":16,"turns":13},{"damage":10,"enemies":"Shell Parasite","floor":18,"turns":8},{"damage":16,"enemies":"Spheric Guardian","floor":19,"turns":3},{"damage":4,"enemies":"Shelled Parasite and Fungi","floor":21,"turns":4}],"seed_played":"-4966315853026865010","potions_obtained":[{"floor":4.0,"key":"Fire Potion"},{"floor":6.0,"key":"FairyPotion"},{"floor":8.0,"key":"GamblersBrew"},{"floor":10.0,"key":"StancePotion"},{"floor":18,"key":"SkillPotion"}],"is_trial":false,"path_per_floor":["M","M","M","M","$","E","R","E","T","E","R","M","M","?","R_BF","B",null,"M","M","?","M"],"character_chosen":"WATCHER","items_purchased":["ReplayTheSpireMod:CursedCoin","Lantern","Energy Potion"],"campfire_rested":3,"item_purchase_floors":[5,5,5],"current_hp_per_floor":[72,71,71,65,65,20,41,33,33,15,36,36,34,20,41,21,72,62,46,30,26,26],"gold":454,"neow_bonus":"BOSS_RELIC","is_daily":false,"chose_seed":false,"campfire_upgraded":0,"win_rate":0.0,"timestamp":1612832791,"path_taken":["M","M","M","M","$","E","R","E","T","E","R","M","M","?","R_BF","BOSS","M","M","?","M"],"items_purchased_type":["Relic","Relic","Potion"],"build_version":"2020-12-22","purchased_purges":1,"victory":false,"max_hp_per_floor":[72,72,72,72,72,72,72,72,72,72,72,72,72,72,72,72,72,72,72,72,72,72],"card_choices":[{"not_picked":["Swivel","Evaluate"],"picked":"Replay:ManipulateFuture","floor":1.0},{"not_picked":["BowlingBash","Replay:Anticipation"],"picked":"ThirdEye","floor":2.0},{"not_picked":["EmptyFist","Prostrate"],"picked":"Replay:Hum","floor":3.0},{"not_picked":["PathToVictory","Crescendo"],"picked":"Weave","floor":4.0},{"not_picked":["BattleHymn","FlurryOfBlows"],"picked":"Omniscience","floor":6.0},{"not_picked":["Study","FlyingSleeves"],"picked":"Swivel","floor":8.0},{"not_picked":["PathToVictory","WindmillStrike","MentalFortress"],"picked":"SKIP","floor":10.0},{"not_picked":["Replay:ManipulateFuture","Replay:AtTheReady"],"picked":"Evaluate","floor":12.0},{"not_picked":["InnerPeace","Halt","CarveReality"],"picked":"SKIP","floor":13},{"not_picked":["Alpha","Devotion"],"picked":"Ragnarok","floor":16},{"not_picked":["BowlingBash","Replay:Battleflow"],"picked":"Crescendo+1","floor":18},{"not_picked":["Replay:AtTheReady","BowlingBash"],"picked":"Replay:Anticipation","floor":19}],"player_experience":213802,"relics_obtained":[{"floor":6.0,"key":"Replay:Bottled Eggs"},{"floor":8.0,"key":"Centennial Puzzle"},{"floor":9.0,"key":"Smiling Mask"},{"floor":10.0,"key":"MawBank"},{"floor":20,"key":"Enchiridion"}],"event_choices":[{"damage_healed":0,"gold_gain":0,"player_choice":"Entered Light","damage_taken":14,"max_hp_gain":0,"max_hp_loss":0,"event_name":"Shining Light","floor":14,"gold_loss":0,"cards_upgraded":["ThirdEye","Strike_P"]},{"damage_healed":0,"gold_gain":0,"player_choice":"Obtained Book","damage_taken":16,"max_hp_gain":0,"max_hp_loss":0,"event_name":"Cursed Tome","floor":20,"gold_loss":0}],"is_beta":false,"boss_relics":[{"not_picked":["ChewingGum","Velvet Choker"],"picked":"Replay:Bronze Core"}],"items_purged_floors":[5],"is_endless":false,"potions_floor_spawned":[4,6,8,10,12,18],"killed_by":"Shelled Parasite and Fungi","ascension_level":3}}