{"host":"rs1c3lkx7vj3kohb","time":1612876095,"event":{"mods":["Act Like it!","BaseMod","BetterRewards","Chen","Colored Map","Colored Powertips","Downfall","Friendly Minions","Gensokyo","Gremlin Mod","Hermit","Hero for Fun","KinomotoSakuraMod(木之本樱)","Koishi","KomeijiMod","Luminous","Marisa（F雨　魔理沙）","Minty Spire (QoL Compilation)","Onozuka Komachi Mod","Prisma Mod","Quick Restart","Reimu（博丽灵梦）","Remilia（蕾米莉亚）","SOS（斯巴达之子）","Shop Mod","StSLib","The Administrix","The Alterego","The Cursed","The Senshi","The Servant 0.9.4","Waifu the Spire","WarShipGirlsR/战舰少女R mod","Yakumo Yukari mod","Yohane!","Youmu（魂魄妖梦）","Yuri Mod","Yuyuko"],"gold_per_floor":[109,127,142,142,142,176,190,221,300,314,344,360,13,31,31,154,154,164,120,120,136,154,154,154,154],"floor_reached":24,"language":"ZHS","playtime":2395,"items_purged":["rmod:defend","rmod:strick"],"score":295,"play_id":"4ab77aa6-791d-4094-a942-18ebd0c82905","local_time":"20210209210815","is_ascension_mode":false,"campfire_choices":[{"data":"rmod:supportaircraftcarrier","floor":15.0,"key":"SMITH"},{"data":"rmod:goodfighter","floor":23,"key":"SMITH"}],"circlet_count":0,"master_deck":["rmod:strick","rmod:defend","rmod:defend","rmod:defend","rmod:basicallowance","rmod:maingunfire","rmod:mineteam","rmod:diaomin","rmod:diamondstrike","rmod:circuitoustactics","rmod:ammunitionsupply","rmod:ammunitionsupply","rmod:luckystar","rmod:fuelsupply","rmod:supportaircraftcarrier+1","rmod:maintain","rmod:maintain","rmod:rockthrower","rmod:expeditionaryescort","rmod:steelsupply+1","rmod:maintain","rmod:goodfighter+1"],"relics":["rmod:firstchargereward","FossilizedHelix","Dream Catcher","Bronze Scales","Bird Faced Urn","Toy Ornithopter","RuthlessExorcism:ReiMu","Matryoshka","MerchantsRug"],"acts_visited":["Exordium","TheCity"],"potions_floor_usage":[24],"damage_taken":[{"damage":0.0,"enemies":"2 Louse","floor":1.0,"turns":3.0},{"damage":0.0,"enemies":"Small Slimes","floor":2.0,"turns":2.0},{"damage":0.0,"enemies":"Jaw Worm","floor":3.0,"turns":2.0},{"damage":0.0,"enemies":"Lagavulin","floor":6.0,"turns":5.0},{"damage":0.0,"enemies":"Large Slime","floor":7.0,"turns":3.0},{"damage":0.0,"enemies":"Gremlin Nob","floor":8.0,"turns":3.0},{"damage":0.0,"enemies":"2 Fungi Beasts","floor":10.0,"turns":2.0},{"damage":0.0,"enemies":"Lagavulin","floor":11.0,"turns":5.0},{"damage":0.0,"enemies":"Looter","floor":12.0,"turns":1.0},{"damage":0.0,"enemies":"Exordium Thugs","floor":14.0,"turns":3.0},{"damage":34.0,"enemies":"Slime Boss","floor":16.0,"turns":9.0},{"damage":3,"enemies":"3 Byrds","floor":18,"turns":2},{"damage":27,"enemies":"Shell Parasite","floor":21,"turns":5},{"damage":18,"enemies":"Shelled Parasite and Fungi","floor":22,"turns":4},{"damage":46,"enemies":"Slavers","floor":24,"turns":4}],"seed_played":"-5213243922493954875","potions_obtained":[{"floor":6.0,"key":"BlessingOfTheForge"},{"floor":7.0,"key":"EssenceOfSteel"},{"floor":8.0,"key":"DuplicationPotion"},{"floor":12.0,"key":"CalmPotion"},{"floor":14.0,"key":"GamblersBrew"},{"floor":16.0,"key":"Weak Potion"},{"floor":18,"key":"Fire Potion"},{"floor":21,"key":"Block Potion"}],"is_trial":false,"path_per_floor":["M","M","M","?","?","E","M","E","T","M","E","M","$","M","R","B",null,"M","$","?","M","M","R","E"],"character_chosen":"PRAEFECT","items_purchased":["rmod:mineteam","Orrery","Dream Catcher","rmod:luckystar","Matryoshka","MerchantsRug"],"campfire_rested":0,"item_purchase_floors":[0,0,0,0,13,19],"current_hp_per_floor":[40,40,40,28,28,28,30,32,32,34,36,36,36,36,36,11,75,72,72,72,51,33,33,0,0],"gold":154,"neow_bonus":"","is_daily":false,"chose_seed":false,"campfire_upgraded":2,"win_rate":0.0,"timestamp":1612876095,"path_taken":["M","M","M","?","?","E","M","E","T","?","E","M","$","M","R","BOSS","M","$","?","M","M","R","E"],"items_purchased_type":["Card","Relic","Relic","Card","Relic","Relic"],"build_version":"2020-12-22","purchased_purges":2,"victory":false,"max_hp_per_floor":[75,75,75,75,75,75,75,75,75,75,75,75,75,75,75,75,75,75,75,75,75,75,75,75,75],"card_choices":[{"not_picked":["rmod:supportescort","rmod:tearstotiara"],"picked":"rmod:diaomin","floor":0.0},{"not_picked":["rmod:garrisonisland","rmod:saltedfish"],"picked":"rmod:diamondstrike","floor":0.0},{"not_picked":["rmod:tearstotiara","rmod:sl"],"picked":"rmod:circuitoustactics","floor":0.0},{"not_picked":["rmod:spoils","rmod:aviationdawn"],"picked":"rmod:ammunitionsupply","floor":0.0},{"not_picked":["rmod:lonelyqueen","rmod:aviationdawn"],"picked":"rmod:ammunitionsupply","floor":0.0},{"not_picked":["rmod:aggressivemary","rmod:advancebysurprise","rmod:garrisonisland"],"picked":"SKIP","floor":1.0},{"not_picked":["rmod:fletcherpendant","rmod:tearstotiara"],"picked":"rmod:supportaircraftcarrier","floor":2.0},{"not_picked":["rmod:aluminumsupply","rmod:advancebysurprise","rmod:steelsupply"],"picked":"SKIP","floor":3.0},{"not_picked":["rmod:firesupport","rmod:capitalist","rmod:fletcherpendant"],"picked":"SKIP","floor":6.0},{"not_picked":["rmod:robin","rmod:ring","rmod:punchline"],"picked":"SKIP","floor":7.0},{"not_picked":["rmod:aluminumsupply","rmod:generalist"],"picked":"rmod:maintain","floor":8.0},{"not_picked":["rmod:seals","rmod:generalist"],"picked":"rmod:maintain","floor":10.0},{"not_picked":["rmod:sl","rmod:goodfighter"],"picked":"rmod:rockthrower","floor":11.0},{"not_picked":["rmod:ammunitionsupply","rmod:tearstotiara","rmod:salvage"],"picked":"SKIP","floor":12.0},{"not_picked":["rmod:fuelsupply","rmod:circuitoustactics","rmod:unsinkable"],"picked":"SKIP","floor":14.0},{"not_picked":["rmod:u235","rmod:timeschanged"],"picked":"rmod:expeditionaryescort","floor":16.0},{"not_picked":["rmod:diamondstrike","rmod:aluminumsupply"],"picked":"rmod:steelsupply+1","floor":18},{"not_picked":["rmod:fuelsupply","rmod:launchingtorpedo"],"picked":"rmod:maintain","floor":21},{"not_picked":["rmod:expedition","rmod:smokecover"],"picked":"rmod:goodfighter","floor":22}],"player_experience":441874,"relics_obtained":[{"floor":6.0,"key":"Bird Faced Urn"},{"floor":8.0,"key":"Toy Ornithopter"},{"floor":11.0,"key":"RuthlessExorcism:ReiMu"}],"event_choices":[{"damage_healed":0.0,"max_hp_gain":0.0,"max_hp_loss":0.0,"gold_gain":0.0,"event_name":"Scrap Ooze","player_choice":"Success","floor":4.0,"gold_loss":0.0,"damage_taken":12.0,"relics_obtained":["Bronze Scales"]},{"damage_healed":0.0,"max_hp_gain":0.0,"max_hp_loss":0.0,"gold_gain":0.0,"event_name":"Liars Game","player_choice":"Ignored","floor":5.0,"gold_loss":0.0,"damage_taken":0.0},{"damage_healed":0,"gold_gain":0,"player_choice":"Ignored","damage_taken":0,"max_hp_gain":0,"max_hp_loss":0,"event_name":"Ghosts","floor":20,"gold_loss":0}],"is_beta":false,"boss_relics":[{"not_picked":["Pandora\u0027s Box","Velvet Choker"],"picked":"Empty Cage"}],"items_purged_floors":[0,13],"is_endless":false,"potions_floor_spawned":[6,7,8,12,14,16,18,21],"killed_by":"Slavers","ascension_level":0}}