{"host":"soyfmymeou4emntr","time":1612864190,"event":{"mods":["BaseMod","Minty Spire (QoL Compilation)","Permanent Neow","Relic Sorter","Relic Stats","StSLib"],"gold_per_floor":[109,109,120,120,140,140,140,169,169,169,201,220,220,234,234,310,310,322,247,247,258,278,278,305,317,344,43,59,59,87,97,97,173,173,191,516,536,278,278,278,303,317,343,357,357,388,388,419,419,419,419,419,419,43,72,72,72],"floor_reached":56,"language":"ENG","playtime":5058,"items_purged":["Strike_R+1","Strike_R+1"],"score":1970,"play_id":"8cbeade4-de4c-4115-a597-57d6175bd726","local_time":"20210209024950","is_ascension_mode":true,"campfire_choices":[{"data":"Whirlwind","floor":6.0,"key":"SMITH"},{"data":"Sword Boomerang","floor":10.0,"key":"SMITH"},{"data":"Metallicize","floor":13.0,"key":"SMITH"},{"data":"Spot Weakness","floor":15.0,"key":"SMITH"},{"data":"Impervious","floor":23.0,"key":"SMITH"},{"data":"Shrug It Off","floor":29.0,"key":"SMITH"},{"data":"Dual Wield","floor":32.0,"key":"SMITH"},{"data":"Demon Form","floor":40.0,"key":"SMITH"},{"floor":45.0,"key":"RECALL"},{"data":"Flame Barrier","floor":47.0,"key":"SMITH"},{"data":"Evolve","floor":49.0,"key":"SMITH"},{"data":"Inflame","floor":53.0,"key":"SMITH"}],"circlet_count":0,"master_deck":["AscendersBane","Defend_R","Defend_R","Defend_R","Defend_R","Bash","CurseOfTheBell","Uppercut+1","Sword Boomerang+1","Whirlwind+1","Metallicize+1","Spot Weakness+1","Impervious+1","Fire Breathing+1","Wild Strike+1","Power Through+1","Disarm","Reaper","Inflame+1","Shrug It Off+1","Evolve+1","Demon Form+1","Dual Wield+1","Immolate","Flame Barrier+1","Fire Breathing","Madness","Madness","Heavy Blade+1","Disarm","Pummel+1","Dark Shackles","Armaments+1"],"relics":["Calling Bell","Nunchaku","Eternal Feather","Magic Flower","Akabeko","Ornamental Fan","Mercury Hourglass","Self Forming Clay","Whetstone","Astrolabe","Smiling Mask","Toy Ornithopter","Membership Card","Gremlin Horn","Coffee Dripper","Old Coin","Toolbox","Red Skull","Lizard Tail","MealTicket","Pen Nib","Medical Kit","Pear","Bag of Preparation"],"acts_visited":["Exordium","TheCity","TheBeyond","TheEnding"],"potions_floor_usage":[56],"damage_taken":[{"damage":7.0,"enemies":"Small Slimes","floor":1.0,"turns":4.0},{"damage":1.0,"enemies":"2 Louse","floor":3.0,"turns":2.0},{"damage":0.0,"enemies":"Cultist","floor":5.0,"turns":2.0},{"damage":7.0,"enemies":"Gremlin Nob","floor":8.0,"turns":3.0},{"damage":19.0,"enemies":"3 Sentries","floor":11.0,"turns":4.0},{"damage":0.0,"enemies":"Exordium Thugs","floor":12.0,"turns":1.0},{"damage":0.0,"enemies":"Large Slime","floor":14.0,"turns":3.0},{"damage":24.0,"enemies":"Hexaghost","floor":16.0,"turns":6.0},{"damage":6.0,"enemies":"3 Byrds","floor":18.0,"turns":2.0},{"damage":11.0,"enemies":"Spheric Guardian","floor":21.0,"turns":3.0},{"damage":9.0,"enemies":"Snecko","floor":22.0,"turns":5.0},{"damage":37.0,"enemies":"Book of Stabbing","floor":24.0,"turns":5.0},{"damage":0.0,"enemies":"Centurion and Healer","floor":25.0,"turns":4.0},{"damage":14.0,"enemies":"Shelled Parasite and Fungi","floor":28.0,"turns":7.0},{"damage":41.0,"enemies":"Slavers","floor":30.0,"turns":6.0},{"damage":0.0,"enemies":"Cultist and Chosen","floor":31.0,"turns":5.0},{"damage":50.0,"enemies":"Collector","floor":33.0,"turns":12.0},{"damage":26.0,"enemies":"3 Shapes","floor":35.0,"turns":4.0},{"damage":0.0,"enemies":"Mind Bloom Boss Battle","floor":36.0,"turns":5.0},{"damage":7.0,"enemies":"Orb Walker","floor":37.0,"turns":4.0},{"damage":67.0,"enemies":"Nemesis","floor":41.0,"turns":11.0},{"damage":25.0,"enemies":"Transient","floor":42.0,"turns":6.0},{"damage":43.0,"enemies":"4 Shapes","floor":44.0,"turns":7.0},{"damage":6.0,"enemies":"Reptomancer","floor":46.0,"turns":5.0},{"damage":18.0,"enemies":"Nemesis","floor":48.0,"turns":7.0},{"damage":65.0,"enemies":"Donu and Deca","floor":50.0,"turns":7.0},{"damage":50.0,"enemies":"Time Eater","floor":51.0,"turns":9.0},{"damage":51.0,"enemies":"Shield and Spear","floor":55.0,"turns":5.0},{"damage":173,"enemies":"The Heart","floor":56,"turns":11}],"seed_played":"2595219983911528006","potions_obtained":[{"floor":1.0,"key":"LiquidBronze"},{"floor":3.0,"key":"ElixirPotion"},{"floor":11.0,"key":"ColorlessPotion"},{"floor":12.0,"key":"Regen Potion"},{"floor":25.0,"key":"Dexterity Potion"},{"floor":28.0,"key":"PowerPotion"},{"floor":31.0,"key":"Swift Potion"},{"floor":35.0,"key":"Weak Potion"},{"floor":41.0,"key":"Fire Potion"},{"floor":46.0,"key":"SteroidPotion"}],"is_trial":false,"path_per_floor":["M","?","M","?","M","R","T","E","T","R","E","M","R","M","R","B",null,"M","?","?","M","M","R","E","M","T","$","M","R","E","M","R","B",null,"M","?","M","$","?","R","E","M","T","M","R","E","R","E","R","B","B",null,"R","$","E","B"],"character_chosen":"IRONCLAD","items_purchased":["Membership Card","Reaper","Inflame","Shrug It Off","Toolbox","Red Skull","Fire Breathing","Medical Kit","Pear","BloodPotion","Dark Shackles","Fire Potion"],"campfire_rested":0,"item_purchase_floors":[27,27,27,27,38,38,38,54,54,54,54,54],"current_hp_per_floor":[61,61,60,60,60,69,69,62,62,71,52,52,61,61,70,46,68,62,62,62,51,42,51,36,36,36,36,42,54,37,73,75,25,63,60,75,68,68,54,69,8,19,19,50,68,75,75,57,75,57,75,75,75,85,42,0,0],"gold":72,"neow_bonus":"BOSS_RELIC","is_daily":false,"chose_seed":false,"campfire_upgraded":11,"win_rate":0.0,"timestamp":1612864190,"path_taken":["M","?","M","?","?","R","?","E","T","R","E","M","R","M","R","BOSS","M","?","?","M","M","R","E","M","T","?","M","R","E","M","R","BOSS","M","?","M","$","?","R","E","M","T","M","R","E","R","E","R","BOSS","BOSS","R","$","E","BOSS"],"items_purchased_type":["Relic","Card","Card","Card","Relic","Relic","Card","Relic","Relic","Potion","Card","Potion"],"build_version":"2020-12-22","purchased_purges":2,"victory":false,"max_hp_per_floor":[75,75,75,75,75,75,75,75,75,75,75,75,75,75,75,75,75,75,75,75,75,75,75,75,75,75,75,75,75,75,75,75,75,75,75,75,75,75,75,75,75,75,75,75,75,75,75,75,75,75,75,75,75,85,85,85,85],"relic_stats":{"Gremlin Horn":[17,17],"counters":[29,155],"Self Forming Clay":[276],"Astrolabe":["Searing Blow","Fire Breathing","Wild Strike"],"Magic Flower":[118],"Eternal Feather":110,"Pen Nib":[3],"Bag of Preparation":[2],"Whetstone":["Strike_R","Strike_R"],"Smiling Mask":-12,"Medical Kit":[3],"Mercury Hourglass":[605],"Nunchaku":[17],"Lizard Tail":63,"Ornamental Fan":[52],"MealTicket":0,"obtain_stats":[{"Gremlin Horn":30,"Magic Flower":0,"Bag of Preparation":55,"Whetstone":11,"Smiling Mask":24,"Burning Blood":0,"Old Coin":36,"Nunchaku":0,"Lizard Tail":41,"Toolbox":38,"MealTicket":46,"Red Skull":38,"Pear":54,"Self Forming Clay":9,"Astrolabe":17,"Eternal Feather":0,"Pen Nib":48,"Medical Kit":54,"Akabeko":4,"Mercury Hourglass":8,"Calling Bell":0,"Ornamental Fan":7,"Coffee Dripper":34,"Membership Card":27,"Toy Ornithopter":26},{"Gremlin Horn":15,"Magic Flower":0,"Bag of Preparation":28,"Whetstone":5,"Smiling Mask":12,"Burning Blood":0,"Old Coin":19,"Nunchaku":0,"Lizard Tail":21,"Toolbox":20,"MealTicket":24,"Red Skull":20,"Pear":27,"Self Forming Clay":4,"Astrolabe":8,"Eternal Feather":0,"Pen Nib":25,"Medical Kit":27,"Akabeko":2,"Mercury Hourglass":4,"Calling Bell":0,"Ornamental Fan":3,"Coffee Dripper":17,"Membership Card":13,"Toy Ornithopter":13},{"Gremlin Horn":57,"Magic Flower":0,"Bag of Preparation":144,"Whetstone":15,"Smiling Mask":40,"Burning Blood":0,"Old Coin":83,"Nunchaku":0,"Lizard Tail":98,"Toolbox":87,"MealTicket":116,"Red Skull":87,"Pear":139,"Self Forming Clay":11,"Astrolabe":25,"Eternal Feather":0,"Pen Nib":123,"Medical Kit":139,"Akabeko":6,"Mercury Hourglass":11,"Calling Bell":0,"Ornamental Fan":8,"Coffee Dripper":74,"Membership Card":44,"Toy Ornithopter":44}],"Toy Ornithopter":46},"card_choices":[{"not_picked":["Sword Boomerang","Sever Soul"],"picked":"Uppercut","floor":1.0},{"not_picked":["Anger","Intimidate"],"picked":"Sword Boomerang","floor":3.0},{"not_picked":["Pummel","Bloodletting"],"picked":"Whirlwind","floor":5.0},{"not_picked":["Perfected Strike","Sentinel","Hemokinesis"],"picked":"SKIP","floor":8.0},{"not_picked":["Clash","Body Slam","Dual Wield"],"picked":"SKIP","floor":11.0},{"not_picked":["Power Through","Body Slam"],"picked":"Metallicize","floor":12.0},{"not_picked":["Limit Break","Anger"],"picked":"Spot Weakness","floor":14.0},{"not_picked":["Corruption","Bludgeon"],"picked":"Impervious","floor":16.0},{"not_picked":["Shrug It Off","Infernal Blade","Warcry"],"picked":"SKIP","floor":18.0},{"not_picked":["Inflame","Havoc"],"picked":"Power Through+1","floor":21.0},{"not_picked":["Combust","Wild Strike","Body Slam"],"picked":"SKIP","floor":22.0},{"not_picked":["Sword Boomerang","Body Slam"],"picked":"Disarm","floor":24.0},{"not_picked":["Clothesline","Twin Strike","Heavy Blade"],"picked":"SKIP","floor":25.0},{"not_picked":["Headbutt","Second Wind"],"picked":"Evolve","floor":28.0},{"not_picked":["Corruption","Pummel"],"picked":"Demon Form","floor":30.0},{"not_picked":["Perfected Strike","Iron Wave"],"picked":"Dual Wield","floor":31.0},{"not_picked":["Barricade","Fiend Fire"],"picked":"Immolate","floor":33.0},{"not_picked":["Dropkick","Thunderclap","Sword Boomerang+1"],"picked":"SKIP","floor":35.0},{"not_picked":["Headbutt+1","Inflame+1"],"picked":"Flame Barrier","floor":36.0},{"not_picked":["Headbutt+1","Warcry","Blood for Blood"],"picked":"SKIP","floor":37.0},{"not_picked":["Carnage","Entrench+1"],"picked":"Heavy Blade+1","floor":41.0},{"not_picked":["Warcry","Headbutt","Anger+1"],"picked":"SKIP","floor":42.0},{"not_picked":["Clothesline","Seeing Red","True Grit+1"],"picked":"SKIP","floor":44.0},{"not_picked":["Headbutt","Iron Wave"],"picked":"Disarm","floor":46.0},{"not_picked":["Feed","Shrug It Off"],"picked":"Pummel+1","floor":48.0},{"not_picked":["Inflame","Searing Blow"],"picked":"Armaments+1","floor":55.0}],"player_experience":3153456,"relics_obtained":[{"floor":0.0,"key":"Nunchaku"},{"floor":0.0,"key":"Eternal Feather"},{"floor":0.0,"key":"Magic Flower"},{"floor":7.0,"key":"Ornamental Fan"},{"floor":8.0,"key":"Mercury Hourglass"},{"floor":9.0,"key":"Self Forming Clay"},{"floor":11.0,"key":"Whetstone"},{"floor":24.0,"key":"Smiling Mask"},{"floor":26.0,"key":"Toy Ornithopter"},{"floor":30.0,"key":"Gremlin Horn"},{"floor":36.0,"key":"Old Coin"},{"floor":41.0,"key":"Lizard Tail"},{"floor":46.0,"key":"MealTicket"},{"floor":48.0,"key":"Pen Nib"},{"floor":55.0,"key":"Bag of Preparation"}],"event_choices":[{"damage_healed":0.0,"max_hp_gain":0.0,"max_hp_loss":0.0,"gold_gain":0.0,"event_name":"Living Wall","player_choice":"Grow","floor":2.0,"gold_loss":0.0,"damage_taken":0.0,"cards_upgraded":["Uppercut"]},{"damage_healed":0.0,"max_hp_gain":0.0,"max_hp_loss":0.0,"gold_gain":0.0,"event_name":"WeMeetAgain","player_choice":"Gave Potion","floor":4.0,"gold_loss":0.0,"damage_taken":0.0,"relics_obtained":["Akabeko"]},{"cards_removed":["Searing Blow"],"damage_healed":0.0,"max_hp_gain":0.0,"max_hp_loss":0.0,"gold_gain":0.0,"event_name":"Beggar","player_choice":"Gave Gold","floor":19.0,"gold_loss":75.0,"damage_taken":0.0},{"damage_healed":0.0,"max_hp_gain":0.0,"max_hp_loss":0.0,"gold_gain":0.0,"event_name":"Ghosts","player_choice":"Ignored","floor":20.0,"gold_loss":0.0,"damage_taken":0.0},{"damage_healed":0.0,"max_hp_gain":0.0,"max_hp_loss":0.0,"gold_gain":0.0,"event_name":"MindBloom","player_choice":"Fight","floor":36.0,"gold_loss":0.0,"damage_taken":0.0},{"damage_healed":0.0,"max_hp_gain":0.0,"max_hp_loss":0.0,"gold_gain":0.0,"event_name":"Winding Halls","player_choice":"Embrace Madness","floor":39.0,"gold_loss":0.0,"damage_taken":14.0,"cards_obtained":["Madness","Madness"]}],"is_beta":false,"boss_relics":[{"not_picked":["Runic Pyramid","Fusion Hammer"],"picked":"Astrolabe"},{"not_picked":["SlaversCollar","Black Star"],"picked":"Coffee Dripper"}],"items_purged_floors":[38,54],"is_endless":false,"potions_floor_spawned":[1,3,11,12,16,18,25,28,31,35,41,46],"killed_by":"The Heart","ascension_level":20}}