{"host":"3y2rtlgteqp2nuo3","time":1612870852,"event":{"mods":["2.2 Compatiblity","AchievementEnabler","BaseMod","Colored Map","DeckTracker","Highlight Path","Keyboard Shortcuts","Minty Spire (QoL Compilation)","Permanent Neow","Quick Restart","StSLib","SuperFastMode","everything is the same but u backflip on backflip"],"gold_per_floor":[115,40,59,74,85,85,114,14,14,41,41,59,24,55,55,55,55],"floor_reached":16,"language":"KOR","playtime":353,"items_purged":["Strike_R","Strike_R"],"score":180,"play_id":"54853d59-f064-43fc-aec4-a0fac4195006","local_time":"20210209204052","is_ascension_mode":true,"campfire_choices":[{"data":"Offering","floor":6.0,"key":"SMITH"},{"data":"Demon Form","floor":11.0,"key":"SMITH"},{"data":"Searing Blow","floor":15.0,"key":"SMITH"}],"circlet_count":0,"master_deck":["AscendersBane","Strike_R","Strike_R","Strike_R","Defend_R","Defend_R","Defend_R","Defend_R","Bash","Offering+1","Twin Strike","Body Slam","Pommel Strike","Searing Blow+1","Demon Form+1","Dropkick"],"relics":["Burning Blood","MealTicket","Bag of Marbles","Meat on the Bone","Smiling Mask"],"acts_visited":["Exordium"],"potions_floor_usage":[],"damage_taken":[{"damage":7.0,"enemies":"Cultist","floor":1.0,"turns":3.0},{"damage":17.0,"enemies":"Small Slimes","floor":3.0,"turns":4.0},{"damage":10.0,"enemies":"Jaw Worm","floor":4.0,"turns":3.0},{"damage":8.0,"enemies":"Looter","floor":5.0,"turns":3.0},{"damage":46.0,"enemies":"3 Sentries","floor":7.0,"turns":10.0},{"damage":46.0,"enemies":"Lagavulin","floor":10.0,"turns":6.0},{"damage":29.0,"enemies":"Gremlin Gang","floor":12.0,"turns":5.0},{"damage":38.0,"enemies":"3 Sentries","floor":14.0,"turns":5.0},{"damage":19,"enemies":"Hexaghost","floor":16,"turns":5}],"seed_played":"3188705478504474536","potions_obtained":[{"floor":3.0,"key":"FairyPotion"},{"floor":4.0,"key":"Weak Potion"},{"floor":12.0,"key":"PowerPotion"}],"is_trial":false,"path_per_floor":["M","$","M","M","M","R","E","$","T","E","R","M","?","E","R","B"],"character_chosen":"IRONCLAD","items_purchased":[],"campfire_rested":0,"item_purchase_floors":[],"current_hp_per_floor":[71,71,60,56,54,54,14,29,29,30,30,19,39,19,19,0,0],"gold":55,"neow_bonus":"ONE_RANDOM_RARE_CARD","is_daily":false,"chose_seed":false,"campfire_upgraded":3,"win_rate":0.0,"timestamp":1612870852,"path_taken":["M","$","M","M","M","R","E","$","T","E","R","?","?","E","R","BOSS"],"items_purchased_type":[],"build_version":"2020-12-22","purchased_purges":2,"victory":false,"max_hp_per_floor":[80,80,80,80,80,80,80,80,80,80,80,80,80,80,80,80,80],"card_choices":[{"not_picked":["Dropkick","Thunderclap"],"picked":"Twin Strike","floor":1.0},{"not_picked":["Thunderclap","True Grit"],"picked":"Body Slam","floor":3.0},{"not_picked":["Cleave","Havoc"],"picked":"Pommel Strike","floor":4.0},{"not_picked":["Warcry","Corruption","Combust"],"picked":"SKIP","floor":5.0},{"not_picked":["Rupture","Burning Pact"],"picked":"Searing Blow","floor":7.0},{"not_picked":["Cleave","Double Tap"],"picked":"Demon Form","floor":10.0},{"not_picked":["Flex","Inflame","Infernal Blade"],"picked":"SKIP","floor":12.0},{"not_picked":["Body Slam","Anger"],"picked":"Dropkick","floor":14.0}],"player_experience":772927,"relics_obtained":[{"floor":7.0,"key":"MealTicket"},{"floor":9.0,"key":"Bag of Marbles"},{"floor":10.0,"key":"Meat on the Bone"},{"floor":14.0,"key":"Smiling Mask"}],"event_choices":[{"damage_healed":20.0,"max_hp_gain":0.0,"max_hp_loss":0.0,"gold_gain":0.0,"event_name":"The Cleric","player_choice":"Healed","floor":13.0,"gold_loss":35.0,"damage_taken":0.0}],"is_beta":false,"boss_relics":[],"items_purged_floors":[2,8],"is_endless":false,"potions_floor_spawned":[3,4,12],"killed_by":"Hexaghost","ascension_level":10}}