{"host":"ehk2vz3jeqz7o4kx","time":1612884220,"event":{"mods":["Aspiration","BaseMod","Colored Powertips","Hermit","Highlight Path","Hubris","Infinite Spire","Minty Spire (QoL Compilation)","Relic Stats","StSLib","everything is the same but u backflip on backflip"],"gold_per_floor":[117,34,54,69,69,101,101,118,143,143,143,143,172,192,192,192,192],"floor_reached":16,"language":"ENG","playtime":1363,"items_purged":[],"score":110,"play_id":"304e56f4-7424-4023-aa91-553d1b9d1ec6","local_time":"20210209152340","daily_mods":["Heirloom"],"is_ascension_mode":false,"campfire_choices":[{"floor":7,"key":"REST"},{"floor":12,"key":"REST"},{"floor":15,"key":"REST"}],"circlet_count":0,"master_deck":["Strike_R","Strike_R","Strike_R","Strike_R","Strike_R","Defend_R","Defend_R","Defend_R","Defend_R","Bash","Dual Wield+1","Panacea","Heavy Blade","Shrug It Off+1","Warcry","Limit Break","Shockwave","Body Slam"],"relics":["Burning Blood","Ice Cream","hubris:Icosahedron","Happy Flower","PreservedInsect","Bag of Preparation","infinitespire:Satchel"],"acts_visited":["Exordium"],"potions_floor_usage":[4,16],"damage_taken":[{"damage":2,"enemies":"2 Louse","floor":1,"turns":3},{"damage":13,"enemies":"Jaw Worm","floor":3,"turns":3},{"damage":0,"enemies":"Cultist","floor":4,"turns":4},{"damage":61,"enemies":"Lagavulin","floor":6,"turns":10},{"damage":15,"enemies":"Gremlin Gang","floor":8,"turns":6},{"damage":16,"enemies":"Gremlin Nob","floor":13,"turns":3},{"damage":18,"enemies":"Exordium Thugs","floor":14,"turns":6},{"damage":49,"enemies":"Hexaghost","floor":16,"turns":11}],"seed_played":"-6759962462560577292","potions_obtained":[{"floor":3,"key":"PowerPotion"},{"floor":6,"key":"Swift Potion"},{"floor":13,"key":"ColorlessPotion"}],"is_trial":true,"path_per_floor":["M","$","M","M","?","E","R","M","T","?","?","R","E","M","R","B"],"character_chosen":"IRONCLAD","items_purchased":["Panacea"],"campfire_rested":3,"item_purchase_floors":[2],"current_hp_per_floor":[80,80,73,79,79,24,48,39,39,23,23,47,37,25,49,0,0],"gold":192,"neow_bonus":"","is_daily":false,"chose_seed":false,"campfire_upgraded":0,"win_rate":0.0,"timestamp":1612884220,"path_taken":["M","$","M","M","?","E","R","M","T","?","?","R","E","M","R","BOSS"],"items_purchased_type":["Card"],"build_version":"2020-12-22","purchased_purges":0,"victory":false,"max_hp_per_floor":[80,80,80,80,80,80,80,80,80,80,80,80,80,80,80,80,80],"relic_stats":{"Happy Flower":[8],"counters":[8,46],"PreservedInsect":21,"Bag of Preparation":[6],"obtain_stats":[{"Ice Cream":0,"hubris:Icosahedron":5,"Happy Flower":6,"infinitespire:Satchel":13,"PreservedInsect":9,"Bag of Preparation":11,"Burning Blood":0},{"Ice Cream":0,"hubris:Icosahedron":3,"Happy Flower":4,"infinitespire:Satchel":6,"PreservedInsect":5,"Bag of Preparation":5,"Burning Blood":0},{"Ice Cream":0,"hubris:Icosahedron":10,"Happy Flower":20,"infinitespire:Satchel":29,"PreservedInsect":26,"Bag of Preparation":26,"Burning Blood":0}],"Burning Blood":38},"card_choices":[{"not_picked":["Twin Strike","Clash"],"picked":"Dual Wield","floor":1},{"not_picked":["Sword Boomerang","hubris:SharpeningStone"],"picked":"Heavy Blade","floor":3},{"not_picked":["Iron Wave","Infernal Blade"],"picked":"Shrug It Off","floor":4},{"not_picked":["Ghostly Armor","Reckless Charge"],"picked":"Warcry","floor":6},{"not_picked":["Sword Boomerang","Intimidate"],"picked":"Limit Break","floor":8},{"not_picked":["Havoc","Fiend Fire"],"picked":"Shockwave","floor":13},{"not_picked":["Clash","Sentinel"],"picked":"Body Slam","floor":14}],"player_experience":317127,"relics_obtained":[{"floor":6,"key":"Happy Flower"},{"floor":9,"key":"PreservedInsect"},{"floor":13,"key":"infinitespire:Satchel"}],"event_choices":[{"damage_healed":0,"gold_gain":0,"player_choice":"Entered Light","damage_taken":16,"max_hp_gain":0,"max_hp_loss":0,"event_name":"Shining Light","floor":10,"gold_loss":0,"cards_upgraded":["Dual Wield","Shrug It Off"]},{"damage_healed":0,"gold_gain":0,"player_choice":"Gave Potion","damage_taken":0,"relics_obtained":["Bag of Preparation"],"max_hp_gain":0,"max_hp_loss":0,"event_name":"WeMeetAgain","floor":11,"gold_loss":0}],"is_beta":false,"boss_relics":[],"items_purged_floors":[],"is_endless":false,"potions_floor_spawned":[3,6,13],"killed_by":"Hexaghost","ascension_level":0}}