{"host":"13o02hya6v6rzuva","time":1612882727,"event":{"mods":["BaseMod","Minty Spire (QoL Compilation)","Relic Stats"],"gold_per_floor":[116,132,152,167,182,182,210,210,210,210,210,243,262,262,262,365,365,381,398,414,433,433,433,467,467,467],"floor_reached":25,"language":"ENG","playtime":1044,"items_purged":[],"score":312,"play_id":"a0a54ef6-56d5-411d-8499-c6a1c23f22bb","local_time":"20210209155847","is_ascension_mode":true,"campfire_choices":[{"data":"Vigilance","floor":6,"key":"SMITH"},{"floor":15,"key":"REST"},{"floor":23,"key":"RECALL"}],"circlet_count":0,"master_deck":["Strike_P+1","Strike_P","Strike_P","Defend_P","Defend_P","Defend_P","Defend_P","Eruption","Vigilance+1","Protect+1","CrushJoints","ClearTheMind","LikeWater","FlurryOfBlows","SashWhip","Ragnarok","FollowUp","ThirdEye","Evaluate","MentalFortress","Tantrum","MentalFortress","FlurryOfBlows","FlurryOfBlows","EmptyFist","MentalFortress","EmptyBody+1"],"relics":["HolyWater","NeowsBlessing","Dream Catcher","Matryoshka","Prayer Wheel","The Courier"],"acts_visited":["Exordium","TheCity"],"potions_floor_usage":[7,7,13,24,24,24],"damage_taken":[{"damage":0,"enemies":"Jaw Worm","floor":1,"turns":1},{"damage":0,"enemies":"Small Slimes","floor":2,"turns":1},{"damage":0,"enemies":"Cultist","floor":3,"turns":1},{"damage":3,"enemies":"Looter","floor":4,"turns":3},{"damage":28,"enemies":"Gremlin Gang","floor":5,"turns":7},{"damage":0,"enemies":"Lagavulin","floor":7,"turns":4},{"damage":23,"enemies":"3 Sentries","floor":12,"turns":12},{"damage":0,"enemies":"2 Fungi Beasts","floor":13,"turns":3},{"damage":15,"enemies":"Hexaghost","floor":16,"turns":9},{"damage":14,"enemies":"Spheric Guardian","floor":18,"turns":4},{"damage":6,"enemies":"Chosen","floor":19,"turns":5},{"damage":0,"enemies":"Centurion and Healer","floor":20,"turns":4},{"damage":0,"enemies":"Snecko","floor":21,"turns":4},{"damage":50,"enemies":"Gremlin Leader","floor":24,"turns":6},{"damage":32,"enemies":"Sentry and Sphere","floor":25,"turns":5}],"seed_played":"7076646943137364729","potions_obtained":[{"floor":2,"key":"SteroidPotion"},{"floor":3,"key":"FearPotion"},{"floor":12,"key":"Regen Potion"},{"floor":13,"key":"LiquidBronze"},{"floor":16,"key":"PowerPotion"},{"floor":18,"key":"AttackPotion"}],"is_trial":false,"path_per_floor":["M","M","M","M","M","R","E","?","T","?","?","E","M","?","R","B",null,"M","M","M","M","?","R","E","M"],"character_chosen":"WATCHER","items_purchased":[],"campfire_rested":1,"item_purchase_floors":[],"current_hp_per_floor":[72,72,72,69,41,41,41,27,27,27,27,4,13,13,34,19,72,58,52,52,52,72,72,22,0,0],"gold":467,"neow_bonus":"THREE_ENEMY_KILL","is_daily":false,"chose_seed":false,"campfire_upgraded":1,"win_rate":0.0,"timestamp":1612882727,"path_taken":["M","M","M","M","M","R","E","?","T","?","?","E","?","?","R","BOSS","M","?","M","M","?","R","E","M"],"items_purchased_type":[],"build_version":"2020-12-22","purchased_purges":0,"victory":false,"max_hp_per_floor":[72,72,72,72,72,72,72,72,72,72,72,72,72,72,72,72,72,72,72,72,72,72,72,72,72,72],"relic_stats":{"Dream Catcher":1,"counters":[15,69],"Prayer Wheel":5,"obtain_stats":[{"Dream Catcher":7,"Matryoshka":9,"NeowsBlessing":0,"HolyWater":17,"Prayer Wheel":12,"The Courier":24,"PureWater":0},{"Dream Catcher":6,"Matryoshka":6,"NeowsBlessing":0,"HolyWater":9,"Prayer Wheel":7,"The Courier":14,"PureWater":0},{"Dream Catcher":17,"Matryoshka":17,"NeowsBlessing":0,"HolyWater":41,"Prayer Wheel":29,"The Courier":64,"PureWater":0}]},"card_choices":[{"not_picked":["WaveOfTheHand","WreathOfFlame"],"picked":"Protect","floor":1},{"not_picked":["ClearTheMind","Blasphemy"],"picked":"CrushJoints","floor":2},{"not_picked":["FlyingSleeves","InnerPeace"],"picked":"ClearTheMind","floor":3},{"not_picked":["Prostrate","PathToVictory"],"picked":"LikeWater","floor":4},{"not_picked":["Evaluate","Crescendo"],"picked":"FlurryOfBlows","floor":5},{"not_picked":["Protect","CrushJoints"],"picked":"SashWhip","floor":7},{"not_picked":["Wireheading","Vault"],"picked":"FollowUp","floor":12},{"not_picked":["PathToVictory","Wireheading"],"picked":"ThirdEye","floor":13},{"not_picked":["LikeWater","JustLucky"],"picked":"Evaluate","floor":13},{"not_picked":["EmptyFist","Crescendo"],"picked":"Tantrum","floor":15},{"not_picked":["EmptyFist","JustLucky+1"],"picked":"MentalFortress","floor":18},{"not_picked":["ClearTheMind","ForeignInfluence+1"],"picked":"FlurryOfBlows","floor":18},{"not_picked":["InnerPeace","Indignation+1"],"picked":"FlurryOfBlows","floor":19},{"not_picked":["FlyingSleeves+1","Sanctity+1","Crescendo"],"picked":"SKIP","floor":19},{"not_picked":["ForeignInfluence","BattleHymn"],"picked":"EmptyFist","floor":20},{"not_picked":["BowlingBash","Prostrate","Evaluate"],"picked":"SKIP","floor":20},{"not_picked":["BowlingBash","FlyingSleeves"],"picked":"MentalFortress","floor":21},{"not_picked":["EmptyFist","BowlingBash","Vengeance"],"picked":"SKIP","floor":21},{"not_picked":["CrushJoints","SandsOfTime"],"picked":"EmptyBody+1","floor":24}],"player_experience":1203837,"relics_obtained":[{"floor":7,"key":"Dream Catcher"},{"floor":9,"key":"Matryoshka"},{"floor":12,"key":"Prayer Wheel"},{"floor":24,"key":"The Courier"}],"event_choices":[{"damage_healed":0,"gold_gain":0,"player_choice":"Entered Light","damage_taken":14,"max_hp_gain":0,"max_hp_loss":0,"event_name":"Shining Light","floor":8,"gold_loss":0,"cards_upgraded":["Protect","Strike_P"]},{"damage_healed":0,"gold_gain":0,"player_choice":"Searched \u00271\u0027 times","damage_taken":0,"max_hp_gain":0,"max_hp_loss":0,"event_name":"Dead Adventurer","floor":10,"gold_loss":0},{"damage_healed":0,"gold_gain":0,"cards_transformed":["Strike_P"],"player_choice":"Transformed","damage_taken":0,"max_hp_gain":0,"max_hp_loss":0,"event_name":"Transmorgrifier","floor":11,"gold_loss":0,"cards_obtained":["Ragnarok"]},{"damage_healed":0,"gold_gain":0,"player_choice":"1 cards matched","damage_taken":0,"max_hp_gain":0,"max_hp_loss":0,"event_name":"Match and Keep!","floor":14,"gold_loss":0,"cards_obtained":["MentalFortress"]},{"damage_healed":24,"gold_gain":0,"player_choice":"Heal","damage_taken":0,"max_hp_gain":0,"max_hp_loss":0,"event_name":"The Library","floor":22,"gold_loss":0}],"is_beta":false,"boss_relics":[{"not_picked":["Ectoplasm","Fusion Hammer"],"picked":"HolyWater"}],"items_purged_floors":[],"is_endless":false,"potions_floor_spawned":[2,3,12,13,16,18],"killed_by":"Sentry and Sphere","ascension_level":4}}