{"host":"phniwng9zo19jwdb","time":1612896665,"event":{"mods":["AchievementEnabler","BaseMod","Colored Powertips","Dark Map","Faster Ascension Climbing","GifTheSpireLib","Minty Spire (QoL Compilation)","Permanent Neow","Rare Cards Sparkle","Relic Filter Mod","StSLib","Weighted Paths"],"gold_per_floor":[114,126,144,154,168,168,200,220,220,252,252,252,252,15,15,89,89,99,99,99],"floor_reached":19,"language":"ENG","playtime":632,"items_purged":[],"score":331,"play_id":"0a7b3433-176e-44d9-b2cf-be4f95c16353","local_time":"20210209195105","is_ascension_mode":true,"campfire_choices":[{"data":"Demon Form","floor":6,"key":"SMITH"},{"data":"Seeing Red","floor":11,"key":"SMITH"},{"data":"Heavy Blade","floor":13,"key":"SMITH"},{"data":"Strike_R","floor":15,"key":"PURGE"}],"circlet_count":0,"master_deck":["AscendersBane","Strike_R","Strike_R","Strike_R","Strike_R","Defend_R","Defend_R","Defend_R","Defend_R","Bash","Inflame","Rampage","Demon Form+1","Heavy Blade+1","Cleave","Seeing Red+1","Flex","Reaper","Exhume","Iron Wave"],"relics":["Burning Blood","FossilizedHelix","Mummified Hand","Peace Pipe","Happy Flower","FaceOfCleric","Strange Spoon","Runic Cube"],"acts_visited":["Exordium","TheCity"],"potions_floor_usage":[7,16,16,16,19,19],"damage_taken":[{"damage":0,"enemies":"Small Slimes","floor":1,"turns":4},{"damage":1,"enemies":"Cultist","floor":2,"turns":4},{"damage":0,"enemies":"2 Louse","floor":3,"turns":4},{"damage":13,"enemies":"Large Slime","floor":4,"turns":5},{"damage":11,"enemies":"2 Fungi Beasts","floor":5,"turns":4},{"damage":12,"enemies":"Gremlin Nob","floor":7,"turns":5},{"damage":6,"enemies":"Blue Slaver","floor":8,"turns":6},{"damage":15,"enemies":"Lagavulin","floor":10,"turns":7},{"damage":3,"enemies":"Hexaghost","floor":16,"turns":5},{"damage":56,"enemies":"Shell Parasite","floor":18,"turns":9},{"damage":20,"enemies":"Masked Bandits","floor":19,"turns":3}],"seed_played":"-4363801629424835297","potions_obtained":[{"floor":1,"key":"EntropicBrew"},{"floor":4,"key":"Block Potion"},{"floor":8,"key":"DuplicationPotion"},{"floor":18,"key":"Weak Potion"}],"is_trial":false,"path_per_floor":["M","M","M","M","M","R","E","M","T","E","R","?","R","$","R","B",null,"M","?"],"character_chosen":"IRONCLAD","items_purchased":["Strange Spoon","Reaper"],"campfire_rested":0,"item_purchase_floors":[14,14],"current_hp_per_floor":[68,68,68,61,56,56,50,50,50,41,41,41,41,41,41,60,67,39,23,23],"gold":99,"neow_bonus":"ONE_RARE_RELIC","is_daily":false,"chose_seed":false,"campfire_upgraded":3,"win_rate":0.0,"timestamp":1612896665,"path_taken":["M","M","M","M","M","R","E","M","T","E","R","?","R","?","R","BOSS","M","?"],"items_purchased_type":["Relic","Card"],"build_version":"2020-12-22","purchased_purges":0,"victory":false,"max_hp_per_floor":[68,68,68,68,68,68,68,68,68,68,68,68,68,68,68,69,69,70,70,70],"card_choices":[{"not_picked":["Power Through","Clash"],"picked":"Inflame","floor":1},{"not_picked":["Shrug It Off","Havoc"],"picked":"Rampage","floor":2},{"not_picked":["Heavy Blade","Body Slam"],"picked":"Demon Form","floor":3},{"not_picked":["Rampage","Wild Strike"],"picked":"Heavy Blade","floor":4},{"not_picked":["Body Slam","Infernal Blade"],"picked":"Cleave","floor":5},{"not_picked":["Second Wind","Thunderclap","Body Slam"],"picked":"SKIP","floor":7},{"not_picked":["Intimidate","Disarm"],"picked":"Seeing Red","floor":8},{"not_picked":["Blood for Blood","Sword Boomerang"],"picked":"Flex","floor":10},{"not_picked":["Immolate","Brutality"],"picked":"Exhume","floor":16},{"not_picked":["Body Slam","Evolve"],"picked":"Iron Wave","floor":18}],"player_experience":90363,"relics_obtained":[{"floor":7,"key":"Mummified Hand"},{"floor":9,"key":"Peace Pipe"},{"floor":10,"key":"Happy Flower"}],"event_choices":[{"damage_healed":0,"gold_gain":0,"player_choice":"Trade","damage_taken":0,"relics_obtained":["FaceOfCleric"],"max_hp_gain":0,"max_hp_loss":0,"event_name":"FaceTrader","floor":12,"gold_loss":0},{"damage_healed":0,"gold_gain":0,"player_choice":"Fought Bandits","damage_taken":0,"max_hp_gain":0,"max_hp_loss":0,"event_name":"Masked Bandits","floor":19,"gold_loss":0}],"is_beta":false,"boss_relics":[{"not_picked":["Empty Cage","Philosopher\u0027s Stone"],"picked":"Runic Cube"}],"items_purged_floors":[],"is_endless":false,"potions_floor_spawned":[1,4,8,18],"killed_by":"Masked Bandits","ascension_level":17}}