{"host":"w05x4i13f2m9joq1","time":1612849551,"event":{"mods":["100% Spire Juice","Act Like it!","BaseMod","Better Altar","Better Match","Better Note","Better Sensory Stone","Better Skull","Better Third Choice","BetterRewards","CapriCore","Colored Map","Colored Powertips","Defective Defect","Downfall","Duelist Mod","Gensokyo","GifTheSpireLib","Googly Eyes","Infinite Spire","Ironclad Rager","Lobotomy","LobotomyExtend","Marisa????????","Melee Mod","Minty Spire (QoL Compilation)","Morshu Shopkeeper - ENHANCED","MostiFishMod","Quick Restart","Rare Cards Sparkle","Reliquary","Replay The Spire","Shop Mod","Spicy Shops","Spire Birthday Party","StSLib","The IronCluck","Uncapped","everything is the same but u backflip on backflip","slay the spire mod where everything is the same but ironclad has a cowboy hat"],"gold_per_floor":[110,129,145,145,120,120,120],"floor_reached":6,"language":"ENG","playtime":246,"items_purged":[],"score":36,"play_id":"cf56575d-579c-447c-bcf3-607dcc4a22cb","local_time":"20210209004551","is_ascension_mode":false,"campfire_choices":[],"circlet_count":0,"master_deck":["Moonworks:Strike","Moonworks:Strike","Moonworks:Strike","Moonworks:Strike","Moonworks:Defend","Moonworks:Defend","Moonworks:Defend","Moonworks:Defend","Moonworks:Ambush","Moonworks:LongDistanceShot","Moonworks:CloudOfSeagulls","Moonworks:CloudOfSeagulls","Moonworks:CloudOfSeagulls","Moonworks:JonathanRush"],"relics":["Moonworks:BrokenBomb","Moonworks:Homemark","DaveBox","DaCapo","SynthV:TestCard","LetterFromLob","infinitespire:Broken Mirror"],"acts_visited":["Exordium"],"potions_floor_usage":[6],"damage_taken":[{"damage":3.0,"enemies":"Cultist","floor":1.0,"turns":3.0},{"damage":12.0,"enemies":"Jaw Worm","floor":2.0,"turns":4.0},{"damage":3.0,"enemies":"2 Louse","floor":3.0,"turns":3.0},{"damage":47,"enemies":"Gremlin Nob","floor":6,"turns":4}],"seed_played":"4492053759265035805","potions_obtained":[{"floor":2.0,"key":"SpeedPotion"},{"floor":3.0,"key":"AttackPotion"}],"is_trial":false,"path_per_floor":["M","M","M","T","$","E"],"character_chosen":"THE_STARBREAKER","items_purchased":["Moonworks:JonathanRush"],"campfire_rested":0,"item_purchase_floors":[5],"current_hp_per_floor":[57,45,42,42,42,0,0],"gold":120,"neow_bonus":"THREE_CARDS","is_daily":false,"chose_seed":false,"campfire_upgraded":0,"win_rate":0.0,"timestamp":1612849551,"path_taken":["M","M","M","?","$","E"],"items_purchased_type":["Card"],"build_version":"2020-12-22","purchased_purges":0,"victory":false,"max_hp_per_floor":[60,60,60,60,60,60,60],"card_choices":[{"not_picked":["Moonworks:JonathanRush","Moonworks:AngelHand"],"picked":"Moonworks:CloudOfSeagulls","floor":0.0},{"not_picked":["Moonworks:NicePresent","Moonworks:JonathanRush"],"picked":"Moonworks:CloudOfSeagulls","floor":1.0},{"not_picked":["Moonworks:Assault","Moonworks:ReproductionOfRecords","Moonworks:StiffCrystal","Moonworks:Dash"],"picked":"Moonworks:CloudOfSeagulls","floor":2.0},{"not_picked":["Moonworks:Assault","Moonworks:IndiscriminateFireSupport","Moonworks:IntelligenceOfficer","Moonworks:x16BigRocket","Moonworks:BigMagnum"],"picked":"SKIP","floor":3.0}],"player_experience":183286,"relics_obtained":[{"floor":1.0,"key":"SynthV:TestCard"},{"floor":1.0,"key":"LetterFromLob"},{"floor":4.0,"key":"infinitespire:Broken Mirror"}],"event_choices":[],"is_beta":false,"boss_relics":[],"items_purged_floors":[],"is_endless":false,"potions_floor_spawned":[2,3],"killed_by":"Gremlin Nob","ascension_level":0}}