{"host":"BK","time":1612851622,"event":{"mods":["BaseMod","Highlight Path","Minty Spire (QoL Compilation)","StSLib"],"gold_per_floor":[115,190,203,203,203,238,265,265,265,298,298,308,308,308,308,383,383,397,397,408,60,79,79,99,125,150,177,177,177],"floor_reached":28,"language":"ENG","playtime":801,"items_purged":["Strike_G+1"],"score":538,"play_id":"3327c1ec-6718-4564-9883-8e024f38208f","local_time":"20210208232022","is_ascension_mode":true,"campfire_choices":[{"floor":8,"key":"REST"},{"data":"Caltrops","floor":11,"key":"SMITH"},{"data":"Deadly Poison","floor":13,"key":"SMITH"},{"data":"Neutralize","floor":15,"key":"SMITH"},{"floor":23,"key":"REST"}],"circlet_count":0,"master_deck":["AscendersBane","Defend_G","Defend_G","Defend_G","Defend_G","Defend_G","Survivor","Neutralize+1","Dagger Spray+1","Endless Agony","Predator","Caltrops+1","Deadly Poison+1","Corpse Explosion","Accuracy+1","Poisoned Stab+1","Dagger Throw+1","Flechettes+1","PiercingWail","Well Laid Plans","Blade Dance","Acrobatics"],"relics":["Ring of the Snake","NeowsBlessing","Nunchaku","Vajra","Molten Egg 2","Tiny Chest","Astrolabe","TwistedFunnel","Regal Pillow","PreservedInsect","Tingsha"],"acts_visited":["Exordium","TheCity"],"potions_floor_usage":[10,20,27],"damage_taken":[{"damage":0,"enemies":"Small Slimes","floor":1,"turns":1},{"damage":0,"enemies":"2 Louse","floor":3,"turns":1},{"damage":0,"enemies":"Lagavulin","floor":6,"turns":1},{"damage":8,"enemies":"Gremlin Nob","floor":10,"turns":3},{"damage":2,"enemies":"Jaw Worm","floor":12,"turns":3},{"damage":20,"enemies":"Hexaghost","floor":16,"turns":9},{"damage":14,"enemies":"Spheric Guardian","floor":18,"turns":4},{"damage":12,"enemies":"2 Thieves","floor":20,"turns":3},{"damage":9,"enemies":"Snake Plant","floor":22,"turns":4},{"damage":0,"enemies":"3 Cultists","floor":24,"turns":2},{"damage":14,"enemies":"Book of Stabbing","floor":27,"turns":3},{"damage":23,"enemies":"Cultist and Chosen","floor":28,"turns":4}],"seed_played":"-238050764639770427","potions_obtained":[{"floor":3,"key":"Explosive Potion"},{"floor":6,"key":"FearPotion"},{"floor":12,"key":"Weak Potion"}],"is_trial":false,"path_per_floor":["M","?","M","?","?","E","T","R","T","E","R","M","R","?","R","B",null,"M","?","M","$","M","R","M","T","T","E","M"],"character_chosen":"THE_SILENT","items_purchased":["PiercingWail","TwistedFunnel","Well Laid Plans"],"campfire_rested":2,"item_purchase_floors":[21,21,21],"current_hp_per_floor":[59,48,48,48,28,28,28,47,47,39,39,37,37,30,30,10,52,38,38,26,26,17,36,36,36,36,22,0,0],"gold":177,"neow_bonus":"THREE_ENEMY_KILL","is_daily":false,"chose_seed":false,"campfire_upgraded":3,"win_rate":0.0,"timestamp":1612851622,"path_taken":["M","?","M","?","?","E","?","R","T","E","R","?","R","?","R","BOSS","M","?","M","$","M","R","M","?","T","E","?"],"items_purchased_type":["Card","Relic","Card"],"build_version":"2020-12-18","purchased_purges":1,"victory":false,"max_hp_per_floor":[66,66,66,66,66,66,66,66,66,66,66,66,66,66,66,66,66,66,66,66,66,66,66,66,66,66,66,66,66],"card_choices":[{"not_picked":["Sucker Punch","Footwork"],"picked":"Dagger Spray","floor":1},{"not_picked":["Well Laid Plans","Catalyst"],"picked":"Endless Agony","floor":3},{"not_picked":["Masterful Stab","All Out Attack"],"picked":"Predator","floor":6},{"not_picked":["Prepared","Cloak And Dagger"],"picked":"Caltrops","floor":10},{"not_picked":["Quick Slash+1","Underhanded Strike+1"],"picked":"Deadly Poison","floor":12},{"not_picked":["Grand Finale+1","Storm of Steel"],"picked":"Corpse Explosion","floor":16},{"not_picked":["Distraction","Slice+1"],"picked":"Flechettes+1","floor":18},{"not_picked":["Expertise","Predator+1","Concentrate"],"picked":"SKIP","floor":20},{"not_picked":["Well Laid Plans","Eviscerate+1"],"picked":"Blade Dance","floor":22},{"not_picked":["Setup","Dodge and Roll"],"picked":"Acrobatics","floor":24},{"not_picked":["Well Laid Plans","Predator+1","Storm of Steel"],"picked":"SKIP","floor":27}],"player_experience":2538668,"relics_obtained":[{"floor":6,"key":"Nunchaku"},{"floor":7,"key":"Vajra"},{"floor":9,"key":"Molten Egg 2"},{"floor":10,"key":"Tiny Chest"},{"floor":25,"key":"Regal Pillow"},{"floor":26,"key":"PreservedInsect"},{"floor":27,"key":"Tingsha"}],"event_choices":[{"damage_healed":0,"gold_gain":75,"player_choice":"Gather Gold","damage_taken":11,"max_hp_gain":0,"max_hp_loss":0,"event_name":"World of Goop","floor":2,"gold_loss":0},{"damage_healed":0,"gold_gain":0,"player_choice":"Grow","damage_taken":0,"max_hp_gain":0,"max_hp_loss":0,"event_name":"Living Wall","floor":4,"gold_loss":0,"cards_upgraded":["Dagger Spray"]},{"damage_healed":0,"gold_gain":0,"player_choice":"Entered Light","damage_taken":20,"max_hp_gain":0,"max_hp_loss":0,"event_name":"Shining Light","floor":5,"gold_loss":0,"cards_upgraded":["Strike_G","Strike_G"]},{"cards_removed":["Strike_G"],"damage_healed":0,"gold_gain":0,"player_choice":"Card Removal","damage_taken":7,"max_hp_gain":0,"max_hp_loss":0,"event_name":"Golden Wing","floor":14,"gold_loss":0},{"damage_healed":0,"gold_gain":0,"player_choice":"Ignored","damage_taken":0,"max_hp_gain":0,"max_hp_loss":0,"event_name":"Ghosts","floor":19,"gold_loss":0}],"is_beta":true,"boss_relics":[{"not_picked":["Empty Cage","Philosopher\u0027s Stone"],"picked":"Astrolabe"}],"items_purged_floors":[21],"is_endless":false,"potions_floor_spawned":[3,6,12,16,18],"killed_by":"Cultist and Chosen","ascension_level":20}}