{"host":"m6aaltr68g9tvoay","time":1612833927,"event":{"mods":["AchievementEnabler","BaseMod","Colored Map","Downfall","Minty Spire (QoL Compilation)","Slay the Relics Exporter","StSLib"],"gold_per_floor":[0,10,160,160,175,190,265,165,194,194,208,220,220,237,252,350,350,350,361,361,371,371,404,455,455,455,455],"floor_reached":25,"language":"ENG","playtime":2078,"items_purged":[],"score":362,"play_id":"15d530a3-7897-44b2-821a-b6b9b5413016","local_time":"20210208172527","is_ascension_mode":true,"campfire_choices":[{"floor":1,"key":"RECALL"},{"data":"champ:Lariat","floor":8,"key":"SMITH"},{"floor":10,"key":"REST"},{"floor":13,"key":"REST"},{"data":"champ:EnchantCrown","floor":18,"key":"SMITH"}],"circlet_count":0,"master_deck":["champ:Strike","champ:Strike","champ:Strike","champ:Strike","champ:Defend","champ:Defend","champ:Defend","champ:Defend","champ:Execute","champ:Taunt+1","champ:Circumvent","downfall:Icky","champ:DefensiveShout","champ:Lariat+1","champ:PreemptiveStrike","champ:GladiatorStyle","champ:PreciseThrust","champ:EnGarde","champ:EnchantCrown+1","champ:TornadoPunch+1","champ:DefensiveStyle","champ:SetATrap"],"relics":["champ:ChampionCrownUpgraded","Ornamental Fan","downfall:HeartBlessingRed","Pear","NlothsMask","Du-Vu Doll","Ice Cream"],"acts_visited":["TheCity"],"potions_floor_usage":[13,14,23],"damage_taken":[{"damage":12,"enemies":"Jaw Worm","floor":2,"turns":3},{"damage":12,"enemies":"2 Louse","floor":5,"turns":4},{"damage":1,"enemies":"Cultist","floor":6,"turns":4},{"damage":46,"enemies":"Gremlin Nob","floor":9,"turns":5},{"damage":19,"enemies":"Exordium Thugs","floor":11,"turns":4},{"damage":23,"enemies":"Lots of Slimes","floor":12,"turns":6},{"damage":10,"enemies":"Blue Slaver","floor":14,"turns":2},{"damage":12,"enemies":"2 Fungi Beasts","floor":15,"turns":5},{"damage":26,"enemies":"SI_SHIV_ARCHETYPE","floor":16,"turns":14},{"damage":43,"enemies":"Chosen","floor":19,"turns":5},{"damage":43,"enemies":"Shell Parasite","floor":21,"turns":6},{"damage":68,"enemies":"Book of Stabbing","floor":23,"turns":8},{"damage":40,"enemies":"Snecko","floor":25,"turns":4}],"seed_played":"-2320855635470500393","potions_obtained":[{"floor":6,"key":"Fruit Juice"},{"floor":12,"key":"DistilledChaos"},{"floor":16,"key":"Regen Potion"}],"is_trial":false,"path_per_floor":["R","M","?","?","M","M","T","R","E","R","M","M","R","M","M","B",null,"R","M","?","M","?","E","T","M"],"character_chosen":"THE_CHAMP","items_purchased":[],"campfire_rested":2,"item_purchase_floors":[],"current_hp_per_floor":[99,97,97,97,95,94,94,94,68,103,94,81,122,122,120,104,118,118,85,85,72,72,24,24,0,0,0],"gold":455,"neow_bonus":"TWENTY_PERCENT_HP_BONUS","is_daily":false,"chose_seed":false,"campfire_upgraded":2,"win_rate":0.0,"timestamp":1612833927,"path_taken":["R","M","?","?","M","M","T","R","E","R","M","?","R","M","M","BOSS","R","M","?","?","?","E","T","M"],"items_purchased_type":[],"build_version":"2020-12-22","purchased_purges":0,"victory":false,"max_hp_per_floor":[108,108,108,108,108,108,108,108,118,118,118,118,123,123,123,123,123,123,123,123,123,123,123,123,123,123,123],"card_choices":[{"not_picked":["champ:FaceSlap","champ:BringItOn"],"picked":"champ:Circumvent","floor":2},{"not_picked":["champ:EnGarde","champ:Haymaker"],"picked":"champ:DefensiveShout","floor":5},{"not_picked":["champ:RapidStrikes","champ:SetATrap"],"picked":"champ:Lariat","floor":6},{"not_picked":["champ:CrookedStrike","champ:ArenaPreparation"],"picked":"champ:PreemptiveStrike","floor":9},{"not_picked":["champ:BerserkersShout","champ:Circumvent","champ:BringItOn"],"picked":"SKIP","floor":11},{"not_picked":["champ:Haymaker","champ:PreciseThrust"],"picked":"champ:GladiatorStyle","floor":12},{"not_picked":["champ:FocusedBerserking","champ:Circumvent"],"picked":"champ:PreciseThrust","floor":14},{"not_picked":["champ:RageSigil","champ:Endure"],"picked":"champ:EnGarde","floor":15},{"not_picked":["champ:GladiatorForm","champ:EnchantShield"],"picked":"champ:EnchantCrown","floor":16},{"not_picked":["champ:Backstep","champ:DeathBlow+1"],"picked":"champ:TornadoPunch+1","floor":19},{"not_picked":["champ:EndlessRage","champ:ArenaPreparation"],"picked":"champ:DefensiveStyle","floor":21},{"not_picked":["champ:FalseCounter","champ:Devastate"],"picked":"champ:SetATrap","floor":23}],"player_experience":1868002,"relics_obtained":[{"floor":7,"key":"Ornamental Fan"},{"floor":9,"key":"Pear"},{"floor":23,"key":"Ice Cream"}],"event_choices":[{"damage_healed":0,"gold_gain":0,"player_choice":"Trade","damage_taken":0,"relics_obtained":["NlothsMask"],"max_hp_gain":0,"max_hp_loss":0,"event_name":"FaceTrader","floor":20,"gold_loss":0}],"is_beta":false,"boss_relics":[{"not_picked":["Tiny House","SacredBark"],"picked":"champ:ChampionCrownUpgraded"}],"items_purged_floors":[],"is_endless":false,"potions_floor_spawned":[6,12,16],"killed_by":"Snecko","ascension_level":8}}