{"host":"WillJustWill","time":1612879682,"event":{"mods":["BaseMod","Colored Powertips","Minty Spire (QoL Compilation)","Relic Stats"],"gold_per_floor":[119,119,119,143,157,157,191,191,218,243,74,98,98,129,129,224,224,248,248,248,49,69,110,110,110,137,157,202,202,127,150,150,252,252,270,333,60,60,91,140,140,140,192,230,42,42,42,0,0,0,0],"floor_reached":52,"language":"ENG","playtime":2121,"items_purged":["Strike_B"],"score":2075,"play_id":"2ede23df-f3c1-4f82-893b-404ff33f74b9","local_time":"20210210010802","is_ascension_mode":true,"campfire_choices":[{"data":"Dualcast","floor":6.0,"key":"SMITH"},{"floor":13.0,"key":"REST"},{"data":"Streamline","floor":15.0,"key":"SMITH"},{"data":"Biased Cognition","floor":24.0,"key":"SMITH"},{"data":"Ghostly","floor":32.0,"key":"SMITH"},{"data":"Defragment","floor":41,"key":"SMITH"},{"data":"Defragment","floor":42,"key":"SMITH"},{"data":"Storm","floor":47,"key":"SMITH"},{"data":"Ghostly","floor":49,"key":"SMITH"}],"circlet_count":0,"master_deck":["AscendersBane","Strike_B","Strike_B","Strike_B","Defend_B","Defend_B","Defend_B","Defend_B","Zap+1","Dualcast+1","Sweeping Beam+1","Chill","Core Surge","Streamline+1","Go for the Eyes","Ball Lightning","Biased Cognition+1","Compile Driver","Hologram","Cold Snap","Redo+1","Ghostly+1","Ghostly+1","Ghostly","Defragment+1","Cold Snap","Barrage","Electrodynamics","Defragment+1","Self Repair","Biased Cognition","Redo+1","Cold Snap","Compile Driver","Coolheaded+1","Defragment+1","Storm+1"],"relics":["Cracked Core","NeowsBlessing","Golden Idol","Ancient Tea Set","Bird Faced Urn","Juzu Bracelet","Bag of Preparation","Anchor","Inserter","Centennial Puzzle","Lantern","Lizard Tail","Oddly Smooth Stone","CeramicFish","Coffee Dripper","Du-Vu Doll","Orrery","WingedGreaves","Regal Pillow","Bronze Scales","Nunchaku","DollysMirror","Red Mask"],"acts_visited":["Exordium","TheCity","TheBeyond"],"potions_floor_usage":[36,51],"damage_taken":[{"damage":0.0,"enemies":"Jaw Worm","floor":1.0,"turns":1.0},{"damage":0.0,"enemies":"2 Louse","floor":4.0,"turns":1.0},{"damage":0.0,"enemies":"Small Slimes","floor":5.0,"turns":1.0},{"damage":21.0,"enemies":"Lagavulin","floor":7.0,"turns":7.0},{"damage":3.0,"enemies":"Blue Slaver","floor":10.0,"turns":3.0},{"damage":6.0,"enemies":"Exordium Wildlife","floor":12.0,"turns":2.0},{"damage":0.0,"enemies":"3 Sentries","floor":14.0,"turns":7.0},{"damage":26.0,"enemies":"Hexaghost","floor":16.0,"turns":9.0},{"damage":0.0,"enemies":"Chosen","floor":18.0,"turns":3.0},{"damage":9.0,"enemies":"2 Thieves","floor":22.0,"turns":2.0},{"damage":14.0,"enemies":"Slavers","floor":23.0,"turns":5.0},{"damage":1.0,"enemies":"Snecko","floor":27.0,"turns":4.0},{"damage":12.0,"enemies":"Book of Stabbing","floor":28.0,"turns":6.0},{"damage":0.0,"enemies":"Snake Plant","floor":31.0,"turns":4.0},{"damage":0.0,"enemies":"Champ","floor":33.0,"turns":13.0},{"damage":0.0,"enemies":"Orb Walker","floor":35.0,"turns":3.0},{"damage":23,"enemies":"2 Orb Walkers","floor":36,"turns":5},{"damage":0,"enemies":"Mind Bloom Boss Battle","floor":39,"turns":7},{"damage":50,"enemies":"Giant Head","floor":40,"turns":7},{"damage":0,"enemies":"Reptomancer","floor":44,"turns":7},{"damage":12,"enemies":"Donu and Deca","floor":50,"turns":6},{"damage":28,"enemies":"Awakened One","floor":51,"turns":14}],"seed_played":"2690598216478595107","potions_obtained":[{"floor":1.0,"key":"SkillPotion"},{"floor":5.0,"key":"LiquidBronze"},{"floor":7.0,"key":"Regen Potion"},{"floor":14.0,"key":"ColorlessPotion"},{"floor":22.0,"key":"EssenceOfDarkness"},{"floor":27.0,"key":"Dexterity Potion"},{"floor":31.0,"key":"FearPotion"},{"floor":40,"key":"FairyPotion"}],"is_trial":false,"path_per_floor":["M","?","?","M","M","R","E","?","T","M","$","M","R","E","R","B",null,"M","?","?","$","M","E","R","?","T","M","E","?","?","M","R","B",null,"M","?","$","?","?","E","R","R","T","E","$","?","R","?","R","B","B",null],"character_chosen":"DEFECT","items_purchased":["Bag of Preparation","Lantern","Hologram","Defragment","Orrery","DollysMirror","Storm"],"campfire_rested":1,"item_purchase_floors":[11,21,21,37,37,45,45],"current_hp_per_floor":[64,43,43,43,43,43,22,11,11,8,8,2,21,36,36,10,51,53,53,53,53,46,34,34,32,32,31,22,16,16,20,20,24,34,37,18,18,18,33,25,25,25,25,33,33,33,33,33,33,33,15],"gold":0,"neow_bonus":"THREE_ENEMY_KILL","is_daily":false,"chose_seed":false,"campfire_upgraded":8,"win_rate":0.0,"timestamp":1612879682,"path_taken":["M","?","?","M","M","R","E","?","T","M","$","M","R","E","R","BOSS","M","?","?","$","M","E","R","?","T","M","E","?","?","M","R","BOSS","M","?","$","?","?","E","R","R","T","E","$","?","R","?","R","BOSS","BOSS"],"items_purchased_type":["Relic","Relic","Card","Card","Relic","Relic","Card"],"build_version":"2020-12-18","purchased_purges":1,"victory":true,"max_hp_per_floor":[71,71,64,64,64,64,64,64,64,64,64,64,64,64,64,64,64,64,64,64,64,64,64,64,32,32,32,32,37,37,37,37,37,37,37,37,37,37,37,37,37,37,37,37,37,37,37,37,37,37,37],"relic_stats":{"Regal Pillow":0,"Inserter":[43],"counters":[22,117],"Golden Idol":183,"CeramicFish":108,"Juzu Bracelet":3,"Bag of Preparation":[34],"Centennial Puzzle":[24],"Lizard Tail":18,"Nunchaku":[4],"Bird Faced Urn":[71],"Bronze Scales":[119],"obtain_stats":[{"Lantern":21,"Regal Pillow":40,"Inserter":17,"NeowsBlessing":0,"Golden Idol":3,"CeramicFish":28,"Oddly Smooth Stone":26,"Juzu Bracelet":9,"Bag of Preparation":11,"Ancient Tea Set":7,"Du-Vu Doll":36,"Anchor":14,"Centennial Puzzle":20,"Lizard Tail":23,"Nunchaku":44,"DollysMirror":45,"Bird Faced Urn":8,"Bronze Scales":43,"Orrery":37,"WingedGreaves":39,"Coffee Dripper":34,"Red Mask":48,"Cracked Core":0},{"Lantern":9,"Regal Pillow":19,"Inserter":8,"NeowsBlessing":0,"Golden Idol":1,"CeramicFish":13,"Oddly Smooth Stone":11,"Juzu Bracelet":4,"Bag of Preparation":5,"Ancient Tea Set":4,"Du-Vu Doll":17,"Anchor":7,"Centennial Puzzle":9,"Lizard Tail":11,"Nunchaku":20,"DollysMirror":20,"Bird Faced Urn":4,"Bronze Scales":19,"Orrery":17,"WingedGreaves":18,"Coffee Dripper":15,"Red Mask":20,"Cracked Core":0},{"Lantern":34,"Regal Pillow":90,"Inserter":31,"NeowsBlessing":0,"Golden Idol":1,"CeramicFish":51,"Oddly Smooth Stone":41,"Juzu Bracelet":10,"Bag of Preparation":13,"Ancient Tea Set":10,"Du-Vu Doll":76,"Anchor":22,"Centennial Puzzle":34,"Lizard Tail":41,"Nunchaku":97,"DollysMirror":97,"Bird Faced Urn":10,"Bronze Scales":90,"Orrery":76,"WingedGreaves":83,"Coffee Dripper":68,"Red Mask":97,"Cracked Core":0}]},"card_choices":[{"not_picked":["Self Repair","Chaos"],"picked":"Sweeping Beam","floor":1.0},{"not_picked":["Rebound","Fusion","Hello World"],"picked":"SKIP","floor":4.0},{"not_picked":["Loop","Beam Cell"],"picked":"Chill","floor":5.0},{"not_picked":["Sweeping Beam","Hello World"],"picked":"Core Surge","floor":7.0},{"not_picked":["Go for the Eyes","Redo"],"picked":"Streamline","floor":10.0},{"not_picked":["Barrage","Beam Cell"],"picked":"Go for the Eyes","floor":12.0},{"not_picked":["Sweeping Beam","Lockon"],"picked":"Ball Lightning","floor":14.0},{"not_picked":["Buffer","Thunder Strike"],"picked":"Biased Cognition","floor":16.0},{"not_picked":["Blizzard+1","Sweeping Beam"],"picked":"Compile Driver","floor":18.0},{"not_picked":["Doom and Gloom","Turbo"],"picked":"Cold Snap","floor":22.0},{"not_picked":["Streamline","Rebound"],"picked":"Redo+1","floor":23.0},{"not_picked":["Steam","Streamline"],"picked":"Defragment","floor":27.0},{"not_picked":["Blizzard","Sweeping Beam"],"picked":"Cold Snap","floor":28.0},{"not_picked":["Barrage","Turbo","Gash"],"picked":"SKIP","floor":31.0},{"not_picked":["Turbo","Gash"],"picked":"Barrage","floor":31.0},{"not_picked":["Core Surge","Thunder Strike"],"picked":"Electrodynamics","floor":33.0},{"not_picked":["Rebound","Reinforced Body","Steam"],"picked":"SKIP","floor":35.0},{"not_picked":["Darkness+1","Hologram+1"],"picked":"Self Repair","floor":37},{"not_picked":["Sunder+1","Heatsinks+1"],"picked":"Biased Cognition","floor":37},{"not_picked":["Ball Lightning","Skim"],"picked":"Redo+1","floor":37},{"not_picked":["Fusion+1","Leap+1"],"picked":"Cold Snap","floor":37},{"not_picked":["Fusion+1","Beam Cell"],"picked":"Compile Driver","floor":37},{"not_picked":["Go for the Eyes+1","Steam"],"picked":"Coolheaded+1","floor":40},{"not_picked":["Reprogram+1","Sweeping Beam+1","Auto Shields+1"],"picked":"SKIP","floor":44}],"player_experience":338975,"relics_obtained":[{"floor":7.0,"key":"Ancient Tea Set"},{"floor":9.0,"key":"Juzu Bracelet"},{"floor":14.0,"key":"Anchor"},{"floor":23.0,"key":"Lizard Tail"},{"floor":26.0,"key":"Oddly Smooth Stone"},{"floor":28.0,"key":"CeramicFish"},{"floor":36,"key":"Du-Vu Doll"},{"floor":39,"key":"WingedGreaves"},{"floor":40,"key":"Regal Pillow"},{"floor":43,"key":"Bronze Scales"},{"floor":44,"key":"Nunchaku"}],"event_choices":[{"damage_healed":0.0,"max_hp_gain":0.0,"max_hp_loss":0.0,"gold_gain":0.0,"event_name":"Shining Light","player_choice":"Entered Light","floor":2.0,"gold_loss":0.0,"damage_taken":21.0,"cards_upgraded":["Zap","Sweeping Beam"]},{"damage_healed":0.0,"max_hp_gain":0.0,"max_hp_loss":7.0,"gold_gain":0.0,"event_name":"Golden Idol","player_choice":"Lose Max HP","floor":3.0,"gold_loss":0.0,"damage_taken":0.0,"relics_obtained":["Golden Idol"]},{"damage_healed":0.0,"max_hp_gain":0.0,"max_hp_loss":0.0,"gold_gain":0.0,"event_name":"Scrap Ooze","player_choice":"Success","floor":8.0,"gold_loss":0.0,"damage_taken":11.0,"relics_obtained":["Bird Faced Urn"]},{"damage_healed":0.0,"max_hp_gain":0.0,"max_hp_loss":0.0,"gold_gain":0.0,"event_name":"Vampires","player_choice":"Ignored","floor":19.0,"gold_loss":0.0,"damage_taken":0.0},{"damage_healed":0.0,"max_hp_gain":0.0,"max_hp_loss":0.0,"gold_gain":0.0,"event_name":"The Mausoleum","player_choice":"Opened","floor":20.0,"gold_loss":0.0,"damage_taken":0.0,"relics_obtained":["Centennial Puzzle"],"cards_obtained":["Writhe"]},{"damage_healed":0.0,"max_hp_gain":0.0,"max_hp_loss":32.0,"gold_gain":0.0,"event_name":"Ghosts","player_choice":"Became a Ghost","floor":25.0,"gold_loss":0.0,"damage_taken":0.0,"cards_obtained":["Ghostly","Ghostly","Ghostly"]},{"damage_healed":0.0,"max_hp_gain":5.0,"max_hp_loss":0.0,"gold_gain":0.0,"event_name":"Forgotten Altar","player_choice":"Shed Blood","floor":29.0,"gold_loss":0.0,"damage_taken":11.0},{"cards_removed":["Writhe"],"damage_healed":0.0,"max_hp_gain":0.0,"max_hp_loss":0.0,"gold_gain":0.0,"event_name":"Beggar","player_choice":"Gave Gold","floor":30.0,"gold_loss":75.0,"damage_taken":0.0},{"damage_healed":0,"gold_gain":0,"player_choice":"Fight","damage_taken":0,"max_hp_gain":0,"max_hp_loss":0,"event_name":"Mysterious Sphere","floor":36,"gold_loss":0},{"damage_healed":0,"gold_gain":0,"player_choice":"0 cards matched","damage_taken":0,"max_hp_gain":0,"max_hp_loss":0,"event_name":"Match and Keep!","floor":38,"gold_loss":0,"cards_obtained":[]},{"damage_healed":0,"gold_gain":0,"player_choice":"Fight","damage_taken":0,"max_hp_gain":0,"max_hp_loss":0,"event_name":"MindBloom","floor":39,"gold_loss":0},{"damage_healed":0,"gold_gain":0,"player_choice":"Ignored","damage_taken":0,"max_hp_gain":0,"max_hp_loss":0,"event_name":"SecretPortal","floor":46,"gold_loss":0},{"damage_healed":0,"gold_gain":0,"player_choice":"Paid","damage_taken":0,"relics_obtained":["Red Mask"],"max_hp_gain":0,"max_hp_loss":0,"event_name":"Tomb of Lord Red Mask","floor":48,"gold_loss":42}],"is_beta":true,"boss_relics":[{"not_picked":["Runic Pyramid","Velvet Choker"],"picked":"Inserter"},{"not_picked":["Tiny House","SacredBark"],"picked":"Coffee Dripper"}],"items_purged_floors":[37],"is_endless":false,"potions_floor_spawned":[1,5,7,14,22,27,31,40],"ascension_level":20}}