{"host":"i7jfea87xc8lz16p","time":1612878769,"event":{"mods":["AchievementEnabler","BaseMod","Colored Powertips","Minty Spire (QoL Compilation)","Relic Stats"],"gold_per_floor":[14,28,44,61,71,105,105,121,121,121,146,157,157,157,157,233,233,249,174,174,193,243,243,274,274,300,300,320,333,365,0,0,0,0],"floor_reached":33,"language":"ENG","playtime":1173,"items_purged":["Strike_G"],"score":644,"play_id":"50d3737d-a6ca-4a35-bd39-f65ca97ee48c","local_time":"20210209145249","is_ascension_mode":true,"campfire_choices":[{"data":"Dagger Spray","floor":7,"key":"SMITH"},{"data":"Noxious Fumes","floor":10,"key":"SMITH"},{"data":"Riddle With Holes","floor":13,"key":"SMITH"},{"floor":15,"key":"REST"},{"floor":23,"key":"REST"},{"data":"Footwork","floor":25,"key":"SMITH"},{"data":"Wraith Form v2","floor":27,"key":"SMITH"},{"data":"Catalyst","floor":32,"key":"SMITH"}],"circlet_count":0,"master_deck":["AscendersBane","Strike_G","Strike_G","Strike_G","Strike_G","Defend_G","Defend_G","Defend_G","Defend_G","Defend_G","Survivor","Neutralize","Deadly Poison","Slice","Dash","Dagger Spray+1","Riddle With Holes+1","Noxious Fumes+1","Leg Sweep","Acrobatics","Wraith Form v2+1","Pain","Footwork+1","Catalyst+1","Bouncing Flask","Blade Dance","PiercingWail","Dagger Throw"],"relics":["Ring of the Snake","Du-Vu Doll","Ancient Tea Set","Pantograph","Tingsha","Snecko Eye","WarpedTongs","PreservedInsect","Vajra","Mango","Ninja Scroll"],"acts_visited":["Exordium","TheCity"],"potions_floor_usage":[24,33],"damage_taken":[{"damage":1,"enemies":"Small Slimes","floor":1,"turns":3},{"damage":1,"enemies":"Cultist","floor":2,"turns":4},{"damage":0,"enemies":"Jaw Worm","floor":3,"turns":3},{"damage":4,"enemies":"Red Slaver","floor":4,"turns":3},{"damage":0,"enemies":"Looter","floor":5,"turns":3},{"damage":18,"enemies":"Gremlin Nob","floor":6,"turns":4},{"damage":0,"enemies":"3 Louse","floor":8,"turns":2},{"damage":12,"enemies":"Lagavulin","floor":11,"turns":5},{"damage":6,"enemies":"Large Slime","floor":12,"turns":6},{"damage":29,"enemies":"The Guardian","floor":16,"turns":11},{"damage":26,"enemies":"Shell Parasite","floor":18,"turns":7},{"damage":4,"enemies":"3 Byrds","floor":21,"turns":3},{"damage":2,"enemies":"Gremlin Leader","floor":24,"turns":6},{"damage":5,"enemies":"Snake Plant","floor":28,"turns":3},{"damage":2,"enemies":"3 Cultists","floor":29,"turns":5},{"damage":2,"enemies":"Slavers","floor":30,"turns":3},{"damage":89,"enemies":"Collector","floor":33,"turns":8}],"seed_played":"5409468336954981025","potions_obtained":[{"floor":3,"key":"SmokeBomb"},{"floor":5,"key":"Weak Potion"},{"floor":11,"key":"GamblersBrew"},{"floor":16,"key":"LiquidMemories"},{"floor":29,"key":"Block Potion"},{"floor":30,"key":"SteroidPotion"}],"is_trial":false,"path_per_floor":["M","M","M","M","M","E","R","M","T","R","E","M","R","?","R","B",null,"M","$","?","M","?","R","E","R","T","R","M","M","E","$","R","B"],"character_chosen":"THE_SILENT","items_purchased":["Ninja Scroll","PiercingWail","Dagger Throw"],"campfire_rested":2,"item_purchase_floors":[31,31,31],"current_hp_per_floor":[58,57,57,53,53,35,35,35,35,35,23,17,17,17,36,32,58,32,32,32,28,28,47,45,45,45,45,40,38,50,50,50,0,0],"gold":0,"neow_bonus":"ONE_RARE_RELIC","is_daily":false,"chose_seed":false,"campfire_upgraded":6,"win_rate":0.0,"timestamp":1612878769,"path_taken":["M","M","M","M","M","E","R","M","T","R","E","M","R","?","R","BOSS","M","$","?","?","?","R","E","R","T","R","M","M","E","$","R","BOSS"],"items_purchased_type":["Relic","Card","Card"],"build_version":"2020-12-22","purchased_purges":1,"victory":false,"max_hp_per_floor":[66,66,66,66,66,66,66,66,66,66,66,66,66,66,66,66,66,66,66,66,66,66,66,66,66,66,66,66,66,80,80,80,80,80],"relic_stats":{"counters":[17,79],"Pantograph":50,"Snecko Eye":[66,59,72,65],"Tingsha":[63],"PreservedInsect":42,"obtain_stats":[{"Du-Vu Doll":0,"Ninja Scroll":31,"Pantograph":9,"Snecko Eye":17,"Vajra":26,"Tingsha":11,"Mango":30,"PreservedInsect":24,"Ancient Tea Set":6,"Ring of the Snake":0,"WarpedTongs":20},{"Du-Vu Doll":0,"Ninja Scroll":16,"Pantograph":7,"Snecko Eye":10,"Vajra":13,"Tingsha":8,"Mango":16,"PreservedInsect":13,"Ancient Tea Set":6,"Ring of the Snake":0,"WarpedTongs":11},{"Du-Vu Doll":0,"Ninja Scroll":71,"Pantograph":22,"Snecko Eye":44,"Vajra":60,"Tingsha":27,"Mango":71,"PreservedInsect":60,"Ancient Tea Set":20,"Ring of the Snake":0,"WarpedTongs":51}],"Ring of the Snake":[32],"WarpedTongs":[28]},"card_choices":[{"not_picked":["Flying Knee","Dodge and Roll"],"picked":"Deadly Poison","floor":1},{"not_picked":["PiercingWail","Backflip"],"picked":"Slice","floor":2},{"not_picked":["Sucker Punch","Reflex"],"picked":"Dash","floor":3},{"not_picked":["PiercingWail","Flechettes"],"picked":"Dagger Spray","floor":4},{"not_picked":["Blur","Prepared","Caltrops"],"picked":"SKIP","floor":5},{"not_picked":["Dodge and Roll","Terror"],"picked":"Riddle With Holes","floor":6},{"not_picked":["Malaise","Flying Knee"],"picked":"Noxious Fumes","floor":8},{"not_picked":["Blade Dance","Deflect"],"picked":"Leg Sweep","floor":11},{"not_picked":["Predator","Slice"],"picked":"Acrobatics","floor":12},{"not_picked":["Grand Finale","A Thousand Cuts"],"picked":"Wraith Form v2","floor":16},{"not_picked":["Outmaneuver","Choke","Escape Plan"],"picked":"SKIP","floor":18},{"not_picked":["Blur","Slice"],"picked":"Footwork","floor":21},{"not_picked":["Deadly Poison+1","Dagger Spray","Prepared"],"picked":"SKIP","floor":24},{"not_picked":["Dodge and Roll","Flying Knee"],"picked":"Catalyst","floor":28},{"not_picked":["Flying Knee+1","Riddle With Holes"],"picked":"Bouncing Flask","floor":29},{"not_picked":["Wraith Form v2","Infinite Blades"],"picked":"Blade Dance","floor":30}],"player_experience":1845894,"relics_obtained":[{"floor":6,"key":"Ancient Tea Set"},{"floor":9,"key":"Pantograph"},{"floor":11,"key":"Tingsha"},{"floor":24,"key":"PreservedInsect"},{"floor":26,"key":"Vajra"},{"floor":30,"key":"Mango"}],"event_choices":[{"damage_healed":0,"gold_gain":0,"player_choice":"Ignored","damage_taken":0,"max_hp_gain":0,"max_hp_loss":0,"event_name":"Liars Game","floor":14,"gold_loss":0},{"damage_healed":0,"gold_gain":0,"player_choice":"Rummage","damage_taken":0,"relics_obtained":["WarpedTongs"],"max_hp_gain":0,"max_hp_loss":0,"event_name":"Accursed Blacksmith","floor":20,"gold_loss":0,"cards_obtained":["Pain"]},{"damage_healed":0,"gold_gain":50,"player_choice":"Stole From Cult","damage_taken":0,"max_hp_gain":0,"max_hp_loss":0,"event_name":"Nest","floor":22,"gold_loss":0}],"is_beta":false,"boss_relics":[{"not_picked":["Pandora\u0027s Box","Sozu"],"picked":"Snecko Eye"}],"items_purged_floors":[19],"is_endless":false,"potions_floor_spawned":[3,5,11,16,29,30],"killed_by":"Collector","ascension_level":20}}