{"host":"rc0y5s0pznrxft0n","time":1612904794,"event":{"mods":["BaseMod","Downfall","Hermit","Minty Spire (QoL Compilation)","StSLib"],"gold_per_floor":[99,119,138,153,168,168,468,468,568,588,605,605,634,646,661,765,765,665,680,698,715,253,153,177,197,232,341,29,50,70,103,130,239,239,239,255,269,288,9,36,36,36,36,64,105,133,33,55,68,68,68,106,40,40,40,40,40],"floor_reached":55,"language":"ENG","playtime":5522,"items_purged":["hexamod:Defend","hexamod:Strike"],"score":1082,"play_id":"f29b56d2-48ac-44cb-8b5e-2304c8ca7283","local_time":"20210209160634","is_ascension_mode":true,"campfire_choices":[{"data":"hexamod:Float","floor":1.0,"key":"SMITH"},{"data":"hexamod:ThermalTransfer","floor":6.0,"key":"SMITH"},{"floor":18.0,"key":"RECALL"},{"data":"hexamod:HeatMetal","floor":23.0,"key":"SMITH"},{"data":"hexamod:GiftsFromTheDead","floor":35,"key":"SMITH"},{"data":"hexamod:HeatShield","floor":47,"key":"SMITH"},{"data":"expansioncontent:DashGenerateEvil","floor":54,"key":"SMITH"}],"circlet_count":0,"master_deck":["hexamod:Strike+1","hexamod:Strike+1","hexamod:Defend+1","hexamod:Defend+1","hexamod:Defend+1","hexamod:Sear+1","hexamod:Float+1","hexamod:HeatMetal+1","hexamod:DynamicBlow+1","hexamod:EmpoweredFlame+1","hexamod:ThermalTransfer+1","hexamod:SpectralSpark+1","hexamod:NightmareGuise+1","hexamod:FirstSeal","hexamod:FlamesFromBeyond+1","hexamod:Rewind+1","hexamod:Again+1","hexamod:TimeOfNeed+1","hexamod:NightmareStrike+1","hexamod:Hexaguard+1","hexamod:ShieldOfDarkness+1","hexamod:RainOfEmbers+1","Deep Breath+1","hexamod:DynamicBlow","hexamod:SuperheatedStrike+1","hexamod:GhostOfSpirePast+1","hexamod:BurningTouch+1","hexamod:HexaLevel+1","hexamod:RetreatToShadows+1","hexamod:PowerFromBeyond+1","hexamod:Firestarter+1","hexamod:GiftsFromTheDead+1","hexamod:SpectersWail+1","expansioncontent:DashGenerateEvil+1","hexamod:ApocalypseNow","hexamod:RetreatToShadows+1","hexamod:SpectersWail","hexamod:HeatShield+1","Parasite","hexamod:Hexaguard","hexamod:Incineration"],"relics":["hexamod:UnbrokenSoul","Old Coin","Incense Burner","Snecko Eye","downfall:HeartBlessingGreen","OrangePellets","downfall:HeartBlessingRed","hexamod:BolsterEngine","CeramicFish","Thread and Needle","Sundial","Toolbox","Anchor","Lantern","Sling","Nunchaku","Blue Candle","Regal Pillow","downfall:HeartBlessingBlue","PreservedInsect"],"acts_visited":["Exordium","TheCity","TheBeyond","TheEnding"],"potions_floor_usage":[39,45,50,50,55],"damage_taken":[{"damage":0.0,"enemies":"Cultist","floor":2.0,"turns":4.0},{"damage":4.0,"enemies":"2 Louse","floor":3.0,"turns":3.0},{"damage":4.0,"enemies":"Jaw Worm","floor":4.0,"turns":3.0},{"damage":5.0,"enemies":"Red Slaver","floor":5.0,"turns":3.0},{"damage":9.0,"enemies":"Exordium Wildlife","floor":10.0,"turns":4.0},{"damage":1.0,"enemies":"3 Louse","floor":11.0,"turns":4.0},{"damage":20.0,"enemies":"Lagavulin","floor":13.0,"turns":6.0},{"damage":0.0,"enemies":"Large Slime","floor":14.0,"turns":5.0},{"damage":3.0,"enemies":"Exordium Thugs","floor":15.0,"turns":5.0},{"damage":0.0,"enemies":"SI_SHIV_ARCHETYPE","floor":16.0,"turns":7.0},{"damage":14.0,"enemies":"Chosen","floor":19.0,"turns":5.0},{"damage":1.0,"enemies":"Snecko","floor":20.0,"turns":4.0},{"damage":4.0,"enemies":"Chosen and Byrds","floor":21.0,"turns":6.0},{"damage":0.0,"enemies":"downfall:FleeingMerchant","floor":22.0,"turns":4.0},{"damage":5.0,"enemies":"Cultist and Chosen","floor":25.0,"turns":6.0},{"damage":8.0,"enemies":"Gremlin Leader","floor":26.0,"turns":7.0},{"damage":5.0,"enemies":"DF_ARCHETYPE_STREAMLINE","floor":27.0,"turns":4.0},{"damage":0.0,"enemies":"downfall:FleeingMerchant","floor":28.0,"turns":4.0},{"damage":0.0,"enemies":"Snecko","floor":29.0,"turns":3.0},{"damage":6.0,"enemies":"Snake Plant","floor":30.0,"turns":3.0},{"damage":16.0,"enemies":"Slavers","floor":31.0,"turns":4.0},{"damage":0.0,"enemies":"Centurion and Healer","floor":32.0,"turns":3.0},{"damage":0.0,"enemies":"WA_ARCHETYPE_CALM","floor":33.0,"turns":5.0},{"damage":11,"enemies":"3 Darklings","floor":36,"turns":4},{"damage":6,"enemies":"3 Shapes","floor":37,"turns":3},{"damage":0,"enemies":"3 Darklings","floor":38,"turns":4},{"damage":0,"enemies":"downfall:FleeingMerchant","floor":39,"turns":3},{"damage":0,"enemies":"Jaw Worm Horde","floor":40,"turns":3},{"damage":0,"enemies":"Sphere and 2 Shapes","floor":44,"turns":3},{"damage":4,"enemies":"Reptomancer","floor":45,"turns":3},{"damage":6,"enemies":"Spire Growth","floor":46,"turns":3},{"damage":0,"enemies":"Writhing Mass","floor":48,"turns":3},{"damage":17,"enemies":"4 Shapes","floor":49,"turns":3},{"damage":5,"enemies":"IC_BLOCK_ARCHETYPE","floor":50,"turns":6},{"damage":4,"enemies":"downfall:CharBossMerchant","floor":52,"turns":8},{"damage":118,"enemies":"downfall:NeowBoss","floor":55,"turns":21}],"seed_played":"-6288237736170404150","potions_obtained":[{"floor":4.0,"key":"LiquidMemories"},{"floor":5.0,"key":"Weak Potion"},{"floor":10.0,"key":"Dexterity Potion"},{"floor":11.0,"key":"Weak Potion"},{"floor":13.0,"key":"DistilledChaos"},{"floor":25.0,"key":"ColorlessPotion"},{"floor":26.0,"key":"Fruit Juice"},{"floor":29.0,"key":"hexamod:SoulburnPotion"},{"floor":31.0,"key":"hexamod:EctoCoolerPotion"},{"floor":32.0,"key":"BlessingOfTheForge"},{"floor":33.0,"key":"AttackPotion"},{"floor":44,"key":"Regen Potion"},{"floor":45,"key":"CultistPotion"},{"floor":52,"key":"Regen Potion"}],"is_trial":false,"path_per_floor":["R","M","M","M","M","R","T","?","?","M","M","?","E","M","M","B",null,"R","M","M","M","$","R","T","M","E","?","$","M","M","E","M","B",null,"R","M","M","M","$","M","T","?","?","M","E","M","R","M","M","B",null,"E","$","R","B"],"character_chosen":"THE_SPIRIT","items_purchased":["OrangePellets","Deep Breath","SkillPotion","hexamod:DynamicBlow","Toolbox","Weak Potion","Lantern","expansioncontent:DashGenerateEvil","Sling","Nunchaku","hexamod:Incineration"],"campfire_rested":0,"item_purchase_floors":[22,22,22,22,28,28,39,39,39,39,53],"current_hp_per_floor":[70,70,66,62,57,57,57,57,57,48,47,40,27,34,38,38,70,70,63,69,65,70,70,70,70,67,69,75,75,75,66,66,66,75,75,71,65,72,75,75,75,70,85,85,85,79,89,89,79,89,95,95,95,95,0,0,0],"gold":40,"neow_bonus":"ONE_RANDOM_RARE_CARD","is_daily":false,"chose_seed":false,"campfire_upgraded":6,"win_rate":0.0,"timestamp":1612904794,"path_taken":["R","M","?","M","M","R","T","?","?","M","?","?","E","M","M","BOSS","R","M","M","M","$","R","T","M","E","?","$","M","M","E","M","BOSS","R","M","M","M","$","M","T","?","?","M","E","?","R","M","M","BOSS","E","$","R","BOSS"],"items_purchased_type":["Relic","Card","Potion","Card","Relic","Potion","Relic","Card","Relic","Relic","Card"],"build_version":"2020-12-22","purchased_purges":2,"victory":false,"max_hp_per_floor":[70,70,70,70,70,70,70,70,70,70,70,70,70,70,70,70,70,70,70,70,70,70,70,70,70,75,75,75,75,75,75,75,75,75,75,75,75,75,75,75,75,75,85,85,85,85,95,95,95,95,95,95,95,95,95,95,95],"card_choices":[{"not_picked":["hexamod:NightmareGuise","hexamod:InspiringFlames"],"picked":"hexamod:HeatMetal","floor":2.0},{"not_picked":["hexamod:RadiantFlame","hexamod:PowerFromBeyond"],"picked":"hexamod:DynamicBlow","floor":3.0},{"not_picked":["hexamod:SecondSeal","hexamod:ShieldOfDarkness"],"picked":"hexamod:EmpoweredFlame","floor":4.0},{"not_picked":["hexamod:FastForward","hexamod:BacktrackSmack"],"picked":"hexamod:ThermalTransfer","floor":5.0},{"not_picked":["hexamod:HauntingEcho","hexamod:SuperheatedStrike"],"picked":"hexamod:SpectralSpark","floor":10.0},{"not_picked":["hexamod:InspiringFlames","hexamod:Haunt"],"picked":"hexamod:NightmareGuise","floor":11.0},{"not_picked":["hexamod:SixthSeal","hexamod:ThirdSeal"],"picked":"hexamod:FlamesFromBeyond","floor":13.0},{"not_picked":["hexamod:BacktrackSmack","hexamod:InspiringFlames"],"picked":"hexamod:Rewind","floor":14.0},{"not_picked":["hexamod:HeatMetal","hexamod:GhostLash"],"picked":"hexamod:Again","floor":15.0},{"not_picked":["hexamod:UnleashSpirits","hexamod:ForkedFlame"],"picked":"hexamod:TimeOfNeed","floor":16.0},{"not_picked":["hexamod:Rewind","hexamod:InspiringFlames"],"picked":"hexamod:NightmareStrike+1","floor":19.0},{"not_picked":["hexamod:PhantomCloak","hexamod:HeatMetal"],"picked":"hexamod:Hexaguard","floor":20.0},{"not_picked":["hexamod:DynamicBlow","hexamod:Rewind"],"picked":"hexamod:ShieldOfDarkness+1","floor":21.0},{"not_picked":["hexamod:PowerFromBeyond+1","hexamod:HeatShield"],"picked":"hexamod:RainOfEmbers+1","floor":22.0},{"not_picked":["hexamod:FlamesFromBeyond","hexamod:CatchUp"],"picked":"hexamod:SuperheatedStrike","floor":25.0},{"not_picked":["hexamod:BacktrackSmack+1","hexamod:ThermalTransfer"],"picked":"hexamod:GhostOfSpirePast+1","floor":26.0},{"not_picked":["hexamod:ThirdSeal","hexamod:ThermalTransfer"],"picked":"hexamod:BurningTouch+1","floor":27.0},{"not_picked":["hexamod:HauntingEcho","hexamod:ThermalTransfer"],"picked":"hexamod:HexaLevel","floor":28.0},{"not_picked":["hexamod:HeatMetal+1","hexamod:NightmareGuise+1"],"picked":"hexamod:RetreatToShadows","floor":29.0},{"not_picked":["hexamod:SoulSteal+1","hexamod:ThermalTransfer"],"picked":"hexamod:PowerFromBeyond+1","floor":30.0},{"not_picked":["hexamod:Firestarter","hexamod:ShieldOfDarkness","hexamod:SpectralSpark"],"picked":"SKIP","floor":31.0},{"not_picked":["hexamod:SkipABeat","hexamod:SuperheatedStrike+1"],"picked":"hexamod:Firestarter+1","floor":32.0},{"not_picked":["hexamod:ForkedFlame","hexamod:FlameSwitch"],"picked":"hexamod:GiftsFromTheDead","floor":33.0},{"not_picked":["hexamod:ShieldOfDarkness+1","hexamod:GhostOfSpirePast+1","hexamod:BurningTouch"],"picked":"SKIP","floor":36},{"not_picked":["hexamod:FourthSeal","hexamod:HauntingEcho+1","hexamod:FlamesFromBeyond+1"],"picked":"SKIP","floor":37},{"not_picked":["hexamod:NecessarySacrifice","hexamod:SwordOfDarkness+1"],"picked":"hexamod:SpectersWail+1","floor":38},{"not_picked":["hexamod:SpectralSpark","hexamod:SpectralAdrenaline","hexamod:CatchUp+1"],"picked":"SKIP","floor":39},{"not_picked":["hexamod:SuperheatedStrike","hexamod:NightmareGuise+1"],"picked":"hexamod:ApocalypseNow","floor":40},{"not_picked":["hexamod:Haunt","hexamod:NightmareStrike"],"picked":"hexamod:RetreatToShadows+1","floor":44},{"not_picked":["hexamod:SwordOfDarkness+1","hexamod:InspiringFlames"],"picked":"hexamod:SpectersWail","floor":45},{"not_picked":["hexamod:GhostLash","hexamod:AdvancingGuard"],"picked":"hexamod:HeatShield","floor":46},{"not_picked":["hexamod:Hexaguard+1","hexamod:SwordOfDarkness","hexamod:BurningTouch+1"],"picked":"SKIP","floor":48},{"not_picked":["hexamod:FourthSeal","hexamod:NightmareGuise","hexamod:NecessarySacrifice"],"picked":"SKIP","floor":49},{"not_picked":["hexamod:ShieldOfDarkness","hexamod:ThermalTransfer"],"picked":"hexamod:Hexaguard","floor":52}],"player_experience":872985,"relics_obtained":[{"floor":7.0,"key":"Old Coin"},{"floor":13.0,"key":"Incense Burner"},{"floor":24.0,"key":"hexamod:BolsterEngine"},{"floor":26.0,"key":"CeramicFish"},{"floor":27.0,"key":"Thread and Needle"},{"floor":27.0,"key":"Sundial"},{"floor":31.0,"key":"Anchor"},{"floor":45,"key":"Regal Pillow"},{"floor":52,"key":"PreservedInsect"}],"event_choices":[{"cards_removed":["hexamod:SixthSeal"],"damage_healed":5,"gold_gain":0,"player_choice":"Offered Rare","damage_taken":0,"max_hp_gain":10,"max_hp_loss":0,"event_name":"Bonfire Elementals","floor":43,"gold_loss":0}],"is_beta":false,"boss_relics":[{"not_picked":["Runic Dome","Pandora\u0027s Box"],"picked":"Snecko Eye"},{"not_picked":["bronze:MakeshiftBattery","Tiny House"],"picked":"hexamod:UnbrokenSoul"}],"items_purged_floors":[22,28],"is_endless":false,"potions_floor_spawned":[4,5,10,11,13,25,26,29,30,31,32,33,44,45,46,52],"killed_by":"downfall:NeowBoss","ascension_level":3}}