{"host":"6q94iy5iz6612v89","time":1612843697,"event":{"mods":["2.2 Compatiblity","AchievementEnabler","BaseMod","Colored Map","DeckTracker","Keyboard Shortcuts","Minty Spire (QoL Compilation)","Permanent Neow","StSLib","SuperFastMode"],"gold_per_floor":[112,132,151,161,161,161,175,175,255,271,65,84,119,44,44,122,122,122,122,122,122,122,122,122,122,122,122,122,122,122,122,122,122,122,122,122,122,122,46,46,46,46,46,46,46,46,46,46,46,46,46],"floor_reached":50,"language":"KOR","playtime":2531,"items_purged":["Strike_G"],"score":1186,"play_id":"8d21239b-5128-456e-a108-b1d98458b242","local_time":"20210209130817","is_ascension_mode":true,"campfire_choices":[{"data":"Poisoned Stab","floor":6.0,"key":"SMITH"},{"data":"Accuracy","floor":15.0,"key":"SMITH"},{"data":"Adrenaline","floor":24.0,"key":"SMITH"},{"data":"Catalyst","floor":29.0,"key":"SMITH"},{"data":"Bouncing Flask","floor":32.0,"key":"SMITH"},{"floor":41,"key":"REST"},{"floor":45,"key":"RECALL"},{"data":"Wraith Form v2","floor":49,"key":"SMITH"}],"circlet_count":0,"master_deck":["AscendersBane","Strike_G","Strike_G","Strike_G","Strike_G","Defend_G","Defend_G","Defend_G","Defend_G","Defend_G","Survivor","Neutralize","Blade Dance","Catalyst+1","Poisoned Stab+1","Adrenaline+1","Cloak And Dagger","Accuracy+1","Bouncing Flask+1","Corpse Explosion","Crippling Poison","Backflip","Tactician","Acrobatics","Wraith Form v2+1","Calculated Gamble+1","Accuracy+1","Blade Dance+1"],"relics":["Ring of the Snake","CaptainsWheel","Dead Branch","Ninja Scroll","Lee\u0027s Waffle","Potion Belt","Ectoplasm","Paper Crane","Tingsha","MawBank","WristBlade","Nunchaku","Happy Flower","Omamori"],"acts_visited":["Exordium","TheCity","TheBeyond"],"potions_floor_usage":[33,33,46],"damage_taken":[{"damage":0.0,"enemies":"Small Slimes","floor":1.0,"turns":5.0},{"damage":2.0,"enemies":"Jaw Worm","floor":2.0,"turns":4.0},{"damage":1.0,"enemies":"Cultist","floor":3.0,"turns":3.0},{"damage":7.0,"enemies":"Exordium Thugs","floor":4.0,"turns":4.0},{"damage":0.0,"enemies":"Looter","floor":7.0,"turns":2.0},{"damage":0.0,"enemies":"3 Louse","floor":10.0,"turns":2.0},{"damage":0.0,"enemies":"Lots of Slimes","floor":12.0,"turns":2.0},{"damage":9.0,"enemies":"3 Sentries","floor":13.0,"turns":3.0},{"damage":13.0,"enemies":"Hexaghost","floor":16.0,"turns":5.0},{"damage":6.0,"enemies":"Shell Parasite","floor":18.0,"turns":2.0},{"damage":0.0,"enemies":"Chosen","floor":20.0,"turns":3.0},{"damage":13.0,"enemies":"Snecko","floor":22.0,"turns":4.0},{"damage":7.0,"enemies":"Slavers","floor":23.0,"turns":2.0},{"damage":0.0,"enemies":"Sentry and Sphere","floor":25.0,"turns":2.0},{"damage":1.0,"enemies":"Gremlin Leader","floor":27.0,"turns":6.0},{"damage":0.0,"enemies":"Centurion and Healer","floor":28.0,"turns":4.0},{"damage":2.0,"enemies":"Book of Stabbing","floor":31.0,"turns":4.0},{"damage":12,"enemies":"Automaton","floor":33,"turns":6},{"damage":3,"enemies":"3 Darklings","floor":35,"turns":4},{"damage":9,"enemies":"Orb Walker","floor":36,"turns":3},{"damage":0,"enemies":"Sphere and 2 Shapes","floor":37,"turns":1},{"damage":4,"enemies":"Jaw Worm Horde","floor":38,"turns":2},{"damage":17,"enemies":"Nemesis","floor":40,"turns":5},{"damage":13,"enemies":"Giant Head","floor":44,"turns":7},{"damage":0,"enemies":"3 Darklings","floor":46,"turns":4},{"damage":0,"enemies":"Spire Growth","floor":47,"turns":3},{"damage":2,"enemies":"Writhing Mass","floor":48,"turns":4},{"damage":43,"enemies":"Awakened One","floor":50,"turns":6}],"seed_played":"2089401615566794645","potions_obtained":[{"floor":4.0,"key":"AttackPotion"},{"floor":7.0,"key":"DistilledChaos"},{"floor":13.0,"key":"GamblersBrew"},{"floor":16.0,"key":"Strength Potion"},{"floor":18.0,"key":"EntropicBrew"},{"floor":20.0,"key":"Explosive Potion"},{"floor":31.0,"key":"Energy Potion"},{"floor":38,"key":"CultistPotion"},{"floor":44,"key":"Weak Potion"},{"floor":47,"key":"LiquidBronze"}],"is_trial":false,"path_per_floor":["M","M","M","M","?","R","M","?","T","M","$","M","E","$","R","B",null,"M","?","M","?","M","E","R","M","T","E","M","R","?","E","R","B",null,"M","M","M","M","$","E","R","?","T","E","R","M","M","M","R","B"],"character_chosen":"THE_SILENT","items_purchased":["Lee\u0027s Waffle","Accuracy","Accuracy"],"campfire_rested":1,"item_purchase_floors":[11,11,39],"current_hp_per_floor":[59,57,56,49,49,49,49,4,4,4,67,67,58,58,58,45,62,56,56,56,56,43,36,36,36,36,35,35,35,35,33,33,21,56,53,44,44,40,40,23,43,43,43,30,30,44,44,42,42,0,0],"gold":46,"neow_bonus":"ONE_RARE_RELIC","is_daily":false,"chose_seed":false,"campfire_upgraded":6,"win_rate":0.0,"timestamp":1612843697,"path_taken":["M","M","M","M","?","R","M","?","T","M","?","?","E","$","R","BOSS","M","?","M","?","?","E","R","M","T","E","M","R","?","E","R","BOSS","M","?","M","M","$","E","R","?","T","E","R","M","M","?","R","BOSS"],"items_purchased_type":["Relic","Card","Card"],"build_version":"2020-12-22","purchased_purges":1,"victory":false,"max_hp_per_floor":[60,60,60,60,60,60,60,60,60,60,67,67,67,67,67,67,67,67,67,67,67,67,67,67,67,67,67,67,67,67,67,67,67,67,67,67,67,67,67,67,67,67,67,67,67,67,67,67,67,67,67],"card_choices":[{"not_picked":["PiercingWail","Deflect"],"picked":"Blade Dance","floor":1.0},{"not_picked":["Prepared","Sucker Punch"],"picked":"Catalyst","floor":2.0},{"not_picked":["Slice","Backflip"],"picked":"Poisoned Stab","floor":3.0},{"not_picked":["Backflip","Quick Slash"],"picked":"Adrenaline","floor":4.0},{"not_picked":["Deflect","Dodge and Roll"],"picked":"Cloak And Dagger","floor":7.0},{"not_picked":["Catalyst","Skewer","Reflex"],"picked":"SKIP","floor":10.0},{"not_picked":["Outmaneuver","Distraction","Quick Slash"],"picked":"SKIP","floor":12.0},{"not_picked":["Acrobatics","Expertise"],"picked":"Bouncing Flask","floor":13.0},{"not_picked":["Tools of the Trade","Die Die Die"],"picked":"Corpse Explosion","floor":16.0},{"not_picked":["Dagger Spray","Blade Dance"],"picked":"Crippling Poison","floor":18.0},{"not_picked":["Bane","Poisoned Stab","Backstab"],"picked":"SKIP","floor":20.0},{"not_picked":["Quick Slash","PiercingWail"],"picked":"Backflip","floor":22.0},{"not_picked":["Concentrate","Cloak And Dagger","Prepared"],"picked":"SKIP","floor":23.0},{"not_picked":["Dagger Throw","Acrobatics","Crippling Poison"],"picked":"SKIP","floor":25.0},{"not_picked":["Underhanded Strike","Flying Knee"],"picked":"Tactician","floor":27.0},{"not_picked":["Well Laid Plans","Underhanded Strike"],"picked":"Acrobatics","floor":28.0},{"not_picked":["Finisher","Bane","Prepared"],"picked":"SKIP","floor":31.0},{"not_picked":["Finisher","Bane","Prepared"],"picked":"SKIP","floor":31.0},{"not_picked":["Grand Finale","Storm of Steel"],"picked":"Wraith Form v2","floor":33},{"not_picked":["Backstab+1","Outmaneuver","Bouncing Flask"],"picked":"SKIP","floor":35},{"not_picked":["All Out Attack+1","Poisoned Stab","Outmaneuver"],"picked":"SKIP","floor":36},{"not_picked":["Choke+1","Flying Knee","Flechettes+1"],"picked":"SKIP","floor":37},{"not_picked":["Quick Slash+1","Predator"],"picked":"Calculated Gamble+1","floor":38},{"not_picked":["Backstab","Prepared+1","Phantasmal Killer"],"picked":"SKIP","floor":40},{"not_picked":["Dodge and Roll","Backstab","Night Terror"],"picked":"SKIP","floor":44},{"not_picked":["Outmaneuver+1","Acrobatics","Infinite Blades"],"picked":"SKIP","floor":46},{"not_picked":["Deflect","Dodge and Roll"],"picked":"Blade Dance+1","floor":47},{"not_picked":["Slice+1","Dagger Spray+1","Underhanded Strike"],"picked":"SKIP","floor":48}],"player_experience":1476202,"relics_obtained":[{"floor":9.0,"key":"Ninja Scroll"},{"floor":13.0,"key":"Potion Belt"},{"floor":23.0,"key":"Paper Crane"},{"floor":27.0,"key":"Tingsha"},{"floor":31.0,"key":"MawBank"},{"floor":40,"key":"Nunchaku"},{"floor":43,"key":"Happy Flower"},{"floor":44,"key":"Omamori"}],"event_choices":[{"damage_healed":0.0,"max_hp_gain":0.0,"max_hp_loss":0.0,"gold_gain":0.0,"event_name":"Liars Game","player_choice":"Ignored","floor":5.0,"gold_loss":0.0,"damage_taken":0.0},{"damage_healed":0.0,"max_hp_gain":0.0,"max_hp_loss":0.0,"gold_gain":0.0,"event_name":"Scrap Ooze","player_choice":"Success","floor":8.0,"gold_loss":0.0,"damage_taken":45.0,"relics_obtained":["Dead Branch"]},{"damage_healed":0.0,"max_hp_gain":0.0,"max_hp_loss":0.0,"gold_gain":0.0,"event_name":"Cursed Tome","player_choice":"Ignored","floor":19.0,"gold_loss":0.0,"damage_taken":0.0},{"damage_healed":0.0,"max_hp_gain":0.0,"max_hp_loss":0.0,"gold_gain":0.0,"event_name":"Vampires","player_choice":"Ignored","floor":21.0,"gold_loss":0.0,"damage_taken":0.0},{"damage_healed":0.0,"max_hp_gain":0.0,"max_hp_loss":0.0,"gold_gain":0.0,"event_name":"Match and Keep!","player_choice":"0 cards matched","floor":30.0,"gold_loss":0.0,"damage_taken":0.0,"cards_obtained":[]},{"damage_healed":0,"gold_gain":0,"player_choice":"Upgraded","damage_taken":0,"max_hp_gain":0,"max_hp_loss":0,"event_name":"Upgrade Shrine","floor":42,"gold_loss":0,"cards_upgraded":["Accuracy"]}],"is_beta":false,"boss_relics":[{"not_picked":["Empty Cage","Tiny House"],"picked":"Ectoplasm"},{"not_picked":["Pandora\u0027s Box","Runic Dome"],"picked":"WristBlade"}],"items_purged_floors":[14],"is_endless":false,"potions_floor_spawned":[4,7,12,13,16,18,20,31,38,44,47,48],"killed_by":"Awakened One","ascension_level":20}}