{"host":"c6u7e77myxvw4d0m","time":1612869774,"event":{"mods":["AchievementEnabler","BaseMod","Bestiary","Colored Map","Colored Powertips","Minty Spire (QoL Compilation)","Rare Cards Sparkle","Relic Stats","everything is the same but u backflip on backflip"],"gold_per_floor":[119,130,130,150,166,166,166],"floor_reached":6,"language":"ENG","playtime":390,"items_purged":[],"score":76,"play_id":"e00ca23e-f0f5-46ad-b342-cd91be16da22","local_time":"20210209132254","is_ascension_mode":true,"campfire_choices":[],"circlet_count":0,"master_deck":["AscendersBane","Strike_G","Strike_G","Strike_G","Strike_G","Defend_G","Defend_G","Defend_G","Defend_G","Defend_G","Survivor","Neutralize","Cloak And Dagger","Flying Knee","Dagger Spray","Cloak And Dagger","Footwork","Poisoned Stab"],"relics":["Ring of the Snake"],"acts_visited":["Exordium"],"potions_floor_usage":[6],"damage_taken":[{"damage":1,"enemies":"Jaw Worm","floor":1,"turns":5},{"damage":3,"enemies":"Small Slimes","floor":2,"turns":4},{"damage":0,"enemies":"Cultist","floor":4,"turns":3},{"damage":3,"enemies":"Looter","floor":5,"turns":4},{"damage":54,"enemies":"Lagavulin","floor":6,"turns":10}],"seed_played":"-7926424748376580116","potions_obtained":[{"floor":5,"key":"SneckoOil"}],"is_trial":false,"path_per_floor":["M","M","?","M","M","E"],"character_chosen":"THE_SILENT","items_purchased":[],"campfire_rested":0,"item_purchase_floors":[],"current_hp_per_floor":[58,55,55,55,52,0,0],"gold":166,"neow_bonus":"THREE_CARDS","is_daily":false,"chose_seed":false,"campfire_upgraded":0,"win_rate":0.0,"timestamp":1612869774,"path_taken":["M","M","?","M","M","E"],"items_purchased_type":[],"build_version":"2020-12-22","purchased_purges":0,"victory":false,"max_hp_per_floor":[66,66,66,66,66,66,66],"relic_stats":{"counters":[5,26],"obtain_stats":[{"Ring of the Snake":0},{"Ring of the Snake":0},{"Ring of the Snake":0}],"Ring of the Snake":[10]},"card_choices":[{"not_picked":["Terror","Prepared"],"picked":"Cloak And Dagger","floor":0},{"not_picked":["Acrobatics","Underhanded Strike"],"picked":"Flying Knee","floor":1},{"not_picked":["Prepared","Deflect"],"picked":"Dagger Spray","floor":2},{"not_picked":["Catalyst","Poisoned Stab"],"picked":"Footwork","floor":4},{"not_picked":["Prepared","Grand Finale"],"picked":"Poisoned Stab","floor":5}],"player_experience":747266,"relics_obtained":[],"event_choices":[{"damage_healed":0,"gold_gain":0,"cards_transformed":["Strike_G"],"player_choice":"Change","damage_taken":0,"max_hp_gain":0,"max_hp_loss":0,"event_name":"Living Wall","floor":3,"gold_loss":0,"cards_obtained":["Cloak And Dagger"]}],"is_beta":false,"boss_relics":[],"items_purged_floors":[],"is_endless":false,"potions_floor_spawned":[5],"killed_by":"Lagavulin","ascension_level":20}}