{"host":"rn4c402gwd40h2z6","time":1612878044,"event":{"mods":["A Penny For Your Troubles","Act Like it!","Arknights","Ascension Unlocker","Aspiration","Astrologer","Bard","BaseMod","CapriCore","Card Forge","Challenge The Spire","Crowbot","DNKmod","Data Control","Friendly Minions","Good Game Mod","Gremlin Mod","Hallownest","Hermit","HornydragonMod","Infinite Spire","Mad Scientist","Mari Mod (Legacy)","Mari\u0027s V1 Patch","Marisa（F雨　魔理沙）","Mimic Mod","Minty Spire (QoL Compilation)","Monster B Gone","Pale of the Ancients","Permanent Neow","Quick Restart","Random Character Button","Remilia（蕾米莉亚）","Robot Space Explorer","RumiaBox-露米娅的神秘盒子","SOS（斯巴达之子）","Slay the StarCraft II Mod","Spicy Shops","StSLib","The Blackbeard","The Bug Knight","The Cursed","The Dragon Tamer","The Forsaken","The Gatherer","The Hierophant","The Invoker Mod","The IronCluck","The Mystic","The Poker Player","The Runesmith","The Servant 0.9.4","The Showman","TheWitcherMod","Warlord Emblem","[Fun]BeWhatYouAte","[IsaacMod]以撒尖塔","[LAZYMAN]RSMod","noobMod","slay the spire mod where everything is the same but ironclad has a cowboy hat","【功能Mod】混沌之环修复补丁","【功能Mod】精心准备","【遗物Mod】死灵法师NEW","残留之物"],"gold_per_floor":[149,149,164,175,63,63,87,106,106,106,106,31,31,43,43,118,118,123,133,136,72,72,72,57,57,74,73,91,91,91,101,101,138,138,139,139,159,134,134,134,170,245,314,291,471,471,491,501,501,456,452,452,452,180,168,133],"floor_reached":57,"language":"ZHS","playtime":6417,"items_purged":["Pain"],"score":3000,"play_id":"76c6a6bd-1b5a-4b73-a83d-d061a0d684fe","local_time":"20210209214044","is_ascension_mode":true,"campfire_choices":[{"floor":6,"key":"RECALL"},{"data":"MariMod:Mari_Lie_In_Wait","floor":11,"key":"SMITH"},{"data":"MariMod:Mari_Lie_In_Wait","floor":15,"key":"SMITH"},{"data":"MariMod:Mari_Shining_Tornado","floor":23,"key":"SMITH"},{"data":"MariMod:Mari_Higher_Ups","floor":25,"key":"SMITH"},{"data":"MariMod:Mari_Flawless_Form","floor":32,"key":"SMITH"},{"data":"MariMod:Mari_Lie_In_Wait","floor":40,"key":"SMITH"},{"data":"MariMod:Mari_Higher_Ups","floor":46,"key":"SMITH"},{"data":"MariMod:Mari_The_HELICOPTER","floor":49,"key":"SMITH"},{"data":"MariMod:Mari_Higher_Ups","floor":53,"key":"SMITH"}],"circlet_count":0,"master_deck":["AscendersBane","ats:Wolf Pack","MariMod:Mari_Lie_In_Wait+1","MariMod:Mari_Heavy_Price","MariMod:Mari_Higher_Ups+1","MariMod:Mari_Flawless_Form+1","MariMod:Mari_Higher_Ups+1","MariMod:Mari_Shining_Tornado+1","MariMod:Mari_Lets_Go","MariMod:Mari_Lie_In_Wait+1","infinitespire:Punishment","infinitespire:Collect","MariMod:Mari_Lets_Go","PokerPlayerMod:ClubStrike","MariMod:Mari_Approved","MariMod:Mari_Heavy_Price","dwlrmod:Swindle","MariMod:Mari_Higher_Ups+1","MariMod:Mari_The_HELICOPTER+1"],"relics":["MariMod:MariTheSpark","Hammer of Thor","Seething Fire","Anvil of the Gods","HushsDoor","REME:ComplimentaryCards","ice","DeathBook","aspiration:Nostalgia","ats:Sanity","dwlrmod:ProjectRecorder","Baka2","AntiCross","ats:Originium","Mummified Hand","Potion Belt","MagicMushroom","SumBook","Ginger","REME:ComplimentaryCards","Oddly Smooth Stone","MutagenicStrength","aspiration:MobileForge","GuppysTail","Turnip","GodSword4","Letter Opener","dwlrmod:NightmareFuel","Old Coin","CatCart","MagicDraw3","SumUndead"],"acts_visited":["Exordium","TheCity","TheBeyond","TheEnding"],"potions_floor_usage":[],"damage_taken":[{"damage":8,"enemies":"ats:Genji","floor":1,"turns":3},{"damage":4,"enemies":"Jaw Worm","floor":3,"turns":3},{"damage":0,"enemies":"Cultist","floor":4,"turns":4},{"damage":36,"enemies":"3 Sentries","floor":7,"turns":5},{"damage":2,"enemies":"3 Louse","floor":8,"turns":2},{"damage":1,"enemies":"Lots of Slimes","floor":14,"turns":3},{"damage":27,"enemies":"The Guardian","floor":16,"turns":7},{"damage":0,"enemies":"3 Byrds","floor":18,"turns":1},{"damage":21,"enemies":"Shell Parasite","floor":19,"turns":2},{"damage":0,"enemies":"Snecko","floor":20,"turns":2},{"damage":5,"enemies":"Nightmare","floor":24,"turns":2},{"damage":0,"enemies":"Sentry and Sphere","floor":26,"turns":2},{"damage":14,"enemies":"HollowMod:Nosk","floor":27,"turns":3},{"damage":14,"enemies":"Sentry and Sphere","floor":28,"turns":2},{"damage":1,"enemies":"Chosen and Byrds","floor":31,"turns":3},{"damage":1,"enemies":"Automaton","floor":33,"turns":5},{"damage":0,"enemies":"3 Darklings","floor":35,"turns":2},{"damage":14,"enemies":"3 Shapes","floor":37,"turns":2},{"damage":72,"enemies":"Transient","floor":38,"turns":6},{"damage":83,"enemies":"Reptomancer","floor":41,"turns":3},{"damage":0,"enemies":"Spire Growth","floor":44,"turns":1},{"damage":49,"enemies":"Spire Growth","floor":45,"turns":12},{"damage":12,"enemies":"Writhing Mass","floor":47,"turns":1},{"damage":9,"enemies":"Orin","floor":48,"turns":2},{"damage":49,"enemies":"infinitespire:MassOfShapes","floor":50,"turns":1},{"damage":12,"enemies":"Donu and Deca","floor":51,"turns":1},{"damage":9,"enemies":"Shield and Spear","floor":55,"turns":1},{"damage":565,"enemies":"Delirium","floor":56,"turns":4}],"seed_played":"-5659625405772162740","potions_obtained":[{"floor":8,"key":"Swift Potion"},{"floor":14,"key":"Strength Potion"},{"floor":16,"key":"Dexterity Potion"},{"floor":20,"key":"Weak Potion"}],"is_trial":false,"path_per_floor":["M","?","M","M","$","R","E","M","T","?","R","$","$","M","R","B",null,"M","M","M","?","AVR","R","NM","R","MIM","E","M","$","?","M","R","B",null,"M","?","M","M","$","R","E","T","T","M","E","R","M","?","R","B","B",null,"R","$","E","B",null],"character_chosen":"MARI","items_purchased":["AntiCross","GuppysTail","MagicDraw3"],"campfire_rested":0,"item_purchase_floors":[5,34,54],"current_hp_per_floor":[53,46,42,42,42,42,6,4,4,68,68,68,68,67,67,40,79,79,64,65,85,85,85,81,81,65,52,51,51,51,51,51,51,86,87,87,74,3,3,3,113,113,113,113,86,86,94,121,121,129,169,186,186,186,191,306],"gold":133,"neow_bonus":"NOSTALGIA","is_daily":false,"chose_seed":false,"campfire_upgraded":9,"win_rate":0.0,"timestamp":1612878044,"path_taken":["M","?","M","M","$","R","E","M","T","?","R","?","$","?","R","BOSS","M","M","M","?","AVR","R","NM","R","MIM","E","M","?","?","?","R","BOSS","M","?","M","M","$","R","E","?","T","M","E","R","?","?","R","BOSS","BOSS","R","$","E","BOSS"],"items_purchased_type":["Relic","Relic","Relic"],"build_version":"2020-12-22","purchased_purges":1,"victory":true,"max_hp_per_floor":[68,68,68,68,68,68,68,68,68,68,68,68,68,71,71,83,90,90,91,91,91,91,91,91,91,101,102,103,103,103,103,103,107,97,98,98,102,107,107,107,113,113,113,113,126,126,126,126,126,191,191,191,191,191,191,1245],"card_choices":[{"not_picked":[],"picked":"ChaosCard","floor":0},{"not_picked":["MariMod:Mari_Dolphin_Strike","MariMod:Mari_Delicacy"],"picked":"MariMod:Mari_Lie_In_Wait","floor":1},{"not_picked":["dwlrmod:WickedWhispers","dwlrmod:CroneBrewess"],"picked":"dwlrmod:PowerOverwhelming","floor":3},{"not_picked":["MariMod:Mari_Old_Costume","MariMod:Mari_Well_Kept_Secret"],"picked":"MariMod:Mari_Heavy_Price","floor":3},{"not_picked":["MariMod:Mari_Tough_Front","MariMod:Mari_Fragile_Hope"],"picked":"MariMod:Mari_Golden_Glint","floor":4},{"not_picked":["MariMod:Mari_No_Problem","MariMod:Mari_Lets_Go"],"picked":"MariMod:Mari_Devilish_Assistant","floor":7},{"not_picked":["MariMod:Mari_Tough_Front","MariMod:Mari_Closure"],"picked":"MariMod:Mari_Lie_In_Wait","floor":8},{"not_picked":["MariMod:Mari_Expenses","MariMod:Mari_Lie_In_Wait"],"picked":"MariMod:Mari_Reckless_Driving","floor":14},{"not_picked":["MariMod:Mari_Dolphin_Strike+1","MariMod:Mari_Expensive_Tastes"],"picked":"MariMod:Mari_Lets_Go","floor":18},{"not_picked":["MariMod:Mari_Tough_Front+1","MariMod:Mari_Reckless_Spending+1"],"picked":"MariMod:Mari_Heavy_Price","floor":19},{"not_picked":["MariMod:Mari_The_HELICOPTER","MariMod:Mari_The_Planisphere"],"picked":"MariMod:Mari_Lie_In_Wait","floor":20},{"not_picked":["MariMod:Mari_Research","MariMod:Mari_Choreography","MariMod:Mari_Mic_Check"],"picked":"SKIP","floor":20},{"not_picked":["MariMod:Mari_Research","MariMod:Mari_Choreography","MariMod:Mari_Mic_Check"],"picked":"SKIP","floor":20},{"not_picked":["infinitespire:SealOfDarkness+","infinitespire:Execution"],"picked":"infinitespire:UltimateForm","floor":24},{"not_picked":["MariMod:Mari_Cash_Back","MariMod:Mari_Choreography","MariMod:Mari_Awe"],"picked":"SKIP","floor":24},{"not_picked":["MariMod:Mari_Old_Costume+1","MariMod:Mari_Mic_Check","MariMod:Mari_Dolphin_Strike"],"picked":"SKIP","floor":24},{"not_picked":["MariMod:Mari_Fragile_Hope","MariMod:Mari_Dolphin_Strike"],"picked":"MariMod:Mari_Lets_Go","floor":26},{"not_picked":["MariMod:Mari_No_Problem","MariMod:Mari_Pretty_Bomber_Head","MariMod:Mari_Glimmer"],"picked":"SKIP","floor":27},{"not_picked":["MariMod:Mari_The_HELICOPTER","MariMod:Mari_Reckless_Driving","MariMod:Mari_Fire_Strike"],"picked":"SKIP","floor":27},{"not_picked":["MariMod:Mari_No_Problem","MariMod:Mari_Pretty_Bomber_Head","MariMod:Mari_Glimmer"],"picked":"SKIP","floor":27},{"not_picked":["MariMod:Mari_The_HELICOPTER","MariMod:Mari_Reckless_Driving","MariMod:Mari_Fire_Strike"],"picked":"SKIP","floor":27},{"not_picked":["MariMod:Mari_Expensive_Tastes","MariMod:Mari_Reckless_Driving+1","MariMod:Mari_Reckless_Spending"],"picked":"SKIP","floor":28},{"not_picked":["MariMod:Mari_Glow","MariMod:Mari_Well_Kept_Secret"],"picked":"MariMod:Mari_Heavy_Price","floor":31},{"not_picked":["MariMod:Mari_Withdrawal","MariMod:Mari_zzz","MariMod:Mari_Hug"],"picked":"SKIP","floor":31},{"not_picked":["dwlrmod:EnhancingPotionDurian","dwlrmod:TheArena+1","dwlrmod:CroneWhispess"],"picked":"dwlrmod:Swindle","floor":33},{"not_picked":["MariMod:Mari_Its_Joke+1","MariMod:Mari_The_FLYING_CAR","MariMod:Mari_Closure"],"picked":"SKIP","floor":35},{"not_picked":["MariMod:Mari_Tea_Time","MariMod:Mari_Defiance","MariMod:Mari_Dolphin_Strike+1"],"picked":"SKIP","floor":37},{"not_picked":["MariMod:Mari_The_HELICOPTER","MariMod:Mari_The_Light_We_Chase","MariMod:Mari_Emotional_Episode"],"picked":"SKIP","floor":38},{"not_picked":["MariMod:Mari_The_Planisphere","MariMod:Mari_Old_Costume+1","MariMod:Mari_Closure"],"picked":"SKIP","floor":38},{"not_picked":["MariMod:Mari_Pent_Up_Emotions","MariMod:Mari_Reckless_Spending+1"],"picked":"MariMod:Mari_Higher_Ups","floor":41},{"not_picked":["MariMod:Mari_Approved","MariMod:Mari_Shut_Up","MariMod:Mari_Glimmer"],"picked":"SKIP","floor":44},{"not_picked":["MariMod:Mari_Unveiled_Secret","MariMod:Mari_Limelight","MariMod:Mari_Choreography+1"],"picked":"SKIP","floor":44},{"not_picked":["MariMod:Mari_Hug","MariMod:Mari_Practice_Outfit","MariMod:Mari_Research"],"picked":"SKIP","floor":45},{"not_picked":["MariMod:Mari_Pent_Up_Emotions","MariMod:Mari_Research","MariMod:Mari_Tea_Time"],"picked":"SKIP","floor":45},{"not_picked":["MariMod:Mari_Sparkle","MariMod:Mari_Glow","MariMod:Mari_Defiance"],"picked":"SKIP","floor":47},{"not_picked":["MariMod:Mari_Second_Season","MariMod:Mari_Delicacy"],"picked":"MariMod:Mari_The_HELICOPTER","floor":48},{"not_picked":["MariMod:Mari_Pretty_Bomber_Head","MariMod:Mari_Second_Season","MariMod:Mari_The_Light_We_Chase"],"picked":"SKIP","floor":55},{"not_picked":["MariMod:Mari_Character_Development","MariMod:Mari_No_Problem","MariMod:Mari_Kyu"],"picked":"SKIP","floor":55},{"not_picked":["MariMod:Mari_Its_Joke","MariMod:Mari_Dolphin_Strike+1","MariMod:Mari_Defiance+1"],"picked":"SKIP","floor":55}],"player_experience":90568,"relics_obtained":[{"floor":1,"key":"dwlrmod:ProjectRecorder"},{"floor":1,"key":"Baka"},{"floor":3,"key":"Baka2"},{"floor":7,"key":"ats:Originium"},{"floor":7,"key":"Mummified Hand"},{"floor":18,"key":"SumBook"},{"floor":24,"key":"ats:Originium"},{"floor":24,"key":"Ginger"},{"floor":27,"key":"REME:ComplimentaryCards"},{"floor":27,"key":"ats:Originium"},{"floor":27,"key":"Oddly Smooth Stone"},{"floor":41,"key":"ats:Originium"},{"floor":41,"key":"Turnip"},{"floor":42,"key":"GodSword4"},{"floor":43,"key":"Letter Opener"},{"floor":45,"key":"dwlrmod:NightmareFuel"},{"floor":45,"key":"Old Coin"},{"floor":48,"key":"CatCart"},{"floor":55,"key":"SumUndead"}],"event_choices":[{"cards_removed":["MariMod:Mari_Defend"],"damage_healed":0,"gold_gain":0,"player_choice":"Card Removal","damage_taken":7,"max_hp_gain":0,"max_hp_loss":0,"event_name":"Golden Wing","floor":2,"gold_loss":0},{"damage_healed":0,"gold_gain":0,"player_choice":"Inject Mutagens","damage_taken":0,"relics_obtained":["MutagenicStrength"],"max_hp_gain":0,"max_hp_loss":0,"event_name":"Drug Dealer","floor":30,"gold_loss":0},{"cards_removed":["MariMod:Mari_Heavy_Price"],"damage_healed":0,"gold_gain":0,"player_choice":"Removed Attack","damage_taken":0,"max_hp_gain":0,"max_hp_loss":0,"event_name":"Falling","floor":36,"gold_loss":0},{"damage_healed":0,"gold_gain":0,"player_choice":"Fight","damage_taken":0,"max_hp_gain":0,"max_hp_loss":0,"event_name":"OrinTheCat","floor":48,"gold_loss":0}],"is_beta":false,"boss_relics":[{"not_picked":["Sozu","Empty Cage"],"picked":"MagicMushroom"},{"not_picked":[]},{"not_picked":["PlaceholderMod:LiveLive","SlaversCollar"],"picked":"aspiration:MobileForge"},{"not_picked":[]}],"items_purged_floors":[12],"is_endless":false,"potions_floor_spawned":[8,14,16,20,24,27,31,37,44,45],"ascension_level":20}}