{"host":"2g68u5ewu4bp0ui7","time":1612890166,"event":{"mods":["AchievementEnabler","BaseMod","Best Route Mod","Bestiary","Block Reminder","Colored Map","Colored Powertips","Highlight Path","Minty Spire (QoL Compilation)","Quick Restart","Shop Mod","SuperFastMode","everything is the same but u backflip on backflip","slay the spire mod where everything is the same but ironclad has a cowboy hat"],"gold_per_floor":[111,124,124,14,27,27,56,66,66,66,31,31,31,31,31,126,126,143,117,136,36,47,47,67,17,41,41,41,41],"floor_reached":28,"language":"ENG","playtime":675,"items_purged":["Strike_R"],"score":218,"play_id":"2f91ab4b-fe91-45d0-a1a3-cf26fb73e8b8","local_time":"20210209190246","is_ascension_mode":false,"campfire_choices":[{"data":"Inflame","floor":6,"key":"SMITH"},{"floor":12,"key":"REST"},{"data":"Limit Break","floor":15,"key":"SMITH"},{"floor":23,"key":"REST"},{"floor":27,"key":"REST"}],"circlet_count":0,"master_deck":["Strike_R","Defend_R","Defend_R","Defend_R","Defend_R","Bash","Limit Break+1","Inflame+1","Spot Weakness","Iron Wave","Flame Barrier"],"relics":["Burning Blood","Potion Belt","Dream Catcher","Empty Cage","Happy Flower"],"acts_visited":["Exordium","TheCity"],"potions_floor_usage":[7,8,16,20,21,24,25],"damage_taken":[{"damage":5,"enemies":"Jaw Worm","floor":1,"turns":5},{"damage":7,"enemies":"Small Slimes","floor":2,"turns":4},{"damage":2,"enemies":"2 Louse","floor":5,"turns":4},{"damage":55,"enemies":"Lagavulin","floor":7,"turns":9},{"damage":40,"enemies":"Exordium Thugs","floor":8,"turns":8},{"damage":59,"enemies":"The Guardian","floor":16,"turns":10},{"damage":37,"enemies":"Spheric Guardian","floor":18,"turns":6},{"damage":33,"enemies":"2 Thieves","floor":19,"turns":5},{"damage":17,"enemies":"Snake Plant","floor":20,"turns":4},{"damage":15,"enemies":"Snecko","floor":22,"turns":6},{"damage":37,"enemies":"Centurion and Healer","floor":24,"turns":8},{"damage":64,"enemies":"Cultist and Chosen","floor":28,"turns":8}],"seed_played":"-4902474960081391449","potions_obtained":[{"floor":1,"key":"Regen Potion"},{"floor":7,"key":"Fruit Juice"},{"floor":8,"key":"LiquidBronze"},{"floor":16,"key":"SpeedPotion"},{"floor":18,"key":"FearPotion"},{"floor":22,"key":"ColorlessPotion"}],"is_trial":false,"path_per_floor":["M","M","?","$","M","R","E","M","T","$","?","R","$","?","R","B",null,"M","M","M","$","M","R","M","$","T","R","M"],"character_chosen":"IRONCLAD","items_purchased":["Inflame","BloodPotion","Strength Potion","BloodPotion"],"campfire_rested":3,"item_purchase_floors":[4,21,21,25],"current_hp_per_floor":[80,79,79,79,80,80,36,17,17,17,38,63,63,63,63,10,85,54,27,16,33,24,49,18,35,35,60,0,0],"gold":41,"neow_bonus":"ONE_RANDOM_RARE_CARD","is_daily":false,"chose_seed":false,"campfire_upgraded":2,"win_rate":0.0,"timestamp":1612890166,"path_taken":["M","M","?","$","M","R","E","M","T","$","?","R","$","?","R","BOSS","M","M","M","$","M","R","M","$","T","R","M"],"items_purchased_type":["Card","Potion","Potion","Potion"],"build_version":"2020-12-22","purchased_purges":1,"victory":false,"max_hp_per_floor":[80,80,80,80,80,80,85,85,85,85,85,85,85,85,85,85,85,85,85,85,85,85,85,85,85,85,85,85,85],"card_choices":[{"not_picked":["Ghostly Armor","Twin Strike","Seeing Red"],"picked":"SKIP","floor":1},{"not_picked":["Blood for Blood","Twin Strike","Headbutt"],"picked":"SKIP","floor":2},{"not_picked":["Combust","True Grit","Clothesline"],"picked":"SKIP","floor":5},{"not_picked":["Rupture","Sever Soul","Intimidate"],"picked":"SKIP","floor":7},{"not_picked":["Fiend Fire","Shrug It Off"],"picked":"Spot Weakness","floor":8},{"not_picked":["Hemokinesis","Combust"],"picked":"Iron Wave","floor":12},{"not_picked":["Clash","Thunderclap","Perfected Strike"],"picked":"SKIP","floor":18},{"not_picked":["Evolve","Havoc","Headbutt"],"picked":"SKIP","floor":19},{"not_picked":["Dual Wield+1","Twin Strike","Sword Boomerang"],"picked":"SKIP","floor":20},{"not_picked":["Warcry","Immolate"],"picked":"Flame Barrier","floor":22},{"not_picked":["Flame Barrier","Pummel","Rupture"],"picked":"SKIP","floor":24}],"player_experience":82529,"relics_obtained":[{"floor":7,"key":"Potion Belt"},{"floor":9,"key":"Dream Catcher"},{"floor":26,"key":"Happy Flower"}],"event_choices":[{"cards_removed":["Strike_R"],"damage_healed":0,"gold_gain":0,"player_choice":"Forget","damage_taken":0,"max_hp_gain":0,"max_hp_loss":0,"event_name":"Living Wall","floor":3,"gold_loss":0},{"damage_healed":21,"gold_gain":0,"player_choice":"Healed","damage_taken":0,"max_hp_gain":0,"max_hp_loss":0,"event_name":"The Cleric","floor":11,"gold_loss":35},{"damage_healed":0,"gold_gain":0,"player_choice":"Ignored","damage_taken":0,"max_hp_gain":0,"max_hp_loss":0,"event_name":"Golden Idol","floor":14,"gold_loss":0}],"is_beta":false,"boss_relics":[{"not_picked":["Runic Cube","Pandora\u0027s Box"],"picked":"Empty Cage"}],"items_purged_floors":[4],"is_endless":false,"potions_floor_spawned":[1,7,8,16,18,22],"killed_by":"Cultist and Chosen","ascension_level":0}}