{"host":"7gd7wzntdunlhduv","time":1612908987,"event":{"mods":["Aspiration","BaseMod","BetterRewards","Colored Powertips","Conspire","DeckTracker","Halation","Hubris","Minty Spire (QoL Compilation)","Quick Restart","StSLib","SuperFastMode","Trackpad"],"gold_per_floor":[113,45,61,81,96,122,132,132,132,60,78,109,109,139,139,242,242,259,274,274,274,373,400,400,427,481,481,481],"floor_reached":27,"language":"ENG","playtime":624,"items_purged":[],"score":298,"play_id":"9b569494-fe9a-4546-9ca1-3d5608a2e8cb","local_time":"20210209221627","is_ascension_mode":true,"campfire_choices":[{"floor":8,"key":"REST"},{"floor":13,"key":"REST"},{"floor":15,"key":"REST"},{"floor":24,"key":"REST"}],"circlet_count":1,"master_deck":["Strike_B","Strike_B","Strike_B","Strike_B","Defend_B","Defend_B","Defend_B","Defend_B","Zap","Dualcast","Leap","Tempest","hubris:PowerSurge","Self Repair","Static Discharge","Ball Lightning","Cold Snap","Defragment","Coolheaded","Chill","Multi-Cast","Streamline","aspiration:Polymerization+1","Genetic Algorithm","Streamline+1","conspire:SharedLibrary+1"],"relics":["Cracked Core","conspire:TopHat","Circlet","Blood Vial","trackpad:IceCube","conspire:SpecialSausage","Mummified Hand","Letter Opener","Frozen Egg 2","trackpad:PetRock"],"acts_visited":["TheCity"],"potions_floor_usage":[6,6,14,16,25],"damage_taken":[{"damage":7,"enemies":"Small Slimes","floor":1,"turns":4},{"damage":8,"enemies":"2 Louse","floor":3,"turns":2},{"damage":0,"enemies":"Jaw Worm","floor":4,"turns":2},{"damage":8,"enemies":"Red Slaver","floor":5,"turns":3},{"damage":19,"enemies":"Gremlin Nob","floor":6,"turns":3},{"damage":6,"enemies":"2 Fungi Beasts","floor":7,"turns":2},{"damage":30,"enemies":"Exordium Wildlife","floor":11,"turns":3},{"damage":24,"enemies":"3 Sentries","floor":12,"turns":5},{"damage":31,"enemies":"Lagavulin","floor":14,"turns":4},{"damage":20,"enemies":"The Guardian","floor":16,"turns":10},{"damage":14,"enemies":"Shell Parasite","floor":18,"turns":3},{"damage":0,"enemies":"Chosen","floor":19,"turns":4},{"damage":39,"enemies":"Book of Stabbing","floor":23,"turns":5},{"damage":55,"enemies":"Slavers","floor":25,"turns":6},{"damage":26,"enemies":"Gremlin Leader","floor":27,"turns":2}],"seed_played":"7650714047152180404","potions_obtained":[{"floor":4,"key":"Explosive Potion"},{"floor":5,"key":"Explosive Potion"},{"floor":11,"key":"GamblersBrew"},{"floor":12,"key":"Energy Potion"},{"floor":14,"key":"SteroidPotion"},{"floor":23,"key":"Explosive Potion"}],"is_trial":false,"path_per_floor":["M","$","M","M","M","E","M","R","T","$","M","E","R","E","R","B",null,"M","M","?","?","?","E","R","E","T","E"],"character_chosen":"DEFECT","items_purchased":["Leap","hubris:PowerSurge","Defragment"],"campfire_rested":4,"item_purchase_floors":[0,2,10],"current_hp_per_floor":[68,68,60,60,59,47,48,70,70,70,47,30,52,30,52,41,75,61,70,70,70,70,40,62,16,16,0,0],"gold":481,"neow_bonus":"","is_daily":false,"chose_seed":false,"campfire_upgraded":0,"win_rate":0.0,"timestamp":1612908987,"path_taken":["M","$","M","M","M","E","M","R","T","$","M","E","R","E","R","BOSS","M","M","?","?","?","E","R","E","T","E"],"items_purchased_type":["Card","Card","Card"],"build_version":"2020-12-22","purchased_purges":0,"victory":false,"max_hp_per_floor":[75,75,75,75,75,75,75,75,75,75,75,75,75,75,75,75,75,75,75,75,75,75,75,75,75,75,75,75],"card_choices":[{"not_picked":["Capacitor","Conserve Battery"],"picked":"Tempest","floor":1},{"not_picked":["Steam","Beam Cell"],"picked":"Self Repair","floor":3},{"not_picked":["Steam Power","Gash"],"picked":"Static Discharge","floor":4},{"not_picked":["Recycle","Steam","Sunder"],"picked":"SKIP","floor":5},{"not_picked":["Hologram","Buffer"],"picked":"Ball Lightning","floor":6},{"not_picked":["Reinforced Body","White Noise"],"picked":"Cold Snap","floor":7},{"not_picked":["conspire:Rain","Compile Driver","Turbo"],"picked":"SKIP","floor":11},{"not_picked":["Beam Cell","Sweeping Beam"],"picked":"Coolheaded","floor":12},{"not_picked":["Recycle","Skim"],"picked":"Chill","floor":14},{"not_picked":["Reboot","Hyperbeam"],"picked":"Multi-Cast","floor":16},{"not_picked":["Beam Cell","Compile Driver"],"picked":"Streamline","floor":18},{"not_picked":["Conserve Battery","Rip and Tear"],"picked":"aspiration:Polymerization+1","floor":19},{"not_picked":["Sweeping Beam","Cold Snap"],"picked":"Streamline+1","floor":23},{"not_picked":["conspire:Rain","Meteor Strike"],"picked":"conspire:SharedLibrary+1","floor":25}],"player_experience":345247,"relics_obtained":[{"floor":6,"key":"conspire:TopHat"},{"floor":9,"key":"Circlet"},{"floor":12,"key":"Blood Vial"},{"floor":14,"key":"trackpad:IceCube"},{"floor":23,"key":"Letter Opener"},{"floor":25,"key":"Frozen Egg 2"},{"floor":26,"key":"trackpad:PetRock"}],"event_choices":[{"damage_healed":0,"gold_gain":0,"player_choice":"Opened","damage_taken":0,"relics_obtained":["Mummified Hand"],"max_hp_gain":0,"max_hp_loss":0,"event_name":"The Mausoleum","floor":20,"gold_loss":0},{"damage_healed":0,"gold_gain":0,"player_choice":"Read","damage_taken":0,"max_hp_gain":0,"max_hp_loss":0,"event_name":"The Library","floor":21,"gold_loss":0,"cards_obtained":["Genetic Algorithm"]},{"damage_healed":0,"gold_gain":99,"player_choice":"Stole From Cult","damage_taken":0,"max_hp_gain":0,"max_hp_loss":0,"event_name":"Nest","floor":22,"gold_loss":0}],"is_beta":false,"boss_relics":[{"not_picked":["Coffee Dripper","hubris:Stopwatch"],"picked":"conspire:SpecialSausage"}],"items_purged_floors":[],"is_endless":false,"potions_floor_spawned":[4,5,11,12,14,23],"killed_by":"Gremlin Leader","ascension_level":2}}