{"host":"2yqfi47fogfu1ic4","time":1612903045,"event":{"mods":["AchievementEnabler","BaseMod","Colored Map","Colored Powertips","Highlight Path","Minty Spire (QoL Compilation)","Permanent Neow","Relic Stats","StSLib"],"gold_per_floor":[111,128,128,145,159,191,191,191,191,203,203,245,245,285,285,387,414,441,441,464,464,464,507,535,580,580,505,548,243,261,136,136,240,240,268,268,268,342,365,365,412,412,491,539,66,66,115,147,147,147,147,147,147,22,65,65],"floor_reached":57,"language":"DEU","playtime":6741,"items_purged":["Strike_G+1","Poisoned Stab","Glass Knife","Decay"],"score":3249,"play_id":"9620539d-f2d3-45fa-8e5a-1726ecae5c56","local_time":"20210209213725","is_ascension_mode":true,"campfire_choices":[{"floor":7.0,"key":"REST"},{"data":"Bane","floor":11.0,"key":"SMITH"},{"data":"Malaise","floor":15.0,"key":"SMITH"},{"data":"Night Terror","floor":32.0,"key":"SMITH"},{"data":"Concentrate","floor":40.0,"key":"SMITH"},{"floor":46,"key":"RECALL"},{"data":"Apotheosis","floor":49,"key":"SMITH"},{"data":"Adrenaline","floor":53,"key":"SMITH"}],"circlet_count":0,"master_deck":["AscendersBane","Defend_G+1","Defend_G+1","Defend_G+1","Defend_G+1","Defend_G+1","Survivor","Neutralize","Escape Plan","Dagger Throw","Adrenaline","Malaise+1","Escape Plan+1","Tactician+1","Acrobatics+1","Reflex","Eviscerate","Tactician","Corpse Explosion","Concentrate+1","Footwork+1","Night Terror+1","Backflip","Reflex","After Image","A Thousand Cuts","Adrenaline+1","Backflip","Underhanded Strike","Calculated Gamble+1","Burst","Leg Sweep","Apotheosis+1","Eviscerate","PiercingWail","Eviscerate","Escape Plan+1","Reflex","Underhanded Strike","Eviscerate"],"relics":["Cursed Key","Art of War","CeramicFish","Golden Idol","Centennial Puzzle","Astrolabe","MealTicket","Incense Burner","Orrery","Philosopher\u0027s Stone","Thread and Needle","Blood Vial","Bronze Scales","Happy Flower","Ice Cream"],"acts_visited":["Exordium","TheCity","TheBeyond","TheEnding"],"potions_floor_usage":[56,56],"damage_taken":[{"damage":1.0,"enemies":"2 Louse","floor":1.0,"turns":4.0},{"damage":7.0,"enemies":"Small Slimes","floor":2.0,"turns":4.0},{"damage":0.0,"enemies":"Cultist","floor":4.0,"turns":4.0},{"damage":31.0,"enemies":"Exordium Thugs","floor":5.0,"turns":6.0},{"damage":12.0,"enemies":"Lagavulin","floor":6.0,"turns":7.0},{"damage":0.0,"enemies":"2 Fungi Beasts","floor":10.0,"turns":3.0},{"damage":6.0,"enemies":"Gremlin Nob","floor":12.0,"turns":3.0},{"damage":10.0,"enemies":"3 Sentries","floor":14.0,"turns":10.0},{"damage":14.0,"enemies":"The Guardian","floor":16.0,"turns":13.0},{"damage":8.0,"enemies":"Spheric Guardian","floor":18.0,"turns":4.0},{"damage":0.0,"enemies":"Shell Parasite","floor":20.0,"turns":3.0},{"damage":23.0,"enemies":"Slavers","floor":23.0,"turns":7.0},{"damage":8.0,"enemies":"Snake Plant","floor":24.0,"turns":4.0},{"damage":10.0,"enemies":"Book of Stabbing","floor":25.0,"turns":7.0},{"damage":11.0,"enemies":"Gremlin Leader","floor":28.0,"turns":8.0},{"damage":0.0,"enemies":"Champ","floor":33.0,"turns":20.0},{"damage":1.0,"enemies":"3 Darklings","floor":35.0,"turns":3.0},{"damage":0.0,"enemies":"2 Orb Walkers","floor":38.0,"turns":3.0},{"damage":0.0,"enemies":"3 Shapes","floor":39.0,"turns":3.0},{"damage":0,"enemies":"Reptomancer","floor":41,"turns":5},{"damage":0,"enemies":"Giant Head","floor":44,"turns":6},{"damage":0,"enemies":"Reptomancer","floor":47,"turns":7},{"damage":0,"enemies":"Jaw Worm Horde","floor":48,"turns":5},{"damage":0,"enemies":"Awakened One","floor":50,"turns":13},{"damage":35,"enemies":"Time Eater","floor":51,"turns":19},{"damage":27,"enemies":"Shield and Spear","floor":55,"turns":4},{"damage":7,"enemies":"The Heart","floor":56,"turns":11}],"seed_played":"1508933858960500488","potions_obtained":[{"floor":2.0,"key":"Dexterity Potion"},{"floor":5.0,"key":"SkillPotion"},{"floor":10.0,"key":"SmokeBomb"},{"floor":12.0,"key":"FairyPotion"},{"floor":23.0,"key":"SpeedPotion"},{"floor":25.0,"key":"Ancient Potion"},{"floor":28.0,"key":"DuplicationPotion"}],"is_trial":false,"path_per_floor":["M","M","?","M","M","E","R","?","T","M","R","E","?","E","R","B",null,"M","?","M","?","?","E","M","E","T","$","E","$","?","$","R","B",null,"M","?","T","?","M","R","E","?","T","E","$","R","E","M","R","B","B",null,"R","$","E","B",null],"character_chosen":"THE_SILENT","items_purchased":["Orrery","Reflex","Apotheosis","Eviscerate","PiercingWail","Reflex","Underhanded Strike"],"campfire_rested":1,"item_purchase_floors":[29,29,45,45,45,54,54],"current_hp_per_floor":[58,51,51,51,20,8,27,32,32,32,32,26,26,16,16,2,49,41,41,41,41,41,18,10,19,19,34,23,38,38,53,53,53,61,60,60,60,60,60,60,60,60,60,62,64,64,64,64,64,64,29,55,55,64,37,32],"gold":65,"neow_bonus":"BOSS_RELIC","is_daily":false,"chose_seed":false,"campfire_upgraded":6,"win_rate":0.0,"timestamp":1612903045,"path_taken":["M","M","?","M","M","E","R","?","T","M","R","E","?","E","R","BOSS","M","?","M","?","?","E","?","E","T","?","E","$","?","$","R","BOSS","M","?","?","?","M","R","E","?","T","E","$","R","E","M","R","BOSS","BOSS","R","$","E","BOSS"],"items_purchased_type":["Relic","Card","Card","Card","Card","Card","Card"],"build_version":"2020-12-22","purchased_purges":4,"victory":true,"max_hp_per_floor":[66,66,66,66,66,66,66,71,71,71,71,71,64,64,64,64,64,64,64,64,64,64,64,64,64,64,64,64,64,64,64,64,64,64,64,64,64,64,64,64,64,64,64,64,64,64,64,64,64,64,64,64,64,64,64,64],"relic_stats":{"Blood Vial":4,"Centennial Puzzle":[30],"Happy Flower":[17],"counters":[27,186],"Golden Idol":191,"CeramicFish":288,"Astrolabe":["Escape Plan","Tactician","Underhanded Strike"],"Bronze Scales":[384],"MealTicket":56,"Art of War":[23],"Cursed Key":1,"obtain_stats":[{"Ice Cream":55,"Happy Flower":47,"Golden Idol":13,"CeramicFish":12,"Astrolabe":17,"Thread and Needle":38,"Incense Burner":28,"Cursed Key":0,"Blood Vial":41,"Centennial Puzzle":14,"Bronze Scales":44,"Orrery":29,"MealTicket":25,"Philosopher\u0027s Stone":34,"Art of War":6,"Ring of the Snake":0},{"Ice Cream":26,"Happy Flower":22,"Golden Idol":7,"CeramicFish":7,"Astrolabe":9,"Thread and Needle":18,"Incense Burner":15,"Cursed Key":0,"Blood Vial":20,"Centennial Puzzle":8,"Bronze Scales":21,"Orrery":15,"MealTicket":14,"Philosopher\u0027s Stone":16,"Art of War":5,"Ring of the Snake":0},{"Ice Cream":175,"Happy Flower":134,"Golden Idol":31,"CeramicFish":31,"Astrolabe":54,"Thread and Needle":113,"Incense Burner":87,"Cursed Key":0,"Blood Vial":121,"Centennial Puzzle":41,"Bronze Scales":127,"Orrery":87,"MealTicket":79,"Philosopher\u0027s Stone":107,"Art of War":25,"Ring of the Snake":0}]},"card_choices":[{"not_picked":["Bane","Expertise"],"picked":"Poisoned Stab","floor":1.0},{"not_picked":["Deflect","Well Laid Plans"],"picked":"Escape Plan","floor":2.0},{"not_picked":["Flying Knee","Acrobatics"],"picked":"Poisoned Stab","floor":4.0},{"not_picked":["PiercingWail","Outmaneuver"],"picked":"Bane","floor":5.0},{"not_picked":["Endless Agony","Tactician"],"picked":"Dagger Throw","floor":6.0},{"not_picked":["Finisher","Masterful Stab"],"picked":"Adrenaline","floor":10.0},{"not_picked":["Riddle With Holes","Cloak And Dagger"],"picked":"Malaise","floor":12.0},{"not_picked":["Deflect","Choke","Quick Slash"],"picked":"SKIP","floor":14.0},{"not_picked":["Envenom","Doppelganger"],"picked":"Glass Knife","floor":16.0},{"not_picked":["Dagger Throw","Deflect"],"picked":"Acrobatics+1","floor":18.0},{"not_picked":["Endless Agony","Die Die Die"],"picked":"Reflex","floor":20.0},{"not_picked":["Bane","Sucker Punch"],"picked":"Eviscerate","floor":23.0},{"not_picked":["Prepared","Slice"],"picked":"Tactician","floor":24.0},{"not_picked":["Dodge and Roll","Flying Knee+1"],"picked":"Corpse Explosion","floor":25.0},{"not_picked":["Dagger Spray+1","Quick Slash"],"picked":"Concentrate","floor":28.0},{"not_picked":["Distraction","Accuracy+1"],"picked":"Footwork+1","floor":29.0},{"not_picked":["Accuracy","Distraction"],"picked":"Night Terror","floor":29.0},{"not_picked":["Blade Dance","Slice"],"picked":"Backflip","floor":29.0},{"not_picked":["Storm of Steel","Corpse Explosion"],"picked":"Adrenaline","floor":33.0},{"not_picked":["Masterful Stab+1","Slice+1"],"picked":"Backflip","floor":35.0},{"not_picked":["Blade Dance+1","Cloak And Dagger"],"picked":"Underhanded Strike","floor":38.0},{"not_picked":["Deflect","Blade Dance"],"picked":"Calculated Gamble+1","floor":39.0},{"not_picked":["Backflip+1","Deflect"],"picked":"Burst","floor":41},{"not_picked":["Dagger Spray","Quick Slash"],"picked":"Leg Sweep","floor":44},{"not_picked":["Slice+1","All Out Attack"],"picked":"Eviscerate","floor":47},{"not_picked":["Prepared","Dash"],"picked":"Escape Plan+1","floor":48},{"not_picked":["Bane","Prepared"],"picked":"Eviscerate","floor":55}],"player_experience":1732737,"relics_obtained":[{"floor":6.0,"key":"Art of War"},{"floor":12.0,"key":"CeramicFish"},{"floor":14.0,"key":"Centennial Puzzle"},{"floor":25.0,"key":"MealTicket"},{"floor":28.0,"key":"Incense Burner"},{"floor":38.0,"key":"Thread and Needle"},{"floor":41,"key":"Blood Vial"},{"floor":44,"key":"Bronze Scales"},{"floor":47,"key":"Happy Flower"},{"floor":55,"key":"Ice Cream"}],"event_choices":[{"damage_healed":0.0,"max_hp_gain":0.0,"max_hp_loss":0.0,"gold_gain":0.0,"event_name":"Liars Game","player_choice":"Ignored","floor":3.0,"gold_loss":0.0,"damage_taken":0.0},{"damage_healed":0.0,"max_hp_gain":5.0,"max_hp_loss":0.0,"gold_gain":0.0,"event_name":"Big Fish","player_choice":"Donut","floor":8.0,"gold_loss":0.0,"damage_taken":0.0},{"damage_healed":0.0,"max_hp_gain":0.0,"max_hp_loss":7.0,"gold_gain":0.0,"event_name":"Golden Idol","player_choice":"Lose Max HP","floor":13.0,"gold_loss":0.0,"damage_taken":0.0,"relics_obtained":["Golden Idol"]},{"damage_healed":0.0,"max_hp_gain":0.0,"max_hp_loss":0.0,"gold_gain":0.0,"event_name":"Back to Basics","player_choice":"Simplicity","floor":19.0,"gold_loss":0.0,"damage_taken":0.0,"cards_upgraded":["Strike_G","Strike_G","Defend_G","Defend_G","Defend_G","Defend_G","Defend_G"]},{"damage_healed":0.0,"max_hp_gain":0.0,"max_hp_loss":0.0,"gold_gain":0.0,"event_name":"Vampires","player_choice":"Ignored","floor":21.0,"gold_loss":0.0,"damage_taken":0.0},{"cards_removed":["Strike_G"],"damage_healed":0.0,"max_hp_gain":0.0,"max_hp_loss":0.0,"gold_gain":0.0,"event_name":"Purifier","player_choice":"Purged","floor":22.0,"gold_loss":0.0,"damage_taken":0.0},{"damage_healed":0.0,"max_hp_gain":0.0,"max_hp_loss":0.0,"gold_gain":0.0,"cards_transformed":["Poisoned Stab","Bane"],"event_name":"Drug Dealer","player_choice":"Became Test Subject","floor":30.0,"gold_loss":0.0,"damage_taken":0.0,"cards_obtained":["After Image","A Thousand Cuts"]},{"cards_removed":["Underhanded Strike"],"damage_healed":0.0,"max_hp_gain":0.0,"max_hp_loss":0.0,"gold_gain":0.0,"event_name":"Falling","player_choice":"Removed Attack","floor":36.0,"gold_loss":0.0,"damage_taken":0.0},{"damage_healed":0.0,"max_hp_gain":0.0,"max_hp_loss":0.0,"gold_gain":0.0,"event_name":"Mysterious Sphere","player_choice":"Fight","floor":38.0,"gold_loss":0.0,"damage_taken":0.0},{"damage_healed":0,"gold_gain":0,"player_choice":"Ignored","damage_taken":0,"max_hp_gain":0,"max_hp_loss":0,"event_name":"Tomb of Lord Red Mask","floor":42,"gold_loss":0}],"is_beta":false,"boss_relics":[{"not_picked":["WristBlade","Coffee Dripper"],"picked":"Astrolabe"},{"not_picked":["Snecko Eye","Velvet Choker"],"picked":"Philosopher\u0027s Stone"}],"items_purged_floors":[27,29,31,45],"is_endless":false,"potions_floor_spawned":[2,5,10,12,23,25,28,41,44],"ascension_level":20}}