{"host":"5m2js577gj4e7pak","time":1612867240,"event":{"mods":["AchievementEnabler","BaseMod","Better Match","BetterRewards","Colored Map","Colored Powertips","Googly Eyes","Highlight Path","Lobotomy","LobotomyExtend","Minty Spire (QoL Compilation)","Quick Restart","Relic Filter","StSLib"],"gold_per_floor":[118,133,308,308,308,377,377,377,377],"floor_reached":7,"language":"ENG","playtime":135,"items_purged":[],"score":43,"play_id":"3258fb92-56b2-45d9-849a-756ee8d40fbe","local_time":"20210209114040","is_ascension_mode":true,"campfire_choices":[],"circlet_count":0,"master_deck":["SpecialBullet","SpecialBullet","SpecialBullet","SpecialBullet","SpecialBullet","SpecialBullet","SpecialBullet","SpecialBullet","InformationCode","TrainingCode","SecurityCode","LongBird","Reverberation","Lamp+1","Doubt","PunishingBird","Penitence"],"relics":["CogitoBucket","NeowsBlessing","LetterFromLob","PreservedInsect","SsserpentHead"],"acts_visited":["Exordium"],"potions_floor_usage":[7],"damage_taken":[{"damage":0,"enemies":"Jaw Worm","floor":1,"turns":1},{"damage":0,"enemies":"Small Slimes","floor":1,"turns":1},{"damage":0,"enemies":"2 Louse","floor":5,"turns":1},{"damage":114,"enemies":"3 Sentries","floor":7,"turns":3}],"seed_played":"2365741276313902","potions_obtained":[{"floor":1,"key":"Fruit Juice"}],"is_trial":false,"path_per_floor":["M","?","M","?","?","?","M","R","E"],"character_chosen":"Angela","items_purchased":[],"campfire_rested":0,"item_purchase_floors":[],"current_hp_per_floor":[70,70,70,63,63,70,70,0,0],"gold":377,"neow_bonus":"THREE_ENEMY_KILL","is_daily":false,"chose_seed":false,"campfire_upgraded":0,"win_rate":0.0,"timestamp":1612867240,"path_taken":["M","?","M","?","?","?","?","R","E"],"items_purchased_type":[],"build_version":"2020-12-22","purchased_purges":0,"victory":false,"max_hp_per_floor":[70,70,70,70,70,70,70,75,75],"card_choices":[{"not_picked":["Murderer","OSAHOGD"],"picked":"LongBird","floor":1},{"not_picked":["RedEyes"],"picked":"Reverberation","floor":1},{"not_picked":["CUTE"],"picked":"Lamp","floor":1},{"not_picked":["Murderer","LaLuna"],"picked":"PunishingBird","floor":5},{"not_picked":["Regret_ego"],"picked":"Penitence","floor":5}],"player_experience":61225,"relics_obtained":[{"floor":1,"key":"LetterFromLob"},{"floor":1,"key":"LetterFromLob"}],"event_choices":[{"damage_healed":0,"gold_gain":175,"player_choice":"AGREE","damage_taken":0,"max_hp_gain":0,"max_hp_loss":0,"event_name":"Liars Game","floor":2,"gold_loss":0,"cards_obtained":["Doubt"]},{"damage_healed":0,"gold_gain":0,"player_choice":"Success","damage_taken":7,"relics_obtained":["PreservedInsect"],"max_hp_gain":0,"max_hp_loss":0,"event_name":"Scrap Ooze","floor":3,"gold_loss":0},{"damage_healed":0,"gold_gain":0,"player_choice":"Trade","damage_taken":0,"relics_obtained":["SsserpentHead"],"max_hp_gain":0,"max_hp_loss":0,"event_name":"FaceTrader","floor":4,"gold_loss":0}],"is_beta":false,"boss_relics":[],"items_purged_floors":[],"is_endless":false,"potions_floor_spawned":[1],"killed_by":"3 Sentries","ascension_level":1}}