{"host":"rmsq46plbpwfbxcc","time":1612888657,"event":{"mods":["AchievementEnabler","BaseMod","Colored Map","Colored Powertips","DeckTracker","KOR Keyword Fix","Minty Spire (QoL Compilation)","Permanent Neow","Quick Restart","SuperFastMode"],"gold_per_floor":[110,130,130,55,70,70,96,96,123,167,189,223,223,234,234,318,318,338,268,168,197,216,216,229,239,284,312,312,312,341,256,256,256,256],"floor_reached":33,"language":"KOR","playtime":1092,"items_purged":["Defend_G","Defend_G"],"score":531,"play_id":"22f58df7-c875-4164-884c-e63a7994a182","local_time":"20210210013737","is_ascension_mode":true,"campfire_choices":[{"data":"Neutralize","floor":6,"key":"SMITH"},{"data":"Blade Dance","floor":13,"key":"SMITH"},{"floor":15,"key":"REST"},{"data":"Cloak And Dagger","floor":23,"key":"SMITH"},{"data":"Terror","floor":28,"key":"SMITH"},{"floor":32,"key":"REST"}],"circlet_count":0,"master_deck":["AscendersBane","Strike_G","Strike_G","Defend_G","Defend_G","Survivor","Neutralize+1","Flying Knee+1","Tactician+1","Unload+1","Well Laid Plans","Backflip","Acrobatics","Burst","Blade Dance+1","Backstab","Adrenaline","Cloak And Dagger+1","PiercingWail","Terror+1"],"relics":["Astrolabe","Centennial Puzzle","Omamori","CeramicFish","Regal Pillow","Cursed Key","Snake Skull","Akabeko","Anchor","Mercury Hourglass","Darkstone Periapt"],"acts_visited":["Exordium","TheCity"],"potions_floor_usage":[10,10,21,22,27,33],"damage_taken":[{"damage":1.0,"enemies":"Small Slimes","floor":1.0,"turns":4.0},{"damage":9.0,"enemies":"Jaw Worm","floor":2.0,"turns":2.0},{"damage":0,"enemies":"Cultist","floor":5,"turns":2},{"damage":14,"enemies":"Gremlin Nob","floor":10,"turns":4},{"damage":0,"enemies":"Looter","floor":11,"turns":3},{"damage":22,"enemies":"3 Sentries","floor":12,"turns":7},{"damage":7,"enemies":"2 Fungi Beasts","floor":14,"turns":3},{"damage":10,"enemies":"Slime Boss","floor":16,"turns":8},{"damage":0,"enemies":"Chosen","floor":18,"turns":4},{"damage":0,"enemies":"Spheric Guardian","floor":21,"turns":3},{"damage":5,"enemies":"3 Cultists","floor":22,"turns":4},{"damage":15,"enemies":"Snake Plant","floor":24,"turns":4},{"damage":4,"enemies":"Centurion and Healer","floor":25,"turns":5},{"damage":19,"enemies":"Slavers","floor":27,"turns":7},{"damage":8,"enemies":"Book of Stabbing","floor":30,"turns":5},{"damage":39,"enemies":"Champ","floor":33,"turns":9}],"seed_played":"1190244391661013529","potions_obtained":[{"floor":1.0,"key":"ColorlessPotion"},{"floor":2.0,"key":"Poison Potion"},{"floor":11,"key":"Energy Potion"},{"floor":18,"key":"Explosive Potion"},{"floor":22,"key":"LiquidMemories"},{"floor":25,"key":"Weak Potion"},{"floor":30,"key":"GamblersBrew"}],"is_trial":false,"path_per_floor":["M","M","?","$","M","R","T","?","T","E","M","E","R","M","R","B",null,"M","?","$","M","M","R","M","M","T","E","R","?","E","?","R","B"],"character_chosen":"THE_SILENT","items_purchased":[],"campfire_rested":2,"item_purchase_floors":[],"current_hp_per_floor":[58,49,54,54,54,54,54,47,47,33,33,11,11,4,40,30,61,61,61,61,61,56,56,41,37,37,18,18,18,10,10,46,7,7],"gold":256,"neow_bonus":"BOSS_RELIC","is_daily":false,"chose_seed":false,"campfire_upgraded":4,"win_rate":0.0,"timestamp":1612888657,"path_taken":["M","M","?","$","M","R","?","?","T","E","M","E","R","M","R","BOSS","M","?","$","M","M","R","?","M","T","E","R","?","E","?","R","BOSS"],"items_purchased_type":[],"build_version":"2020-12-22","purchased_purges":2,"victory":false,"max_hp_per_floor":[66,66,71,71,71,71,71,71,71,71,71,71,71,71,71,71,71,71,71,71,71,71,71,71,71,71,71,71,71,71,71,71,71,71],"card_choices":[{"not_picked":["Dagger Throw","Flechettes"],"picked":"Well Laid Plans","floor":1.0},{"not_picked":["Dagger Spray","Poisoned Stab"],"picked":"Backflip","floor":2.0},{"not_picked":["Outmaneuver","Deflect"],"picked":"Acrobatics","floor":5},{"not_picked":["Backflip","Dash"],"picked":"Burst","floor":10},{"not_picked":["Blur","Deflect"],"picked":"Blade Dance","floor":11},{"not_picked":["Concentrate","Heel Hook"],"picked":"Backstab","floor":12},{"not_picked":["Reflex","Outmaneuver","Flying Knee"],"picked":"SKIP","floor":14},{"not_picked":["A Thousand Cuts","Malaise"],"picked":"Adrenaline","floor":16},{"not_picked":["Endless Agony","PiercingWail"],"picked":"Cloak And Dagger","floor":18},{"not_picked":["Prepared","Deadly Poison+1"],"picked":"PiercingWail","floor":21},{"not_picked":["Tactician+1","Dagger Spray"],"picked":"Terror","floor":22},{"not_picked":["Dodge and Roll","Poisoned Stab","Dagger Spray"],"picked":"SKIP","floor":24},{"not_picked":["Dodge and Roll","Terror","Cloak And Dagger"],"picked":"SKIP","floor":25},{"not_picked":["All Out Attack","Caltrops","Infinite Blades"],"picked":"SKIP","floor":27},{"not_picked":["Dagger Spray","Crippling Poison","Underhanded Strike"],"picked":"SKIP","floor":30}],"player_experience":678423,"relics_obtained":[{"floor":7,"key":"Centennial Puzzle"},{"floor":9,"key":"Omamori"},{"floor":10,"key":"CeramicFish"},{"floor":12,"key":"Regal Pillow"},{"floor":26,"key":"Akabeko"},{"floor":27,"key":"Anchor"},{"floor":30,"key":"Mercury Hourglass"}],"event_choices":[{"damage_healed":0,"gold_gain":0,"player_choice":"Donut","damage_taken":0,"max_hp_gain":5,"max_hp_loss":0,"event_name":"Big Fish","floor":3,"gold_loss":0},{"cards_removed":["Strike_G"],"damage_healed":0,"gold_gain":0,"player_choice":"Card Removal","damage_taken":7,"max_hp_gain":0,"max_hp_loss":0,"event_name":"Golden Wing","floor":8,"gold_loss":0},{"damage_healed":0,"gold_gain":0,"player_choice":"Paid Gold","damage_taken":0,"relics_obtained":["Snake Skull"],"max_hp_gain":0,"max_hp_loss":0,"event_name":"WeMeetAgain","floor":19,"gold_loss":70},{"damage_healed":0,"gold_gain":0,"player_choice":"Ignored","damage_taken":0,"max_hp_gain":0,"max_hp_loss":0,"event_name":"Ghosts","floor":29,"gold_loss":0},{"damage_healed":0,"gold_gain":0,"player_choice":"Obtained Relic","damage_taken":0,"relics_obtained":["Darkstone Periapt"],"max_hp_gain":0,"max_hp_loss":0,"event_name":"Addict","floor":31,"gold_loss":85}],"is_beta":false,"boss_relics":[{"not_picked":["HoveringKite","SacredBark"],"picked":"Cursed Key"}],"items_purged_floors":[4,20],"is_endless":false,"potions_floor_spawned":[1,2,5,11,18,22,25,30],"killed_by":"Champ","ascension_level":16}}