{"host":"bhbf7zxbh2qxgvbr","time":1612878869,"event":{"mods":["BaseMod","Chen","Friendly Minions","Marisa£®ÏF”Í°°ƒß¿Ì…≥£©","Minty Spire (QoL Compilation)","Quick Restart","Reimu£®≤©¿ˆ¡È√Œ£©","Remilia£®¿Ÿ√◊¿Ú—«£©","StSLib","The Administrix","The Servant 0.9.4","Youmu£®ªÍ∆«—˝√Œ£©"],"gold_per_floor":[111,36,36,36,51,51,79,90,90,90,102,134,151,101,101,202,202,220,240,240,22,22,49,49,83,134,9,41,41,51,51,51,152,152,165,215,215,227,77,111,157,177,222,172,183,183,183,133,133,133,133,133,83,112,112],"floor_reached":56,"language":"ZHS","playtime":2276,"items_purged":["Strike_MRS","Strike_MRS","Strike_MRS","MasterSpark","Defend_MRS","Defend_MRS","UpSweep"],"score":1716,"play_id":"93664eb4-c66c-440a-ba1b-c82b0af511b6","local_time":"20210209215429","is_ascension_mode":true,"campfire_choices":[{"data":"MagicChant","floor":6,"key":"SMITH"},{"data":"MilkyWay","floor":10,"key":"SMITH"},{"data":"UltimateShortwave","floor":15,"key":"SMITH"},{"floor":24,"key":"REST"},{"data":"Purity","floor":29,"key":"SMITH"},{"data":"TreasureHunter","floor":32,"key":"SMITH"},{"floor":47,"key":"RECALL"},{"data":"Acceleration","floor":49,"key":"SMITH"},{"data":"Acceleration","floor":52,"key":"SMITH"}],"circlet_count":0,"master_deck":["MagicChant+1","MilkyWay+1","UltimateShortwave+1","TreasureHunter+1","MilkyWay+1","Acceleration+1","Purity+1","Parasite","Parasite","Acceleration+1","AbsoluteMagnitude"],"relics":["MiniHakkero","NeowsBlessing","HornCleat","Frozen Egg 2","Ginger","RedLine:ReiMu","Bronze Scales","Toy Ornithopter","Art of War","ShroomBag","Mastiff:ReiMu","Oddly Smooth Stone","CaptainsWheel","Pocketwatch","Sozu","Torii","Lizard Tail","RuthlessExorcism:ReiMu","Anchor","CatCart","Ornamental Fan","Smiling Mask","AmplifyWand","Incense Burner"],"acts_visited":["Exordium","TheCity","TheBeyond","TheEnding"],"potions_floor_usage":[12,23,25],"damage_taken":[{"damage":0,"enemies":"Cultist","floor":1,"turns":1},{"damage":0,"enemies":"Small Slimes","floor":5,"turns":1},{"damage":0,"enemies":"Lagavulin","floor":7,"turns":1},{"damage":2,"enemies":"Jaw Worm","floor":8,"turns":3},{"damage":1,"enemies":"Blue Slaver","floor":11,"turns":4},{"damage":0,"enemies":"3 Sentries","floor":12,"turns":5},{"damage":0,"enemies":"Looter","floor":13,"turns":3},{"damage":28,"enemies":"The Guardian","floor":16,"turns":7},{"damage":17,"enemies":"2 Thieves","floor":18,"turns":3},{"damage":5,"enemies":"Chosen","floor":19,"turns":3},{"damage":20,"enemies":"Slavers","floor":23,"turns":6},{"damage":0,"enemies":"Book of Stabbing","floor":25,"turns":4},{"damage":19,"enemies":"Slavers","floor":28,"turns":5},{"damage":0,"enemies":"Sentry and Sphere","floor":30,"turns":4},{"damage":0,"enemies":"Collector","floor":33,"turns":3},{"damage":10,"enemies":"3 Darklings","floor":35,"turns":3},{"damage":0,"enemies":"Mind Bloom Boss Battle","floor":36,"turns":2},{"damage":0,"enemies":"3 Shapes","floor":38,"turns":4},{"damage":0,"enemies":"Giant Head","floor":40,"turns":3},{"damage":0,"enemies":"Orin","floor":41,"turns":3},{"damage":1,"enemies":"Writhing Mass","floor":42,"turns":2},{"damage":0,"enemies":"Spire Growth","floor":45,"turns":2},{"damage":8,"enemies":"Time Eater","floor":50,"turns":3},{"damage":7,"enemies":"Shield and Spear","floor":54,"turns":2},{"damage":24,"enemies":"The Heart","floor":55,"turns":4}],"seed_played":"2302862729930986357","potions_obtained":[{"floor":1,"key":"SneckoOil"},{"floor":7,"key":"Fire Potion"},{"floor":13,"key":"FairyPotion"},{"floor":19,"key":"Swift Potion"},{"floor":23,"key":"Dexterity Potion"},{"floor":28,"key":"Swift Potion"}],"is_trial":false,"path_per_floor":["M","$","T","?","M","R","E","M","T","R","M","E","M","?","R","B",null,"M","M","?","$","?","E","R","E","T","$","E","R","M","?","R","B",null,"M","?","?","M","$","E","?","M","T","$","M","?","R","$","R","B",null,"R","$","E","B",null],"character_chosen":"MARISA","items_purchased":["Acceleration","Purity"],"campfire_rested":1,"item_purchase_floors":[21,21],"current_hp_per_floor":[68,68,68,68,68,68,68,66,66,66,65,65,65,65,65,37,66,49,44,44,44,30,10,34,39,39,39,24,24,28,28,28,32,68,62,66,66,70,70,74,76,75,75,75,76,76,76,76,76,68,74,74,74,69,49],"gold":112,"neow_bonus":"THREE_ENEMY_KILL","is_daily":false,"chose_seed":false,"campfire_upgraded":7,"win_rate":0.0,"timestamp":1612878869,"path_taken":["M","$","?","?","M","R","E","M","T","R","M","E","?","?","R","BOSS","M","M","?","$","?","E","R","E","T","$","E","R","M","?","R","BOSS","M","?","?","M","$","E","?","M","T","$","M","?","R","$","R","BOSS","R","$","E","BOSS"],"items_purchased_type":["Card","Card"],"build_version":"2020-12-22","purchased_purges":7,"victory":true,"max_hp_per_floor":[75,75,75,75,75,75,75,75,75,75,75,75,75,75,75,75,75,75,75,75,75,80,80,80,80,80,80,80,80,80,80,80,80,80,80,80,76,76,76,76,76,76,76,76,76,76,76,76,76,76,76,76,76,76,76],"card_choices":[{"not_picked":["Singularity","WitchOfGreed"],"picked":"MagicChant","floor":1},{"not_picked":["WitchOfGreed","MagicChant","LuminesStrike"],"picked":"SKIP","floor":5},{"not_picked":["SporeBomb","AlicesGift","GrandCross"],"picked":"SKIP","floor":7},{"not_picked":["Singularity+1","NonDirectionalLaser"],"picked":"MilkyWay","floor":8},{"not_picked":["DeepEcoloBomb","RefractionSpark"],"picked":"UltimateShortwave","floor":11},{"not_picked":["GravityBeat","Orbital","MeteoricShower"],"picked":"SKIP","floor":12},{"not_picked":["Orbital","StarlightTyphoon","ShootingEcho"],"picked":"SKIP","floor":13},{"not_picked":["BigCrunch","MillisecondPulsars+1"],"picked":"TreasureHunter","floor":16},{"not_picked":["IllusionStar","PowerUp","Orbital"],"picked":"SKIP","floor":18},{"not_picked":["6A+1","ShootTheMoon"],"picked":"MilkyWay+1","floor":19},{"not_picked":["ShootingEcho","GalacticHalo","DC"],"picked":"SKIP","floor":23},{"not_picked":["EscapeVelocity+1","DarkMatter","DC"],"picked":"SKIP","floor":25},{"not_picked":["Orbital","IllusionStar"],"picked":"Acceleration","floor":28},{"not_picked":["UnstableBomb","SuperPerseids","WitchLeyline"],"picked":"SKIP","floor":30},{"not_picked":["CollectingQuirk","CasketOfStar+1"],"picked":"AbsoluteMagnitude","floor":33},{"not_picked":["OneTimeOff","GalacticHalo+1","NonDirectionalLaser"],"picked":"SKIP","floor":35},{"not_picked":["StarlightTyphoon","6A","MilkyWay+1"],"picked":"SKIP","floor":38},{"not_picked":["AsteroidBelt+1","6A+1","PowerUp+1"],"picked":"SKIP","floor":40},{"not_picked":["DoubleSpark+1","MilkyWay","ManaConvection+1"],"picked":"SKIP","floor":42},{"not_picked":["EnergyRecoil+1","GravityBeat","Orbital"],"picked":"SKIP","floor":45},{"not_picked":["EnergyRecoil","DoubleSpark+1","DC+1"],"picked":"SKIP","floor":54}],"player_experience":380787,"relics_obtained":[{"floor":3,"key":"HornCleat"},{"floor":7,"key":"Frozen Egg 2"},{"floor":12,"key":"Ginger"},{"floor":23,"key":"Bronze Scales"},{"floor":23,"key":"Toy Ornithopter"},{"floor":25,"key":"Art of War"},{"floor":25,"key":"ShroomBag"},{"floor":26,"key":"Mastiff:ReiMu"},{"floor":28,"key":"Oddly Smooth Stone"},{"floor":28,"key":"CaptainsWheel"},{"floor":33,"key":"Pocketwatch"},{"floor":36,"key":"Torii"},{"floor":36,"key":"Lizard Tail"},{"floor":40,"key":"RuthlessExorcism:ReiMu"},{"floor":40,"key":"Anchor"},{"floor":41,"key":"CatCart"},{"floor":41,"key":"Ornamental Fan"},{"floor":43,"key":"Smiling Mask"},{"floor":54,"key":"AmplifyWand"},{"floor":54,"key":"Incense Burner"}],"event_choices":[{"cards_removed":["Defend_MRS"],"damage_healed":0,"gold_gain":0,"player_choice":"Card Removal","damage_taken":0,"max_hp_gain":0,"max_hp_loss":0,"event_name":"Wheel of Change","floor":4,"gold_loss":0},{"cards_removed":["Defend_MRS"],"damage_healed":0,"gold_gain":0,"player_choice":"Card Removal","damage_taken":0,"max_hp_gain":0,"max_hp_loss":0,"event_name":"The Cleric","floor":14,"gold_loss":50},{"cards_removed":["Strike_MRS"],"damage_healed":0,"gold_gain":0,"player_choice":"Elegance","damage_taken":0,"max_hp_gain":0,"max_hp_loss":0,"event_name":"Back to Basics","floor":20,"gold_loss":0},{"damage_healed":0,"gold_gain":0,"player_choice":"Shed Blood","damage_taken":19,"max_hp_gain":5,"max_hp_loss":0,"event_name":"Forgotten Altar","floor":22,"gold_loss":0},{"damage_healed":0,"gold_gain":0,"player_choice":"Ignored","damage_taken":0,"max_hp_gain":0,"max_hp_loss":0,"event_name":"Vampires","floor":31,"gold_loss":0},{"damage_healed":0,"gold_gain":0,"player_choice":"Fight","damage_taken":0,"max_hp_gain":0,"max_hp_loss":0,"event_name":"MindBloom","floor":36,"gold_loss":0},{"damage_healed":0,"gold_gain":0,"player_choice":"Max HP","damage_taken":0,"max_hp_gain":0,"max_hp_loss":4,"event_name":"Winding Halls","floor":37,"gold_loss":0},{"damage_healed":0,"gold_gain":0,"player_choice":"Fight","damage_taken":0,"max_hp_gain":0,"max_hp_loss":0,"event_name":"OrinTheCat","floor":41,"gold_loss":0},{"damage_healed":0,"gold_gain":0,"player_choice":"Memory 1","damage_taken":0,"max_hp_gain":0,"max_hp_loss":0,"event_name":"SensoryStone","floor":46,"gold_loss":0}],"is_beta":false,"boss_relics":[{"not_picked":["Fusion Hammer","Astrolabe"],"picked":"RedLine:ReiMu"},{"not_picked":["Pandora\u0027s Box","Tiny House"],"picked":"Sozu"}],"items_purged_floors":[2,21,27,39,44,48,53],"is_endless":false,"potions_floor_spawned":[1,7,13,18,19,23,28,35,38,54],"ascension_level":6}}