{"host":"fortuna","time":1612880414,"event":{"mods":["100% Spire Juice","Act Like it!","Arknights","BaseMod","CapriCore","Gensokyo","Hallownest","Koishi","Minty Spire (QoL Compilation)","Reimu£®≤©¿ˆ¡È√Œ£©","Relic Stats","StSLib","The Administrix","The Animator","The Bug Knight","The Immortal","Waifu the Spire","WarShipGirlsR/’ΩΩ¢…Ÿ≈ÆR mod","Yakumo Yukari mod"],"gold_per_floor":[119,119,79,4,18,44,44,54,54,54,1,16,42,56,56,56,56],"floor_reached":16,"language":"ZHS","playtime":646,"items_purged":["Parasite"],"score":110,"play_id":"c977bf92-019b-4266-a21c-95a224862495","local_time":"20210209222014","is_ascension_mode":false,"campfire_choices":[{"data":"HollowMod:VengefulVoid","floor":7,"key":"SMITH"},{"data":"HollowMod:DescendingDark","floor":10,"key":"SMITH"},{"data":"HollowMod:FocusHealStart","floor":15,"key":"SMITH"}],"circlet_count":0,"master_deck":["HollowMod:NailStrikeStart","HollowMod:NailStrikeStart","HollowMod:NailStrikeStart","HollowMod:NailStrikeStart+1","HollowMod:QuickDashStart","HollowMod:QuickDashStart","HollowMod:QuickDashStart","HollowMod:QuickDashStart","HollowMod:FocusHealStart+1","HollowMod:PogoStrike","HollowMod:HornetsHelp+1","HollowMod:VengefulVoid+1","HollowMod:DescendingDark+1","HollowMod:CycloneSlash","HollowMod:VengefulVoid","HollowMod:ChannelNail","HollowMod:MantisMark","HollowMod:ZotesMagnificence"],"relics":["HollowMod:VesselMask","PaintedHorse:ReiMu","CaptainsWheel","Mummified Hand","Strawberry"],"acts_visited":["Exordium"],"potions_floor_usage":[16],"damage_taken":[{"damage":0,"enemies":"Jaw Worm","floor":1,"turns":4},{"damage":0,"enemies":"Small Slimes","floor":5,"turns":2},{"damage":31,"enemies":"3 Sentries","floor":6,"turns":12},{"damage":0,"enemies":"Cultist","floor":8,"turns":2},{"damage":3,"enemies":"Looter","floor":12,"turns":2},{"damage":16,"enemies":"Gremlin Nob","floor":13,"turns":4},{"damage":0,"enemies":"Large Slime","floor":14,"turns":3},{"damage":38,"enemies":"HollowMod:FalseKnight","floor":16,"turns":8}],"seed_played":"3235812606176483087","potions_obtained":[{"floor":8,"key":"SkillPotion"},{"floor":12,"key":"SmokeBomb"},{"floor":13,"key":"Dexterity Potion"}],"is_trial":false,"path_per_floor":["M","?","?","$","M","E","R","M","T","R","$","M","E","M","R","B"],"character_chosen":"THE_BUGKNIGHT","items_purchased":["HollowMod:VengefulVoid"],"campfire_rested":0,"item_purchase_floors":[11],"current_hp_per_floor":[75,60,60,60,60,39,39,39,39,39,39,36,27,27,27,0,0],"gold":56,"neow_bonus":"THREE_RARE_CARDS","is_daily":false,"chose_seed":false,"campfire_upgraded":3,"win_rate":0.0,"timestamp":1612880414,"path_taken":["M","?","?","$","M","E","R","M","T","R","$","M","E","M","R","BOSS"],"items_purchased_type":["Card"],"build_version":"2020-12-18","purchased_purges":1,"victory":false,"max_hp_per_floor":[75,75,75,72,72,72,72,72,72,72,72,72,79,79,79,79,79],"relic_stats":{"counters":[8,37],"Mummified Hand":[0],"obtain_stats":[{"CaptainsWheel":6,"PaintedHorse:ReiMu":3,"Mummified Hand":9,"Strawberry":13,"HollowMod:VesselMask":0},{"CaptainsWheel":3,"PaintedHorse:ReiMu":1,"Mummified Hand":4,"Strawberry":6,"HollowMod:VesselMask":0},{"CaptainsWheel":18,"PaintedHorse:ReiMu":4,"Mummified Hand":20,"Strawberry":26,"HollowMod:VesselMask":0}]},"card_choices":[{"not_picked":["HollowMod:LifebloodCore","HollowMod:ElderbugsWisdom"],"picked":"HollowMod:HornetsHelp","floor":0},{"not_picked":["HollowMod:InfectedCysts","HollowMod:FastStrike"],"picked":"HollowMod:VengefulVoid","floor":1},{"not_picked":["HollowMod:VengefulSpirit","HollowMod:SoulEater"],"picked":"HollowMod:DescendingDark","floor":5},{"not_picked":["HollowMod:ShapeofUnn","HollowMod:SoulEater","HollowMod:DungDefenderAura"],"picked":"SKIP","floor":6},{"not_picked":["HollowMod:InfectedCysts","HollowMod:TaintedHusks"],"picked":"HollowMod:CycloneSlash","floor":8},{"not_picked":["HollowMod:SiblingsSouls","HollowMod:LifebloodCocoon"],"picked":"HollowMod:ChannelNail","floor":12},{"not_picked":["HollowMod:QuirrelsAssistance","HollowMod:BaldurShell"],"picked":"HollowMod:MantisMark","floor":13},{"not_picked":["HollowMod:SiblingsSouls","HollowMod:DashSlash"],"picked":"HollowMod:ZotesMagnificence","floor":14}],"player_experience":338396,"relics_obtained":[{"floor":6,"key":"CaptainsWheel"},{"floor":9,"key":"Mummified Hand"},{"floor":13,"key":"Strawberry"}],"event_choices":[{"damage_healed":0,"gold_gain":0,"player_choice":"Entered Light","damage_taken":15,"max_hp_gain":0,"max_hp_loss":0,"event_name":"Shining Light","floor":2,"gold_loss":0,"cards_upgraded":["HollowMod:NailStrikeStart","HollowMod:HornetsHelp"]},{"damage_healed":0,"gold_gain":0,"player_choice":"»˚«Æ","damage_taken":0,"relics_obtained":["PaintedHorse:ReiMu"],"max_hp_gain":0,"max_hp_loss":0,"event_name":"yidonshenshe","floor":3,"gold_loss":40}],"is_beta":true,"boss_relics":[],"items_purged_floors":[4],"is_endless":false,"potions_floor_spawned":[8,12,13,14],"killed_by":"HollowMod:FalseKnight","ascension_level":0}}