{"host":"sh8ot41fo7a0kahq","time":1612864887,"event":{"mods":["ATMod(°¢èªMod)","BaseMod","Better Third Choice","Colored Powertips","Displayed Cursed Tome","Minty Spire (QoL Compilation)","Quick Restart","Spicy Shops","StSLib","UnlockEverythingMod","¡¾ÒÅÎï¿¨ÅÆ¡¿REMEMod"],"gold_per_floor":[109,109,126,126,143,170,193,205,217,229,229],"floor_reached":10,"language":"ZHS","playtime":257,"items_purged":[],"score":95,"play_id":"11359d89-329c-428a-b9b2-a13015ce68b9","local_time":"20210209180127","is_ascension_mode":true,"campfire_choices":[{"floor":8,"key":"RECALL"}],"circlet_count":0,"master_deck":["Strike_G","Strike_G","Strike_G","Strike_G","Strike_G","Defend_G","Defend_G","Defend_G","Defend_G","Defend_G","Survivor","Neutralize","Judgement","AT_FocusSwordFire","Noxious Fumes","Well Laid Plans"],"relics":["Ring of the Snake","AT_ATBox","REME_ComplimentaryCards","NeowsBlessing","MawBank","REME_LimitBreaker"],"acts_visited":["Exordium"],"potions_floor_usage":[6],"damage_taken":[{"damage":0.0,"enemies":"Small Slimes","floor":1.0,"turns":1.0},{"damage":0,"enemies":"Jaw Worm","floor":3,"turns":1},{"damage":0,"enemies":"Cultist","floor":5,"turns":1},{"damage":29,"enemies":"3 Sentries","floor":6,"turns":8},{"damage":13,"enemies":"Lots of Slimes","floor":7,"turns":5},{"damage":24,"enemies":"Gremlin Nob","floor":10,"turns":3}],"seed_played":"-8246786091863187406","potions_obtained":[{"floor":5,"key":"LiquidBronze"}],"is_trial":false,"path_per_floor":["M","?","M","?","M","E","M","R","T","E"],"character_chosen":"THE_SILENT","items_purchased":[],"campfire_rested":0,"item_purchase_floors":[],"current_hp_per_floor":[63,63,63,63,63,34,21,21,21,0,0],"gold":229,"neow_bonus":"THREE_ENEMY_KILL","is_daily":false,"chose_seed":false,"campfire_upgraded":0,"win_rate":0.0,"timestamp":1612864887,"path_taken":["M","?","M","?","M","E","M","R","T","E"],"items_purchased_type":[],"build_version":"2020-12-22","purchased_purges":0,"victory":false,"max_hp_per_floor":[70,70,70,70,70,70,70,70,70,70,70],"card_choices":[{"not_picked":["Quick Slash","Dagger Spray","Choke"],"picked":"SKIP","floor":1.0},{"not_picked":["Noxious Fumes","Skewer","Dodge and Roll"],"picked":"SKIP","floor":3},{"not_picked":["Skewer","Dodge and Roll"],"picked":"Noxious Fumes","floor":3},{"not_picked":["Underhanded Strike","Masterful Stab","Sucker Punch"],"picked":"SKIP","floor":5},{"not_picked":["After Image","Flying Knee","Dodge and Roll"],"picked":"SKIP","floor":6},{"not_picked":["Deflect","Poisoned Stab"],"picked":"Well Laid Plans","floor":7}],"player_experience":338437,"relics_obtained":[{"floor":6,"key":"MawBank"},{"floor":9,"key":"REME_LimitBreaker"}],"event_choices":[{"damage_healed":63,"gold_gain":0,"player_choice":"Leave","damage_taken":0,"max_hp_gain":0,"max_hp_loss":70,"event_name":"betterThird:BetterShining","floor":2,"gold_loss":0},{"damage_healed":0,"gold_gain":0,"player_choice":"Ignored","damage_taken":126,"max_hp_gain":0,"max_hp_loss":0,"event_name":"betterThird:BetterSerpent","floor":4,"gold_loss":0}],"is_beta":false,"boss_relics":[],"items_purged_floors":[],"is_endless":false,"potions_floor_spawned":[5],"killed_by":"Gremlin Nob","ascension_level":8}}