{"host":"11728qvdvolffudn","time":1612884863,"event":{"mods":["BaseMod","Block Reminder","Colored Powertips","Curses Come First","Custom Start","Displayed Cursed Tome","Highlight Path","Minty Spire (QoL Compilation)","Permanent Neow","Quick Restart","Rare Cards Sparkle","Relic Stats","StSLib","Weighted Paths"],"gold_per_floor":[111,111,123,198,216,216,230,230,230,230,230,255,255,100,100,100,100],"floor_reached":16,"language":"ENG","playtime":450,"items_purged":[],"score":101,"play_id":"0f70ee2d-b495-46c2-8a38-e58c067ea4e0","local_time":"20210209153423","is_ascension_mode":true,"campfire_choices":[{"data":"Limit Break","floor":6,"key":"SMITH"},{"data":"Defend_R","floor":8,"key":"SMITH"},{"data":"Defend_R","floor":10,"key":"SMITH"},{"floor":15,"key":"REST"}],"circlet_count":0,"master_deck":["Strike_R","Strike_R","Strike_R","Strike_R","Strike_R","Defend_R","Defend_R+1","Defend_R+1","Defend_R+1","Bash","Limit Break+1","Spot Weakness","Battle Trance"],"relics":["Burning Blood","Mummified Hand","Odd Mushroom","Golden Idol","Chemical X"],"acts_visited":["Exordium"],"potions_floor_usage":[16,16],"damage_taken":[{"damage":1,"enemies":"Cultist","floor":1,"turns":3},{"damage":7,"enemies":"2 Louse","floor":3,"turns":3},{"damage":2,"enemies":"Jaw Worm","floor":5,"turns":4},{"damage":15,"enemies":"3 Louse","floor":7,"turns":5},{"damage":27,"enemies":"The Mushroom Lair","floor":12,"turns":6},{"damage":61,"enemies":"Slime Boss","floor":16,"turns":11}],"seed_played":"-6266547346999360474","potions_obtained":[{"floor":1,"key":"Dexterity Potion"},{"floor":3,"key":"Regen Potion"}],"is_trial":false,"path_per_floor":["M","?","M","?","M","R","M","R","T","R","$","?","?","$","R","B"],"character_chosen":"IRONCLAD","items_purchased":["Chemical X"],"campfire_rested":1,"item_purchase_floors":[14],"current_hp_per_floor":[80,80,79,68,72,72,63,63,63,63,63,42,22,22,46,0,0],"gold":100,"neow_bonus":"ONE_RANDOM_RARE_CARD","is_daily":false,"chose_seed":false,"campfire_upgraded":3,"win_rate":0.0,"timestamp":1612884863,"path_taken":["M","?","M","?","M","R","M","R","T","R","$","?","?","$","R","BOSS"],"items_purchased_type":["Relic"],"build_version":"2020-12-22","purchased_purges":0,"victory":false,"max_hp_per_floor":[80,80,80,80,80,80,80,80,80,80,80,80,80,80,80,80,80],"relic_stats":{"counters":[6,32],"Mummified Hand":[0],"Golden Idol":0,"Chemical X":[1],"obtain_stats":[{"Mummified Hand":9,"Golden Idol":13,"Chemical X":14,"Odd Mushroom":12,"Burning Blood":0},{"Mummified Hand":4,"Golden Idol":5,"Chemical X":5,"Odd Mushroom":5,"Burning Blood":0},{"Mummified Hand":15,"Golden Idol":21,"Chemical X":21,"Odd Mushroom":21,"Burning Blood":0}],"Burning Blood":25},"card_choices":[{"not_picked":["Searing Blow","Anger","Intimidate"],"picked":"SKIP","floor":1},{"not_picked":["Fire Breathing","Dual Wield","Rupture"],"picked":"SKIP","floor":3},{"not_picked":["Anger","Perfected Strike"],"picked":"Spot Weakness","floor":5},{"not_picked":["Ghostly Armor","Clothesline","Warcry"],"picked":"SKIP","floor":7},{"not_picked":["Wild Strike","Searing Blow"],"picked":"Battle Trance","floor":12}],"player_experience":187429,"relics_obtained":[{"floor":9,"key":"Mummified Hand"},{"floor":12,"key":"Odd Mushroom"}],"event_choices":[{"damage_healed":0,"gold_gain":0,"player_choice":"Grow","damage_taken":0,"max_hp_gain":0,"max_hp_loss":0,"event_name":"Living Wall","floor":2,"gold_loss":0,"cards_upgraded":["Defend_R"]},{"damage_healed":0,"gold_gain":75,"player_choice":"Gather Gold","damage_taken":11,"max_hp_gain":0,"max_hp_loss":0,"event_name":"World of Goop","floor":4,"gold_loss":0},{"damage_healed":0,"gold_gain":0,"player_choice":"Fought Mushrooms","damage_taken":0,"max_hp_gain":0,"max_hp_loss":0,"event_name":"Mushrooms","floor":12,"gold_loss":0},{"damage_healed":0,"gold_gain":0,"player_choice":"Take Damage","damage_taken":20,"relics_obtained":["Golden Idol"],"max_hp_gain":0,"max_hp_loss":0,"event_name":"Golden Idol","floor":13,"gold_loss":0}],"is_beta":false,"boss_relics":[],"items_purged_floors":[],"is_endless":false,"potions_floor_spawned":[1,3],"killed_by":"Slime Boss","ascension_level":3}}