{"host":"3xramekeme16g407","time":1612829291,"event":{"mods":["2.2 Compatiblity","AchievementEnabler","BaseMod","Bestiary","Minty Spire (QoL Compilation)","Relic Stats","StSLib"],"gold_per_floor":[113,124,141,160,170,170,197,197,197,224,189,189,209,220,220,319,319,330,359,359,375,301,330,330,346,346,241,274,373,373,373,373,475,475,493,224,239,239,239],"floor_reached":38,"language":"ENG","playtime":4052,"items_purged":[],"score":474,"play_id":"b22dfdc5-0223-425a-918d-89a4ea059a14","local_time":"20210208160811","is_ascension_mode":false,"campfire_choices":[{"floor":6.0,"key":"REST"},{"floor":12.0,"key":"REST"},{"floor":15.0,"key":"REST"},{"floor":24.0,"key":"REST"},{"floor":30.0,"key":"REST"},{"floor":32.0,"key":"REST"}],"circlet_count":0,"master_deck":["Strike_P","Strike_P","Strike_P","Strike_P","Defend_P","Defend_P","Defend_P","Defend_P","Eruption+1","Vigilance","ReachHeaven","Tantrum","SandsOfTime","Worship","EmptyFist","MasterReality","TalkToTheHand","FollowUp","ClearTheMind","DevaForm","EmptyMind","BattleHymn","Vault","Meditate","MentalFortress","FearNoEvil+1","Establishment","Perseverance","Crescendo","EmptyBody+1"],"relics":["Fusion Hammer","Question Card","Ornamental Fan","VioletLotus","Red Mask","Yang","Mercury Hourglass","HornCleat","Nilry\u0027s Codex","SlaversCollar","PreservedInsect"],"acts_visited":["Exordium","TheCity","TheBeyond"],"potions_floor_usage":[38],"damage_taken":[{"damage":2.0,"enemies":"Small Slimes","floor":1.0,"turns":3.0},{"damage":6.0,"enemies":"Jaw Worm","floor":2.0,"turns":2.0},{"damage":0.0,"enemies":"2 Louse","floor":3.0,"turns":2.0},{"damage":0.0,"enemies":"2 Fungi Beasts","floor":4.0,"turns":2.0},{"damage":8.0,"enemies":"Gremlin Gang","floor":5.0,"turns":3.0},{"damage":9.0,"enemies":"3 Sentries","floor":7.0,"turns":4.0},{"damage":13.0,"enemies":"Lagavulin","floor":10.0,"turns":4.0},{"damage":2.0,"enemies":"Blue Slaver","floor":13.0,"turns":3.0},{"damage":12.0,"enemies":"Red Slaver","floor":14.0,"turns":2.0},{"damage":21.0,"enemies":"Hexaghost","floor":16.0,"turns":7.0},{"damage":0.0,"enemies":"Shell Parasite","floor":18.0,"turns":3.0},{"damage":33.0,"enemies":"Masked Bandits","floor":19.0,"turns":4.0},{"damage":6.0,"enemies":"Chosen","floor":21.0,"turns":4.0},{"damage":0.0,"enemies":"Gremlin Leader","floor":23.0,"turns":4.0},{"damage":10.0,"enemies":"Snake Plant","floor":25.0,"turns":3.0},{"damage":0.0,"enemies":"Slavers","floor":28.0,"turns":5.0},{"damage":81.0,"enemies":"Collector","floor":33.0,"turns":9.0},{"damage":13.0,"enemies":"Orb Walker","floor":35.0,"turns":6.0},{"damage":27.0,"enemies":"3 Darklings","floor":37.0,"turns":6.0},{"damage":54,"enemies":"Maw","floor":38,"turns":9}],"seed_played":"-5832898345495203877","potions_obtained":[{"floor":1.0,"key":"SkillPotion"},{"floor":5.0,"key":"AttackPotion"},{"floor":13.0,"key":"ColorlessPotion"},{"floor":14.0,"key":"Energy Potion"},{"floor":16.0,"key":"EssenceOfSteel"},{"floor":21.0,"key":"SkillPotion"},{"floor":28.0,"key":"BlessingOfTheForge"},{"floor":35.0,"key":"SpeedPotion"}],"is_trial":false,"path_per_floor":["M","M","M","M","M","R","E","?","T","E","?","R","M","M","R","B",null,"M","?","?","M","$","E","R","M","T","$","E","?","R","?","R","B",null,"M","$","M","M"],"character_chosen":"WATCHER","items_purchased":["Meditate","FairyPotion","Crescendo","PreservedInsect","Fruit Juice"],"campfire_rested":6,"item_purchase_floors":[22,27,36,36,36],"current_hp_per_floor":[70,64,64,64,56,72,63,63,63,50,68,72,70,58,72,51,72,72,39,39,33,33,33,54,44,44,44,44,44,65,49,70,21,72,59,64,37,0,0],"gold":239,"neow_bonus":"BOSS_RELIC","is_daily":false,"chose_seed":false,"campfire_upgraded":0,"win_rate":0.0,"timestamp":1612829291,"path_taken":["M","M","M","M","M","R","E","?","T","E","?","R","M","M","R","BOSS","M","?","?","M","?","E","R","M","T","$","E","?","R","?","R","BOSS","M","$","M","M"],"items_purchased_type":["Card","Potion","Card","Relic","Potion"],"build_version":"2020-12-22","purchased_purges":0,"victory":false,"max_hp_per_floor":[72,72,72,72,72,72,72,72,72,72,72,72,72,72,72,72,72,72,72,72,72,72,72,72,72,72,72,72,72,72,72,72,72,72,72,77,77,77,77],"relic_stats":{"counters":[20,85],"Ornamental Fan":[112],"Yang":[72],"VioletLotus":[9],"PreservedInsect":0,"Question Card":13,"obtain_stats":[{"SlaversCollar":34,"HornCleat":28,"Ornamental Fan":10,"Nilry\u0027s Codex":31,"Yang":23,"Fusion Hammer":0,"VioletLotus":17,"PreservedInsect":36,"Red Mask":19,"PureWater":0,"Question Card":7,"Mercury Hourglass":26},{"SlaversCollar":17,"HornCleat":16,"Ornamental Fan":7,"Nilry\u0027s Codex":16,"Yang":14,"Fusion Hammer":0,"VioletLotus":10,"PreservedInsect":18,"Red Mask":12,"PureWater":0,"Question Card":6,"Mercury Hourglass":15},{"SlaversCollar":64,"HornCleat":55,"Ornamental Fan":20,"Nilry\u0027s Codex":55,"Yang":47,"Fusion Hammer":0,"VioletLotus":32,"PreservedInsect":70,"Red Mask":39,"PureWater":0,"Question Card":16,"Mercury Hourglass":50}],"Mercury Hourglass":[183]},"card_choices":[{"not_picked":["CarveReality","FlurryOfBlows"],"picked":"ReachHeaven","floor":1.0},{"not_picked":["BowlingBash","Consecrate"],"picked":"Tantrum","floor":2.0},{"not_picked":["Sanctity","FollowUp"],"picked":"SandsOfTime","floor":3.0},{"not_picked":["ForeignInfluence","FlyingSleeves"],"picked":"Worship","floor":4.0},{"not_picked":["JustLucky","Conclude"],"picked":"EmptyFist","floor":5.0},{"not_picked":["FollowUp","SignatureMove"],"picked":"MasterReality","floor":7.0},{"not_picked":["Consecrate","ClearTheMind","JustLucky"],"picked":"TalkToTheHand","floor":10.0},{"not_picked":["SashWhip","Prostrate","ClearTheMind"],"picked":"FollowUp","floor":13.0},{"not_picked":["Wireheading","EmptyFist","CutThroughFate"],"picked":"ClearTheMind","floor":14.0},{"not_picked":["ConjureBlade","SpiritShield","Wish"],"picked":"DevaForm","floor":16.0},{"not_picked":["Halt","CrushJoints+1","ThirdEye+1"],"picked":"EmptyMind","floor":18.0},{"not_picked":["FollowUp","WreathOfFlame+1","Pray"],"picked":"BattleHymn","floor":19.0},{"not_picked":["PathToVictory","Prostrate","Consecrate"],"picked":"Vault","floor":21.0},{"not_picked":["EmptyBody+1","Adaptation","EmptyMind"],"picked":"MentalFortress","floor":23.0},{"not_picked":["CutThroughFate","BattleHymn","Vault"],"picked":"FearNoEvil+1","floor":25.0},{"not_picked":["Consecrate","Evaluate","PathToVictory+1","Weave+1"],"picked":"SKIP","floor":28.0},{"not_picked":["DeusExMachina","DevaForm","Vault"],"picked":"Establishment","floor":33.0},{"not_picked":["BowlingBash+1","FollowUp+1","SignatureMove"],"picked":"Perseverance","floor":35.0},{"not_picked":["InnerPeace+1","FlurryOfBlows","ClearTheMind+1"],"picked":"EmptyBody+1","floor":37.0}],"player_experience":482034,"relics_obtained":[{"floor":7.0,"key":"Question Card"},{"floor":10.0,"key":"Ornamental Fan"},{"floor":19.0,"key":"Red Mask"},{"floor":23.0,"key":"Yang"},{"floor":26.0,"key":"Mercury Hourglass"},{"floor":28.0,"key":"HornCleat"},{"floor":31.0,"key":"Nilry\u0027s Codex"}],"event_choices":[{"damage_healed":0.0,"max_hp_gain":0.0,"max_hp_loss":0.0,"gold_gain":0.0,"event_name":"Living Wall","player_choice":"Grow","floor":8.0,"gold_loss":0.0,"damage_taken":0.0,"cards_upgraded":["Eruption"]},{"damage_healed":18.0,"max_hp_gain":0.0,"max_hp_loss":0.0,"gold_gain":0.0,"event_name":"The Cleric","player_choice":"Healed","floor":11.0,"gold_loss":35.0,"damage_taken":0.0},{"damage_healed":0.0,"max_hp_gain":0.0,"max_hp_loss":0.0,"gold_gain":0.0,"event_name":"Masked Bandits","player_choice":"Fought Bandits","floor":19.0,"gold_loss":0.0,"damage_taken":0.0},{"damage_healed":0.0,"max_hp_gain":0.0,"max_hp_loss":0.0,"gold_gain":0.0,"event_name":"Beggar","player_choice":"Ignored","floor":20.0,"gold_loss":0.0,"damage_taken":0.0},{"damage_healed":0.0,"max_hp_gain":0.0,"max_hp_loss":0.0,"gold_gain":99.0,"event_name":"Nest","player_choice":"Stole From Cult","floor":29.0,"gold_loss":0.0,"damage_taken":0.0},{"damage_healed":0.0,"max_hp_gain":0.0,"max_hp_loss":0.0,"gold_gain":0.0,"event_name":"Cursed Tome","player_choice":"Obtained Book","floor":31.0,"gold_loss":0.0,"damage_taken":16.0}],"is_beta":false,"boss_relics":[{"not_picked":["Empty Cage","SacredBark"],"picked":"VioletLotus"},{"not_picked":["Astrolabe","Tiny House"],"picked":"SlaversCollar"}],"items_purged_floors":[],"is_endless":false,"potions_floor_spawned":[1,5,13,14,16,21,25,28,35],"killed_by":"Maw","ascension_level":0}}