{"host":"tg03ipq50zwyd5lj","time":1612867473,"event":{"mods":["2.2 Compatiblity","BaseMod","BetterRewards","Block Reminder","Defuse TimeMaze Blight","Downfall","Evolution","Gold Saver","Infinite Spire","Ironclad Rager","Minty Spire (QoL Compilation)","Relic Stats","StS++","StSLib","The Exalted"],"gold_per_floor":[119,119,130,130,230,230,262,281,281,281,292,292,324,342,342,441,441,459,475,488,488,488,514,514,542,568,568,568],"floor_reached":27,"language":"ENG","playtime":759,"items_purged":[],"score":342,"play_id":"cc99889e-3c6a-42a2-b24c-a356d17b3cc8","local_time":"20210209204433","is_ascension_mode":true,"campfire_choices":[{"floor":6,"key":"RECALL"},{"data":"Defragment","floor":10,"key":"SMITH"},{"data":"Leap","floor":15,"key":"SMITH"},{"data":"infinitespire:FutureSight","floor":24,"key":"SMITH"}],"circlet_count":0,"master_deck":["Strike_B","Strike_B","Strike_B","Strike_B","Defend_B","Defend_B","Defend_B","Zap+1","Dualcast","Beam Cell","Leap+1","Defragment+1","Genetic Algorithm","Leap","Electrodynamics","StSpp:Channeliser","Amplify","Conserve Battery","infinitespire:FutureSight+1","Streamline"],"relics":["Cracked Core","EVO:Axolotl","Mummified Hand","infinitespire:PuzzleCube","Busted Crown","Bromod:ArcaneEnergize","OrangePellets","Red Mask","infinitespire:EmpoweringShard","infinitespire:CheckeredPen","Tiny Chest"],"acts_visited":["Exordium","TheCity"],"potions_floor_usage":[13,16,16,23,23,25,27],"damage_taken":[{"damage":0,"enemies":"Cultist","floor":1,"turns":4},{"damage":0,"enemies":"2 Louse","floor":3,"turns":2},{"damage":24,"enemies":"Gremlin Nob","floor":7,"turns":4},{"damage":0,"enemies":"Jaw Worm","floor":8,"turns":3},{"damage":25,"enemies":"Lots of Slimes","floor":11,"turns":4},{"damage":12,"enemies":"3 Sentries","floor":13,"turns":6},{"damage":0,"enemies":"Looter","floor":14,"turns":3},{"damage":0,"enemies":"Slime Boss","floor":16,"turns":4},{"damage":7,"enemies":"Shell Parasite","floor":18,"turns":5},{"damage":2,"enemies":"Chosen","floor":19,"turns":4},{"damage":3,"enemies":"Centurion and Healer","floor":20,"turns":3},{"damage":47,"enemies":"Book of Stabbing","floor":23,"turns":6},{"damage":12,"enemies":"Nightmare","floor":25,"turns":7},{"damage":15,"enemies":"Book of Stabbing","floor":27,"turns":3}],"seed_played":"298120074534915406","potions_obtained":[{"floor":7,"key":"SneckoOil"},{"floor":8,"key":"champ:CounterPotion"},{"floor":11,"key":"DistilledChaos"},{"floor":14,"key":"Swift Potion"},{"floor":16,"key":"Strength Potion"},{"floor":19,"key":"infinitespire:BlackPotion"},{"floor":25,"key":"Fire Potion"}],"is_trial":false,"path_per_floor":["M","?","M","?","?","R","E","M","T","R","M","?","E","M","R","B",null,"M","M","M","AVR","?","E","R","NM","T","E"],"character_chosen":"DEFECT","items_purchased":[],"campfire_rested":0,"item_purchase_floors":[],"current_hp_per_floor":[75,75,75,75,75,75,51,51,51,51,26,26,14,14,14,14,75,68,66,63,63,63,16,16,14,14,0,0],"gold":568,"neow_bonus":"UPGRADE_CARD","is_daily":false,"chose_seed":false,"campfire_upgraded":3,"win_rate":0.0,"timestamp":1612867473,"path_taken":["M","?","M","?","?","R","E","M","T","R","?","?","E","?","R","BOSS","M","M","M","AVR","?","E","R","NM","T","E"],"items_purchased_type":[],"build_version":"2020-12-22","purchased_purges":0,"victory":false,"max_hp_per_floor":[75,75,75,75,75,75,75,75,75,75,75,75,75,75,75,75,75,75,75,75,75,75,75,75,75,75,75,75],"relic_stats":{"OrangePellets":[1],"Busted Crown":16,"counters":[14,58],"Mummified Hand":[19],"Tiny Chest":0,"obtain_stats":[{"OrangePellets":21,"Busted Crown":17,"Mummified Hand":9,"Gambling Chip":7,"Bromod:ArcaneEnergize":21,"Tiny Chest":26,"Red Mask":22,"infinitespire:EmpoweringShard":23,"EVO:Axolotl":0,"infinitespire:CheckeredPen":25,"Cracked Core":0,"infinitespire:PuzzleCube":13},{"OrangePellets":11,"Busted Crown":8,"Mummified Hand":4,"Gambling Chip":3,"Bromod:ArcaneEnergize":11,"Tiny Chest":13,"Red Mask":11,"infinitespire:EmpoweringShard":12,"EVO:Axolotl":0,"infinitespire:CheckeredPen":13,"Cracked Core":0,"infinitespire:PuzzleCube":6},{"OrangePellets":42,"Busted Crown":30,"Mummified Hand":13,"Gambling Chip":10,"Bromod:ArcaneEnergize":42,"Tiny Chest":55,"Red Mask":42,"infinitespire:EmpoweringShard":48,"EVO:Axolotl":0,"infinitespire:CheckeredPen":55,"Cracked Core":0,"infinitespire:PuzzleCube":23}]},"card_choices":[{"not_picked":["Hologram","Ball Lightning"],"picked":"Beam Cell","floor":1},{"not_picked":["Rebound","Sweeping Beam"],"picked":"Leap","floor":3},{"not_picked":["Chill","Barrage","Hologram"],"picked":"SKIP","floor":7},{"not_picked":["Cold Snap","Sweeping Beam"],"picked":"Defragment","floor":8},{"not_picked":["Recycle","Double Energy"],"picked":"Genetic Algorithm","floor":11},{"not_picked":["Redo","FTL"],"picked":"Electrodynamics","floor":13},{"not_picked":["Compile Driver","FTL"],"picked":"StSpp:Channeliser","floor":14},{"not_picked":["Meteor Strike","Core Surge"],"picked":"Amplify","floor":16},{"not_picked":["Blizzard"],"picked":"SKIP","floor":18},{"not_picked":[],"picked":"Conserve Battery","floor":19},{"not_picked":["Rebound"],"picked":"SKIP","floor":20},{"not_picked":["infinitespire:Starlight","infinitespire:NeuralNetwork"],"picked":"infinitespire:FutureSight","floor":22},{"not_picked":["Rebound"],"picked":"SKIP","floor":23},{"not_picked":[],"picked":"Streamline","floor":25}],"player_experience":388146,"relics_obtained":[{"floor":7,"key":"Gambling Chip"},{"floor":9,"key":"Mummified Hand"},{"floor":13,"key":"infinitespire:PuzzleCube"},{"floor":22,"key":"Red Mask"},{"floor":23,"key":"infinitespire:EmpoweringShard"},{"floor":25,"key":"infinitespire:CheckeredPen"},{"floor":26,"key":"Tiny Chest"}],"event_choices":[{"damage_healed":0,"gold_gain":0,"player_choice":"Ignored","damage_taken":0,"max_hp_gain":0,"max_hp_loss":0,"event_name":"Golden Wing","floor":2,"gold_loss":0},{"damage_healed":0,"gold_gain":100,"player_choice":"Pray","damage_taken":0,"max_hp_gain":0,"max_hp_loss":0,"event_name":"Golden Shrine","floor":5,"gold_loss":0},{"damage_healed":0,"gold_gain":0,"cards_transformed":["Defend_B"],"player_choice":"Transformed","damage_taken":0,"max_hp_gain":0,"max_hp_loss":0,"event_name":"Transmorgrifier","floor":12,"gold_loss":0,"cards_obtained":["Leap"]}],"is_beta":false,"boss_relics":[{"not_picked":["Sozu","Pandora\u0027s Box"],"picked":"Busted Crown"}],"items_purged_floors":[],"is_endless":true,"potions_floor_spawned":[7,8,11,14,16,19,25],"killed_by":"Book of Stabbing","ascension_level":2}}