{"host":"06e3yyzgn8o619wl","time":1612884045,"event":{"mods":["BaseMod","Block Reminder","Colored Map","Colored Powertips","DeckTracker","Minty Spire (QoL Compilation)","Permanent Neow","Relic Stats","StSLib"],"gold_per_floor":[118,129,145,162,14,43,43,62,110,140,140,160,193,206,206,304,304,314,84,96,96,109,109,137,154,205,205,218,218,237,257,257,357,357,376,200,210,85,103,103,117,117,117,136,136,102,102,102,102,102,102],"floor_reached":50,"language":"JPN","playtime":3032,"items_purged":["Strike_P","Strike_P","Defend_P"],"score":781,"play_id":"a1533d3d-56e3-46e2-8391-1dab81671d5d","local_time":"20210210002045","is_ascension_mode":true,"campfire_choices":[{"floor":7,"key":"REST"},{"floor":11,"key":"REST"},{"floor":15,"key":"REST"},{"floor":23,"key":"REST"},{"floor":27,"key":"REST"},{"floor":29,"key":"REST"},{"floor":32,"key":"REST"},{"floor":40,"key":"REST"},{"floor":42,"key":"REST"},{"floor":45,"key":"REST"},{"floor":47,"key":"REST"},{"floor":49,"key":"REST"}],"circlet_count":0,"master_deck":["AscendersBane","Strike_P+1","Defend_P","Defend_P+1","Eruption","Vigilance","JustLucky","FlurryOfBlows+1","CutThroughFate","FlurryOfBlows","DeusExMachina","EmptyFist","Adaptation","BowlingBash","DeceiveReality+1","DevaForm","Protect+1","ReachHeaven","ThirdEye","ClearTheMind","Meditate","Tantrum","Wallop","EmptyBody+1","ThirdEye","Adaptation","Protect"],"relics":["Fusion Hammer","Sling","Mango","Pantograph","Bag of Marbles","Empty Cage","Dream Catcher","Nloth\u0027s Gift","Boot","War Paint","Sozu","Meat on the Bone"],"acts_visited":["Exordium","TheCity","TheBeyond"],"potions_floor_usage":[24],"damage_taken":[{"damage":0,"enemies":"2 Louse","floor":1,"turns":3},{"damage":0,"enemies":"Cultist","floor":2,"turns":4},{"damage":0,"enemies":"Small Slimes","floor":3,"turns":3},{"damage":0,"enemies":"3 Louse","floor":4,"turns":4},{"damage":5,"enemies":"Lagavulin","floor":6,"turns":5},{"damage":11,"enemies":"Lots of Slimes","floor":8,"turns":4},{"damage":16,"enemies":"Gremlin Nob","floor":10,"turns":3},{"damage":0,"enemies":"Exordium Wildlife","floor":12,"turns":2},{"damage":10,"enemies":"3 Sentries","floor":13,"turns":4},{"damage":3,"enemies":"2 Fungi Beasts","floor":14,"turns":3},{"damage":45,"enemies":"The Guardian","floor":16,"turns":15},{"damage":4,"enemies":"Chosen","floor":18,"turns":3},{"damage":17,"enemies":"2 Thieves","floor":20,"turns":4},{"damage":16,"enemies":"Snecko","floor":22,"turns":7},{"damage":26,"enemies":"Book of Stabbing","floor":24,"turns":5},{"damage":21,"enemies":"Snake Plant","floor":25,"turns":4},{"damage":6,"enemies":"Centurion and Healer","floor":28,"turns":6},{"damage":11,"enemies":"Shelled Parasite and Fungi","floor":30,"turns":7},{"damage":19,"enemies":"Snake Plant","floor":31,"turns":6},{"damage":58,"enemies":"Automaton","floor":33,"turns":10},{"damage":5,"enemies":"Orb Walker","floor":35,"turns":4},{"damage":12,"enemies":"3 Shapes","floor":37,"turns":3},{"damage":21,"enemies":"Jaw Worm Horde","floor":39,"turns":3},{"damage":21,"enemies":"4 Shapes","floor":41,"turns":5},{"damage":18,"enemies":"Spire Growth","floor":44,"turns":7},{"damage":97,"enemies":"Time Eater","floor":50,"turns":8}],"seed_played":"5002782360355431085","potions_obtained":[{"floor":2,"key":"BlessingOfTheForge"},{"floor":6,"key":"PowerPotion"},{"floor":12,"key":"Ancient Potion"},{"floor":25,"key":"PowerPotion"},{"floor":30,"key":"SteroidPotion"}],"is_trial":false,"path_per_floor":["M","M","M","M","$","E","R","M","T","E","R","M","E","M","R","B",null,"M","$","M","?","M","R","E","M","T","R","M","R","M","M","R","B",null,"M","$","M","$","M","R","M","R","T","M","R","$","R","?","R","B"],"character_chosen":"WATCHER","items_purchased":["Sling","Dream Catcher","Wallop","Adaptation"],"campfire_rested":12,"item_purchase_floors":[5,19,36,46],"current_hp_per_floor":[65,65,65,65,65,74,86,75,75,59,84,84,74,71,86,41,75,71,71,54,54,38,63,37,16,16,41,35,60,49,30,55,22,70,65,65,53,53,32,57,36,61,61,55,80,80,86,86,86,0,0],"gold":102,"neow_bonus":"BOSS_RELIC","is_daily":false,"chose_seed":false,"campfire_upgraded":0,"win_rate":0.0,"timestamp":1612884045,"path_taken":["M","M","M","M","$","E","R","M","T","E","R","M","E","M","R","BOSS","M","$","M","?","M","R","E","?","T","R","M","R","M","M","R","BOSS","M","$","M","$","M","R","M","R","T","?","R","?","R","?","R","BOSS"],"items_purchased_type":["Relic","Relic","Card","Card"],"build_version":"2020-12-22","purchased_purges":3,"victory":false,"max_hp_per_floor":[72,72,72,72,72,86,86,86,86,86,86,86,86,86,86,86,86,86,86,86,86,86,86,86,86,86,86,86,86,86,86,86,86,86,86,86,86,86,86,86,86,86,86,86,86,86,86,86,86,86,86],"relic_stats":{"Sozu":1,"Dream Catcher":9,"counters":[26,132],"Pantograph":25,"Nloth\u0027s Gift":3,"War Paint":["DeceiveReality","Defend_P"],"Boot":[134],"obtain_stats":[{"Mango":6,"Whetstone":9,"War Paint":26,"Sling":5,"Empty Cage":17,"Boot":24,"Sozu":34,"Dream Catcher":19,"Pantograph":10,"Fusion Hammer":0,"Bag of Marbles":13,"Nloth\u0027s Gift":21,"PureWater":0,"Meat on the Bone":43},{"Mango":5,"Whetstone":6,"War Paint":16,"Sling":4,"Empty Cage":11,"Boot":15,"Sozu":20,"Dream Catcher":12,"Pantograph":7,"Fusion Hammer":0,"Bag of Marbles":9,"Nloth\u0027s Gift":13,"PureWater":0,"Meat on the Bone":24},{"Mango":19,"Whetstone":23,"War Paint":73,"Sling":14,"Empty Cage":50,"Boot":69,"Sozu":102,"Dream Catcher":53,"Pantograph":26,"Fusion Hammer":0,"Bag of Marbles":32,"Nloth\u0027s Gift":57,"PureWater":0,"Meat on the Bone":117}],"Meat on the Bone":12},"card_choices":[{"not_picked":["Evaluate","WindmillStrike"],"picked":"JustLucky","floor":1},{"not_picked":["SandsOfTime","Protect"],"picked":"FlurryOfBlows","floor":2},{"not_picked":["Study","FollowUp"],"picked":"CutThroughFate","floor":3},{"not_picked":["Crescendo","PathToVictory"],"picked":"FlurryOfBlows","floor":4},{"not_picked":["Pray","Halt"],"picked":"DeusExMachina","floor":6},{"not_picked":["FollowUp","ForeignInfluence"],"picked":"EmptyFist","floor":8},{"not_picked":["Perseverance","FlyingSleeves"],"picked":"Adaptation","floor":10},{"not_picked":["WindmillStrike","Worship"],"picked":"BowlingBash","floor":12},{"not_picked":["Evaluate","Crescendo","FlyingSleeves"],"picked":"SKIP","floor":13},{"not_picked":["JustLucky","PathToVictory"],"picked":"DeceiveReality","floor":14},{"not_picked":["SpiritShield","Blasphemy"],"picked":"DevaForm","floor":16},{"not_picked":["JustLucky","WreathOfFlame"],"picked":"Protect+1","floor":18},{"not_picked":["FlyingSleeves+1","LikeWater","JustLucky"],"picked":"SKIP","floor":20},{"not_picked":["Protect","Prostrate","FlurryOfBlows"],"picked":"SKIP","floor":22},{"not_picked":["Protect","EmptyFist"],"picked":"ReachHeaven","floor":23},{"not_picked":["Devotion","JustLucky","Brilliance"],"picked":"SKIP","floor":24},{"not_picked":["ForeignInfluence","SashWhip","BowlingBash"],"picked":"SKIP","floor":25},{"not_picked":["ForeignInfluence","SashWhip","BowlingBash"],"picked":"SKIP","floor":25},{"not_picked":["CrushJoints+1","EmptyFist"],"picked":"ThirdEye","floor":28},{"not_picked":["EmptyFist","Evaluate+1"],"picked":"ClearTheMind","floor":29},{"not_picked":["SpiritShield","CarveReality"],"picked":"Meditate","floor":30},{"not_picked":["FollowUp","EmptyBody","Protect"],"picked":"SKIP","floor":31},{"not_picked":["CutThroughFate+1","MentalFortress+1"],"picked":"Tantrum","floor":32},{"not_picked":["Ragnarok","WaveOfTheHand","FlurryOfBlows"],"picked":"SKIP","floor":35},{"not_picked":["ThirdEye","BowlingBash"],"picked":"EmptyBody+1","floor":37},{"not_picked":["CarveReality","CutThroughFate","Consecrate+1"],"picked":"SKIP","floor":39},{"not_picked":["MasterReality","PathToVictory","ThirdEye"],"picked":"SKIP","floor":41},{"not_picked":["Meditate","Tantrum+1","Swivel"],"picked":"SKIP","floor":44},{"not_picked":["Crescendo+1","Evaluate+1"],"picked":"ThirdEye","floor":45},{"not_picked":["FlurryOfBlows+1","CrushJoints"],"picked":"Protect","floor":47}],"player_experience":180463,"relics_obtained":[{"floor":6,"key":"Mango"},{"floor":9,"key":"Whetstone"},{"floor":10,"key":"Pantograph"},{"floor":13,"key":"Bag of Marbles"},{"floor":24,"key":"Boot"},{"floor":26,"key":"War Paint"},{"floor":43,"key":"Meat on the Bone"}],"event_choices":[{"damage_healed":0,"gold_gain":0,"player_choice":"Traded Relic","damage_taken":0,"relics_obtained":["Nloth\u0027s Gift"],"max_hp_gain":0,"max_hp_loss":0,"event_name":"N\u0027loth","floor":21,"relics_lost":["Whetstone"],"gold_loss":0},{"damage_healed":0,"gold_gain":0,"player_choice":"Ignored","damage_taken":0,"max_hp_gain":0,"max_hp_loss":0,"event_name":"Mysterious Sphere","floor":48,"gold_loss":0}],"is_beta":false,"boss_relics":[{"not_picked":["Coffee Dripper","Ectoplasm"],"picked":"Empty Cage"},{"not_picked":["SlaversCollar","Black Star"],"picked":"Sozu"}],"items_purged_floors":[19,36,38],"is_endless":false,"potions_floor_spawned":[2,6,10,12,16,18,25,28,30,44],"killed_by":"Time Eater","ascension_level":12}}