{"host":"h4lp0eeso8a0ssq0","time":1612911545,"event":{"mods":["2.2 Compatiblity","AchievementEnabler","BaseMod","CapriCore","Colored Map","Minty Spire (QoL Compilation)","StSLib","SuperFastMode"],"gold_per_floor":[113,113,126,126,144,177,192,192,192,205,39,39,64,82,82,82,82],"floor_reached":16,"language":"KOR","playtime":397,"items_purged":[],"score":207,"play_id":"7f3fe141-825b-4bdb-84f8-f30749cef988","local_time":"20210210075905","is_ascension_mode":true,"campfire_choices":[{"floor":8,"key":"REST"},{"floor":12,"key":"REST"},{"data":"Blur","floor":15,"key":"SMITH"}],"circlet_count":0,"master_deck":["AscendersBane","Strike_G+1","Strike_G","Strike_G","Strike_G","Strike_G+1","Defend_G","Defend_G","Defend_G","Defend_G","Defend_G","Survivor","Neutralize","Backflip","Bullet Time","Masterful Stab","Blade Dance","Quick Slash","Flying Knee","Riddle With Holes+1","Blur+1"],"relics":["Ring of the Snake","NeowsBlessing","Nunchaku","Molten Egg 2","MealTicket","Ornamental Fan"],"acts_visited":["Exordium"],"potions_floor_usage":[16,16],"damage_taken":[{"damage":0.0,"enemies":"Small Slimes","floor":1.0,"turns":1.0},{"damage":0,"enemies":"Cultist","floor":3,"turns":1},{"damage":0,"enemies":"2 Louse","floor":5,"turns":2},{"damage":20,"enemies":"Gremlin Nob","floor":6,"turns":4},{"damage":9,"enemies":"Blue Slaver","floor":7,"turns":3},{"damage":3,"enemies":"Looter","floor":10,"turns":2},{"damage":15,"enemies":"3 Sentries","floor":13,"turns":5},{"damage":0,"enemies":"2 Fungi Beasts","floor":14,"turns":2},{"damage":29,"enemies":"The Guardian","floor":16,"turns":13}],"seed_played":"-6723219397081003293","potions_obtained":[{"floor":3,"key":"Energy Potion"},{"floor":5,"key":"LiquidBronze"}],"is_trial":false,"path_per_floor":["M","?","M","?","M","E","M","R","T","M","$","R","E","M","R","B"],"character_chosen":"THE_SILENT","items_purchased":["MealTicket"],"campfire_rested":2,"item_purchase_floors":[11],"current_hp_per_floor":[59,59,59,39,39,19,10,29,29,26,26,45,30,30,30,1,1],"gold":82,"neow_bonus":"THREE_ENEMY_KILL","is_daily":false,"chose_seed":false,"campfire_upgraded":1,"win_rate":0.0,"timestamp":1612911545,"path_taken":["M","?","?","?","M","E","M","R","T","M","$","R","E","M","R","BOSS"],"items_purchased_type":["Relic"],"build_version":"2020-12-22","purchased_purges":0,"victory":false,"max_hp_per_floor":[66,66,66,66,66,66,66,66,66,66,66,66,66,66,66,66,66],"card_choices":[{"not_picked":["Underhanded Strike","Expertise"],"picked":"Backflip","floor":1.0},{"not_picked":["Deflect","Quick Slash"],"picked":"Blade Dance","floor":3},{"not_picked":["Heel Hook","Caltrops"],"picked":"Quick Slash","floor":5},{"not_picked":["Prepared","Predator"],"picked":"Flying Knee","floor":6},{"not_picked":["Underhanded Strike","Doppelganger","Choke"],"picked":"SKIP","floor":7},{"not_picked":["Flechettes+1","Deadly Poison"],"picked":"Riddle With Holes+1","floor":10},{"not_picked":["Skewer+1","Dagger Spray+1","Bane+1"],"picked":"SKIP","floor":13},{"not_picked":["Dagger Spray+1","Dodge and Roll"],"picked":"Blur","floor":14}],"player_experience":195333,"relics_obtained":[{"floor":6,"key":"Nunchaku"},{"floor":9,"key":"Molten Egg 2"},{"floor":13,"key":"Ornamental Fan"}],"event_choices":[{"damage_healed":0,"gold_gain":0,"player_choice":"2 cards matched","damage_taken":0,"max_hp_gain":0,"max_hp_loss":0,"event_name":"Match and Keep!","floor":2,"gold_loss":0,"cards_obtained":["Bullet Time","Masterful Stab"]},{"damage_healed":0,"gold_gain":0,"player_choice":"Entered Light","damage_taken":20,"max_hp_gain":0,"max_hp_loss":0,"event_name":"Shining Light","floor":4,"gold_loss":0,"cards_upgraded":["Strike_G","Strike_G"]}],"is_beta":false,"boss_relics":[],"items_purged_floors":[],"is_endless":false,"potions_floor_spawned":[3,5,13],"killed_by":"The Guardian","ascension_level":17}}