{"host":"qy1e0kd24tpj3i2m","time":1612906294,"event":{"mods":["Act Like it!","BaseMod","Better Skull","Better Vampires","Colored Map","Colored Powertips","Custom Start","Displayed Cursed Tome","Faster Ascension Climbing","Friendly Minions","GifTheSpireLib","Gremlin Skip","Highlight Path","Minty Spire (QoL Compilation)","Permanent Neow","Poor People Problems","Quick Restart","Red Circlet Mod","Relic Filter Mod","Relic Sorter","Reorder Act Four","SacredBarkPlus","Shop Mod","StSLib","SuperFastMode","Transform Curses","没有小屋子和绿帽子啦"],"gold_per_floor":[115,190,115,40,40,40,68,82,158,192,209,209,244,259,259,337,-163,-147,-147,10,30,30,57,57,75,75,94,104,124,124,124,124,201,201,221,221,235,70,70,70,87,87,87,87,181,212,223,250,250,250,250,250],"floor_reached":51,"language":"ZHS","playtime":1795,"items_purged":["Clash"],"score":1636,"play_id":"fb96ebd5-07a5-4106-ba31-9d51fcfd8a2b","local_time":"20210210063134","is_ascension_mode":true,"campfire_choices":[{"data":"Bludgeon","floor":6.0,"key":"SMITH"},{"data":"Body Slam","floor":12.0,"key":"SMITH"},{"data":"True Grit","floor":15.0,"key":"SMITH"},{"data":"Berserk","floor":24.0,"key":"SMITH"},{"data":"Dark Embrace","floor":30.0,"key":"SMITH"},{"data":"Double Tap","floor":32.0,"key":"SMITH"},{"floor":40.0,"key":"RECALL"},{"data":"Barricade","floor":42.0,"key":"SMITH"},{"data":"Juggernaut","floor":44.0,"key":"SMITH"},{"data":"Uppercut","floor":49.0,"key":"SMITH"}],"circlet_count":0,"master_deck":["AscendersBane","Juggernaut+1","Flex+1","Rage","Inflame","Uppercut+1","Rampage","True Grit+1","Bludgeon+1","Shrug It Off","Feel No Pain","Body Slam+1","Double Tap+1","Sword Boomerang+1","Berserk+1","Shrug It Off","Dark Embrace+1","Barricade+1","CurseOfTheBell","Power Through+1","Burning Pact","Headbutt+1","Rage+1"],"relics":["FaceOfCleric","Eternal Feather","Mummified Hand","Akabeko","Tiny House","Oddly Smooth Stone","Champion Belt","Enchiridion","Bird Faced Urn","Membership Card","Blood Vial","Bronze Scales","MerchantsRug","Torii","Happy Flower","Red Skull"],"acts_visited":["Exordium","TheCity","TheBeyond"],"potions_floor_usage":[],"damage_taken":[{"damage":0.0,"enemies":"Cultist","floor":1.0,"turns":3.0},{"damage":8.0,"enemies":"Gremlin Nob","floor":7.0,"turns":3.0},{"damage":0.0,"enemies":"2 Louse","floor":8.0,"turns":3.0},{"damage":8.0,"enemies":"3 Sentries","floor":10.0,"turns":5.0},{"damage":4.0,"enemies":"Jaw Worm","floor":11.0,"turns":2.0},{"damage":5.0,"enemies":"Lagavulin","floor":13.0,"turns":4.0},{"damage":0.0,"enemies":"3 Louse","floor":14.0,"turns":2.0},{"damage":0.0,"enemies":"Slime Boss","floor":16.0,"turns":2.0},{"damage":0.0,"enemies":"Shell Parasite","floor":18.0,"turns":1.0},{"damage":3.0,"enemies":"2 Thieves","floor":20.0,"turns":2.0},{"damage":1.0,"enemies":"Snecko","floor":21.0,"turns":3.0},{"damage":34.0,"enemies":"Slavers","floor":23.0,"turns":4.0},{"damage":0.0,"enemies":"Snake Plant","floor":25.0,"turns":1.0},{"damage":14.0,"enemies":"Shelled Parasite and Fungi","floor":27.0,"turns":3.0},{"damage":2.0,"enemies":"Cultist and Chosen","floor":28.0,"turns":4.0},{"damage":0.0,"enemies":"Snake Plant","floor":29.0,"turns":2.0},{"damage":17.0,"enemies":"Champ","floor":33.0,"turns":5.0},{"damage":10.0,"enemies":"3 Shapes","floor":35.0,"turns":5.0},{"damage":11.0,"enemies":"Orb Walker","floor":37.0,"turns":3.0},{"damage":0.0,"enemies":"Transient","floor":41.0,"turns":6.0},{"damage":0.0,"enemies":"Nemesis","floor":46.0,"turns":3.0},{"damage":9.0,"enemies":"Giant Head","floor":48.0,"turns":4.0},{"damage":30.0,"enemies":"Donu and Deca","floor":50.0,"turns":7.0},{"damage":86,"enemies":"Awakened One","floor":51,"turns":3}],"seed_played":"-65759453027089215","potions_obtained":[{"floor":10.0,"key":"ElixirPotion"},{"floor":13.0,"key":"Weak Potion"},{"floor":14.0,"key":"DuplicationPotion"},{"floor":16.0,"key":"AttackPotion"},{"floor":18.0,"key":"Dexterity Potion"},{"floor":27.0,"key":"BloodPotion"},{"floor":29.0,"key":"FearPotion"},{"floor":37.0,"key":"Swift Potion"},{"floor":46.0,"key":"DistilledChaos"}],"is_trial":false,"path_per_floor":["M","?","?","$","?","R","E","M","T","E","M","R","E","M","R","B",null,"M","$","M","M","?","E","R","M","T","M","M","M","R","?","R","B",null,"M","?","M","$","?","R","M","R","T","R","?","E","$","E","R","B","B"],"character_chosen":"IRONCLAD","items_purchased":["Membership Card","MerchantsRug","Torii","Happy Flower"],"campfire_rested":0,"item_purchase_floors":[38,47,47,47],"current_hp_per_floor":[68,57,57,57,57,57,50,51,51,44,41,47,43,44,50,51,74,75,75,73,73,73,40,49,50,50,37,36,55,64,43,52,36,84,89,89,87,87,87,99,101,101,101,101,51,68,68,76,88,73,0,0],"gold":250,"neow_bonus":"BOSS_RELIC","is_daily":false,"chose_seed":false,"campfire_upgraded":9,"win_rate":0.0,"timestamp":1612906294,"path_taken":["M","?","?","$","?","R","E","M","T","E","M","R","E","M","R","BOSS","M","$","M","?","?","E","R","M","T","M","M","M","R","?","R","BOSS","M","?","M","$","?","R","M","R","T","R","?","E","$","E","R","BOSS","BOSS"],"items_purchased_type":["Relic","Relic","Relic","Relic"],"build_version":"2020-12-22","purchased_purges":1,"victory":false,"max_hp_per_floor":[75,75,75,75,75,75,76,77,77,78,79,79,80,81,81,82,82,83,83,84,85,85,86,86,87,87,88,89,90,90,90,90,91,98,99,99,100,100,100,100,101,101,101,101,101,102,102,103,103,104,104,104],"card_choices":[{"not_picked":["Thunderclap","True Grit"],"picked":"Shrug It Off","floor":1.0},{"not_picked":["Warcry","Perfected Strike","Cleave"],"picked":"SKIP","floor":7.0},{"not_picked":["Rupture","Battle Trance"],"picked":"Iron Wave","floor":8.0},{"not_picked":["Shockwave","Double Tap"],"picked":"Feel No Pain","floor":10.0},{"not_picked":["Headbutt","Hemokinesis"],"picked":"Body Slam","floor":11.0},{"not_picked":["Cleave","Intimidate","Bloodletting"],"picked":"SKIP","floor":13.0},{"not_picked":["Carnage","Headbutt","Body Slam"],"picked":"SKIP","floor":14.0},{"not_picked":["Berserk","Fiend Fire"],"picked":"Double Tap","floor":16.0},{"not_picked":["Anger","Headbutt","Body Slam"],"picked":"SKIP","floor":18.0},{"not_picked":["Cleave+1","Body Slam"],"picked":"Sword Boomerang+1","floor":20.0},{"not_picked":["True Grit","Rampage","Cleave"],"picked":"SKIP","floor":21.0},{"not_picked":["Carnage","Feel No Pain"],"picked":"Berserk","floor":23.0},{"not_picked":["Armaments","Flex","True Grit"],"picked":"SKIP","floor":25.0},{"not_picked":["Body Slam","Heavy Blade"],"picked":"Shrug It Off","floor":27.0},{"not_picked":["Searing Blow","Clothesline","Havoc"],"picked":"SKIP","floor":28.0},{"not_picked":["Havoc+1","Uppercut+1"],"picked":"Dark Embrace","floor":29.0},{"not_picked":["Feed","Offering"],"picked":"Barricade","floor":33.0},{"not_picked":["Headbutt","Ghostly Armor"],"picked":"Power Through+1","floor":35.0},{"not_picked":["Body Slam","Rage"],"picked":"Burning Pact","floor":37.0},{"not_picked":["Infernal Blade","Dark Embrace"],"picked":"Headbutt+1","floor":41.0},{"not_picked":["Cleave","Rupture"],"picked":"Rage+1","floor":46.0},{"not_picked":["Exhume","Sever Soul+1","Dual Wield"],"picked":"SKIP","floor":48.0}],"player_experience":1005544,"relics_obtained":[{"floor":7.0,"key":"Eternal Feather"},{"floor":9.0,"key":"Mummified Hand"},{"floor":10.0,"key":"Peace Pipe"},{"floor":13.0,"key":"Akabeko"},{"floor":23.0,"key":"Oddly Smooth Stone"},{"floor":26.0,"key":"Champion Belt"},{"floor":34.0,"key":"Strawberry"},{"floor":34.0,"key":"Darkstone Periapt"},{"floor":34.0,"key":"Bird Faced Urn"},{"floor":46.0,"key":"Bronze Scales"},{"floor":48.0,"key":"Red Skull"}],"event_choices":[{"damage_healed":0.0,"max_hp_gain":0.0,"max_hp_loss":0.0,"gold_gain":75.0,"event_name":"World of Goop","player_choice":"Gather Gold","floor":2.0,"gold_loss":0.0,"damage_taken":11.0},{"cards_removed":["Bash"],"damage_healed":0.0,"max_hp_gain":0.0,"max_hp_loss":0.0,"gold_gain":0.0,"event_name":"The Cleric","player_choice":"Card Removal","floor":3.0,"gold_loss":75.0,"damage_taken":0.0},{"damage_healed":0.0,"max_hp_gain":0.0,"max_hp_loss":0.0,"gold_gain":0.0,"event_name":"FaceTrader","player_choice":"Trade","floor":5.0,"gold_loss":0.0,"damage_taken":0.0,"relics_obtained":["FaceOfCleric"]},{"damage_healed":0.0,"max_hp_gain":0.0,"max_hp_loss":0.0,"gold_gain":0.0,"event_name":"The Mausoleum","player_choice":"Ignored","floor":22.0,"gold_loss":0.0,"damage_taken":0.0},{"damage_healed":0.0,"max_hp_gain":0.0,"max_hp_loss":0.0,"gold_gain":0.0,"event_name":"Cursed Tome","player_choice":"Obtained Book","floor":31.0,"gold_loss":0.0,"damage_taken":21.0},{"cards_removed":["Iron Wave"],"damage_healed":0.0,"max_hp_gain":0.0,"max_hp_loss":0.0,"gold_gain":0.0,"event_name":"Falling","player_choice":"Removed Attack","floor":36.0,"gold_loss":0.0,"damage_taken":0.0},{"damage_healed":0.0,"max_hp_gain":0.0,"max_hp_loss":0.0,"gold_gain":0.0,"event_name":"Mysterious Sphere","player_choice":"Ignored","floor":39.0,"gold_loss":0.0,"damage_taken":0.0},{"damage_healed":0.0,"max_hp_gain":0.0,"max_hp_loss":0.0,"gold_gain":94.0,"event_name":"betterSkull:BetterSkull","player_choice":"GO UP RE ","floor":45.0,"gold_loss":0.0,"damage_taken":55.0,"cards_upgraded":["Flex"],"relics_obtained":["Blood Vial"]}],"is_beta":false,"boss_relics":[{"not_picked":["Runic Pyramid","Astrolabe"],"picked":"Tiny House"},{"not_picked":["SlaversCollar","Fusion Hammer"],"picked":"Calling Bell"}],"items_purged_floors":[4],"is_endless":false,"potions_floor_spawned":[10,13,14,16,18,21,27,29,37,46],"killed_by":"Awakened One","ascension_level":20}}