{"host":"bbld1ic1uj90ldt9","time":1612890192,"event":{"mods":["2.2 Compatiblity","AchievementEnabler","Act Like it!","BaseMod","Better Third Choice","Conspire","Downfall","Emptier Cage","Gensokyo","Hallownest","Hermit","Highlight Path","Hubris","Marisa????????","Minty Spire (QoL Compilation)","Random Character Button","Replay The Spire","StSLib","The Animator","The Bug Knight","The Cursed","The Disciple","The Hierophant","The Jungle","The Runesmith","The Servant 0.9.4"],"gold_per_floor":[118,130,16,37,48,80,80,99,126,126,137,137,152,177,177,284,284,303,303,35,60,85,119,119,134,214,234,234,257,257,85,85,195,195,217,243,263,263,26,26,26,46,71,71,86,86,109,109,109,114,114,114,45,79,84],"floor_reached":56,"language":"FRA","playtime":26648,"items_purged":["hermit:Defend_Hermit"],"score":1248,"play_id":"2cfb65c2-0a97-4d8b-b51b-4187ee173a43","local_time":"20210209180312","is_ascension_mode":false,"campfire_choices":[{"floor":10,"key":"REST"},{"floor":12,"key":"REST"},{"floor":15,"key":"REST"},{"floor":24,"key":"REST"},{"floor":28,"key":"REST"},{"floor":32,"key":"DIG"},{"floor":41,"key":"RECALL"},{"data":"hermit:CursedWeapon","floor":44,"key":"SMITH"},{"data":"Replay:Parry","floor":46,"key":"SMITH"},{"data":"hermit:Covet","floor":49,"key":"SMITH"},{"data":"hermit:Vantage","floor":52,"key":"SMITH"}],"circlet_count":0,"master_deck":["hermit:Strike_Hermit","hermit:Defend_Hermit","hermit:Snapshot","hermit:Covet+1","hermit:CursedWeapon+1","hermit:Scavenge","hermit:GhostlyPresence","hermit:CalledShot","hermit:Deadeye","hermit:Feint","hermit:Horror","hermit:LowProfile","hermit:TakeAim","hermit:FromBeyond","hermit:Spite+1","hermit:CalledShot","hermit:Vantage+1","hermit:Determination","hermit:Manifest","hermit:LuckOfTheDraw+1","hermit:Brawl+1","hermit:Grudge+1","hermit:BlackWind","hermit:Determination","hermit:HighNoon","hermit:ItchyTrigger","hermit:Dive","hermit:BigShot","Replay:Parry+1","hermit:HoleUp+1","hermit:Dive+1","hermit:Enervate+1","ReplayTheSpireMod:IOU","hermit:ItchyTrigger","hermit:LuckOfTheDraw+1"],"relics":["conspire:SlowCooker","hubris:SphereOfDissonance","Hallownest:DreamNailRelic","Blue Doll","Replay:Grab Bag","ReplayTheSpireMod:Onyx Gauntlets","Replay:Fungal Core","Replay:Drink Me","conspire:Dentures","Oddly Smooth Stone","Snack Pack","HollowMod:JonisBlessing","Replay:Wax Seal","conspire:RunicOctahedron","Replay:Rubber Ducky","conspire:TopHat","hubris:Icosahedron","Vajra","Pear"],"acts_visited":["Hallownest:Greenpath","theJungle:Jungle","TheBeyond","TheEnding"],"potions_floor_usage":[6,14,16,21,33,35,47,47],"damage_taken":[{"damage":8,"enemies":"Hallownest:monsterHuskWarrior","floor":1,"turns":5},{"damage":6,"enemies":"Hallownest:2_Tiktiks_and_1_Crawlid","floor":2,"turns":4},{"damage":3,"enemies":"Hallownest:2_MossCreeps","floor":4,"turns":6},{"damage":2,"enemies":"Hallownest:MossCreep_and_Mosskin","floor":5,"turns":6},{"damage":34,"enemies":"Hallownest:eliteCrystalGuardian","floor":6,"turns":6},{"damage":14,"enemies":"Hallownest:2_Tiktiks_1_Baldur_1_Crawlid","floor":8,"turns":5},{"damage":2,"enemies":"Hallownest:monsterMossCharger","floor":11,"turns":1},{"damage":17,"enemies":"Hallownest:1_Ooma_and_2_Uuma","floor":13,"turns":5},{"damage":9,"enemies":"Hallownest:Guard_and_Warrior","floor":14,"turns":5},{"damage":8,"enemies":"Hallownest:BossBrokenVessel","floor":16,"turns":17},{"damage":8,"enemies":"theJungle:Flameango_and_Byrd","floor":18,"turns":4},{"damage":4,"enemies":"theJungle:MUSHROOMGANG","floor":21,"turns":4},{"damage":2,"enemies":"Snake Plant","floor":22,"turns":2},{"damage":23,"enemies":"theJungle:MamaSnecko","floor":23,"turns":7},{"damage":2,"enemies":"theJungle:2_Snecko_Cultists","floor":25,"turns":2},{"damage":2,"enemies":"theJungle:JungleHuntersEncounter","floor":27,"turns":4},{"damage":8,"enemies":"theJungle:Snecko_Cultist_And_Trap","floor":29,"turns":4},{"damage":19,"enemies":"theJungle:TotemBoss","floor":33,"turns":6},{"damage":11,"enemies":"3 Darklings","floor":35,"turns":3},{"damage":0,"enemies":"Orb Walker","floor":37,"turns":1},{"damage":0,"enemies":"Writhing Mass","floor":42,"turns":2},{"damage":0,"enemies":"Maw","floor":45,"turns":3},{"damage":0,"enemies":"Jaw Worm Horde","floor":47,"turns":4},{"damage":18,"enemies":"conspire:OrnateMirror","floor":50,"turns":6},{"damage":0,"enemies":"Shield and Spear","floor":54,"turns":5},{"damage":0,"enemies":"The Heart","floor":55,"turns":7}],"seed_played":"-2183418740108025718","potions_obtained":[{"floor":1,"key":"Swift Potion"},{"floor":2,"key":"GamblersBrew"},{"floor":5,"key":"Elixir"},{"floor":8,"key":"hexamod:SoulburnPotion"},{"floor":13,"key":"hermit:BlackBile"},{"floor":25,"key":"Energy Potion"},{"floor":27,"key":"Elixir"},{"floor":33,"key":"CultistPotion"},{"floor":37,"key":"Fire Potion"},{"floor":45,"key":"conspire:TimeTravelPotion"}],"is_trial":false,"path_per_floor":["M","M","$","M","M","E","?","M","T","R","M","R","M","M","R","B",null,"M","?","$","M","M","E","R","M","T","M","R","M","?","$","R","B",null,"M","T","M","?","$","?","R","M","T","R","M","R","M","?","R","B",null,"R","$","E","B",null],"character_chosen":"HERMIT","items_purchased":["hermit:GhostlyPresence","conspire:Dentures","hermit:CalledShot","HollowMod:JonisBlessing","hermit:Determination","hermit:BigShot","conspire:TopHat","Vajra","hermit:ItchyTrigger"],"campfire_rested":5,"item_purchase_floors":[3,20,20,31,31,39,39,53,53],"current_hp_per_floor":[67,61,61,58,56,22,22,8,8,30,28,50,33,24,46,38,57,49,49,49,45,43,20,37,35,35,37,54,48,48,48,48,29,57,46,46,46,46,46,46,46,46,46,46,46,46,46,46,46,28,57,57,57,67,67],"gold":84,"neow_bonus":"BOSS_RELIC","is_daily":false,"chose_seed":false,"campfire_upgraded":4,"win_rate":0.0,"timestamp":1612890192,"path_taken":["M","M","$","M","?","E","?","M","T","R","?","R","M","M","R","BOSS","M","?","$","M","M","E","R","?","T","M","R","M","?","$","R","BOSS","M","?","?","?","$","?","R","M","T","R","M","R","M","?","R","BOSS","R","$","E","BOSS"],"items_purchased_type":["Card","Relic","Card","Relic","Card","Card","Relic","Relic","Card"],"build_version":"2020-12-22","purchased_purges":1,"victory":true,"max_hp_per_floor":[75,75,75,75,75,75,75,75,75,75,75,75,75,75,75,75,57,57,57,57,57,57,57,57,57,57,57,57,57,57,57,57,57,57,57,57,57,57,57,57,57,57,57,57,57,57,57,57,57,57,57,57,57,67,67],"card_choices":[{"not_picked":["hermit:Coalescence","hermit:Desperado"],"picked":"hermit:CursedWeapon","floor":1},{"not_picked":["hermit:Manifest","hermit:CalledShot"],"picked":"hermit:Scavenge","floor":2},{"not_picked":["hermit:ShadowCloak","hermit:LoneWolf"],"picked":"hermit:CalledShot","floor":4},{"not_picked":["hermit:Combo","hermit:BodyArmor"],"picked":"hermit:Deadeye","floor":5},{"not_picked":["hermit:ItchyTrigger","hermit:Cheat"],"picked":"hermit:Feint","floor":6},{"not_picked":["hermit:Adapt","hermit:DeadMansHand"],"picked":"hermit:Horror","floor":8},{"not_picked":["hermit:Misfire","hermit:HighCaliber","hermit:Shortfuse"],"picked":"SKIP","floor":11},{"not_picked":["hermit:WideOpen","hermit:Glare"],"picked":"hermit:LowProfile","floor":13},{"not_picked":["hermit:Glare","hermit:ItchyTrigger"],"picked":"hermit:TakeAim","floor":14},{"not_picked":["hermit:Adapt","hermit:HighNoon"],"picked":"hermit:FromBeyond","floor":16},{"not_picked":["hermit:Misfire+1","hermit:Deadeye"],"picked":"hermit:Spite+1","floor":18},{"not_picked":["hermit:LowProfile","hermit:Showdown"],"picked":"hermit:Vantage","floor":21},{"not_picked":["hermit:Desperado+1","hermit:FullyLoaded"],"picked":"hermit:Determination","floor":22},{"not_picked":["hermit:Glare","hermit:TrackingShot"],"picked":"hermit:Manifest","floor":23},{"not_picked":["hermit:HeroicBravado","hermit:HighCaliber"],"picked":"hermit:LuckOfTheDraw+1","floor":25},{"not_picked":["hermit:Misfire+1","hermit:HighCaliber+1"],"picked":"hermit:Brawl+1","floor":27},{"not_picked":["hermit:FlashPowder","hermit:Headshot+1"],"picked":"hermit:Grudge+1","floor":29},{"not_picked":["hermit:Roughhouse","hermit:DeadOrAlive"],"picked":"hermit:HighNoon","floor":33},{"not_picked":["hermit:Shortfuse","hermit:Desperado+1"],"picked":"hermit:ItchyTrigger","floor":35},{"not_picked":["hermit:Desperado","hermit:TrackingShot"],"picked":"hermit:Dive","floor":37},{"not_picked":["Flash of Steel","Blind"],"picked":"Replay:Parry","floor":40},{"not_picked":["hermit:Virtue+1","hermit:WideOpen"],"picked":"hermit:HoleUp+1","floor":42},{"not_picked":["hermit:Headshot+1","hermit:CalledShot+1"],"picked":"hermit:Dive+1","floor":45},{"not_picked":["hermit:Feint+1","hermit:HighCaliber"],"picked":"hermit:Enervate+1","floor":47},{"not_picked":["hermit:SprayPray+1","hermit:Spite"],"picked":"hermit:LuckOfTheDraw+1","floor":54}],"player_experience":2234535,"relics_obtained":[{"floor":6,"key":"hubris:SphereOfDissonance"},{"floor":9,"key":"Blue Doll"},{"floor":23,"key":"Oddly Smooth Stone"},{"floor":26,"key":"Snack Pack"},{"floor":32,"key":"Replay:Wax Seal"},{"floor":36,"key":"Replay:Rubber Ducky"},{"floor":54,"key":"Pear"}],"event_choices":[{"cards_removed":["hermit:Strike_Hermit"],"damage_healed":0,"gold_gain":0,"player_choice":"Purged","damage_taken":0,"max_hp_gain":0,"max_hp_loss":0,"event_name":"Purifier","floor":19,"gold_loss":0},{"damage_healed":0,"gold_gain":0,"cards_transformed":["hermit:Defend_Hermit"],"player_choice":"Transformed","damage_taken":0,"max_hp_gain":0,"max_hp_loss":0,"event_name":"Transmorgrifier","floor":30,"gold_loss":0,"cards_obtained":["hermit:BlackWind"]},{"damage_healed":0,"gold_gain":0,"player_choice":"Ignored","damage_taken":0,"max_hp_gain":0,"max_hp_loss":0,"event_name":"Mysterious Sphere","floor":38,"gold_loss":0},{"damage_healed":0,"gold_gain":0,"player_choice":"Memory 1","damage_taken":0,"max_hp_gain":0,"max_hp_loss":0,"event_name":"SensoryStone","floor":40,"gold_loss":0}],"is_beta":false,"boss_relics":[{"not_picked":["hubris:VirtuousBlindfold","conspire:SeveredTorchhead"],"picked":"Replay:Grab Bag"},{"not_picked":["Fusion Hammer","Runic Dome"],"picked":"ReplayTheSpireMod:Onyx Gauntlets"},{"not_picked":["Replay:Wanted Poster","Sozu"],"picked":"Replay:Fungal Core"},{"not_picked":["hubris:HollowSoul","hubris:BlackHole"],"picked":"Replay:Drink Me"},{"not_picked":["Tiny House","Black Star"],"picked":"conspire:RunicOctahedron"}],"items_purged_floors":[3],"is_endless":false,"potions_floor_spawned":[1,2,5,8,13,25,27,33,37,45],"ascension_level":0}}