{"host":"j9610sde00vfp93k","time":1612885057,"event":{"mods":["AchievementEnabler","BaseMod","Minty Spire (QoL Compilation)","Permanent Neow","Rare Cards Sparkle","Spire Arcade","StSLib","SuperFastMode","The Runesmith"],"gold_per_floor":[368,387,399,399,474,474,136,136,136,155,180,198,198,237,237,360,360,381,381,100,124,178,178,178,178],"floor_reached":24,"language":"ENG","playtime":2116,"items_purged":["Parasite"],"score":204,"play_id":"51aa65c0-cfd0-4d3a-9142-649a58cde3f0","local_time":"20210209233737","is_ascension_mode":false,"campfire_choices":[{"data":"Runesmith:CraftFirestone","floor":6,"key":"SMITH"},{"data":"Runesmith:PoweredAnvil","floor":8,"key":"SMITH"},{"floor":15,"key":"REST"}],"circlet_count":0,"master_deck":["Runesmith:Strike_RS","Runesmith:Strike_RS","Runesmith:Strike_RS","Runesmith:Strike_RS","Runesmith:Defend_RS","Runesmith:Defend_RS","Runesmith:Defend_RS","Runesmith:Defend_RS","Runesmith:CraftFirestone+1","Runesmith:Fortify","Runesmith:CraftMagma","Runesmith:ChiselStab","Runesmith:CraftProtectio","Runesmith:PoweredAnvil+1","Runesmith:HammerThrow","Runesmith:PerfectChisel","Runesmith:CraftIncendium","Runesmith:CraftProtectio","Runesmith:UnlimitedPower","Runesmith:BackupBattery","Panache","Runesmith:GoWithTheFlow+1"],"relics":["Runesmith:BrokenRuby","Membership Card","Nunchaku","Blood Vial","CaptainsWheel","TungstenRod","Golden Idol","FossilizedHelix","Black Star","Calipers","Omamori"],"acts_visited":["Exordium","TheCity"],"potions_floor_usage":[14,14,16,24],"damage_taken":[{"damage":4,"enemies":"2 Louse","floor":1,"turns":3},{"damage":0,"enemies":"Small Slimes","floor":2,"turns":4},{"damage":5,"enemies":"Jaw Worm","floor":3,"turns":3},{"damage":12,"enemies":"2 Fungi Beasts","floor":10,"turns":4},{"damage":20,"enemies":"Gremlin Nob","floor":11,"turns":5},{"damage":10,"enemies":"Large Slime","floor":12,"turns":6},{"damage":5,"enemies":"3 Sentries","floor":14,"turns":7},{"damage":18,"enemies":"The Guardian","floor":16,"turns":10},{"damage":7,"enemies":"3 Byrds","floor":18,"turns":7},{"damage":18,"enemies":"2 Thieves","floor":21,"turns":4},{"damage":51,"enemies":"Gremlin Leader","floor":24,"turns":6}],"seed_played":"-2438189028253086820","potions_obtained":[{"floor":10,"key":"SneckoOil"},{"floor":11,"key":"AttackPotion"},{"floor":12,"key":"SkillPotion"},{"floor":14,"key":"LiquidMemories"},{"floor":21,"key":"Explosive Potion"}],"is_trial":false,"path_per_floor":["M","M","M","$","?","R","$","R","T","M","E","M","?","E","R","B",null,"M","?","$","M","T","?","E"],"character_chosen":"RUNESMITH_CLASS","items_purchased":["Membership Card","Nunchaku","Blood Vial","Runesmith:PoweredAnvil","Calipers","Panache"],"campfire_rested":1,"item_purchase_floors":[7,7,7,7,20,20],"current_hp_per_floor":[66,66,61,61,50,50,50,50,50,40,22,14,14,11,30,14,65,58,58,58,42,42,42,0,0],"gold":178,"neow_bonus":"TWO_FIFTY_GOLD","is_daily":false,"chose_seed":false,"campfire_upgraded":2,"win_rate":0.0,"timestamp":1612885057,"path_taken":["M","M","M","$","?","R","$","R","T","M","E","M","?","E","R","BOSS","M","?","$","M","?","?","E"],"items_purchased_type":["Relic","Relic","Relic","Card","Relic","Card"],"build_version":"2020-12-22","purchased_purges":1,"victory":false,"max_hp_per_floor":[70,70,70,70,70,70,70,70,70,70,70,70,65,65,65,65,65,65,65,62,62,62,62,62,62],"card_choices":[{"not_picked":["Runesmith:ShiftingStrike","Runesmith:MakeshiftArmor"],"picked":"Runesmith:CraftMagma","floor":1},{"not_picked":["Runesmith:GoWithTheFlow","Runesmith:Empowerment"],"picked":"Runesmith:ChiselStab","floor":2},{"not_picked":["Runesmith:ShiftingStrike","Runesmith:Discharge"],"picked":"Runesmith:CraftProtectio","floor":3},{"not_picked":["Runesmith:Augment","Runesmith:CraftReservo"],"picked":"Runesmith:HammerThrow","floor":10},{"not_picked":["Runesmith:ChiselStab","Runesmith:Augment"],"picked":"Runesmith:PerfectChisel","floor":11},{"not_picked":["Runesmith:EnergizedChisel","Runesmith:CraftVitae"],"picked":"Runesmith:CraftIncendium","floor":12},{"not_picked":["Runesmith:GenerateForcefield","Runesmith:MakeshiftArmor"],"picked":"Runesmith:CraftProtectio","floor":14},{"not_picked":["Runesmith:DuctTape","Runesmith:Duplicate"],"picked":"Runesmith:UnlimitedPower","floor":16},{"not_picked":["Runesmith:HeatedChisel+1","Runesmith:Prism"],"picked":"Runesmith:BackupBattery","floor":18},{"not_picked":["Runesmith:HammerThrow","Runesmith:HeatExchange"],"picked":"Runesmith:GoWithTheFlow+1","floor":21}],"player_experience":213242,"relics_obtained":[{"floor":9,"key":"CaptainsWheel"},{"floor":11,"key":"TungstenRod"},{"floor":14,"key":"FossilizedHelix"},{"floor":22,"key":"Omamori"}],"event_choices":[{"damage_healed":0,"gold_gain":75,"player_choice":"Gather Gold","damage_taken":11,"max_hp_gain":0,"max_hp_loss":0,"event_name":"World of Goop","floor":5,"gold_loss":0},{"damage_healed":0,"gold_gain":0,"player_choice":"Lose Max HP","damage_taken":0,"relics_obtained":["Golden Idol"],"max_hp_gain":0,"max_hp_loss":5,"event_name":"Golden Idol","floor":13,"gold_loss":0},{"damage_healed":0,"gold_gain":0,"player_choice":"Ignored","damage_taken":0,"max_hp_gain":0,"max_hp_loss":0,"event_name":"Vampires","floor":19,"gold_loss":0},{"damage_healed":0,"gold_gain":0,"player_choice":"Ignored","damage_taken":0,"max_hp_gain":0,"max_hp_loss":0,"event_name":"Beggar","floor":23,"gold_loss":0}],"is_beta":false,"boss_relics":[{"not_picked":["Velvet Choker","SlaversCollar"],"picked":"Black Star"}],"items_purged_floors":[20],"is_endless":false,"potions_floor_spawned":[10,11,12,14,21],"killed_by":"Gremlin Leader","ascension_level":0}}