{"host":"q5twaoo3ngmfp14g","time":1612913329,"event":{"mods":["AchievementEnabler","BaseMod","Minty Spire (QoL Compilation)","Relic Stats","StSLib"],"gold_per_floor":[113,113,113,128,1,27,27,58,83,112,124,192,342,375,375,448,448,464,47,59,59,59,59,90,90,90,105,80,80,92,122,122,196,196,211,227,242,256,302,302,302,336,336,661,661,58,85,0,0,0,0],"floor_reached":52,"language":"ENG","playtime":4336,"items_purged":["Defend_B","Doubt"],"score":2033,"play_id":"908ac60e-8abb-43f2-ace4-bf7c427f7500","local_time":"20210210002849","is_ascension_mode":true,"campfire_choices":[{"data":"Echo Form","floor":7.0,"key":"SMITH"},{"data":"Glacier","floor":15.0,"key":"SMITH"},{"data":"Fission","floor":23.0,"key":"SMITH"},{"floor":25.0,"key":"REST"},{"floor":32.0,"key":"REST"},{"floor":40,"key":"REST"},{"floor":41,"key":"REST"},{"data":"Defragment","floor":49,"key":"SMITH"}],"circlet_count":0,"master_deck":["AscendersBane","Strike_B","Strike_B","Strike_B","Strike_B","Defend_B","Defend_B","Defend_B","Zap","Dualcast","Glacier+1","Sweeping Beam","Coolheaded","Echo Form+1","Compile Driver","Glacier+1","Ball Lightning","Fission+1","Necronomicurse","Ball Lightning+1","Cold Snap","Seek","Electrodynamics","Turbo","Recycle","Go for the Eyes+1","Defragment+1"],"relics":["Cracked Core","NeowsBlessing","Orichalcum","Blood Vial","PreservedInsect","Blue Candle","Mercury Hourglass","Bottled Tornado","Runic Pyramid","Gambling Chip","Necronomicon","WarpedTongs","CaptainsWheel","Kunai","Spirit Poop","MealTicket","Busted Crown","WingedGreaves","Vajra","Thread and Needle","Old Coin","Mummified Hand","DataDisk","ClockworkSouvenir","Regal Pillow","Red Mask"],"acts_visited":["Exordium","TheCity","TheBeyond"],"potions_floor_usage":[38,42,51],"damage_taken":[{"damage":0.0,"enemies":"2 Louse","floor":1.0,"turns":1.0},{"damage":0.0,"enemies":"Jaw Worm","floor":4.0,"turns":1.0},{"damage":0.0,"enemies":"Lagavulin","floor":6.0,"turns":1.0},{"damage":16.0,"enemies":"3 Sentries","floor":8.0,"turns":7.0},{"damage":10.0,"enemies":"Lagavulin","floor":10.0,"turns":6.0},{"damage":0.0,"enemies":"Cultist","floor":11.0,"turns":3.0},{"damage":1.0,"enemies":"3 Sentries","floor":14.0,"turns":5.0},{"damage":18.0,"enemies":"The Guardian","floor":16.0,"turns":14.0},{"damage":6.0,"enemies":"2 Thieves","floor":18.0,"turns":4.0},{"damage":0.0,"enemies":"Chosen","floor":20.0,"turns":6.0},{"damage":13.0,"enemies":"Slavers","floor":24.0,"turns":5.0},{"damage":2.0,"enemies":"Snecko","floor":27.0,"turns":5.0},{"damage":13.0,"enemies":"Centurion and Healer","floor":30.0,"turns":7.0},{"damage":0.0,"enemies":"Book of Stabbing","floor":31.0,"turns":5.0},{"damage":44.0,"enemies":"Automaton","floor":33.0,"turns":17.0},{"damage":7.0,"enemies":"3 Darklings","floor":35.0,"turns":4.0},{"damage":0.0,"enemies":"Orb Walker","floor":36.0,"turns":3.0},{"damage":21.0,"enemies":"Writhing Mass","floor":37.0,"turns":9.0},{"damage":0,"enemies":"Sphere and 2 Shapes","floor":38,"turns":4},{"damage":38,"enemies":"2 Orb Walkers","floor":39,"turns":4},{"damage":22,"enemies":"Nemesis","floor":42,"turns":7},{"damage":0,"enemies":"Mind Bloom Boss Battle","floor":44,"turns":4},{"damage":45,"enemies":"Awakened One","floor":50,"turns":19},{"damage":5,"enemies":"Donu and Deca","floor":51,"turns":10}],"seed_played":"-1549140293486148464","potions_obtained":[{"floor":1.0,"key":"Fruit Juice"},{"floor":6.0,"key":"SpeedPotion"},{"floor":8.0,"key":"Ancient Potion"},{"floor":14.0,"key":"Block Potion"},{"floor":31.0,"key":"Ancient Potion"},{"floor":39,"key":"AttackPotion"},{"floor":42,"key":"FairyPotion"},{"floor":44,"key":"DuplicationPotion"}],"is_trial":false,"path_per_floor":["M","?","?","M","$","E","R","E","T","E","M","T","?","E","R","B",null,"M","$","M","?","?","R","E","R","T","M","$","?","M","E","R","B",null,"M","M","M","M","?","R","R","E","T","?","?","$","T","?","R","B","B",null],"character_chosen":"DEFECT","items_purchased":["Coolheaded","Gambling Chip","Cold Snap","Mummified Hand","DataDisk","ClockworkSouvenir"],"campfire_rested":4,"item_purchase_floors":[5,19,28,46,46,46],"current_hp_per_floor":[64,64,69,69,69,69,69,58,58,50,52,52,52,53,53,37,70,66,66,68,47,47,47,36,60,60,60,60,60,49,51,75,33,69,64,66,47,49,13,37,61,41,41,43,43,58,58,58,58,15,12],"gold":0,"neow_bonus":"THREE_ENEMY_KILL","is_daily":false,"chose_seed":false,"campfire_upgraded":4,"win_rate":0.0,"timestamp":1612913329,"path_taken":["M","?","?","?","?","E","R","E","T","E","M","?","?","E","R","BOSS","M","$","M","?","?","R","E","R","T","?","?","?","?","E","R","BOSS","M","M","?","M","?","R","R","E","T","?","?","$","?","?","R","BOSS","BOSS"],"items_purchased_type":["Card","Relic","Card","Relic","Relic","Relic"],"build_version":"2020-12-22","purchased_purges":2,"victory":true,"max_hp_per_floor":[71,71,76,76,76,76,76,81,81,81,81,81,81,81,81,81,81,81,81,81,81,81,81,81,81,81,81,81,81,81,81,81,81,81,81,81,81,81,81,81,81,81,81,81,77,77,77,77,77,77,77],"relic_stats":{"Regal Pillow":0,"counters":[24,150],"Blue Candle":[8],"PreservedInsect":196,"Orichalcum":[156],"Mercury Hourglass":[451],"WarpedTongs":[95],"Blood Vial":40,"Busted Crown":14,"Mummified Hand":[8],"Gambling Chip":[37],"MealTicket":15,"Necronomicon":[2],"Kunai":[54],"obtain_stats":[{"Regal Pillow":47,"Spirit Poop":29,"Vajra":42,"Bottled Tornado":14,"Old Coin":44,"ClockworkSouvenir":46,"Blood Vial":8,"Mummified Hand":46,"Gambling Chip":19,"MealTicket":31,"WingedGreaves":39,"Necronomicon":21,"Red Mask":48,"Kunai":26,"Cracked Core":0,"Runic Pyramid":17,"NeowsBlessing":0,"Blue Candle":10,"Thread and Needle":43,"PreservedInsect":9,"Orichalcum":6,"Mercury Hourglass":12,"WarpedTongs":22,"CaptainsWheel":24,"DataDisk":46,"Busted Crown":34},{"Regal Pillow":22,"Spirit Poop":12,"Vajra":21,"Bottled Tornado":7,"Old Coin":22,"ClockworkSouvenir":22,"Blood Vial":4,"Mummified Hand":22,"Gambling Chip":9,"MealTicket":14,"WingedGreaves":20,"Necronomicon":10,"Red Mask":22,"Kunai":11,"Cracked Core":0,"Runic Pyramid":8,"NeowsBlessing":0,"Blue Candle":5,"Thread and Needle":21,"PreservedInsect":4,"Orichalcum":3,"Mercury Hourglass":6,"WarpedTongs":10,"CaptainsWheel":11,"DataDisk":22,"Busted Crown":15},{"Regal Pillow":121,"Spirit Poop":58,"Vajra":117,"Bottled Tornado":24,"Old Coin":121,"ClockworkSouvenir":121,"Blood Vial":10,"Mummified Hand":121,"Gambling Chip":42,"MealTicket":69,"WingedGreaves":110,"Necronomicon":48,"Red Mask":121,"Kunai":53,"Cracked Core":0,"Runic Pyramid":38,"NeowsBlessing":0,"Blue Candle":16,"Thread and Needle":117,"PreservedInsect":10,"Orichalcum":3,"Mercury Hourglass":19,"WarpedTongs":48,"CaptainsWheel":53,"DataDisk":121,"Busted Crown":86}]},"card_choices":[{"not_picked":["Sunder","Undo"],"picked":"Glacier","floor":1.0},{"not_picked":["Steam Power","Hello World"],"picked":"Sweeping Beam","floor":4.0},{"not_picked":["Conserve Battery","Auto Shields"],"picked":"Echo Form","floor":6.0},{"not_picked":["Reprogram","Gash"],"picked":"Compile Driver","floor":8.0},{"not_picked":["Recycle","Barrage"],"picked":"Glacier","floor":10.0},{"not_picked":["Coolheaded","Lockon"],"picked":"Ball Lightning","floor":11.0},{"not_picked":["BootSequence","Steam Power","Auto Shields"],"picked":"SKIP","floor":14.0},{"not_picked":["Hyperbeam","Seek"],"picked":"Fission","floor":16.0},{"not_picked":["Storm","Recycle","Sweeping Beam"],"picked":"SKIP","floor":18.0},{"not_picked":["Compile Driver","Barrage","Gash"],"picked":"SKIP","floor":20.0},{"not_picked":["Sunder","Genetic Algorithm+1","Redo"],"picked":"SKIP","floor":24.0},{"not_picked":["Hello World","Conserve Battery"],"picked":"Ball Lightning+1","floor":27.0},{"not_picked":["Cold Snap","Hologram"],"picked":"Seek","floor":30.0},{"not_picked":["Go for the Eyes","BootSequence","Ball Lightning"],"picked":"SKIP","floor":31.0},{"not_picked":["Echo Form","Buffer"],"picked":"Electrodynamics","floor":33.0},{"not_picked":[],"picked":"Turbo","floor":35.0},{"not_picked":[],"picked":"Recycle","floor":36.0},{"not_picked":[],"picked":"Go for the Eyes+1","floor":37.0},{"not_picked":[],"picked":"Defragment","floor":38},{"not_picked":["Stack+1"],"picked":"SKIP","floor":42}],"player_experience":824431,"relics_obtained":[{"floor":6.0,"key":"Orichalcum"},{"floor":8.0,"key":"Blood Vial"},{"floor":9.0,"key":"PreservedInsect"},{"floor":10.0,"key":"Blue Candle"},{"floor":12.0,"key":"Mercury Hourglass"},{"floor":14.0,"key":"Bottled Tornado"},{"floor":21.0,"key":"Necronomicon"},{"floor":24.0,"key":"CaptainsWheel"},{"floor":26.0,"key":"Kunai"},{"floor":31.0,"key":"MealTicket"},{"floor":39,"key":"WingedGreaves"},{"floor":42,"key":"Vajra"},{"floor":43,"key":"Thread and Needle"},{"floor":44,"key":"Old Coin"},{"floor":47,"key":"Regal Pillow"}],"event_choices":[{"damage_healed":0.0,"max_hp_gain":0.0,"max_hp_loss":0.0,"gold_gain":0.0,"event_name":"Living Wall","player_choice":"Grow","floor":2.0,"gold_loss":0.0,"damage_taken":0.0,"cards_upgraded":["Glacier"]},{"damage_healed":0.0,"max_hp_gain":5.0,"max_hp_loss":0.0,"gold_gain":0.0,"event_name":"Big Fish","player_choice":"Donut","floor":3.0,"gold_loss":0.0,"damage_taken":0.0},{"damage_healed":0.0,"max_hp_gain":0.0,"max_hp_loss":0.0,"gold_gain":150.0,"event_name":"Liars Game","player_choice":"AGREE","floor":13.0,"gold_loss":0.0,"damage_taken":0.0,"cards_obtained":["Doubt"]},{"damage_healed":0.0,"max_hp_gain":0.0,"max_hp_loss":0.0,"gold_gain":0.0,"event_name":"Cursed Tome","player_choice":"Obtained Book","floor":21.0,"gold_loss":0.0,"damage_taken":21.0},{"damage_healed":0.0,"max_hp_gain":0.0,"max_hp_loss":0.0,"gold_gain":0.0,"event_name":"Accursed Blacksmith","player_choice":"Rummage","floor":22.0,"gold_loss":0.0,"damage_taken":0.0,"relics_obtained":["WarpedTongs"],"cards_obtained":["Pain"]},{"cards_removed":["Pain"],"damage_healed":0.0,"max_hp_gain":0.0,"max_hp_loss":0.0,"gold_gain":0.0,"event_name":"Bonfire Elementals","player_choice":"Offered Curse","floor":29.0,"gold_loss":0.0,"damage_taken":0.0,"relics_obtained":["Spirit Poop"]},{"damage_healed":0,"gold_gain":0,"player_choice":"Fight","damage_taken":0,"max_hp_gain":0,"max_hp_loss":0,"event_name":"Mysterious Sphere","floor":39,"gold_loss":0},{"damage_healed":0,"gold_gain":0,"player_choice":"Fight","damage_taken":0,"max_hp_gain":0,"max_hp_loss":0,"event_name":"MindBloom","floor":44,"gold_loss":0},{"damage_healed":0,"gold_gain":0,"player_choice":"Max HP","damage_taken":0,"max_hp_gain":0,"max_hp_loss":4,"event_name":"Winding Halls","floor":45,"gold_loss":0},{"damage_healed":0,"gold_gain":0,"player_choice":"Paid","damage_taken":0,"relics_obtained":["Red Mask"],"max_hp_gain":0,"max_hp_loss":0,"event_name":"Tomb of Lord Red Mask","floor":48,"gold_loss":85}],"is_beta":false,"boss_relics":[{"not_picked":["FrozenCore","Philosopher\u0027s Stone"],"picked":"Runic Pyramid"},{"not_picked":["Fusion Hammer","Velvet Choker"],"picked":"Busted Crown"}],"items_purged_floors":[5,19],"is_endless":false,"potions_floor_spawned":[1,6,8,14,18,31,33,37,39,42,44],"ascension_level":20}}