{"host":"f5gffvlv6a66yqkd","time":1612854416,"event":{"mods":["2.2 Compatiblity","BaseMod","Colored Map","Custom Start","DeckTracker","Keyboard Shortcuts","Minty Spire (QoL Compilation)","Permanent Neow","Quick Restart","Relic Stats","StSLib","SuperFastMode"],"gold_per_floor":[118,137,150,150,45,45,45,78,78,78,98,98,0,13,13,90,90,102,27,57,57,69,96,96,107,107,107,119,219,219,231,231,310,310,322,322,322,322],"floor_reached":37,"language":"KOR","playtime":1037,"items_purged":["Strike_B"],"score":774,"play_id":"e92b25a6-3260-4fef-b218-7bb062fd981a","local_time":"20210209160656","is_ascension_mode":true,"campfire_choices":[{"data":"Sunder","floor":6.0,"key":"SMITH"},{"data":"Double Energy","floor":10.0,"key":"SMITH"},{"data":"Go for the Eyes","floor":15.0,"key":"SMITH"},{"floor":24.0,"key":"REST"},{"floor":27.0,"key":"REST"},{"data":"Biased Cognition","floor":30.0,"key":"SMITH"},{"floor":32.0,"key":"REST"}],"circlet_count":0,"master_deck":["AscendersBane","Strike_B","Defend_B+1","Defend_B","Defend_B","Defend_B","Zap","Dualcast","Sunder+1","Cold Snap","Ball Lightning+1","Rebound","Barrage","Double Energy+1","Conserve Battery","Madness","Go for the Eyes+1","Biased Cognition+1","FTL","Coolheaded+1","Beam Cell","Chill+1","Coolheaded+1","Glacier","Biased Cognition"],"relics":["Cracked Core","PreservedInsect","InkBottle","StrikeDummy","Runic Pyramid","Red Mask","Blue Candle","Sundial","Incense Burner","HornCleat","SacredBark"],"acts_visited":["Exordium","TheCity","TheBeyond"],"potions_floor_usage":[33,33],"damage_taken":[{"damage":0.0,"enemies":"Jaw Worm","floor":1.0,"turns":3.0},{"damage":0.0,"enemies":"Small Slimes","floor":2.0,"turns":4.0},{"damage":0.0,"enemies":"2 Louse","floor":3.0,"turns":2.0},{"damage":1.0,"enemies":"3 Sentries","floor":8.0,"turns":5.0},{"damage":6.0,"enemies":"Exordium Thugs","floor":11.0,"turns":3.0},{"damage":1.0,"enemies":"Large Slime","floor":14.0,"turns":4.0},{"damage":10.0,"enemies":"Hexaghost","floor":16.0,"turns":9.0},{"damage":7.0,"enemies":"Spheric Guardian","floor":18.0,"turns":4.0},{"damage":38.0,"enemies":"Masked Bandits","floor":20.0,"turns":4.0},{"damage":3.0,"enemies":"3 Byrds","floor":22.0,"turns":4.0},{"damage":11.0,"enemies":"Slavers","floor":23.0,"turns":4.0},{"damage":22.0,"enemies":"Snake Plant","floor":25.0,"turns":4.0},{"damage":3.0,"enemies":"Snecko","floor":28.0,"turns":3.0},{"damage":4.0,"enemies":"Colosseum Slavers","floor":29.0,"turns":4.0},{"damage":1.0,"enemies":"Colosseum Nobs","floor":29.0,"turns":3.0},{"damage":5.0,"enemies":"Shelled Parasite and Fungi","floor":31.0,"turns":5.0},{"damage":18,"enemies":"Collector","floor":33,"turns":13},{"damage":1,"enemies":"Orb Walker","floor":35,"turns":4},{"damage":0,"enemies":"3 Darklings","floor":37,"turns":5}],"seed_played":"-6210722896001512067","potions_obtained":[{"floor":2.0,"key":"Explosive Potion"},{"floor":8.0,"key":"Block Potion"},{"floor":16.0,"key":"Regen Potion"},{"floor":18.0,"key":"Ancient Potion"},{"floor":22.0,"key":"FairyPotion"},{"floor":31.0,"key":"AttackPotion"},{"floor":33,"key":"SkillPotion"},{"floor":35,"key":"LiquidBronze"},{"floor":36,"key":"Energy Potion"}],"is_trial":false,"path_per_floor":["M","M","M","?","$","R","?","E","T","R","M","T","$","M","R","B",null,"M","?","?","?","M","E","R","M","T","R","M","?","R","M","R","B",null,"M","?","M"],"character_chosen":"DEFECT","items_purchased":["Rebound","Madness"],"campfire_rested":3,"item_purchase_floors":[5,13],"current_hp_per_floor":[64,64,64,43,43,43,43,42,42,42,36,36,36,35,35,25,60,53,53,27,15,12,1,22,21,21,42,39,34,34,29,50,32,61,60,60,60,60],"gold":322,"neow_bonus":"TRANSFORM_CARD","is_daily":false,"chose_seed":false,"campfire_upgraded":4,"win_rate":0.0,"timestamp":1612854416,"path_taken":["M","M","M","?","$","R","?","E","T","R","M","?","?","M","R","BOSS","M","?","?","?","M","E","R","M","T","R","?","?","R","M","R","BOSS","M","?","?"],"items_purchased_type":["Card","Card"],"build_version":"2020-12-22","purchased_purges":1,"victory":false,"max_hp_per_floor":[71,71,71,71,71,71,71,71,71,71,71,71,71,71,71,71,71,71,71,71,71,71,71,71,71,71,71,71,71,71,71,71,71,71,71,71,71,71],"relic_stats":{"counters":[19,87],"Sundial":[4],"Blue Candle":[0],"PreservedInsect":79,"obtain_stats":[{"HornCleat":29,"Sundial":26,"Blue Candle":23,"SacredBark":34,"PreservedInsect":8,"Red Mask":20,"Incense Burner":29,"Cracked Core":0,"StrikeDummy":12,"InkBottle":9,"Runic Pyramid":17},{"HornCleat":15,"Sundial":12,"Blue Candle":11,"SacredBark":17,"PreservedInsect":4,"Red Mask":9,"Incense Burner":15,"Cracked Core":0,"StrikeDummy":5,"InkBottle":4,"Runic Pyramid":7},{"HornCleat":60,"Sundial":50,"Blue Candle":46,"SacredBark":78,"PreservedInsect":14,"Red Mask":38,"Incense Burner":60,"Cracked Core":0,"StrikeDummy":17,"InkBottle":14,"Runic Pyramid":30}],"InkBottle":[26]},"card_choices":[{"not_picked":["Streamline","Conserve Battery"],"picked":"Undo","floor":1.0},{"not_picked":["Loop","Compile Driver"],"picked":"Cold Snap","floor":2.0},{"not_picked":["Coolheaded","Loop"],"picked":"Ball Lightning","floor":3.0},{"not_picked":["Sweeping Beam","Leap"],"picked":"Double Energy","floor":8.0},{"not_picked":["Recycle","Leap"],"picked":"Conserve Battery","floor":11.0},{"not_picked":["Coolheaded","Conserve Battery"],"picked":"Go for the Eyes","floor":14.0},{"not_picked":["Seek","Buffer"],"picked":"Biased Cognition","floor":16.0},{"not_picked":["Conserve Battery","Ball Lightning"],"picked":"FTL","floor":18.0},{"not_picked":["Hello World","Leap"],"picked":"Coolheaded+1","floor":20.0},{"not_picked":["Heatsinks","Steam","Cold Snap"],"picked":"SKIP","floor":22.0},{"not_picked":["Conserve Battery","Cold Snap","Reinforced Body"],"picked":"SKIP","floor":23.0},{"not_picked":["Rebound","Beam Cell","Stack"],"picked":"SKIP","floor":25.0},{"not_picked":["Rebound","Stack"],"picked":"Beam Cell","floor":25.0},{"not_picked":["Conserve Battery+1","Barrage"],"picked":"Chill+1","floor":28.0},{"not_picked":["Compile Driver","Hologram"],"picked":"Coolheaded+1","floor":29.0},{"not_picked":["Machine Learning","Barrage"],"picked":"Glacier","floor":31.0},{"not_picked":["Hyperbeam","Creative AI"],"picked":"Biased Cognition","floor":33},{"not_picked":["Sunder+1","Reprogram","Ball Lightning"],"picked":"SKIP","floor":35}],"player_experience":1713180,"relics_obtained":[{"floor":8.0,"key":"PreservedInsect"},{"floor":9.0,"key":"InkBottle"},{"floor":12.0,"key":"StrikeDummy"},{"floor":20.0,"key":"Red Mask"},{"floor":23.0,"key":"Blue Candle"},{"floor":26.0,"key":"Sundial"},{"floor":29.0,"key":"Incense Burner"},{"floor":29.0,"key":"HornCleat"}],"event_choices":[{"damage_healed":0.0,"max_hp_gain":0.0,"max_hp_loss":0.0,"gold_gain":0.0,"event_name":"Shining Light","player_choice":"Entered Light","floor":4.0,"gold_loss":0.0,"damage_taken":21.0,"cards_upgraded":["Defend_B","Ball Lightning"]},{"damage_healed":0.0,"max_hp_gain":0.0,"max_hp_loss":0.0,"gold_gain":0.0,"cards_transformed":["Strike_B"],"event_name":"Living Wall","player_choice":"Change","floor":7.0,"gold_loss":0.0,"damage_taken":0.0,"cards_obtained":["Barrage"]},{"cards_removed":["Undo"],"damage_healed":0.0,"max_hp_gain":0.0,"max_hp_loss":0.0,"gold_gain":0.0,"event_name":"Beggar","player_choice":"Gave Gold","floor":19.0,"gold_loss":75.0,"damage_taken":0.0},{"damage_healed":0.0,"max_hp_gain":0.0,"max_hp_loss":0.0,"gold_gain":0.0,"event_name":"Masked Bandits","player_choice":"Fought Bandits","floor":20.0,"gold_loss":0.0,"damage_taken":0.0},{"damage_healed":0.0,"max_hp_gain":0.0,"max_hp_loss":0.0,"gold_gain":0.0,"event_name":"Knowing Skull","player_choice":"POTION ","floor":21.0,"potions_obtained":["BlessingOfTheForge"],"gold_loss":0.0,"damage_taken":12.0,"cards_obtained":[]},{"damage_healed":0.0,"max_hp_gain":0.0,"max_hp_loss":0.0,"gold_gain":0.0,"event_name":"Colosseum","player_choice":"Fight","floor":29.0,"gold_loss":0.0,"damage_taken":0.0},{"damage_healed":0.0,"max_hp_gain":0.0,"max_hp_loss":0.0,"gold_gain":0.0,"event_name":"Colosseum","player_choice":"Fought Nobs","floor":29.0,"gold_loss":0.0,"damage_taken":0.0},{"damage_healed":0,"gold_gain":0,"player_choice":"Got Potions","damage_taken":0,"max_hp_gain":0,"max_hp_loss":0,"event_name":"Lab","floor":36,"gold_loss":0}],"is_beta":false,"boss_relics":[{"not_picked":["Runic Dome","Busted Crown"],"picked":"Runic Pyramid"},{"not_picked":["Velvet Choker","SlaversCollar"],"picked":"SacredBark"}],"items_purged_floors":[5],"is_endless":false,"potions_floor_spawned":[2,8,11,16,18,22,23,29,31,33,35],"killed_by":"3 Darklings","ascension_level":20}}