{"host":"6xsbn6ynqlzwllfm","time":1612898060,"event":{"mods":["2.2 Compatiblity","BaseMod","Bestiary","Colored Map","Colored Powertips","Curses Come First","Highlight Path","Keyboard Shortcuts","Minty Spire (QoL Compilation)","Relic Stats","Slay the Relics Exporter","StSLib","SuperFastMode"],"gold_per_floor":[18,18,18,31,46,77,77,91,91,91,118,183,83,93,93,172,172,191,191,211,10,23,23,55,55,126,160,175,188,188,213,213,291,291,301,301,320,345,399,424,424,424,447,472,22,52,65,84,84,84,84,84],"floor_reached":51,"language":"ENG","playtime":4087,"items_purged":["Strike_R"],"score":1681,"play_id":"2ed98e83-96e5-4fc6-b122-3d51eb70a4e3","local_time":"20210209141420","is_ascension_mode":true,"campfire_choices":[{"floor":7,"key":"REST"},{"data":"Rupture","floor":10,"key":"SMITH"},{"floor":15,"key":"REST"},{"floor":23,"key":"REST"},{"floor":25,"key":"REST"},{"floor":30,"key":"REST"},{"floor":32,"key":"REST"},{"floor":41,"key":"REST"},{"floor":49,"key":"RECALL"}],"circlet_count":0,"master_deck":["AscendersBane","Strike_R","Defend_R","Defend_R","Defend_R","Defend_R","Bash","Ghostly Armor","Body Slam","Rupture+1","Rage","Pain","Warcry","Cleave","Heavy Blade","Thunderclap","Whirlwind+1","Shrug It Off","Offering","Pommel Strike+1","Armaments+1","Feed+1","Shrug It Off","Metallicize","Disarm","Reaper+1","Hemokinesis+1","Feed+1","Metallicize","Flash of Steel+1","Dark Shackles","Clothesline+1","Dropkick+1","Fiend Fire+1","Burning Pact+1","Dual Wield+1","Secret Technique+1","Feel No Pain"],"relics":["Burning Blood","WarpedTongs","PreservedInsect","Ancient Tea Set","Molten Egg 2","Fusion Hammer","Unceasing Top","InkBottle","Turnip","Strawberry","Runic Cube","Charon\u0027s Ashes","StoneCalendar","Toxic Egg 2","Blue Candle","Bag of Preparation","Pen Nib"],"acts_visited":["Exordium","TheCity","TheBeyond"],"potions_floor_usage":[6,11,20,23,24,33,40,40,44,50],"damage_taken":[{"damage":8,"enemies":"Cultist","floor":1,"turns":5},{"damage":5,"enemies":"Small Slimes","floor":4,"turns":4},{"damage":7,"enemies":"Jaw Worm","floor":5,"turns":3},{"damage":61,"enemies":"Gremlin Nob","floor":6,"turns":5},{"damage":9,"enemies":"Large Slime","floor":8,"turns":4},{"damage":3,"enemies":"Lagavulin","floor":11,"turns":7},{"damage":11,"enemies":"Blue Slaver","floor":14,"turns":3},{"damage":28,"enemies":"The Guardian","floor":16,"turns":9},{"damage":23,"enemies":"2 Thieves","floor":18,"turns":4},{"damage":10,"enemies":"Shell Parasite","floor":20,"turns":3},{"damage":15,"enemies":"Cultist and Chosen","floor":22,"turns":5},{"damage":37,"enemies":"Book of Stabbing","floor":24,"turns":4},{"damage":9,"enemies":"Slavers","floor":27,"turns":2},{"damage":10,"enemies":"Sentry and Sphere","floor":28,"turns":3},{"damage":31,"enemies":"Snake Plant","floor":29,"turns":5},{"damage":26,"enemies":"Gremlin Leader","floor":31,"turns":6},{"damage":83,"enemies":"Automaton","floor":33,"turns":12},{"damage":29,"enemies":"3 Darklings","floor":35,"turns":6},{"damage":30,"enemies":"Orb Walker","floor":37,"turns":4},{"damage":21,"enemies":"Mind Bloom Boss Battle","floor":38,"turns":11},{"damage":72,"enemies":"2 Orb Walkers","floor":39,"turns":5},{"damage":31,"enemies":"Reptomancer","floor":40,"turns":5},{"damage":27,"enemies":"Giant Head","floor":44,"turns":5},{"damage":37,"enemies":"Nemesis","floor":46,"turns":5},{"damage":57,"enemies":"Writhing Mass","floor":47,"turns":5},{"damage":40,"enemies":"Jaw Worm Horde","floor":48,"turns":4},{"damage":47,"enemies":"Awakened One","floor":50,"turns":8},{"damage":103,"enemies":"Time Eater","floor":51,"turns":8}],"seed_played":"3535807956556592922","potions_obtained":[{"floor":5,"key":"Dexterity Potion"},{"floor":6,"key":"DuplicationPotion"},{"floor":11,"key":"Block Potion"},{"floor":16,"key":"BloodPotion"},{"floor":22,"key":"Fruit Juice"},{"floor":27,"key":"Block Potion"},{"floor":28,"key":"DistilledChaos"},{"floor":31,"key":"Explosive Potion"},{"floor":39,"key":"Block Potion"},{"floor":40,"key":"DistilledChaos"},{"floor":44,"key":"Ancient Potion"}],"is_trial":false,"path_per_floor":["M","?","?","M","M","E","R","M","T","R","E","?","$","M","R","B",null,"M","?","M","$","M","R","E","R","T","E","M","M","R","E","R","B",null,"M","?","M","?","?","E","R","?","T","E","$","E","M","M","R","B","B"],"character_chosen":"IRONCLAD","items_purchased":["Shrug It Off","Feed+1","Shrug It Off","Dual Wield+1","Secret Technique+1","Bag of Preparation","Weak Potion"],"campfire_rested":7,"item_purchase_floors":[13,21,21,45,45,45,45],"current_hp_per_floor":[66,66,66,67,66,11,33,30,30,30,33,33,33,28,50,28,63,46,25,21,21,16,47,37,64,64,65,65,44,75,96,116,67,104,102,92,75,83,35,25,62,62,62,96,96,72,68,112,112,100,0,0],"gold":84,"neow_bonus":"TRANSFORM_TWO_CARDS","is_daily":false,"chose_seed":false,"campfire_upgraded":1,"win_rate":0.0,"timestamp":1612898060,"path_taken":["M","?","?","?","M","E","R","M","T","R","E","?","$","M","R","BOSS","M","?","M","$","M","R","E","R","T","E","M","M","R","E","R","BOSS","M","?","M","?","?","E","R","?","T","E","$","E","?","M","R","BOSS","BOSS"],"items_purchased_type":["Card","Card","Card","Card","Card","Relic","Potion"],"build_version":"2020-12-22","purchased_purges":1,"victory":false,"max_hp_per_floor":[75,75,75,75,75,75,75,75,75,75,75,75,75,75,75,75,75,75,80,80,80,84,89,93,93,93,97,101,105,105,116,116,116,116,120,120,120,124,124,124,124,124,124,128,128,128,132,132,132,136,136,136],"relic_stats":{"counters":[28,150],"Blue Candle":[4],"StoneCalendar":[104],"PreservedInsect":399,"Charon\u0027s Ashes":[267],"Pen Nib":[4],"Bag of Preparation":[10],"Burning Blood":162,"WarpedTongs":[140],"Turnip":[4],"obtain_stats":[{"Blue Candle":44,"StoneCalendar":39,"PreservedInsect":6,"Charon\u0027s Ashes":38,"Pen Nib":46,"Bag of Preparation":45,"Ancient Tea Set":9,"Burning Blood":0,"WarpedTongs":3,"Strawberry":31,"Molten Egg 2":11,"Fusion Hammer":17,"Turnip":27,"Toxic Egg 2":40,"Unceasing Top":24,"InkBottle":26,"Runic Cube":34},{"Blue Candle":23,"StoneCalendar":21,"PreservedInsect":4,"Charon\u0027s Ashes":20,"Pen Nib":24,"Bag of Preparation":23,"Ancient Tea Set":5,"Burning Blood":0,"WarpedTongs":1,"Strawberry":16,"Molten Egg 2":6,"Fusion Hammer":8,"Turnip":13,"Toxic Egg 2":22,"Unceasing Top":12,"InkBottle":12,"Runic Cube":17},{"Blue Candle":120,"StoneCalendar":110,"PreservedInsect":17,"Charon\u0027s Ashes":105,"Pen Nib":125,"Bag of Preparation":120,"Ancient Tea Set":21,"Burning Blood":0,"WarpedTongs":5,"Strawberry":72,"Molten Egg 2":28,"Fusion Hammer":40,"Turnip":58,"Toxic Egg 2":115,"Unceasing Top":56,"InkBottle":56,"Runic Cube":84}],"Unceasing Top":[2],"InkBottle":[41],"Runic Cube":[149]},"card_choices":[{"not_picked":["Heavy Blade","Havoc"],"picked":"Rupture","floor":1},{"not_picked":["Fire Breathing","Anger"],"picked":"Warcry","floor":4},{"not_picked":["Shrug It Off","Pommel Strike"],"picked":"Cleave","floor":5},{"not_picked":["Sentinel","Perfected Strike"],"picked":"Heavy Blade","floor":6},{"not_picked":["Heavy Blade","Dual Wield"],"picked":"Thunderclap","floor":8},{"not_picked":["Battle Trance","Intimidate"],"picked":"Whirlwind+1","floor":11},{"not_picked":["Feel No Pain","Perfected Strike+1","Heavy Blade+1"],"picked":"SKIP","floor":14},{"not_picked":["Feel No Pain","Perfected Strike+1","Heavy Blade+1"],"picked":"SKIP","floor":14},{"not_picked":["Bludgeon+1","Impervious"],"picked":"Offering","floor":16},{"not_picked":["Thunderclap+1","Twin Strike+1"],"picked":"Pommel Strike+1","floor":18},{"not_picked":["Heavy Blade+1","Spot Weakness+1"],"picked":"Armaments+1","floor":20},{"not_picked":["Infernal Blade","True Grit"],"picked":"Blood for Blood+1","floor":22},{"not_picked":["Hemokinesis+1","Heavy Blade+1"],"picked":"Metallicize","floor":24},{"not_picked":["Warcry","True Grit"],"picked":"Disarm","floor":27},{"not_picked":["Iron Wave+1","Sword Boomerang+1"],"picked":"Reaper+1","floor":28},{"not_picked":["Intimidate+1","Feel No Pain"],"picked":"Hemokinesis+1","floor":29},{"not_picked":["Sentinel","Pommel Strike+1","Carnage+1"],"picked":"SKIP","floor":31},{"not_picked":["Limit Break","Fiend Fire+1"],"picked":"Feed+1","floor":33},{"not_picked":["Pommel Strike+1","Twin Strike+1"],"picked":"Metallicize","floor":35},{"not_picked":["Mind Blast+1","Discovery"],"picked":"Flash of Steel+1","floor":36},{"not_picked":["Finesse","Sadistic Nature"],"picked":"Dark Shackles","floor":36},{"not_picked":["Twin Strike+1","Rage+1"],"picked":"Clothesline+1","floor":37},{"not_picked":["Havoc","Armaments+1"],"picked":"Dropkick+1","floor":39},{"not_picked":["Second Wind+1","Havoc+1"],"picked":"Fiend Fire+1","floor":40},{"not_picked":["Ghostly Armor+1","Clothesline+1"],"picked":"Burning Pact+1","floor":44},{"not_picked":["Anger+1","Whirlwind+1","Thunderclap+1"],"picked":"SKIP","floor":47},{"not_picked":["Warcry+1","Wild Strike+1"],"picked":"Feel No Pain","floor":48}],"player_experience":1414220,"relics_obtained":[{"floor":6,"key":"PreservedInsect"},{"floor":9,"key":"Ancient Tea Set"},{"floor":11,"key":"Molten Egg 2"},{"floor":24,"key":"Unceasing Top"},{"floor":26,"key":"InkBottle"},{"floor":27,"key":"Turnip"},{"floor":31,"key":"Strawberry"},{"floor":38,"key":"Charon\u0027s Ashes"},{"floor":39,"key":"StoneCalendar"},{"floor":40,"key":"Toxic Egg 2"},{"floor":44,"key":"Blue Candle"},{"floor":46,"key":"Pen Nib"}],"event_choices":[{"damage_healed":0,"gold_gain":0,"cards_transformed":["Strike_R"],"player_choice":"Change","damage_taken":0,"max_hp_gain":0,"max_hp_loss":0,"event_name":"Living Wall","floor":2,"gold_loss":0,"cards_obtained":["Rage"]},{"damage_healed":0,"gold_gain":0,"player_choice":"Rummage","damage_taken":0,"relics_obtained":["WarpedTongs"],"max_hp_gain":0,"max_hp_loss":0,"event_name":"Accursed Blacksmith","floor":3,"gold_loss":0,"cards_obtained":["Pain"]},{"damage_healed":0,"gold_gain":65,"player_choice":"Gained Gold","damage_taken":0,"max_hp_gain":0,"max_hp_loss":0,"event_name":"Golden Wing","floor":12,"gold_loss":0},{"damage_healed":0,"gold_gain":0,"player_choice":"Shed Blood","damage_taken":26,"max_hp_gain":5,"max_hp_loss":0,"event_name":"Forgotten Altar","floor":19,"gold_loss":0},{"damage_healed":0,"gold_gain":0,"player_choice":"Memory 3","damage_taken":10,"max_hp_gain":0,"max_hp_loss":0,"event_name":"SensoryStone","floor":36,"gold_loss":0},{"damage_healed":0,"gold_gain":0,"player_choice":"Fight","damage_taken":0,"max_hp_gain":0,"max_hp_loss":0,"event_name":"MindBloom","floor":38,"gold_loss":0},{"damage_healed":0,"gold_gain":0,"player_choice":"Fight","damage_taken":0,"max_hp_gain":0,"max_hp_loss":0,"event_name":"Mysterious Sphere","floor":39,"gold_loss":0},{"cards_removed":["Blood for Blood"],"damage_healed":0,"gold_gain":0,"player_choice":"Removed Attack","damage_taken":0,"max_hp_gain":0,"max_hp_loss":0,"event_name":"Falling","floor":42,"gold_loss":0}],"is_beta":false,"boss_relics":[{"not_picked":["SacredBark","Black Star"],"picked":"Fusion Hammer"},{"not_picked":["Black Blood","Velvet Choker"],"picked":"Runic Cube"}],"items_purged_floors":[13],"is_endless":false,"potions_floor_spawned":[5,6,11,16,22,27,28,31,39,40,44,47,48],"killed_by":"Time Eater","ascension_level":20}}