{"host":"psytf3wd8ccrk52d","time":1612868106,"event":{"mods":["100% Spire Juice","2.2 Compatiblity","A Magickal Journey","Act Like it!","Arknights","Astrologer","Bartender","BaseMod","Beaked The Cultist","Bestiary","Better Note","Better Third Choice","BetterRewards","CapriCore","CatGirl Mod","Challenge The Spire","Clockwork Mod","Colored Map","Colored Powertips","Conspire","Curses Come First","Dio Mod","Downfall","Ekko","Fiend Mod","Friendly Minions","FutureSeer","Halation","Hermit","Hubris","Infinite Spire","JesterMod","Luminous","Marisa????????","Mathematician","Mimic Mod","Minty Spire (QoL Compilation)","Permanent Neow","Poor People Problems","Reliquary","Remilia??????","Replay The Spire","Robot Space Explorer","SIMod","SOS???????","Shade Mod","Shop Mod","Somnambulant","Spicy Shops","Spikes Relics","Spire Arcade","StSLib","The Accelerator","The Alterego","The Blackbeard","The Bug Knight","The Clintock","The Cursed","The Death Knight","The Dragon Tamer","The Exalted","The Fake Hero","The Florist","The Forsaken","The Gatherer","The Hayseed","The Hierophant","The Immortal","The Judge","The Marked","The Mystic","The Necromancer","The Problem Sleuth","The Runesmith","The Sage","The Saiyan","The Senshi","The Spell Scribe","The Valiant","The Vixen","TheFirefly","TheVacant","Waifu the Spire","Wide Potions","Yohane!","Yuri Mod","thorton"],"gold_per_floor":[118,118,118,135,135,135,135,135,135,135],"floor_reached":9,"language":"ENG","playtime":359,"items_purged":[],"score":49,"play_id":"e80ceacc-c7e3-4d77-96c5-1c3df6d2062b","local_time":"20210209105506","is_ascension_mode":false,"campfire_choices":[{"data":"Clockwork:Strike","floor":6,"key":"SMITH"}],"circlet_count":0,"master_deck":["Clockwork:Strike+1","Clockwork:Strike","Clockwork:Strike","Clockwork:Shield","Clockwork:Shield","Clockwork:Shield","Clockwork:Tinker","Clockwork:WarmUp","Clockwork:Roundhouse+1"],"relics":["Clockwork:MomentumEngine","hubris:EvacipatedBox"],"acts_visited":["Exordium"],"potions_floor_usage":[],"damage_taken":[{"damage":0,"enemies":"Small Slimes","floor":1,"turns":9},{"damage":0,"enemies":"Cultist","floor":4,"turns":6},{"damage":17,"enemies":"3 Sentries","floor":9,"turns":4}],"seed_played":"-4135580213703461835","potions_obtained":[],"is_trial":false,"path_per_floor":["M","?","$","M","?","R","PTL","PTL","E"],"character_chosen":"CLOCKWORK","items_purchased":["hubris:EvacipatedBox"],"campfire_rested":0,"item_purchase_floors":[3],"current_hp_per_floor":[85,85,66,66,59,59,59,59,42,42],"gold":135,"neow_bonus":"REMOVE_CARD","is_daily":false,"chose_seed":false,"campfire_upgraded":1,"win_rate":0.0,"timestamp":1612868106,"path_taken":["M","?","?","M","?","R","PTL","PTL","E"],"items_purchased_type":["Relic"],"build_version":"2020-12-22","purchased_purges":0,"victory":false,"max_hp_per_floor":[85,85,85,85,85,85,85,85,85,85],"card_choices":[{"not_picked":["Clockwork:AdaptiveShield","Clockwork:AdaptiveCannon"],"picked":"Clockwork:Roundhouse","floor":1},{"not_picked":["Clockwork:SystemScan","Clockwork:PerfectedShield","Clockwork:SystemHardening"],"picked":"SKIP","floor":4}],"player_experience":264764,"relics_obtained":[],"event_choices":[{"damage_healed":0,"gold_gain":0,"player_choice":"Upgraded","damage_taken":0,"max_hp_gain":0,"max_hp_loss":0,"event_name":"Upgrade Shrine","floor":2,"gold_loss":0,"cards_upgraded":["Clockwork:Roundhouse"]},{"cards_removed":["Clockwork:Shield"],"damage_healed":0,"gold_gain":0,"player_choice":"Card Removal","damage_taken":7,"max_hp_gain":0,"max_hp_loss":0,"event_name":"Golden Wing","floor":5,"gold_loss":0}],"is_beta":false,"boss_relics":[],"items_purged_floors":[],"is_endless":false,"potions_floor_spawned":[],"killed_by":"3 Sentries","ascension_level":0}}