{"host":"qc1sjgtdjonvdsd8","time":1612858085,"event":{"mods":["BaseMod","Colored Map","Colored Powertips","Curses Come First","Downfall","Minty Spire (QoL Compilation)","StSLib"],"gold_per_floor":[99,110,169,169,169,183,183,183,196,213,224,24,24,39,55,151,151,151,164,25,45,61,77,104,119,119,119,134,147,163,163,163,163,163],"floor_reached":32,"language":"ENG","playtime":3241,"items_purged":["sneckomod:Strike"],"score":265,"play_id":"59a86064-e4ea-4b7d-afca-91c9b7446208","local_time":"20210209000805","is_ascension_mode":false,"campfire_choices":[{"data":"sneckomod:UnknownUncommonPower","floor":8,"key":"SMITH"},{"data":"sneckomod:Cheat","floor":18,"key":"SMITH"},{"floor":26,"key":"REST"}],"circlet_count":0,"master_deck":["sneckomod:Defend","sneckomod:Defend","sneckomod:Defend","sneckomod:TailWhip","sneckomod:SnekBite","sneckomod:Unknown","Guardian:PiercingHide","sneckomod:UnknownDraw","sneckomod:ImprovisedGuard","sneckomod:UnknownUncommonPower+1","sneckomod:TrashToTreasure","sneckomod:DiceBoulder","sneckomod:UnknownUncommonPower","sneckomod:IronFang","sneckomod:UnknownClassTHE_BRONZE_AUTOMATON","sneckomod:UnknownUncommonPower","sneckomod:Cheat","sneckomod:Cheat+1","sneckomod:DiceCrush","sneckomod:WideSting+1","sneckomod:Nope+1","sneckomod:UnknownVulnerable","sneckomod:Cheat"],"relics":["sneckomod:SneckoSoul","Akabeko","sneckomod:SneckoCommon","Incense Burner","Busted Crown","Nloth\u0027s Gift"],"acts_visited":["Exordium","TheCity"],"potions_floor_usage":[10,16,16,22,28],"damage_taken":[{"damage":0,"enemies":"Cultist","floor":2,"turns":4},{"damage":16,"enemies":"Lagavulin Event","floor":3,"turns":5},{"damage":0,"enemies":"2 Louse","floor":6,"turns":2},{"damage":3,"enemies":"Jaw Worm","floor":9,"turns":4},{"damage":18,"enemies":"Gremlin Gang","floor":10,"turns":6},{"damage":12,"enemies":"Exordium Thugs","floor":11,"turns":5},{"damage":4,"enemies":"downfall:FleeingMerchant","floor":12,"turns":4},{"damage":4,"enemies":"3 Louse","floor":14,"turns":3},{"damage":8,"enemies":"Large Slime","floor":15,"turns":7},{"damage":2,"enemies":"IC_STATUS_ARCHETYPE","floor":16,"turns":7},{"damage":14,"enemies":"3 Byrds","floor":19,"turns":4},{"damage":0,"enemies":"downfall:FleeingMerchant","floor":20,"turns":4},{"damage":20,"enemies":"Spheric Guardian","floor":21,"turns":4},{"damage":13,"enemies":"3 Cultists","floor":22,"turns":4},{"damage":18,"enemies":"Shelled Parasite and Fungi","floor":23,"turns":4},{"damage":0,"enemies":"Centurion and Healer","floor":25,"turns":6},{"damage":12,"enemies":"Cultist and Chosen","floor":28,"turns":6},{"damage":17,"enemies":"Shelled Parasite and Fungi","floor":29,"turns":4},{"damage":4,"enemies":"Centurion and Healer","floor":30,"turns":6},{"damage":0,"enemies":"Sentry and Sphere","floor":32,"turns":3}],"seed_played":"-8070531303502662320","potions_obtained":[{"floor":6,"key":"PowerPotion"},{"floor":9,"key":"CultistPotion"},{"floor":10,"key":"FearPotion"},{"floor":11,"key":"sneckomod:DiceRollPotion"},{"floor":21,"key":"ColorlessPotion"},{"floor":22,"key":"Weak Potion"},{"floor":23,"key":"Dexterity Potion"},{"floor":31,"key":"CultistPotion"}],"is_trial":false,"path_per_floor":["R","M","?","?","?","M","T","R","M","M","M","$","?","M","M","B",null,"R","M","$","M","M","M","T","M","R","?","M","M","M","?","M"],"character_chosen":"THE_SNECKO","items_purchased":["sneckomod:SneckoCommon","sneckomod:UnknownUncommonPower","sneckomod:DiceCrush"],"campfire_rested":1,"item_purchase_floors":[12,12,20],"current_hp_per_floor":[81,81,65,65,65,65,65,65,62,44,32,28,25,21,13,11,81,81,67,67,47,34,16,16,16,40,40,28,11,7,7,7,7,7],"gold":163,"neow_bonus":"REMOVE_TWO","is_daily":false,"chose_seed":false,"campfire_upgraded":2,"win_rate":0.0,"timestamp":1612858085,"path_taken":["R","M","?","?","?","M","T","R","M","?","M","$","?","M","M","BOSS","R","M","$","M","M","M","T","M","R","?","M","M","?","?","M"],"items_purchased_type":["Relic","Card","Card"],"build_version":"2020-12-22","purchased_purges":1,"victory":false,"max_hp_per_floor":[81,81,81,81,81,81,81,81,81,81,81,81,81,81,81,81,81,81,81,81,81,81,81,81,81,81,81,81,81,81,81,81,81,81],"card_choices":[{"not_picked":["sneckomod:RainOfDice","sneckomod:SoulRoll"],"picked":"sneckomod:UnknownDraw","floor":2},{"not_picked":["sneckomod:SoulRoll","sneckomod:UnknownWeak"],"picked":"sneckomod:ImprovisedGuard","floor":3},{"not_picked":["sneckomod:Nope","sneckomod:UnknownStrike"],"picked":"sneckomod:UnknownUncommonPower","floor":6},{"not_picked":["sneckomod:DiceBoulder","sneckomod:UnknownDraw"],"picked":"sneckomod:TrashToTreasure","floor":9},{"not_picked":["sneckomod:Unknown1Cost","sneckomod:SoulRoll"],"picked":"sneckomod:DiceBoulder","floor":10},{"not_picked":["sneckomod:Nope","sneckomod:UnknownCommonAttack"],"picked":"sneckomod:UnknownUncommonPower","floor":11},{"not_picked":["sneckomod:UnknownStrike","sneckomod:UnendingSupply"],"picked":"sneckomod:IronFang","floor":12},{"not_picked":["sneckomod:DiceCrush","sneckomod:UnknownDraw"],"picked":"sneckomod:Cheat","floor":14},{"not_picked":["sneckomod:DiceBoulder","sneckomod:UnendingSupply","sneckomod:QuickBite"],"picked":"SKIP","floor":15},{"not_picked":["sneckomod:SerpentMind","sneckomod:UnknownRareSkill"],"picked":"sneckomod:Cheat","floor":16},{"not_picked":["sneckomod:QuickMove"],"picked":"SKIP","floor":19},{"not_picked":["sneckomod:UnknownCommonAttack"],"picked":"SKIP","floor":20},{"not_picked":["sneckomod:IronFang"],"picked":"SKIP","floor":21},{"not_picked":["sneckomod:UnendingSupply"],"picked":"SKIP","floor":22},{"not_picked":[],"picked":"sneckomod:WideSting+1","floor":23},{"not_picked":[],"picked":"sneckomod:Nope+1","floor":25},{"not_picked":[],"picked":"sneckomod:UnknownVulnerable","floor":28},{"not_picked":["sneckomod:UnknownWeak"],"picked":"SKIP","floor":29},{"not_picked":[],"picked":"sneckomod:Cheat","floor":30}],"player_experience":289585,"relics_obtained":[{"floor":3,"key":"Akabeko"},{"floor":7,"key":"Oddly Smooth Stone"}],"event_choices":[{"damage_healed":0,"gold_gain":0,"player_choice":"Ignored","damage_taken":0,"max_hp_gain":0,"max_hp_loss":0,"event_name":"NoteForYourself","floor":5,"gold_loss":0},{"damage_healed":0,"gold_gain":0,"player_choice":"Success","damage_taken":3,"relics_obtained":["Incense Burner"],"max_hp_gain":0,"max_hp_loss":0,"event_name":"Scrap Ooze","floor":13,"gold_loss":0}],"is_beta":false,"boss_relics":[{"not_picked":["Astrolabe","Runic Pyramid"],"picked":"Busted Crown"}],"items_purged_floors":[20],"is_endless":false,"potions_floor_spawned":[6,9,10,11,21,22,23],"killed_by":"Sentry and Sphere","ascension_level":0}}