{"host":"d61fcf2p3sjwe6yo","time":1612887040,"event":{"mods":["BaseMod","Colored Map","Koishi","Marisa????????","Minty Spire (QoL Compilation)","StSLib","SuperFastMode","The Servant 0.9.4"],"gold_per_floor":[114,114,114,129,54,54,85,96,96,127,144,171,171,183,183,262,262,280,280,280,292,319,331,243,258,258,292,304,316,349,359,359,433,433,445,445,456,255,255,281,281,293,343,362,362,382,432,457,457,457,457],"floor_reached":50,"language":"ENG","playtime":2731,"items_purged":["Strike_MRS","Writhe"],"score":1354,"play_id":"f04b9d65-a1f8-4ef8-b53f-28141488f4d9","local_time":"20210209191040","is_ascension_mode":true,"campfire_choices":[{"data":"DoubleSpark","floor":6,"key":"SMITH"},{"data":"BlazingStar","floor":15,"key":"SMITH"},{"data":"EarthLightRay","floor":23,"key":"SMITH"},{"floor":32,"key":"REST"},{"floor":41,"key":"RECALL"},{"floor":45,"key":"REST"},{"floor":49,"key":"REST"}],"circlet_count":0,"master_deck":["AscendersBane","Strike_MRS+1","Strike_MRS+1","Strike_MRS+1","Defend_MRS+1","Defend_MRS+1","Defend_MRS+1","Defend_MRS+1","MasterSpark","UpSweep","ChargeUpSpray","DoubleSpark+1","OrrerysSun","EarthLightRay+1","BlazingStar+1","ChargeUpSpray","UltimateShortwave","OortCloud","GalacticHalo","UltimateShortwave","FairyDestructionRay","GalacticHalo+1"],"relics":["MiniHakkero","NeowsBlessing","FossilizedHelix","Matryoshka","Unceasing Top","Singing Bowl","Bag of Preparation","Busted Crown","MawBank","Vajra","Bottled Tornado","Bronze Scales","Calipers","Fusion Hammer","Toolbox","Smiling Mask","TungstenRod","Ancient Tea Set"],"acts_visited":["Exordium","TheCity","TheBeyond"],"potions_floor_usage":[10,30,40,40,50],"damage_taken":[{"damage":0,"enemies":"Small Slimes","floor":1,"turns":1},{"damage":0,"enemies":"Cultist","floor":4,"turns":1},{"damage":0,"enemies":"Gremlin Nob","floor":7,"turns":1},{"damage":0,"enemies":"2 Louse","floor":8,"turns":3},{"damage":25,"enemies":"3 Sentries","floor":10,"turns":8},{"damage":0,"enemies":"Blue Slaver","floor":11,"turns":3},{"damage":4,"enemies":"2 Fungi Beasts","floor":14,"turns":3},{"damage":22,"enemies":"The Guardian","floor":16,"turns":11},{"damage":0,"enemies":"Chosen","floor":18,"turns":5},{"damage":25,"enemies":"3 Byrds","floor":22,"turns":6},{"damage":5,"enemies":"3 Cultists","floor":25,"turns":5},{"damage":11,"enemies":"Gremlin Leader","floor":27,"turns":5},{"damage":0,"enemies":"Shelled Parasite and Fungi","floor":28,"turns":3},{"damage":20,"enemies":"Chosen and Byrds","floor":29,"turns":6},{"damage":39,"enemies":"Slavers","floor":30,"turns":6},{"damage":0,"enemies":"Snecko","floor":31,"turns":3},{"damage":0,"enemies":"Automaton","floor":33,"turns":9},{"damage":0,"enemies":"3 Shapes","floor":35,"turns":5},{"damage":15,"enemies":"3 Darklings","floor":37,"turns":5},{"damage":6,"enemies":"Reptomancer","floor":40,"turns":6},{"damage":0,"enemies":"Sphere and 2 Shapes","floor":42,"turns":3},{"damage":40,"enemies":"Writhing Mass","floor":44,"turns":6},{"damage":0,"enemies":"Transient","floor":46,"turns":6},{"damage":26,"enemies":"2 Orb Walkers","floor":47,"turns":5},{"damage":50,"enemies":"Giant Head","floor":48,"turns":8},{"damage":108,"enemies":"Time Eater","floor":50,"turns":12}],"seed_played":"8690787850376794718","potions_obtained":[{"floor":3,"key":"FairyPotion"},{"floor":3,"key":"Swift Potion"},{"floor":4,"key":"Fire Potion"},{"floor":10,"key":"Dexterity Potion"},{"floor":22,"key":"PowerPotion"},{"floor":30,"key":"Swift Potion"},{"floor":40,"key":"Fruit Juice"},{"floor":42,"key":"Swift Potion"},{"floor":44,"key":"Dexterity Potion"}],"is_trial":false,"path_per_floor":["M","?","?","M","$","R","E","M","T","E","M","T","?","M","R","B",null,"M","?","?","?","M","R","$","M","T","E","M","M","E","M","R","B",null,"M","?","M","$","?","E","R","M","T","M","R","M","?","E","R","B"],"character_chosen":"MARISA","items_purchased":["Toolbox","FairyDestructionRay"],"campfire_rested":3,"item_purchase_floors":[38,38],"current_hp_per_floor":[63,68,68,68,68,68,68,68,68,47,51,51,51,53,53,35,67,73,73,73,73,54,54,54,57,57,52,58,46,15,23,49,55,81,87,87,76,76,76,83,83,91,91,59,89,95,77,35,66,0,0],"gold":457,"neow_bonus":"THREE_ENEMY_KILL","is_daily":false,"chose_seed":false,"campfire_upgraded":3,"win_rate":0.0,"timestamp":1612887040,"path_taken":["M","?","?","M","$","R","E","?","T","E","M","?","?","M","R","BOSS","M","?","?","?","?","R","$","M","T","E","M","M","E","M","R","BOSS","M","?","M","$","?","E","R","M","T","M","R","M","?","E","R","BOSS"],"items_purchased_type":["Relic","Card"],"build_version":"2020-12-22","purchased_purges":2,"victory":false,"max_hp_per_floor":[70,75,75,75,75,75,75,75,75,75,75,75,75,77,77,77,77,79,79,79,79,81,81,81,83,83,83,83,85,87,89,89,89,89,89,89,91,91,91,98,98,100,100,102,102,102,104,106,106,106,106],"card_choices":[{"not_picked":["GrandCross","MachineGunSpark"],"picked":"ChargeUpSpray","floor":1},{"not_picked":["UnstableBomb","MeteoricShower"],"picked":"DoubleSpark","floor":4},{"not_picked":["StarBarrage","Singularity"],"picked":"OrrerysSun","floor":7},{"not_picked":["PowerUp","DragonMeteor"],"picked":"EarthLightRay","floor":8},{"not_picked":["SatelliteIllusion","6A"],"picked":"BlazingStar","floor":10},{"not_picked":["LuminesStrike","AsteroidBelt"],"picked":"ChargeUpSpray","floor":11},{"not_picked":["ShootTheMoon","AsteroidBelt","PropBag"],"picked":"Singing Bowl","floor":14},{"not_picked":["SatelliteIllusion","SuperNova"],"picked":"UltimateShortwave","floor":16},{"not_picked":["GrandCross"],"picked":"Singing Bowl","floor":18},{"not_picked":["WitchOfGreed"],"picked":"Singing Bowl","floor":22},{"not_picked":["WitchLeyline"],"picked":"Singing Bowl","floor":25},{"not_picked":[],"picked":"OortCloud","floor":27},{"not_picked":[],"picked":"GalacticHalo","floor":28},{"not_picked":["ShootingEcho"],"picked":"Singing Bowl","floor":29},{"not_picked":["DC"],"picked":"Singing Bowl","floor":30},{"not_picked":["LuminesStrike"],"picked":"Singing Bowl","floor":31},{"not_picked":[],"picked":"UltimateShortwave","floor":33},{"not_picked":[],"picked":"EventHorizon","floor":35},{"not_picked":["GravityBeat"],"picked":"Singing Bowl","floor":37},{"not_picked":["Acceleration"],"picked":"Singing Bowl","floor":40},{"not_picked":["6A"],"picked":"Singing Bowl","floor":42},{"not_picked":["AlicesGift"],"picked":"Singing Bowl","floor":44},{"not_picked":[],"picked":"GalacticHalo+1","floor":46},{"not_picked":["WitchOfGreed"],"picked":"Singing Bowl","floor":47},{"not_picked":["OpenUniverse"],"picked":"Singing Bowl","floor":48}],"player_experience":318904,"relics_obtained":[{"floor":7,"key":"FossilizedHelix"},{"floor":9,"key":"Matryoshka"},{"floor":10,"key":"Unceasing Top"},{"floor":12,"key":"Singing Bowl"},{"floor":12,"key":"Bag of Preparation"},{"floor":26,"key":"Vajra"},{"floor":26,"key":"Bottled Tornado"},{"floor":27,"key":"Bronze Scales"},{"floor":30,"key":"Calipers"},{"floor":40,"key":"Smiling Mask"},{"floor":47,"key":"TungstenRod"},{"floor":48,"key":"Ancient Tea Set"}],"event_choices":[{"damage_healed":0,"gold_gain":0,"player_choice":"Donut","damage_taken":0,"max_hp_gain":5,"max_hp_loss":0,"event_name":"Big Fish","floor":2,"gold_loss":0},{"damage_healed":0,"gold_gain":0,"player_choice":"Got Potions","damage_taken":0,"max_hp_gain":0,"max_hp_loss":0,"event_name":"Lab","floor":3,"gold_loss":0},{"damage_healed":0,"gold_gain":0,"player_choice":"Ignored","damage_taken":0,"max_hp_gain":0,"max_hp_loss":0,"event_name":"Liars Game","floor":13,"gold_loss":0},{"damage_healed":0,"gold_gain":0,"player_choice":"Simplicity","damage_taken":0,"max_hp_gain":0,"max_hp_loss":0,"event_name":"Back to Basics","floor":19,"gold_loss":0,"cards_upgraded":["Strike_MRS","Strike_MRS","Strike_MRS","Defend_MRS","Defend_MRS","Defend_MRS","Defend_MRS"]},{"damage_healed":0,"gold_gain":0,"player_choice":"Opened","damage_taken":0,"relics_obtained":["MawBank"],"max_hp_gain":0,"max_hp_loss":0,"event_name":"The Mausoleum","floor":20,"gold_loss":0,"cards_obtained":["Writhe"]},{"damage_healed":0,"gold_gain":0,"player_choice":"Ignored","damage_taken":0,"max_hp_gain":0,"max_hp_loss":0,"event_name":"Ghosts","floor":21,"gold_loss":0},{"damage_healed":0,"gold_gain":0,"player_choice":"Ignored","damage_taken":0,"max_hp_gain":0,"max_hp_loss":0,"event_name":"Tomb of Lord Red Mask","floor":36,"gold_loss":0},{"cards_removed":["EventHorizon"],"damage_healed":0,"gold_gain":0,"player_choice":"Removed Power","damage_taken":0,"max_hp_gain":0,"max_hp_loss":0,"event_name":"Falling","floor":39,"gold_loss":0},{"damage_healed":0,"gold_gain":0,"player_choice":"Fight","damage_taken":0,"max_hp_gain":0,"max_hp_loss":0,"event_name":"Mysterious Sphere","floor":47,"gold_loss":0}],"is_beta":false,"boss_relics":[{"not_picked":["Snecko Eye","Velvet Choker"],"picked":"Busted Crown"},{"not_picked":["Runic Pyramid","Astrolabe"],"picked":"Fusion Hammer"}],"items_purged_floors":[5,24],"is_endless":false,"potions_floor_spawned":[4,10,14,22,25,30,31,40,42,44,48],"killed_by":"Time Eater","ascension_level":20}}