{"host":"wbjiqg83duq292na","time":1612847857,"event":{"mods":["BaseMod","Minty Spire (QoL Compilation)"],"gold_per_floor":[11,28,42,217,228,258,277,304,304,331,331,347,347,380,380,476,476,492,503,503,523,523,558,558,575,575,600,620,138,154,174,174,278,278,292,232,251,264,276,276,276,276,303,322,332,367,367,377,377,377,377,377,30,57,57,57],"floor_reached":55,"language":"ENG","playtime":3411,"items_purged":["Doubt","Shame"],"score":955,"play_id":"4a112075-f686-4444-a009-60519cc3f345","local_time":"20210209031737","is_ascension_mode":true,"campfire_choices":[{"floor":11,"key":"REST"},{"data":"Corpse Explosion","floor":13,"key":"SMITH"},{"floor":15,"key":"REST"},{"floor":24,"key":"REST"},{"floor":32,"key":"DIG"},{"floor":40,"key":"DIG"},{"floor":42,"key":"DIG"},{"floor":47,"key":"DIG"},{"floor":49,"key":"RECALL"},{"floor":52,"key":"DIG"}],"circlet_count":0,"master_deck":["Strike_G","Strike_G","Strike_G","Strike_G","Defend_G+1","Defend_G","Defend_G","Defend_G","Defend_G","Survivor","Neutralize","Poisoned Stab","Expertise+1","Backflip","Poisoned Stab","Expertise","Corpse Explosion+1","After Image+1","Poisoned Stab","Prepared+1","Blade Dance","Dagger Throw+1","Expertise+1","Blade Dance","Adrenaline","Reflex","Accuracy+1","Blade Dance+1","Poisoned Stab+1","Strike_G","Accuracy+1","A Thousand Cuts","Prepared+1","Finisher"],"relics":["Ring of the Snake","Thread and Needle","Paper Crane","War Paint","Shuriken","InkBottle","Anchor","Sozu","Happy Flower","Shovel","Gremlin Horn","Nunchaku","Darkstone Periapt","Centennial Puzzle","Cursed Key","Dream Catcher","Mango","Bottled Lightning","Calipers","Pear","Kunai","Pocketwatch"],"acts_visited":["Exordium","TheCity","TheBeyond","TheEnding"],"potions_floor_usage":[6,8,8,10,16,16,16,27],"damage_taken":[{"damage":2,"enemies":"Cultist","floor":1,"turns":5},{"damage":0,"enemies":"Small Slimes","floor":2,"turns":5},{"damage":0,"enemies":"2 Louse","floor":3,"turns":3},{"damage":5,"enemies":"Red Slaver","floor":5,"turns":5},{"damage":23,"enemies":"Lagavulin","floor":6,"turns":10},{"damage":0,"enemies":"Blue Slaver","floor":7,"turns":5},{"damage":0,"enemies":"3 Sentries","floor":8,"turns":9},{"damage":7,"enemies":"Gremlin Nob","floor":10,"turns":4},{"damage":3,"enemies":"2 Fungi Beasts","floor":12,"turns":5},{"damage":10,"enemies":"Lagavulin","floor":14,"turns":6},{"damage":26,"enemies":"Hexaghost","floor":16,"turns":7},{"damage":0,"enemies":"Spheric Guardian","floor":18,"turns":5},{"damage":0,"enemies":"Chosen","floor":19,"turns":5},{"damage":0,"enemies":"Shelled Parasite and Fungi","floor":21,"turns":11},{"damage":35,"enemies":"Book of Stabbing","floor":23,"turns":7},{"damage":0,"enemies":"Centurion and Healer","floor":25,"turns":5},{"damage":5,"enemies":"Slavers","floor":27,"turns":6},{"damage":0,"enemies":"3 Cultists","floor":28,"turns":2},{"damage":3,"enemies":"Sentry and Sphere","floor":30,"turns":4},{"damage":0,"enemies":"Shelled Parasite and Fungi","floor":31,"turns":4},{"damage":35,"enemies":"Collector","floor":33,"turns":7},{"damage":0,"enemies":"Orb Walker","floor":35,"turns":3},{"damage":1,"enemies":"3 Shapes","floor":37,"turns":4},{"damage":0,"enemies":"Writhing Mass","floor":38,"turns":5},{"damage":0,"enemies":"Transient","floor":39,"turns":5},{"damage":0,"enemies":"Maw","floor":44,"turns":4},{"damage":0,"enemies":"Spire Growth","floor":45,"turns":3},{"damage":0,"enemies":"Nemesis","floor":46,"turns":3},{"damage":0,"enemies":"Writhing Mass","floor":48,"turns":3},{"damage":23,"enemies":"Awakened One","floor":50,"turns":7},{"damage":2,"enemies":"Shield and Spear","floor":54,"turns":3},{"damage":101,"enemies":"The Heart","floor":55,"turns":6}],"seed_played":"1877559077922720802","potions_obtained":[{"floor":2,"key":"EssenceOfSteel"},{"floor":6,"key":"Dexterity Potion"},{"floor":12,"key":"LiquidBronze"},{"floor":14,"key":"PowerPotion"},{"floor":16,"key":"Fire Potion"}],"is_trial":false,"path_per_floor":["M","M","M","?","M","E","M","E","T","E","R","M","R","E","R","B",null,"M","M","?","M","?","E","R","M","T","E","M","$","M","M","R","B",null,"M","?","M","M","M","R","?","R","T","M","M","E","R","M","R","B",null,"R","$","E","B"],"character_chosen":"THE_SILENT","items_purchased":["Nunchaku","Darkstone Periapt","Kunai"],"campfire_rested":3,"item_purchase_floors":[29,29,53],"current_hp_per_floor":[68,68,68,68,63,40,40,40,40,33,54,51,51,41,62,36,70,70,70,70,70,70,35,56,56,56,51,51,51,48,48,48,13,70,70,70,69,69,69,69,69,83,89,89,89,89,89,89,89,66,90,100,100,98,0,0],"gold":57,"neow_bonus":"ONE_RARE_RELIC","is_daily":false,"chose_seed":false,"campfire_upgraded":1,"win_rate":0.0,"timestamp":1612847857,"path_taken":["M","?","M","?","M","E","M","E","T","E","R","M","R","E","R","BOSS","M","M","?","?","?","E","R","?","T","E","M","$","M","M","R","BOSS","M","?","?","M","M","R","?","R","T","M","M","E","R","?","R","BOSS","R","$","E","BOSS"],"items_purchased_type":["Relic","Relic","Relic"],"build_version":"2020-12-22","purchased_purges":2,"victory":false,"max_hp_per_floor":[70,70,70,70,70,70,70,70,70,70,70,70,70,70,70,70,70,70,70,70,70,70,70,70,70,70,70,70,70,70,70,70,70,70,70,70,70,70,70,70,70,84,90,90,90,90,90,90,90,90,90,100,100,100,100,100],"card_choices":[{"not_picked":["Slice","PiercingWail","Flying Knee"],"picked":"SKIP","floor":1},{"not_picked":["Slice","Sucker Punch"],"picked":"Poisoned Stab","floor":2},{"not_picked":["PiercingWail","Dagger Throw"],"picked":"Expertise","floor":3},{"not_picked":["Prepared","Underhanded Strike"],"picked":"Backflip","floor":5},{"not_picked":["Underhanded Strike","Predator"],"picked":"Venomology","floor":6},{"not_picked":["Prepared","Riddle With Holes"],"picked":"Poisoned Stab","floor":7},{"not_picked":["Cloak And Dagger","Underhanded Strike","PiercingWail"],"picked":"SKIP","floor":8},{"not_picked":["Sucker Punch","Slice"],"picked":"Expertise","floor":10},{"not_picked":["Deadly Poison","Underhanded Strike"],"picked":"Corpse Explosion","floor":12},{"not_picked":["Bouncing Flask","Cloak And Dagger","Dagger Throw"],"picked":"SKIP","floor":14},{"not_picked":["Phantasmal Killer","Night Terror"],"picked":"After Image","floor":16},{"not_picked":["Bane+1","Flechettes","Setup"],"picked":"SKIP","floor":18},{"not_picked":["Underhanded Strike","Dagger Spray","Bane+1"],"picked":"SKIP","floor":19},{"not_picked":["Deadly Poison+1","Backflip"],"picked":"Poisoned Stab","floor":21},{"not_picked":["Predator","Caltrops"],"picked":"Prepared+1","floor":23},{"not_picked":["Malaise","Deflect+1"],"picked":"Blade Dance","floor":25},{"not_picked":["Heel Hook","Prepared"],"picked":"Dagger Throw+1","floor":27},{"not_picked":["Quick Slash","Bane"],"picked":"Expertise+1","floor":28},{"not_picked":["Slice","Deadly Poison"],"picked":"Blade Dance","floor":30},{"not_picked":["Backstab","Dodge and Roll","PiercingWail"],"picked":"SKIP","floor":31},{"not_picked":["Die Die Die","Tools of the Trade"],"picked":"Adrenaline","floor":33},{"not_picked":["Sucker Punch","Deflect+1","Predator+1"],"picked":"SKIP","floor":35},{"not_picked":["Riddle With Holes","Underhanded Strike+1"],"picked":"Accuracy+1","floor":37},{"not_picked":["Acrobatics+1","Bane+1"],"picked":"Blade Dance+1","floor":38},{"not_picked":["PiercingWail+1","Dagger Spray"],"picked":"Poisoned Stab+1","floor":39},{"not_picked":["Dodge and Roll","Dagger Throw+1"],"picked":"Accuracy+1","floor":44},{"not_picked":["Poisoned Stab","Slice","Acrobatics"],"picked":"SKIP","floor":45},{"not_picked":["Flechettes","Prepared+1"],"picked":"A Thousand Cuts","floor":46},{"not_picked":["Backflip+1","Skewer"],"picked":"Prepared+1","floor":48},{"not_picked":["Skewer","Leg Sweep+1"],"picked":"Finisher","floor":54}],"player_experience":449038,"relics_obtained":[{"floor":6,"key":"Paper Crane"},{"floor":8,"key":"War Paint"},{"floor":9,"key":"Shuriken"},{"floor":10,"key":"InkBottle"},{"floor":14,"key":"Anchor"},{"floor":23,"key":"Happy Flower"},{"floor":26,"key":"Shovel"},{"floor":27,"key":"Gremlin Horn"},{"floor":32,"key":"Centennial Puzzle"},{"floor":40,"key":"Dream Catcher"},{"floor":42,"key":"Mango"},{"floor":46,"key":"Bottled Lightning"},{"floor":47,"key":"Calipers"},{"floor":52,"key":"Pear"},{"floor":54,"key":"Pocketwatch"}],"event_choices":[{"damage_healed":0,"gold_gain":175,"player_choice":"AGREE","damage_taken":0,"max_hp_gain":0,"max_hp_loss":0,"event_name":"Liars Game","floor":4,"gold_loss":0,"cards_obtained":["Doubt"]},{"damage_healed":0,"gold_gain":0,"player_choice":"Got Potions","damage_taken":0,"max_hp_gain":0,"max_hp_loss":0,"event_name":"Lab","floor":20,"gold_loss":0},{"damage_healed":0,"gold_gain":0,"player_choice":"Upgraded","damage_taken":0,"max_hp_gain":0,"max_hp_loss":0,"event_name":"Upgrade Shrine","floor":22,"gold_loss":0,"cards_upgraded":["After Image"]},{"damage_healed":0,"gold_gain":0,"cards_transformed":["Venomology","Strike_G"],"player_choice":"Transformed Cards","damage_taken":0,"max_hp_gain":0,"max_hp_loss":0,"event_name":"Designer","floor":36,"gold_loss":60,"cards_obtained":["Outmaneuver","Reflex"]},{"cards_removed":["Outmaneuver"],"damage_healed":0,"gold_gain":0,"player_choice":"Took Card","damage_taken":0,"max_hp_gain":0,"max_hp_loss":0,"event_name":"NoteForYourself","floor":41,"gold_loss":0,"cards_obtained":["Strike_G"]}],"is_beta":false,"boss_relics":[{"not_picked":["HoveringKite","Calling Bell"],"picked":"Sozu"},{"not_picked":["Fusion Hammer","Astrolabe"],"picked":"Cursed Key"}],"items_purged_floors":[29,53],"is_endless":false,"potions_floor_spawned":[2,6,12,14,16,18,31,33,37,45,46],"killed_by":"The Heart","ascension_level":2}}