{"host":"snczp9esof91ppiq","time":1612845178,"event":{"mods":["AchievementEnabler","BaseMod","Better Match","Better Note","Better Sensory Stone","Better Skull","Colored Map","Colored Powertips","Hermit","Minty Spire (QoL Compilation)","Relic Stats","StSLib"],"gold_per_floor":[217,292,292,310,325,325,345,345,345],"floor_reached":8,"language":"ENG","playtime":315,"items_purged":[],"score":79,"play_id":"ff01c9e0-03cd-4373-b075-53714e1fc0e4","local_time":"20210208223258","is_ascension_mode":true,"campfire_choices":[{"data":"Sword Boomerang","floor":6,"key":"SMITH"}],"circlet_count":0,"master_deck":["AscendersBane","Strike_R","Strike_R","Strike_R","Strike_R","Strike_R","Defend_R","Defend_R","Defend_R","Defend_R","Bash+1","Infernal Blade","Infernal Blade","Sword Boomerang+1","Carnage"],"relics":["Burning Blood"],"acts_visited":["Exordium"],"potions_floor_usage":[4],"damage_taken":[{"damage":18,"enemies":"Jaw Worm","floor":1,"turns":5},{"damage":7,"enemies":"Small Slimes","floor":4,"turns":4},{"damage":0,"enemies":"Cultist","floor":5,"turns":3},{"damage":24,"enemies":"Large Slime","floor":7,"turns":6},{"damage":45,"enemies":"3 Sentries","floor":8,"turns":7}],"seed_played":"3133622255531536580","potions_obtained":[{"floor":1,"key":"SteroidPotion"},{"floor":5,"key":"SteroidPotion"}],"is_trial":false,"path_per_floor":["M","?","?","M","M","R","M","E"],"character_chosen":"IRONCLAD","items_purchased":[],"campfire_rested":0,"item_purchase_floors":[],"current_hp_per_floor":[60,49,49,48,54,54,36,0,0],"gold":345,"neow_bonus":"HUNDRED_GOLD","is_daily":false,"chose_seed":false,"campfire_upgraded":1,"win_rate":0.0,"timestamp":1612845178,"path_taken":["M","?","?","?","M","R","M","E"],"items_purchased_type":[],"build_version":"2020-12-22","purchased_purges":0,"victory":false,"max_hp_per_floor":[80,80,80,80,80,80,80,80,80],"relic_stats":{"counters":[5,25],"obtain_stats":[{"Burning Blood":0},{"Burning Blood":0},{"Burning Blood":0}],"Burning Blood":24},"card_choices":[{"not_picked":["Havoc","Rage"],"picked":"Infernal Blade","floor":1},{"not_picked":["Clash","Hemokinesis"],"picked":"Infernal Blade","floor":4},{"not_picked":["Anger","Evolve"],"picked":"Sword Boomerang","floor":5},{"not_picked":["Headbutt","Havoc"],"picked":"Carnage","floor":7}],"player_experience":905661,"relics_obtained":[],"event_choices":[{"damage_healed":0,"gold_gain":75,"player_choice":"Gather Gold","damage_taken":11,"max_hp_gain":0,"max_hp_loss":0,"event_name":"World of Goop","floor":2,"gold_loss":0},{"damage_healed":0,"gold_gain":0,"player_choice":"Forge","damage_taken":0,"max_hp_gain":0,"max_hp_loss":0,"event_name":"Accursed Blacksmith","floor":3,"gold_loss":0,"cards_upgraded":["Bash"]}],"is_beta":false,"boss_relics":[],"items_purged_floors":[],"is_endless":false,"potions_floor_spawned":[1,5],"killed_by":"3 Sentries","ascension_level":13}}