{"host":"a92fqxohjrzqy5rn","time":1612907592,"event":{"mods":["AchievementEnabler","BaseMod","Minty Spire (QoL Compilation)","Relic Sorter","Smile Girya"],"gold_per_floor":[210,22,38,51,51,51,71,82,82,82,111,126,126,143,143,143,143],"floor_reached":16,"language":"ENG","playtime":561,"items_purged":[],"score":104,"play_id":"a92a1c8e-2c77-487f-b6a0-638573d97533","local_time":"20210209215312","is_ascension_mode":false,"campfire_choices":[{"data":"Perfected Strike","floor":6.0,"key":"SMITH"},{"data":"Inflame","floor":10.0,"key":"SMITH"},{"data":"Perfected Strike","floor":15,"key":"SMITH"}],"circlet_count":0,"master_deck":["Strike_R","Strike_R","Strike_R","Strike_R","Strike_R","Defend_R","Defend_R","Defend_R","Defend_R","Bash","Rupture","Fire Breathing","Clash","Perfected Strike+1","Clothesline","Inflame+1","Bludgeon","Barricade","Perfected Strike+1"],"relics":["Burning Blood","Strange Spoon","FossilizedHelix","Letter Opener","Self Forming Clay"],"acts_visited":["Exordium"],"potions_floor_usage":[14],"damage_taken":[{"damage":10.0,"enemies":"Cultist","floor":1.0,"turns":4.0},{"damage":11.0,"enemies":"Jaw Worm","floor":3.0,"turns":3.0},{"damage":1.0,"enemies":"2 Louse","floor":4.0,"turns":4.0},{"damage":0.0,"enemies":"Lots of Slimes","floor":7.0,"turns":5.0},{"damage":25.0,"enemies":"Exordium Thugs","floor":8.0,"turns":5.0},{"damage":13.0,"enemies":"Lagavulin","floor":11.0,"turns":7.0},{"damage":0,"enemies":"Red Slaver","floor":12,"turns":1},{"damage":15,"enemies":"Lots of Slimes","floor":14,"turns":5},{"damage":54,"enemies":"Hexaghost","floor":16,"turns":9}],"seed_played":"9200532847329492805","potions_obtained":[{"floor":4.0,"key":"Energy Potion"},{"floor":8.0,"key":"BlessingOfTheForge"},{"floor":11.0,"key":"PowerPotion"}],"is_trial":false,"path_per_floor":["M","$","M","M","$","R","M","M","T","R","E","M","T","M","R","B"],"character_chosen":"IRONCLAD","items_purchased":["Strange Spoon","Fire Breathing"],"campfire_rested":0,"item_purchase_floors":[2,2],"current_hp_per_floor":[76,76,71,76,76,76,80,61,61,61,54,60,60,51,51,0,0],"gold":143,"neow_bonus":"HUNDRED_GOLD","is_daily":false,"chose_seed":false,"campfire_upgraded":3,"win_rate":0.0,"timestamp":1612907592,"path_taken":["M","?","M","M","$","R","M","M","T","R","E","M","?","M","R","BOSS"],"items_purchased_type":["Relic","Card"],"build_version":"2020-12-22","purchased_purges":0,"victory":false,"max_hp_per_floor":[80,80,80,80,80,80,80,80,80,80,80,80,80,80,80,80,80],"card_choices":[{"not_picked":["Sword Boomerang","Pummel"],"picked":"Rupture","floor":1.0},{"not_picked":["Shrug It Off","Cleave"],"picked":"Clash","floor":3.0},{"not_picked":["Carnage","Clothesline"],"picked":"Perfected Strike","floor":4.0},{"not_picked":["Whirlwind","Anger"],"picked":"Clothesline","floor":7.0},{"not_picked":["Evolve","Flex"],"picked":"Inflame","floor":8.0},{"not_picked":["Heavy Blade","Havoc"],"picked":"Bludgeon","floor":11.0},{"not_picked":["Warcry","Clothesline"],"picked":"Barricade","floor":12},{"not_picked":["Dark Embrace","Rage"],"picked":"Perfected Strike","floor":14}],"player_experience":228673,"relics_obtained":[{"floor":9.0,"key":"FossilizedHelix"},{"floor":11.0,"key":"Letter Opener"},{"floor":13,"key":"Self Forming Clay"}],"event_choices":[],"is_beta":false,"boss_relics":[],"items_purged_floors":[],"is_endless":false,"potions_floor_spawned":[4,8,11],"killed_by":"Hexaghost","ascension_level":0}}