{"host":"rolltorest","time":1612830226,"event":{"mods":["BaseMod","Minty Spire (QoL Compilation)","Relic Stats","Slay the Relics Exporter","StSLib"],"gold_per_floor":[117,60,70,84,84,112,112,144,190,190,225,225,245,259,259,259,259],"floor_reached":16,"language":"ENG","playtime":315,"items_purged":[],"score":240,"play_id":"df6ac6cb-4ab2-4dc0-a1eb-f502cff65fce","local_time":"20210208162346","is_ascension_mode":true,"campfire_choices":[{"data":"Eruption","floor":7,"key":"SMITH"},{"data":"WheelKick","floor":10,"key":"SMITH"},{"data":"Vigilance","floor":12,"key":"SMITH"},{"data":"Wallop","floor":15,"key":"SMITH"}],"circlet_count":0,"master_deck":["AscendersBane","Strike_P","Strike_P","Strike_P","Strike_P","Defend_P","Defend_P","Defend_P","Defend_P","Eruption+1","Vigilance+1","WheelKick+1","CutThroughFate","CutThroughFate","Adaptation","Protect","Wallop+1"],"relics":["SacredBark","StrikeDummy","Bag of Marbles","Strawberry","Nunchaku"],"acts_visited":["Exordium"],"potions_floor_usage":[4,6,6,8],"damage_taken":[{"damage":0,"enemies":"Jaw Worm","floor":1,"turns":3},{"damage":0,"enemies":"Cultist","floor":3,"turns":4},{"damage":0,"enemies":"Small Slimes","floor":4,"turns":3},{"damage":28,"enemies":"Lagavulin","floor":6,"turns":7},{"damage":14,"enemies":"3 Sentries","floor":8,"turns":6},{"damage":16,"enemies":"Gremlin Nob","floor":11,"turns":3},{"damage":0,"enemies":"Blue Slaver","floor":13,"turns":1},{"damage":9,"enemies":"Red Slaver","floor":14,"turns":3},{"damage":24,"enemies":"Hexaghost","floor":16,"turns":3}],"seed_played":"6679463937854110111","potions_obtained":[{"floor":1,"key":"ColorlessPotion"},{"floor":3,"key":"BottledMiracle"},{"floor":5,"key":"Block Potion"},{"floor":6,"key":"Regen Potion"}],"is_trial":false,"path_per_floor":["M","$","M","M","?","E","R","E","T","R","E","R","M","M","R","B"],"character_chosen":"WATCHER","items_purchased":["AttackPotion"],"campfire_rested":0,"item_purchase_floors":[2],"current_hp_per_floor":[61,61,61,61,61,33,33,59,66,66,50,50,50,41,41,17,17],"gold":259,"neow_bonus":"BOSS_RELIC","is_daily":false,"chose_seed":false,"campfire_upgraded":4,"win_rate":0.0,"timestamp":1612830226,"path_taken":["M","$","M","M","?","E","R","E","T","R","E","R","M","M","R","BOSS"],"items_purchased_type":["Potion"],"build_version":"2020-12-18","purchased_purges":0,"victory":false,"max_hp_per_floor":[68,68,68,68,68,68,68,68,75,75,75,75,75,75,75,75,75],"relic_stats":{"Nunchaku":[1],"counters":[9,33],"obtain_stats":[{"Nunchaku":11,"SacredBark":0,"Strawberry":9,"Bag of Marbles":8,"PureWater":0,"StrikeDummy":6},{"Nunchaku":6,"SacredBark":0,"Strawberry":5,"Bag of Marbles":5,"PureWater":0,"StrikeDummy":4},{"Nunchaku":26,"SacredBark":0,"Strawberry":23,"Bag of Marbles":23,"PureWater":0,"StrikeDummy":17}]},"card_choices":[{"not_picked":["ThirdEye","BowlingBash"],"picked":"WheelKick","floor":1},{"not_picked":["Evaluate","EmptyBody","Crescendo"],"picked":"SKIP","floor":3},{"not_picked":["EmptyBody","Consecrate"],"picked":"CutThroughFate","floor":4},{"not_picked":["FlurryOfBlows","MentalFortress"],"picked":"CutThroughFate","floor":6},{"not_picked":["Judgement","PathToVictory"],"picked":"Adaptation","floor":8},{"not_picked":["EmptyBody","Pray","Protect"],"picked":"SKIP","floor":11},{"not_picked":["EmptyBody","Pray"],"picked":"Protect","floor":11},{"not_picked":["FlurryOfBlows","Worship"],"picked":"Wallop","floor":13},{"not_picked":["Crescendo","Evaluate","Protect"],"picked":"SKIP","floor":14}],"player_experience":1926090,"relics_obtained":[{"floor":6,"key":"StrikeDummy"},{"floor":8,"key":"Bag of Marbles"},{"floor":9,"key":"Strawberry"},{"floor":11,"key":"Nunchaku"}],"event_choices":[{"damage_healed":0,"gold_gain":0,"player_choice":"Got Potions","damage_taken":0,"max_hp_gain":0,"max_hp_loss":0,"event_name":"Lab","floor":5,"gold_loss":0}],"is_beta":true,"boss_relics":[],"items_purged_floors":[],"is_endless":false,"potions_floor_spawned":[1,3,6],"killed_by":"Hexaghost","ascension_level":20}}