{"host":"ttzdpsscxkem3xrs","time":1612903920,"event":{"mods":["BaseMod","Colored Map","Downfall","Minty Spire (QoL Compilation)","Replay The Spire","StSLib","The Cursed","The Hierophant"],"gold_per_floor":[114,120,120,71,71,71,99,99,99,115,115,115,135,135,135,135,135,236,236,254,53,53,77,78,78,71,71,98,98,125,137,155,176,188,168,180,173,175,37,37,37,37,71,68,68,68,68,95,33,33,33,33],"floor_reached":53,"language":"ENG","playtime":2382,"items_purged":["hierophant:Strike_Hierophant"],"score":790,"play_id":"40e3c72f-eadb-4a2c-8e44-a73596f29acc","local_time":"20210209125200","is_ascension_mode":true,"campfire_choices":[{"floor":6,"key":"REST"},{"floor":8,"key":"REST"},{"data":"1","floor":12,"key":"LIFT"},{"floor":17,"key":"REST"},{"data":"2","floor":25,"key":"LIFT"},{"floor":27,"key":"REST"},{"data":"3","floor":31,"key":"LIFT"},{"floor":34,"key":"REST"},{"floor":42,"key":"REST"},{"data":"hierophant:Strike_Hierophant","floor":46,"key":"PURGE"},{"floor":51,"key":"REST"}],"circlet_count":0,"master_deck":["hierophant:Strike_Hierophant","hierophant:Strike_Hierophant+1","hierophant:Punish+1","hierophant:Defend_Hierophant","hierophant:Defend_Hierophant+1","hierophant:Defend_Hierophant+1","hierophant:Defend_Hierophant","hierophant:ChurchCoffers+1","hierophant:HammerAndAnvil+1","hierophant:FieryStrike+1","hierophant:HammerAndAnvil+1","hierophant:FieryStrike","hierophant:FlamingChariot","hierophant:Encroach","hierophant:WrathOfGod+1","hierophant:SolarFlare+1","hierophant:DisplayOfPower+1","hierophant:FieryStrike+1","hierophant:Doubloon+1","Secret Weapon"],"relics":["hierophant:PropheticMaskRelic","Ginger","Regal Pillow","Girya","White Beast Statue","Fusion Hammer","Membership Card","MealTicket","Lizard Tail","Gremlin Food","MawBank","War Paint","SacredBark","Peace Pipe","Guide Book","Bag of Preparation","Akabeko","Thread and Needle","Torii"],"acts_visited":["Exordium","TheCity","TheBeyond"],"potions_floor_usage":[7,18,20,30,32],"damage_taken":[{"damage":9,"enemies":"Jaw Worm","floor":1,"turns":4},{"damage":11,"enemies":"Cultist","floor":2,"turns":4},{"damage":42,"enemies":"Lagavulin","floor":7,"turns":6},{"damage":0,"enemies":"2 Louse","floor":10,"turns":2},{"damage":13,"enemies":"Blue Slaver","floor":13,"turns":2},{"damage":11,"enemies":"Slime Boss","floor":18,"turns":7},{"damage":2,"enemies":"Shell Parasite","floor":20,"turns":2},{"damage":6,"enemies":"Spheric Guardian","floor":24,"turns":3},{"damage":26,"enemies":"Replay:Snechameleon","floor":26,"turns":4},{"damage":0,"enemies":"Gremlin Leader","floor":30,"turns":2},{"damage":16,"enemies":"Chosen and Byrds","floor":32,"turns":3},{"damage":0,"enemies":"Replay:Snechameleon","floor":33,"turns":2},{"damage":51,"enemies":"Pondfish","floor":35,"turns":5},{"damage":32,"enemies":"3 Darklings","floor":37,"turns":3},{"damage":0,"enemies":"Mind Bloom Boss Battle","floor":38,"turns":3},{"damage":0,"enemies":"Reptomancer","floor":43,"turns":1},{"damage":1,"enemies":"3 Shapes","floor":44,"turns":3},{"damage":0,"enemies":"Nemesis","floor":48,"turns":1},{"damage":0,"enemies":"Maw","floor":49,"turns":2},{"damage":8,"enemies":"Sphere and 2 Shapes","floor":50,"turns":3},{"damage":0,"enemies":"Replay:Hell Engine","floor":52,"turns":1}],"seed_played":"-4897799508779378127","potions_obtained":[{"floor":1,"key":"SneckoOil"},{"floor":7,"key":"BlessingOfTheForge"},{"floor":13,"key":"SpeedPotion"},{"floor":18,"key":"AttackPotion"},{"floor":20,"key":"Venom Potion"},{"floor":24,"key":"hexamod:SoulburnPotion"},{"floor":26,"key":"Fire Potion"},{"floor":30,"key":"Regen Potion"},{"floor":32,"key":"champ:CounterPotion"},{"floor":33,"key":"Guardian:BlockOnCardUsePotion"},{"floor":37,"key":"SkillPotion"},{"floor":41,"key":"Regen Potion"},{"floor":49,"key":"Regen Potion"}],"is_trial":false,"path_per_floor":["M","M","?","$","$","R","E","R","T","M","?","R","M","?","PTL","PTL","R","B",null,"M","$","?","T","M","R","E","R","T","?","E","R","M","E","R","B",null,"M","?","$","?","?","R","E","M","T","R","?","E","M","M","R","B",null],"character_chosen":"HIEROPHANT","items_purchased":["hierophant:HammerAndAnvil","Membership Card","hierophant:SolarFlare","Guide Book","Bag of Preparation"],"campfire_rested":7,"item_purchase_floors":[4,21,21,39,39],"current_hp_per_floor":[59,48,48,48,48,68,26,61,61,61,61,61,48,23,23,23,58,47,63,61,61,61,61,55,55,29,64,64,64,64,64,48,48,68,17,55,23,23,38,38,38,68,68,67,67,67,67,67,67,59,68,68],"gold":33,"neow_bonus":"ONE_RARE_RELIC","is_daily":false,"chose_seed":false,"campfire_upgraded":0,"win_rate":0.0,"timestamp":1612903920,"path_taken":["M","M","?","?","$","R","E","R","T","M","?","R","M","?","PTL","PTL","R","BOSS","M","$","?","?","?","R","E","R","T","?","E","R","?","E","R","BOSS","M","?","$","?","?","R","E","?","T","R","?","E","M","M","R","BOSS"],"items_purchased_type":["Card","Relic","Card","Relic","Relic"],"build_version":"2020-12-22","purchased_purges":1,"victory":true,"max_hp_per_floor":[68,68,68,68,68,68,68,68,68,68,68,68,68,68,68,68,68,68,68,68,68,68,68,68,68,68,68,68,68,68,68,68,68,68,68,68,68,68,68,68,68,68,68,68,68,68,68,68,68,68,68,68],"card_choices":[{"not_picked":["hierophant:OrnateJavelin","hierophant:Doubloon"],"picked":"hierophant:HammerAndAnvil","floor":1},{"not_picked":["hierophant:Patience","hierophant:SealAway"],"picked":"hierophant:FieryStrike","floor":2},{"not_picked":["hierophant:Endure","hierophant:Smite"],"picked":"hierophant:FieryStrike","floor":7},{"not_picked":["hierophant:Sermon","hierophant:Empathy"],"picked":"hierophant:FlamingChariot","floor":10},{"not_picked":["hierophant:Rebuild","hierophant:AuricBeam"],"picked":"hierophant:Encroach","floor":13},{"not_picked":["hierophant:DivineIntervention","hierophant:Generosity"],"picked":"hierophant:WrathOfGod","floor":18},{"not_picked":["hierophant:Repentance","hierophant:HolyVerse","hierophant:FieryStrike"],"picked":"SKIP","floor":20},{"not_picked":["hierophant:PristineSoul","hierophant:SealAway","hierophant:FieryStrike"],"picked":"SKIP","floor":24},{"not_picked":["hierophant:Blessing","hierophant:Alms"],"picked":"hierophant:DisplayOfPower+1","floor":26},{"not_picked":["hierophant:MirrorShield","hierophant:FlamingChariot"],"picked":"hierophant:FieryStrike+1","floor":30},{"not_picked":["hierophant:Martyrdom+1","hierophant:MorningPrayer"],"picked":"hierophant:Doubloon+1","floor":32},{"not_picked":["hierophant:HolyVerse","hierophant:FieryStrike","hierophant:SecretStash+1"],"picked":"SKIP","floor":33},{"not_picked":["hierophant:FieryStrike","hierophant:Remorse","hierophant:TollTheBells+1"],"picked":"SKIP","floor":37},{"not_picked":["Enlightenment","Finesse"],"picked":"Secret Weapon","floor":40},{"not_picked":["hierophant:Anathema","hierophant:DisplayOfPower","hierophant:PassingBell+1"],"picked":"SKIP","floor":43},{"not_picked":["hierophant:HolyVerse+1","hierophant:Blessing+1","hierophant:MorningPrayer+1"],"picked":"SKIP","floor":44},{"not_picked":["hierophant:RepressedViolence","hierophant:WrathOfGod","hierophant:FaithHealing+1"],"picked":"SKIP","floor":48},{"not_picked":["hierophant:RustyCrate+1","hierophant:Purify+1","hierophant:OrnateBuckler"],"picked":"SKIP","floor":49},{"not_picked":["hierophant:RepressedViolence","hierophant:Doubloon+1","hierophant:Refuge"],"picked":"SKIP","floor":50}],"player_experience":1406830,"relics_obtained":[{"floor":7,"key":"Regal Pillow"},{"floor":9,"key":"Girya"},{"floor":23,"key":"MealTicket"},{"floor":26,"key":"Lizard Tail"},{"floor":28,"key":"Gremlin Food"},{"floor":30,"key":"MawBank"},{"floor":33,"key":"War Paint"},{"floor":38,"key":"Peace Pipe"},{"floor":43,"key":"Akabeko"},{"floor":45,"key":"Thread and Needle"},{"floor":48,"key":"Torii"}],"event_choices":[{"damage_healed":0,"gold_gain":0,"player_choice":"Upgraded","damage_taken":0,"max_hp_gain":0,"max_hp_loss":0,"event_name":"Upgrade Shrine","floor":3,"gold_loss":0,"cards_upgraded":["hierophant:ChurchCoffers"]},{"damage_healed":0,"gold_gain":0,"player_choice":"Success","damage_taken":25,"relics_obtained":["White Beast Statue"],"max_hp_gain":0,"max_hp_loss":0,"event_name":"Scrap Ooze","floor":14,"gold_loss":0},{"damage_healed":0,"gold_gain":0,"player_choice":"Upgraded","damage_taken":0,"max_hp_gain":0,"max_hp_loss":0,"event_name":"Upgrade Shrine","floor":29,"gold_loss":0,"cards_upgraded":["hierophant:SolarFlare"]},{"damage_healed":0,"gold_gain":0,"player_choice":"Fight","damage_taken":0,"max_hp_gain":0,"max_hp_loss":0,"event_name":"MindBloom","floor":38,"gold_loss":0},{"damage_healed":0,"gold_gain":0,"player_choice":"Memory 1","damage_taken":0,"max_hp_gain":0,"max_hp_loss":0,"event_name":"SensoryStone","floor":40,"gold_loss":0},{"damage_healed":0,"gold_gain":0,"player_choice":"Got Potions","damage_taken":0,"max_hp_gain":0,"max_hp_loss":0,"event_name":"Lab","floor":41,"gold_loss":0}],"is_beta":false,"boss_relics":[{"not_picked":["Velvet Choker","Calling Bell"],"picked":"Fusion Hammer"},{"not_picked":["SlaversCollar","ChewingGum"],"picked":"SacredBark"}],"items_purged_floors":[21],"is_endless":false,"potions_floor_spawned":[1,7,13,18,20,24,26,30,32,33,35,37,38,43,44,48,49,50],"ascension_level":5}}