{"host":"o6nndy8fvkon49s1","time":1612833398,"event":{"mods":["BaseMod","CapriCore","Hermit","Marisa????????","Minty Spire (QoL Compilation)","Prisma Mod","StSLib","Td1madao Mod","The Administrix","The Fake Hero","The Forsaken","The Immortal","The Marked","The Necromancer","The Servant 0.9.4"],"gold_per_floor":[513,513,513,525,542,542,558,558,858,858,883,883,317,335,335,430,430,444,20,36,51,51,51,51,51,103,103,103],"floor_reached":27,"language":"ENG","playtime":788,"items_purged":["luka_mod:Wait+1","luka_mod:Ora"],"score":211,"play_id":"bcd95f18-8b22-4924-920c-7badf2b51887","local_time":"20210208191638","is_ascension_mode":false,"campfire_choices":[{"data":"luka_mod:Edging","floor":6,"key":"SMITH"},{"data":"luka_mod:GuardedStrike","floor":10,"key":"SMITH"},{"data":"luka_mod:Determination","floor":12,"key":"SMITH"},{"data":"luka_mod:Gnome","floor":15,"key":"SMITH"},{"data":"luka_mod:Meditation","floor":23,"key":"SMITH"},{"data":"luka_mod:StrikeLukaOne","floor":25,"key":"SMITH"}],"circlet_count":0,"master_deck":["luka_mod:StrikeLukaOne+1","luka_mod:StrikeLukaTwo","luka_mod:StrikeLukaThree","luka_mod:StrikeLukaFour","luka_mod:StrikeLukaFive","luka_mod:StrikeLukaSix","luka_mod:Salt","luka_mod:Guard+1","luka_mod:Edging+1","luka_mod:Meditation+1","luka_mod:GuardedStrike+1","luka_mod:Determination+1","luka_mod:Gnome+1","luka_mod:HeavenlyDemonRevival","luka_mod:AlicesFist","CurseOfTheBell","luka_mod:Sara"],"relics":["luka_mod:KeepsakeRing","NeowsBlessing","Old Coin","TungstenRod","War Paint","Calling Bell","Boot","Shuriken","StoneCalendar","Sling","Omamori"],"acts_visited":["Exordium","TheCity"],"potions_floor_usage":[11,11,13,14,16,16,20,21],"damage_taken":[{"damage":0,"enemies":"2 Louse","floor":1,"turns":1},{"damage":0,"enemies":"Small Slimes","floor":4,"turns":1},{"damage":0,"enemies":"Cultist","floor":5,"turns":1},{"damage":25,"enemies":"Large Slime","floor":7,"turns":9},{"damage":27,"enemies":"Gremlin Nob","floor":11,"turns":4},{"damage":20,"enemies":"Exordium Thugs","floor":14,"turns":6},{"damage":19,"enemies":"Hexaghost","floor":16,"turns":9},{"damage":22,"enemies":"Shell Parasite","floor":18,"turns":6},{"damage":2,"enemies":"3 Byrds","floor":20,"turns":5},{"damage":0,"enemies":"Centurion and Healer","floor":21,"turns":7},{"damage":0,"enemies":"Snecko","floor":27,"turns":2}],"seed_played":"9103477195210682544","potions_obtained":[{"floor":4,"key":"Weak Potion"},{"floor":7,"key":"Fire Potion"},{"floor":18,"key":"SteroidPotion"}],"is_trial":false,"path_per_floor":["M","?","?","M","M","R","M","?","T","R","E","R","$","M","R","B",null,"M","$","M","M","?","R","?","R","T","M"],"character_chosen":"LUKA_CLASS","items_purchased":["War Paint","luka_mod:Ora","luka_mod:Gnome","EntropicBrew","luka_mod:Sara","Sling","Block Potion","Explosive Potion"],"campfire_rested":0,"item_purchase_floors":[13,13,13,13,19,19,19,19],"current_hp_per_floor":[40,40,40,40,40,40,42,42,42,42,18,18,18,42,42,44,44,40,40,3,26,42,42,36,36,36,36,36],"gold":103,"neow_bonus":"THREE_ENEMY_KILL","is_daily":false,"chose_seed":false,"campfire_upgraded":6,"win_rate":0.0,"timestamp":1612833398,"path_taken":["M","?","?","M","?","R","M","?","T","R","E","R","?","M","R","BOSS","M","$","M","M","?","R","?","R","T","M"],"items_purchased_type":["Relic","Card","Card","Potion","Card","Relic","Potion","Potion"],"build_version":"2020-12-22","purchased_purges":2,"victory":false,"max_hp_per_floor":[40,40,40,40,40,40,42,42,42,42,44,44,44,44,44,44,44,44,44,46,48,48,48,53,53,53,53,53],"card_choices":[{"not_picked":["luka_mod:IliasesJudgement","luka_mod:ThunderThrust"],"picked":"luka_mod:GuardedStrike","floor":1},{"not_picked":["luka_mod:HeroicStrike","luka_mod:FlashKill","luka_mod:EarthSlash"],"picked":"SKIP","floor":4},{"not_picked":["luka_mod:IliasesJudgement","luka_mod:EarthSlash","luka_mod:WaterSlash"],"picked":"SKIP","floor":5},{"not_picked":["luka_mod:FlashKill","luka_mod:BladeOfSolidEarth","luka_mod:Calm"],"picked":"SKIP","floor":7},{"not_picked":["luka_mod:NoDebuffs","luka_mod:WindSlash"],"picked":"luka_mod:Determination","floor":11},{"not_picked":["luka_mod:AngryLuka","luka_mod:BladeOfStillWater"],"picked":"luka_mod:HeavenlyDemonRevival","floor":14},{"not_picked":["luka_mod:SealingStrike","luka_mod:Erubetie"],"picked":"luka_mod:AlicesFist","floor":16},{"not_picked":["luka_mod:RestrictedStrike","luka_mod:SereneDemonSword","luka_mod:DemonSkullBeheading"],"picked":"SKIP","floor":18},{"not_picked":["luka_mod:FireSlash","luka_mod:WindSlash","luka_mod:IliasesJudgement"],"picked":"SKIP","floor":20},{"not_picked":["luka_mod:BladeOfRagingFire","luka_mod:SuperAttack","luka_mod:FlashKill"],"picked":"SKIP","floor":21}],"player_experience":217440,"relics_obtained":[{"floor":9,"key":"Old Coin"},{"floor":11,"key":"TungstenRod"},{"floor":17,"key":"Boot"},{"floor":17,"key":"Shuriken"},{"floor":17,"key":"StoneCalendar"},{"floor":26,"key":"Omamori"}],"event_choices":[{"cards_removed":["luka_mod:Surrender"],"damage_healed":0,"gold_gain":0,"player_choice":"Removed Curses","damage_taken":0,"max_hp_gain":0,"max_hp_loss":0,"event_name":"Fountain of Cleansing","floor":3,"gold_loss":0},{"cards_removed":["luka_mod:FlailWildly"],"damage_healed":0,"gold_gain":0,"player_choice":"Offered Basic","damage_taken":0,"max_hp_gain":0,"max_hp_loss":0,"event_name":"Bonfire Elementals","floor":8,"gold_loss":0},{"damage_healed":16,"gold_gain":0,"player_choice":"Heal","damage_taken":0,"max_hp_gain":0,"max_hp_loss":0,"event_name":"The Library","floor":22,"gold_loss":0},{"damage_healed":0,"gold_gain":0,"player_choice":"Shed Blood","damage_taken":12,"max_hp_gain":5,"max_hp_loss":0,"event_name":"Forgotten Altar","floor":24,"gold_loss":0}],"is_beta":false,"boss_relics":[{"not_picked":["Coffee Dripper","Cursed Key"],"picked":"Calling Bell"}],"items_purged_floors":[13,19],"is_endless":false,"potions_floor_spawned":[4,7,18],"killed_by":"Snecko","ascension_level":0}}