{"host":"5jzx1090woovszu4","time":1612850460,"event":{"mods":["BaseMod","Gremlin Mod","Minty Spire (QoL Compilation)","Spicy Shops","StSLib","TheSurvivalist"],"gold_per_floor":[117,127,138,138,154,154,180,180,254,274,274,284,317,317,317,427,454,473,336,336,355,98,140,163,174,174,203,203,238,163,163,163,273,273,288,288,307,32,56,56,87,87,132,175,175,203,203,212,212,212,212],"floor_reached":50,"language":"ENG","playtime":3776,"items_purged":["survmod:Strike"],"score":600,"play_id":"70d524a7-842b-4416-a51d-cdde6c622479","local_time":"20210209070100","is_ascension_mode":false,"campfire_choices":[{"data":"survmod:LeapingShot","floor":6,"key":"SMITH"},{"data":"survmod:MarkedShot","floor":8,"key":"SMITH"},{"floor":15,"key":"REST"},{"data":"survmod:Defend","floor":28,"key":"SMITH"},{"data":"survmod:Adaptability","floor":32,"key":"SMITH"},{"data":"survmod:UnfortunateEscape","floor":40,"key":"SMITH"},{"data":"survmod:DuckAndFlare","floor":42,"key":"SMITH"},{"data":"survmod:UnfortunateEscape","floor":45,"key":"SMITH"},{"floor":47,"key":"RECALL"},{"data":"1","floor":49,"key":"LIFT"}],"circlet_count":0,"master_deck":["survmod:Defend","survmod:Defend","survmod:Defend+1","survmod:Defend","survmod:VersatileOffense+1","survmod:FlashbangTrap","survmod:GoForFace+1","survmod:LeapingShot+1","survmod:MarkedShot+1","survmod:FlareQuiver","survmod:FlashbangShot","survmod:TrapTrap","survmod:BearTrap+1","survmod:ShrapnelTraps+1","survmod:LeapingShot+1","survmod:FlashbangTrap+1","survmod:GoForFace","survmod:GoForFace","survmod:MarkedShot+1","survmod:DuckAndFlare+1","survmod:GoForFace+1","survmod:MarkedShot","survmod:Adaptability+1","survmod:TrapTrap","survmod:UnfortunateEscape+1","survmod:UnfortunateEscape+1","survmod:UnfortunateEscape","survmod:Camouflage"],"relics":["survmod:AdvancedEvolution","WingedGreaves","Mummified Hand","CeramicFish","Meat on the Bone","Astrolabe","TheAbacus","survmod:TrapManual","DollysMirror","Eternal Feather","Oddly Smooth Stone","Toy Ornithopter","Girya","Orichalcum","Darkstone Periapt"],"acts_visited":["Exordium","TheCity","TheBeyond"],"potions_floor_usage":[13,18,20,23,23,33,41,41,46,50],"damage_taken":[{"damage":0,"enemies":"Small Slimes","floor":1,"turns":3},{"damage":1,"enemies":"Jaw Worm","floor":2,"turns":8},{"damage":0,"enemies":"2 Louse","floor":3,"turns":3},{"damage":3,"enemies":"Lots of Slimes","floor":5,"turns":3},{"damage":9,"enemies":"Gremlin Nob","floor":7,"turns":4},{"damage":0,"enemies":"Gremlin Gang","floor":10,"turns":3},{"damage":4,"enemies":"Exordium Wildlife","floor":12,"turns":3},{"damage":3,"enemies":"3 Sentries","floor":13,"turns":8},{"damage":14,"enemies":"Slime Boss","floor":16,"turns":5},{"damage":11,"enemies":"3 Byrds","floor":18,"turns":4},{"damage":15,"enemies":"2 Thieves","floor":21,"turns":5},{"damage":10,"enemies":"Gremlin Leader","floor":23,"turns":4},{"damage":2,"enemies":"3 Cultists","floor":24,"turns":4},{"damage":11,"enemies":"Shelled Parasite and Fungi","floor":25,"turns":6},{"damage":9,"enemies":"Sentry and Sphere","floor":27,"turns":6},{"damage":18,"enemies":"Book of Stabbing","floor":29,"turns":5},{"damage":13,"enemies":"Collector","floor":33,"turns":7},{"damage":44,"enemies":"3 Shapes","floor":35,"turns":4},{"damage":24,"enemies":"Orb Walker","floor":37,"turns":5},{"damage":4,"enemies":"4 Shapes","floor":39,"turns":3},{"damage":37,"enemies":"Reptomancer","floor":41,"turns":5},{"damage":8,"enemies":"Nemesis","floor":44,"turns":7},{"damage":4,"enemies":"Spire Growth","floor":46,"turns":5},{"damage":73,"enemies":"Awakened One","floor":50,"turns":5}],"seed_played":"-372731280494916729","potions_obtained":[{"floor":5,"key":"Swift Potion"},{"floor":7,"key":"Explosive Potion"},{"floor":18,"key":"Fruit Juice"},{"floor":20,"key":"PowerPotion"},{"floor":20,"key":"Weak Potion"},{"floor":20,"key":"DistilledChaos"},{"floor":23,"key":"Ancient Potion"},{"floor":33,"key":"LiquidBronze"},{"floor":39,"key":"Dexterity Potion"},{"floor":44,"key":"ColorlessPotion"}],"is_trial":false,"path_per_floor":["M","M","M","?","M","R","E","R","T","M","?","M","E","T","R","B",null,"M","$","?","M","$","E","M","M","T","M","R","E","?","?","R","B",null,"M","?","M","$","M","R","E","R","T","E","R","M","R","?","R","B"],"character_chosen":"THE_SURVIVOR","items_purchased":["survmod:GoForFace","TheAbacus","survmod:TrapManual","survmod:GoForFace","DollysMirror","Toy Ornithopter","PowerPotion"],"campfire_rested":1,"item_purchase_floors":[19,19,22,22,22,38,38],"current_hp_per_floor":[55,54,54,43,40,40,31,31,31,31,36,32,29,29,47,33,60,49,49,54,39,39,41,39,40,40,43,58,40,40,40,55,42,65,33,33,21,21,29,44,29,44,44,36,51,52,65,65,65,0,0],"gold":212,"neow_bonus":"TEN_PERCENT_HP_BONUS","is_daily":false,"chose_seed":false,"campfire_upgraded":7,"win_rate":0.0,"timestamp":1612850460,"path_taken":["M","M","M","?","M","R","E","R","T","M","?","M","E","?","R","BOSS","M","$","?","?","$","E","M","M","T","?","R","E","?","?","R","BOSS","M","?","M","$","M","R","E","R","T","E","R","M","R","?","R","BOSS"],"items_purchased_type":["Card","Relic","Relic","Card","Relic","Relic","Potion"],"build_version":"2020-12-22","purchased_purges":1,"victory":false,"max_hp_per_floor":[55,55,55,55,55,55,55,55,55,55,60,60,60,60,60,60,60,60,60,65,65,65,65,65,65,65,65,65,65,65,65,65,65,65,65,65,65,65,65,65,65,65,65,65,65,65,65,65,65,65,65],"card_choices":[{"not_picked":["survmod:SwiftKick","survmod:NockAnArrow"],"picked":"survmod:FlashbangTrap","floor":1},{"not_picked":["survmod:HiddenTactic","survmod:LongShot"],"picked":"survmod:GoForFace","floor":2},{"not_picked":["survmod:DuckAndFlare","survmod:PinningSnipe"],"picked":"survmod:PiercingShot","floor":3},{"not_picked":["survmod:AcidArrow","survmod:OverwhelmingAssault"],"picked":"survmod:LeapingShot","floor":5},{"not_picked":["survmod:SurpriseTrap","survmod:LongShot"],"picked":"survmod:MarkedShot","floor":7},{"not_picked":["survmod:FindCover","survmod:PenetratingShot"],"picked":"survmod:FlareQuiver","floor":10},{"not_picked":["survmod:TacticalManeuver","survmod:OverwhelmingAssault"],"picked":"survmod:FlashbangShot","floor":12},{"not_picked":["survmod:FocusedFire","survmod:PoisonTrap","survmod:MarkedFromAfar"],"picked":"SKIP","floor":13},{"not_picked":["survmod:BatteringStrike","survmod:DesperateAmbush"],"picked":"survmod:TrapTrap","floor":16},{"not_picked":["survmod:BearTrap","survmod:UnfortunateEscape"],"picked":"survmod:FlashbangTrap+1","floor":18},{"not_picked":["survmod:SimpleMutation","survmod:VersatilePower","survmod:TwinShot"],"picked":"SKIP","floor":21},{"not_picked":["survmod:PinningSnipe","survmod:TwinShot"],"picked":"survmod:DuckAndFlare","floor":23},{"not_picked":["survmod:TwinShot","survmod:FlareQuiver"],"picked":"survmod:GoForFace+1","floor":24},{"not_picked":["survmod:QuickDash+1","survmod:OverwhelmingAssault","survmod:FindCover"],"picked":"SKIP","floor":25},{"not_picked":["survmod:FenceTrap","survmod:DuckAndFlare"],"picked":"survmod:MarkedShot","floor":27},{"not_picked":["survmod:VersatileDefense","survmod:SwiftKick"],"picked":"survmod:Adaptability","floor":29},{"not_picked":["survmod:ExpertSniper","survmod:Camouflage"],"picked":"survmod:TrapTrap","floor":33},{"not_picked":["survmod:FlashbangTrap","survmod:LongShot","survmod:Marksmanship"],"picked":"SKIP","floor":35},{"not_picked":["survmod:SkillfulManeuver+1","survmod:BendAndBow","survmod:RejectWeakness+1"],"picked":"SKIP","floor":37},{"not_picked":["survmod:AcidTrap+1","survmod:SkillfulManeuver+1"],"picked":"survmod:UnfortunateEscape","floor":39},{"not_picked":["survmod:PersonalMark","survmod:ShrapnelTraps","survmod:AcidArrow+1"],"picked":"SKIP","floor":41},{"not_picked":["survmod:AcidArrow","survmod:HiddenTactic+1"],"picked":"survmod:UnfortunateEscape","floor":44},{"not_picked":["survmod:FocusedFire","survmod:SimpleMutation"],"picked":"survmod:UnfortunateEscape","floor":46}],"player_experience":607179,"relics_obtained":[{"floor":7,"key":"WingedGreaves"},{"floor":9,"key":"Mummified Hand"},{"floor":13,"key":"CeramicFish"},{"floor":14,"key":"Meat on the Bone"},{"floor":23,"key":"Eternal Feather"},{"floor":29,"key":"Oddly Smooth Stone"},{"floor":41,"key":"Girya"},{"floor":43,"key":"Orichalcum"},{"floor":44,"key":"Darkstone Periapt"}],"event_choices":[{"damage_healed":0,"gold_gain":0,"player_choice":"Entered Light","damage_taken":11,"max_hp_gain":0,"max_hp_loss":0,"event_name":"Shining Light","floor":4,"gold_loss":0,"cards_upgraded":["survmod:GoForFace","survmod:VersatileOffense"]},{"damage_healed":0,"gold_gain":0,"player_choice":"Donut","damage_taken":0,"max_hp_gain":5,"max_hp_loss":0,"event_name":"Big Fish","floor":11,"gold_loss":0},{"damage_healed":0,"gold_gain":0,"player_choice":"Got Potions","damage_taken":0,"max_hp_gain":0,"max_hp_loss":0,"event_name":"Lab","floor":20,"gold_loss":0},{"cards_removed":["survmod:Sprint"],"damage_healed":0,"gold_gain":0,"player_choice":"Gave Gold","damage_taken":0,"max_hp_gain":0,"max_hp_loss":0,"event_name":"Beggar","floor":30,"gold_loss":75},{"damage_healed":0,"gold_gain":0,"player_choice":"Ignored","damage_taken":0,"max_hp_gain":0,"max_hp_loss":0,"event_name":"Ghosts","floor":31,"gold_loss":0},{"damage_healed":0,"gold_gain":0,"player_choice":"Ignored","damage_taken":0,"max_hp_gain":0,"max_hp_loss":0,"event_name":"Tomb of Lord Red Mask","floor":36,"gold_loss":0},{"damage_healed":0,"gold_gain":0,"cards_transformed":["survmod:PiercingShot"],"player_choice":"Transformed","damage_taken":0,"max_hp_gain":0,"max_hp_loss":0,"event_name":"Transmorgrifier","floor":48,"gold_loss":0,"cards_obtained":["survmod:Camouflage"]}],"is_beta":false,"boss_relics":[{"not_picked":["Busted Crown","Fusion Hammer"],"picked":"Astrolabe"},{"not_picked":["SacredBark","Pandora\u0027s Box"],"picked":"survmod:AdvancedEvolution"}],"items_purged_floors":[38],"is_endless":false,"potions_floor_spawned":[5,7,18,21,23,33,39,44],"killed_by":"Awakened One","ascension_level":0}}