{"host":"ul3z8ex5o8l5j7mh","time":1612894637,"event":{"mods":["AchievementEnabler","BaseMod","Bestiary","Colored Map","Colored Powertips","DeckTracker","Keyboard Shortcuts","Minty Spire (QoL Compilation)","Relic Sorter","Relic Stats","SuperFastMode"],"gold_per_floor":[114,114,114,134,151,151,182,199,199,199,216,216,103,137,137,233,233,248,265,282,24,24,24,64,64,88,100,100],"floor_reached":27,"language":"ENG","playtime":1155,"items_purged":["Regret","Strike_B"],"score":253,"play_id":"c2623820-01ae-4223-932d-5357257ae027","local_time":"20210209191717","is_ascension_mode":true,"campfire_choices":[{"data":"Loop","floor":6.0,"key":"SMITH"},{"floor":10.0,"key":"REST"},{"floor":12.0,"key":"REST"},{"data":"Echo Form","floor":15.0,"key":"SMITH"},{"floor":23,"key":"REST"}],"circlet_count":0,"master_deck":["Strike_B","Strike_B","Defend_B","Defend_B","Defend_B","Zap","Dualcast","Loop+1","Redo","Ball Lightning","Melter","Ball Lightning","Auto Shields","Capacitor","Echo Form+1","Electrodynamics","Streamline","Streamline","Loop+1","Amplify","Meteor Strike","Core Surge","Conserve Battery"],"relics":["Cracked Core","Strawberry","CaptainsWheel","Happy Flower","Blue Candle","Inserter","CeramicFish","MawBank"],"acts_visited":["Exordium","TheCity"],"potions_floor_usage":[16,27,27,27],"damage_taken":[{"damage":0.0,"enemies":"Small Slimes","floor":1.0,"turns":3.0},{"damage":5.0,"enemies":"Cultist","floor":4.0,"turns":4.0},{"damage":6.0,"enemies":"Jaw Worm","floor":5.0,"turns":2.0},{"damage":44.0,"enemies":"3 Sentries","floor":7.0,"turns":7.0},{"damage":14.0,"enemies":"Looter","floor":8.0,"turns":3.0},{"damage":26.0,"enemies":"Gremlin Gang","floor":11.0,"turns":4.0},{"damage":9.0,"enemies":"Gremlin Nob","floor":14.0,"turns":4.0},{"damage":10,"enemies":"Hexaghost","floor":16,"turns":7},{"damage":14,"enemies":"Chosen","floor":18,"turns":5},{"damage":30,"enemies":"Shell Parasite","floor":19,"turns":6},{"damage":16,"enemies":"Chosen and Byrds","floor":20,"turns":5},{"damage":66,"enemies":"Book of Stabbing","floor":24,"turns":6},{"damage":22,"enemies":"Centurion and Healer","floor":27,"turns":2}],"seed_played":"-4158819718692974266","potions_obtained":[{"floor":1.0,"key":"SneckoOil"},{"floor":5.0,"key":"BlessingOfTheForge"},{"floor":14.0,"key":"PowerPotion"},{"floor":18,"key":"FairyPotion"},{"floor":20,"key":"CultistPotion"},{"floor":25,"key":"Explosive Potion"},{"floor":25,"key":"Explosive Potion"}],"is_trial":false,"path_per_floor":["M","?","?","M","M","R","E","M","T","R","M","R","$","E","R","B",null,"M","M","M","$","?","R","E","?","T","M"],"character_chosen":"DEFECT","items_purchased":["Capacitor","Amplify"],"campfire_rested":3,"item_purchase_floors":[13,21],"current_hp_per_floor":[82,89,89,84,78,78,34,20,20,46,20,46,46,37,37,27,89,75,45,29,29,29,55,20,20,20,0,0],"gold":100,"neow_bonus":"TEN_PERCENT_HP_BONUS","is_daily":false,"chose_seed":false,"campfire_upgraded":2,"win_rate":0.0,"timestamp":1612894637,"path_taken":["M","?","?","?","M","R","E","M","T","R","M","R","$","E","R","BOSS","M","M","M","$","?","R","E","?","T","M"],"items_purchased_type":["Card","Card"],"build_version":"2020-12-22","purchased_purges":2,"victory":false,"max_hp_per_floor":[82,89,89,89,89,89,89,89,89,89,89,89,89,89,89,89,89,89,89,89,89,89,89,89,89,89,89,89],"relic_stats":{"Inserter":[12],"Happy Flower":[14],"counters":[13,55],"Blue Candle":[0],"CeramicFish":9,"MawBank":12,"obtain_stats":[{"CaptainsWheel":3,"Inserter":17,"Happy Flower":7,"Strawberry":2,"Blue Candle":14,"CeramicFish":24,"Cracked Core":0,"MawBank":26},{"CaptainsWheel":1,"Inserter":8,"Happy Flower":4,"Strawberry":1,"Blue Candle":7,"CeramicFish":12,"Cracked Core":0,"MawBank":12},{"CaptainsWheel":3,"Inserter":31,"Happy Flower":15,"Strawberry":3,"Blue Candle":24,"CeramicFish":53,"Cracked Core":0,"MawBank":53}]},"card_choices":[{"not_picked":["Self Repair","Blizzard"],"picked":"Loop","floor":1.0},{"not_picked":["Chaos","Chill"],"picked":"Redo","floor":4.0},{"not_picked":["Self Repair","Rebound"],"picked":"Ball Lightning","floor":5.0},{"not_picked":["Steam","Steam Power"],"picked":"Melter","floor":7.0},{"not_picked":["Steam Power","Barrage"],"picked":"Ball Lightning","floor":8.0},{"not_picked":["Redo","Tempest"],"picked":"Auto Shields","floor":11.0},{"not_picked":["Blizzard","Go for the Eyes"],"picked":"Echo Form","floor":14.0},{"not_picked":["Seek","Rainbow"],"picked":"Electrodynamics","floor":16},{"not_picked":["Hologram","Steam"],"picked":"Streamline","floor":18},{"not_picked":["Rebound","Hologram"],"picked":"Streamline","floor":19},{"not_picked":["Ball Lightning","Stack"],"picked":"Loop+1","floor":20},{"not_picked":["Redo","Multi-Cast"],"picked":"Conserve Battery","floor":24}],"player_experience":337990,"relics_obtained":[{"floor":7.0,"key":"Happy Flower"},{"floor":14.0,"key":"Blue Candle"},{"floor":24,"key":"CeramicFish"},{"floor":26,"key":"MawBank"}],"event_choices":[{"damage_healed":0.0,"max_hp_gain":0.0,"max_hp_loss":0.0,"gold_gain":0.0,"event_name":"Big Fish","player_choice":"Box","floor":2.0,"gold_loss":0.0,"damage_taken":0.0,"relics_obtained":["Strawberry"],"cards_obtained":["Regret"]},{"damage_healed":0.0,"max_hp_gain":0.0,"max_hp_loss":0.0,"gold_gain":0.0,"event_name":"WeMeetAgain","player_choice":"Gave Potion","floor":3.0,"gold_loss":0.0,"damage_taken":0.0,"relics_obtained":["CaptainsWheel"]},{"damage_healed":0,"gold_gain":0,"cards_transformed":["Strike_B","Defend_B"],"player_choice":"Became Test Subject","damage_taken":0,"max_hp_gain":0,"max_hp_loss":0,"event_name":"Drug Dealer","floor":22,"gold_loss":0,"cards_obtained":["Meteor Strike","Core Surge"]},{"damage_healed":0,"gold_gain":0,"player_choice":"Got Potions","damage_taken":0,"max_hp_gain":0,"max_hp_loss":0,"event_name":"Lab","floor":25,"gold_loss":0}],"is_beta":false,"boss_relics":[{"not_picked":["Sozu","FrozenCore"],"picked":"Inserter"}],"items_purged_floors":[13,21],"is_endless":false,"potions_floor_spawned":[1,5,14,18,20],"killed_by":"Centurion and Healer","ascension_level":1}}