{"host":"dftd5cr6l8m56acq","time":1612898915,"event":{"mods":["AchievementEnabler","BaseMod","Bestiary","Colored Map","Highlight Path","Minty Spire (QoL Compilation)","Relic Stats","StSLib","everything is the same but u backflip on backflip"],"gold_per_floor":[116,116,116,127,144,175,175,123,123,143,168,183,209,223,223,323,323,341,341,256,127,0,31,31,48,48,65,95,95,108,122,122,224,224,241,241,241,255,269,269,297,297,323,323,335,335,350,29,29,29],"floor_reached":51,"language":"ENG","playtime":2417,"items_purged":["DevaForm"],"score":1041,"play_id":"6b34a397-06db-42fb-a77f-c1bea2a089da","local_time":"20210209142835","is_ascension_mode":true,"campfire_choices":[{"data":"Vigilance","floor":7,"key":"SMITH"},{"data":"MentalFortress","floor":15,"key":"SMITH"},{"floor":24,"key":"REST"},{"data":"Vault","floor":29,"key":"SMITH"},{"data":"WaveOfTheHand","floor":32,"key":"SMITH"},{"data":"ConjureBlade","floor":40,"key":"SMITH"},{"data":"BattleHymn","floor":44,"key":"SMITH"},{"data":"FlurryOfBlows","floor":46,"key":"SMITH"},{"floor":49,"key":"REST"}],"circlet_count":0,"master_deck":["Eruption+1","Vigilance+1","Blasphemy+1","BattleHymn+1","Judgement","Meditate","Halt","EmptyBody","JustLucky+1","FlyingSleeves","Consecrate","ThirdEye","Vengeance","FlurryOfBlows+1","MentalFortress+1","Vault+1","Evaluate","WaveOfTheHand+1","ConjureBlade+1","Adaptation+1","Evaluate+1","FlyingSleeves+1","MasterReality","Bandage Up","ThirdEye","Swivel+1","Indignation"],"relics":["Pandora\u0027s Box","Mercury Hourglass","Ancient Tea Set","Regal Pillow","Black Star","Art of War","Peace Pipe","Pocketwatch","Akabeko","Smiling Mask","Vajra","Nunchaku","Busted Crown","Whetstone","InkBottle","Centennial Puzzle","Bag of Marbles"],"acts_visited":["Exordium","TheCity","TheBeyond"],"potions_floor_usage":[13,16,16,16,23,39,50,50],"damage_taken":[{"damage":0,"enemies":"Cultist","floor":1,"turns":3},{"damage":0,"enemies":"Small Slimes","floor":4,"turns":3},{"damage":0,"enemies":"Jaw Worm","floor":5,"turns":1},{"damage":10,"enemies":"3 Sentries","floor":6,"turns":4},{"damage":4,"enemies":"3 Louse","floor":10,"turns":2},{"damage":11,"enemies":"Gremlin Nob","floor":11,"turns":3},{"damage":15,"enemies":"Large Slime","floor":12,"turns":3},{"damage":0,"enemies":"3 Sentries","floor":13,"turns":3},{"damage":2,"enemies":"Red Slaver","floor":14,"turns":2},{"damage":6,"enemies":"Hexaghost","floor":16,"turns":5},{"damage":10,"enemies":"2 Thieves","floor":18,"turns":4},{"damage":42,"enemies":"Slavers","floor":23,"turns":5},{"damage":5,"enemies":"Shell Parasite","floor":25,"turns":5},{"damage":0,"enemies":"Snecko","floor":27,"turns":1},{"damage":4,"enemies":"Book of Stabbing","floor":28,"turns":4},{"damage":2,"enemies":"Shelled Parasite and Fungi","floor":30,"turns":3},{"damage":0,"enemies":"3 Cultists","floor":31,"turns":2},{"damage":0,"enemies":"Collector","floor":33,"turns":7},{"damage":5,"enemies":"Orb Walker","floor":35,"turns":4},{"damage":10,"enemies":"3 Shapes","floor":38,"turns":5},{"damage":0,"enemies":"Jaw Worm Horde","floor":39,"turns":3},{"damage":6,"enemies":"Giant Head","floor":41,"turns":7},{"damage":5,"enemies":"3 Darklings","floor":45,"turns":5},{"damage":0,"enemies":"4 Shapes","floor":47,"turns":3},{"damage":62,"enemies":"Donu and Deca","floor":50,"turns":5}],"seed_played":"-1880988053782250589","potions_obtained":[{"floor":1,"key":"BlessingOfTheForge"},{"floor":10,"key":"CultistPotion"},{"floor":11,"key":"Energy Potion"},{"floor":13,"key":"CultistPotion"},{"floor":23,"key":"Explosive Potion"},{"floor":27,"key":"SmokeBomb"},{"floor":30,"key":"SmokeBomb"},{"floor":31,"key":"LiquidBronze"},{"floor":33,"key":"SpeedPotion"},{"floor":39,"key":"Swift Potion"},{"floor":47,"key":"PowerPotion"}],"is_trial":false,"path_per_floor":["M","?","?","M","M","E","R","$","T","M","E","M","E","M","R","B",null,"M","?","?","?","$","E","R","M","T","M","E","R","M","M","R","B",null,"M","?","?","M","M","R","E","?","T","R","M","R","M","$","R","B",null],"character_chosen":"WATCHER","items_purchased":["ThirdEye","PowerPotion","Indignation","Bag of Marbles","FairyPotion"],"campfire_rested":2,"item_purchase_floors":[8,22,48,48,48],"current_hp_per_floor":[65,65,70,70,70,60,60,60,60,56,45,30,30,28,28,22,63,53,53,53,53,53,11,49,44,44,44,40,40,38,38,38,38,67,62,57,57,51,51,51,49,49,49,49,48,48,48,48,77,19],"gold":29,"neow_bonus":"BOSS_RELIC","is_daily":false,"chose_seed":false,"campfire_upgraded":7,"win_rate":0.0,"timestamp":1612898915,"path_taken":["M","?","?","M","M","E","R","$","T","M","E","M","E","M","R","BOSS","M","?","?","?","$","E","R","?","T","M","E","R","M","M","R","BOSS","M","?","?","M","M","R","E","?","T","R","M","R","M","$","R","BOSS"],"items_purchased_type":["Card","Potion","Card","Relic","Potion"],"build_version":"2020-12-22","purchased_purges":1,"victory":true,"max_hp_per_floor":[72,72,77,77,77,77,77,77,77,77,77,77,77,77,77,77,77,77,77,77,77,77,77,77,77,77,77,77,77,77,77,77,77,77,77,77,77,77,77,77,77,77,77,77,77,77,77,77,77,77],"relic_stats":{"Regal Pillow":21,"counters":[25,92],"Whetstone":["Eruption","JustLucky"],"Smiling Mask":0,"Mercury Hourglass":[327],"Peace Pipe":0,"Nunchaku":[8],"Centennial Puzzle":[6],"Busted Crown":16,"Pandora\u0027s Box":["Blasphemy","BattleHymn","Judgement","Meditate","Halt","EmptyBody","DevaForm","JustLucky"],"Black Star":3,"Art of War":[13],"obtain_stats":[{"Regal Pillow":13,"Vajra":28,"Whetstone":41,"Ancient Tea Set":11,"Smiling Mask":26,"Akabeko":23,"Mercury Hourglass":6,"Peace Pipe":21,"Nunchaku":28,"Centennial Puzzle":43,"Busted Crown":34,"Pandora\u0027s Box":0,"Black Star":17,"Art of War":20,"Bag of Marbles":48,"PureWater":0,"InkBottle":41,"Pocketwatch":23},{"Regal Pillow":8,"Vajra":15,"Whetstone":22,"Ancient Tea Set":6,"Smiling Mask":13,"Akabeko":12,"Mercury Hourglass":4,"Peace Pipe":11,"Nunchaku":15,"Centennial Puzzle":22,"Busted Crown":18,"Pandora\u0027s Box":0,"Black Star":10,"Art of War":11,"Bag of Marbles":24,"PureWater":0,"InkBottle":22,"Pocketwatch":12},{"Regal Pillow":22,"Vajra":48,"Whetstone":79,"Ancient Tea Set":16,"Smiling Mask":43,"Akabeko":38,"Mercury Hourglass":11,"Peace Pipe":33,"Nunchaku":48,"Centennial Puzzle":79,"Busted Crown":60,"Pandora\u0027s Box":0,"Black Star":29,"Art of War":33,"Bag of Marbles":87,"PureWater":0,"InkBottle":79,"Pocketwatch":38}],"InkBottle":[6],"Pocketwatch":[33]},"card_choices":[{"not_picked":["Fasting2","ClearTheMind"],"picked":"FlyingSleeves","floor":1},{"not_picked":["FollowUp","Swivel","WindmillStrike"],"picked":"SKIP","floor":4},{"not_picked":["CrushJoints","Conclude"],"picked":"Consecrate","floor":5},{"not_picked":["CrushJoints","PathToVictory","Consecrate"],"picked":"SKIP","floor":6},{"not_picked":["PathToVictory","FlyingSleeves"],"picked":"Vengeance","floor":10},{"not_picked":["ClearTheMind","SashWhip","ReachHeaven"],"picked":"SKIP","floor":11},{"not_picked":["SashWhip","Adaptation"],"picked":"FlurryOfBlows","floor":12},{"not_picked":["FollowUp","SashWhip","WindmillStrike"],"picked":"SKIP","floor":13},{"not_picked":["Omniscience","SashWhip"],"picked":"MentalFortress","floor":14},{"not_picked":["Blasphemy","Establishment"],"picked":"Vault","floor":16},{"not_picked":["EmptyBody","CrushJoints"],"picked":"Evaluate","floor":18},{"not_picked":["Prostrate","Consecrate"],"picked":"ConjureBlade","floor":23},{"not_picked":["BattleHymn","EmptyBody","SashWhip"],"picked":"SKIP","floor":25},{"not_picked":["Evaluate","CrushJoints+1","JustLucky"],"picked":"SKIP","floor":27},{"not_picked":["CutThroughFate+1","EmptyBody"],"picked":"Adaptation+1","floor":28},{"not_picked":["ThirdEye","ClearTheMind"],"picked":"Evaluate+1","floor":30},{"not_picked":["EmptyBody","Evaluate"],"picked":"FlyingSleeves+1","floor":31},{"not_picked":["DeusExMachina","Blasphemy"],"picked":"MasterReality","floor":33},{"not_picked":["Swivel"],"picked":"SKIP","floor":35},{"not_picked":[],"picked":"Bandage Up","floor":36},{"not_picked":["DeceiveReality"],"picked":"SKIP","floor":38},{"not_picked":[],"picked":"ThirdEye","floor":39},{"not_picked":["FollowUp+1"],"picked":"SKIP","floor":41},{"not_picked":["CutThroughFate"],"picked":"SKIP","floor":45},{"not_picked":["Swivel+1"],"picked":"SKIP","floor":47},{"not_picked":[],"picked":"Swivel+1","floor":47}],"player_experience":491964,"relics_obtained":[{"floor":6,"key":"Mercury Hourglass"},{"floor":11,"key":"Ancient Tea Set"},{"floor":13,"key":"Regal Pillow"},{"floor":23,"key":"Pocketwatch"},{"floor":23,"key":"Akabeko"},{"floor":26,"key":"Smiling Mask"},{"floor":28,"key":"Vajra"},{"floor":28,"key":"Nunchaku"},{"floor":41,"key":"Whetstone"},{"floor":41,"key":"InkBottle"},{"floor":43,"key":"Centennial Puzzle"}],"event_choices":[{"damage_healed":0,"gold_gain":0,"player_choice":"Grow","damage_taken":0,"max_hp_gain":0,"max_hp_loss":0,"event_name":"Living Wall","floor":2,"gold_loss":0,"cards_upgraded":["Blasphemy"]},{"damage_healed":0,"gold_gain":0,"player_choice":"Donut","damage_taken":0,"max_hp_gain":5,"max_hp_loss":0,"event_name":"Big Fish","floor":3,"gold_loss":0},{"damage_healed":0,"gold_gain":0,"player_choice":"Read","damage_taken":0,"max_hp_gain":0,"max_hp_loss":0,"event_name":"The Library","floor":19,"gold_loss":0,"cards_obtained":["WaveOfTheHand"]},{"damage_healed":0,"gold_gain":0,"player_choice":"Obtained Relic","damage_taken":0,"relics_obtained":["Art of War"],"max_hp_gain":0,"max_hp_loss":0,"event_name":"Addict","floor":20,"gold_loss":85},{"damage_healed":0,"gold_gain":0,"player_choice":"Paid Gold","damage_taken":0,"relics_obtained":["Peace Pipe"],"max_hp_gain":0,"max_hp_loss":0,"event_name":"WeMeetAgain","floor":21,"gold_loss":129},{"damage_healed":0,"gold_gain":0,"player_choice":"Memory 2","damage_taken":5,"max_hp_gain":0,"max_hp_loss":0,"event_name":"SensoryStone","floor":36,"gold_loss":0},{"damage_healed":0,"gold_gain":0,"player_choice":"Ignored","damage_taken":0,"max_hp_gain":0,"max_hp_loss":0,"event_name":"Mysterious Sphere","floor":37,"gold_loss":0},{"damage_healed":0,"gold_gain":0,"player_choice":"Ignored","damage_taken":0,"max_hp_gain":0,"max_hp_loss":0,"event_name":"Tomb of Lord Red Mask","floor":42,"gold_loss":0}],"is_beta":false,"boss_relics":[{"not_picked":["Calling Bell","Runic Dome"],"picked":"Black Star"},{"not_picked":["Philosopher\u0027s Stone","Astrolabe"],"picked":"Busted Crown"}],"items_purged_floors":[22],"is_endless":false,"potions_floor_spawned":[1,10,11,13,23,27,30,31,33,38,39,41,47],"ascension_level":6}}