{"host":"8is2j71l4wmybkoi","time":1612872480,"event":{"mods":["AchievementEnabler","BaseMod","Colored Map","Minty Spire (QoL Compilation)","Rare Cards Sparkle","StSLib","SuperFastMode"],"gold_per_floor":[114,114,130,130,147,147,181,181,207,233,61,86,157,181,181,263,263,263,263],"floor_reached":18,"language":"KOR","playtime":3921,"items_purged":[],"score":298,"play_id":"7c10b9b3-ea2e-4a78-8f79-39e0c0c8cac4","local_time":"20210209210800","is_ascension_mode":true,"campfire_choices":[{"data":"Zap","floor":6,"key":"SMITH"},{"data":"Dualcast","floor":8,"key":"SMITH"},{"data":"Consume","floor":15,"key":"SMITH"}],"circlet_count":0,"master_deck":["AscendersBane","Strike_B","Strike_B","Strike_B","Strike_B","Defend_B","Defend_B","Defend_B","Defend_B","Zap+1","Dualcast+1","FTL","Cold Snap","Rebound","Ball Lightning","Undo","Capacitor","White Noise","Consume+1","Creative AI"],"relics":["Cracked Core","Du-Vu Doll","MealTicket","CeramicFish","Omamori","Lee\u0027s Waffle","Potion Belt","Darkstone Periapt","Snecko Eye"],"acts_visited":["Exordium","TheCity"],"potions_floor_usage":[3,16],"damage_taken":[{"damage":4,"enemies":"Jaw Worm","floor":1,"turns":3},{"damage":0,"enemies":"Small Slimes","floor":3,"turns":1},{"damage":0,"enemies":"Cultist","floor":5,"turns":3},{"damage":14,"enemies":"3 Sentries","floor":7,"turns":6},{"damage":9,"enemies":"Large Slime","floor":10,"turns":4},{"damage":21,"enemies":"Gremlin Nob","floor":12,"turns":4},{"damage":30,"enemies":"Gremlin Nob","floor":13,"turns":4},{"damage":1,"enemies":"Exordium Thugs","floor":14,"turns":5},{"damage":4,"enemies":"Hexaghost","floor":16,"turns":7},{"damage":33,"enemies":"3 Byrds","floor":18,"turns":3}],"seed_played":"-469578902633192534","potions_obtained":[{"floor":1,"key":"Fire Potion"},{"floor":5,"key":"SpeedPotion"},{"floor":12,"key":"FairyPotion"},{"floor":13,"key":"Weak Potion"},{"floor":16,"key":"PotionOfCapacity"}],"is_trial":false,"path_per_floor":["M","?","M","?","M","R","E","R","T","M","$","E","?","M","R","B",null,"M"],"character_chosen":"DEFECT","items_purchased":["Capacitor","Lee\u0027s Waffle"],"campfire_rested":0,"item_purchase_floors":[11,11],"current_hp_per_floor":[60,25,25,46,46,46,32,32,32,23,71,50,20,19,19,15,57,24,24],"gold":263,"neow_bonus":"ONE_RARE_RELIC","is_daily":false,"chose_seed":false,"campfire_upgraded":3,"win_rate":0.0,"timestamp":1612872480,"path_taken":["M","?","M","?","M","R","E","R","T","M","$","E","?","M","R","BOSS","M"],"items_purchased_type":["Card","Relic"],"build_version":"2020-12-22","purchased_purges":0,"victory":false,"max_hp_per_floor":[64,64,64,64,64,64,64,64,64,64,71,71,71,71,71,71,71,71,71],"card_choices":[{"not_picked":["Gash","Sweeping Beam"],"picked":"FTL","floor":1},{"not_picked":["Gash","Turbo"],"picked":"Cold Snap","floor":3},{"not_picked":["Cold Snap","Coolheaded"],"picked":"Rebound","floor":5},{"not_picked":["Skim","Go for the Eyes"],"picked":"Ball Lightning","floor":7},{"not_picked":["Rebound","Meteor Strike"],"picked":"Undo","floor":10},{"not_picked":["Redo","Tempest","Storm"],"picked":"SKIP","floor":12},{"not_picked":["Steam","Reinforced Body"],"picked":"White Noise","floor":13},{"not_picked":["Ball Lightning","Rebound"],"picked":"Consume","floor":14},{"not_picked":["Buffer","Seek"],"picked":"Creative AI","floor":16}],"player_experience":1084955,"relics_obtained":[{"floor":7,"key":"CeramicFish"},{"floor":9,"key":"Omamori"},{"floor":12,"key":"Potion Belt"},{"floor":13,"key":"Darkstone Periapt"}],"event_choices":[{"damage_healed":0,"gold_gain":0,"player_choice":"Success","damage_taken":35,"relics_obtained":["MealTicket"],"max_hp_gain":0,"max_hp_loss":0,"event_name":"Scrap Ooze","floor":2,"gold_loss":0},{"damage_healed":21,"gold_gain":0,"player_choice":"Banana","damage_taken":0,"max_hp_gain":0,"max_hp_loss":0,"event_name":"Big Fish","floor":4,"gold_loss":0},{"damage_healed":0,"gold_gain":0,"player_choice":"Searched \u00271\u0027 times","damage_taken":0,"max_hp_gain":0,"max_hp_loss":0,"event_name":"Dead Adventurer","floor":13,"gold_loss":0}],"is_beta":false,"boss_relics":[{"not_picked":["Black Star","Inserter"],"picked":"Snecko Eye"}],"items_purged_floors":[],"is_endless":false,"potions_floor_spawned":[1,5,12,13,16],"killed_by":"3 Byrds","ascension_level":15}}