{"host":"7wi4qgm5yw4j7oz0","time":1612881981,"event":{"mods":["AchievementEnabler","BaseMod","Block Reminder","Colored Map","Colored Powertips","Highlight Path","Minty Spire (QoL Compilation)","Permanent Neow","Random Character Button","Rare Cards Sparkle","StSLib","everything is the same but u backflip on backflip"],"gold_per_floor":[114,132,132,142,162,162,187,187,187,187,200,220,235,266,266,368,368,379,398,116,166,182,182,198,230,230,230,230,247,172,24,24,24,24],"floor_reached":33,"language":"KOR","playtime":1494,"items_purged":["Bash","Defend_R"],"score":410,"play_id":"e06b0669-7d27-4798-9546-fdb470364605","local_time":"20210209234621","is_ascension_mode":true,"campfire_choices":[{"data":"Perfected Strike","floor":6,"key":"SMITH"},{"data":"Perfected Strike","floor":8,"key":"SMITH"},{"floor":10,"key":"REST"},{"data":"Armaments","floor":15,"key":"SMITH"},{"data":"Offering","floor":23,"key":"SMITH"},{"floor":27,"key":"REST"},{"data":"Offering","floor":32,"key":"SMITH"}],"circlet_count":0,"master_deck":["Strike_R","Strike_R","Strike_R","Strike_R","Strike_R","Defend_R","Defend_R","Defend_R","Dropkick","Thunderclap","Perfected Strike+1","Flame Barrier","Perfected Strike+1","Armaments+1","Seeing Red","Feed","Offering+1","CurseOfTheBell","Flex+1","Shrug It Off+1","Enlightenment","Burning Pact","Shrug It Off","Offering+1","Necronomicurse","Dark Shackles"],"relics":["Burning Blood","Bag of Marbles","Smiling Mask","Mummified Hand","Calling Bell","Ornamental Fan","Centennial Puzzle","Turnip","HandDrill","Mercury Hourglass","Bronze Scales","Necronomicon"],"acts_visited":["Exordium","TheCity"],"potions_floor_usage":[14,16,22,33],"damage_taken":[{"damage":6,"enemies":"Small Slimes","floor":1,"turns":4},{"damage":18,"enemies":"2 Louse","floor":2,"turns":3},{"damage":6,"enemies":"Cultist","floor":4,"turns":3},{"damage":12,"enemies":"Looter","floor":5,"turns":3},{"damage":32,"enemies":"Gremlin Nob","floor":7,"turns":4},{"damage":0,"enemies":"Large Slime","floor":11,"turns":5},{"damage":8,"enemies":"Blue Slaver","floor":12,"turns":2},{"damage":9,"enemies":"Red Slaver","floor":13,"turns":2},{"damage":0,"enemies":"3 Sentries","floor":14,"turns":5},{"damage":51,"enemies":"Hexaghost","floor":16,"turns":10},{"damage":13,"enemies":"Spheric Guardian","floor":18,"turns":3},{"damage":0,"enemies":"Chosen","floor":19,"turns":3},{"damage":6,"enemies":"Snake Plant","floor":22,"turns":1},{"damage":41,"enemies":"3 Cultists","floor":24,"turns":6},{"damage":19,"enemies":"Slavers","floor":25,"turns":4},{"damage":1,"enemies":"Cultist and Chosen","floor":29,"turns":3},{"damage":67,"enemies":"Champ","floor":33,"turns":6}],"seed_played":"475609144707898637","potions_obtained":[{"floor":4,"key":"SmokeBomb"},{"floor":5,"key":"BlessingOfTheForge"},{"floor":7,"key":"FearPotion"},{"floor":11,"key":"SneckoOil"},{"floor":18,"key":"Energy Potion"},{"floor":22,"key":"FearPotion"}],"is_trial":false,"path_per_floor":["M","M","?","M","M","R","E","R","T","R","M","M","M","E","R","B",null,"M","M","$","?","M","R","M","E","T","R","?","M","?","$","R","B"],"character_chosen":"IRONCLAD","items_purchased":["HandDrill","Enlightenment","Dark Shackles"],"campfire_rested":2,"item_purchase_floors":[20,20,31],"current_hp_per_floor":[72,60,60,60,54,54,28,28,28,52,58,56,53,59,59,14,64,61,70,70,70,70,70,35,26,26,53,37,45,45,45,45,0,0],"gold":24,"neow_bonus":"THREE_CARDS","is_daily":false,"chose_seed":false,"campfire_upgraded":5,"win_rate":0.0,"timestamp":1612881981,"path_taken":["M","M","?","M","M","R","E","R","T","R","M","M","M","E","R","BOSS","M","M","$","?","M","R","?","E","T","R","?","M","?","$","R","BOSS"],"items_purchased_type":["Relic","Card","Card"],"build_version":"2020-12-22","purchased_purges":2,"victory":false,"max_hp_per_floor":[80,80,80,80,80,80,80,80,80,80,80,80,80,80,80,80,80,84,87,87,87,87,87,87,91,91,91,91,94,94,94,94,94,94],"card_choices":[{"not_picked":["Warcry","Havoc"],"picked":"Sword Boomerang","floor":0},{"not_picked":["Sword Boomerang","Heavy Blade"],"picked":"Dropkick","floor":1},{"not_picked":["Warcry","Hemokinesis"],"picked":"Thunderclap","floor":2},{"not_picked":["Second Wind","Pummel"],"picked":"Perfected Strike","floor":4},{"not_picked":["Headbutt","Body Slam"],"picked":"Flame Barrier","floor":5},{"not_picked":["Sword Boomerang","Evolve"],"picked":"Perfected Strike","floor":7},{"not_picked":["Heavy Blade","Body Slam","Clothesline"],"picked":"SKIP","floor":11},{"not_picked":["Heavy Blade","Body Slam","Clothesline"],"picked":"SKIP","floor":11},{"not_picked":["Flame Barrier","Blood for Blood"],"picked":"Armaments","floor":12},{"not_picked":["Thunderclap","Searing Blow"],"picked":"Seeing Red","floor":13},{"not_picked":["Havoc","True Grit"],"picked":"Feed","floor":14},{"not_picked":["Immolate","Impervious"],"picked":"Offering","floor":16},{"not_picked":["Dark Embrace","Clash+1"],"picked":"Flex+1","floor":18},{"not_picked":["Twin Strike","Body Slam"],"picked":"Shrug It Off+1","floor":19},{"not_picked":["Headbutt","Twin Strike"],"picked":"Burning Pact","floor":22},{"not_picked":["Spot Weakness+1","Heavy Blade"],"picked":"Shrug It Off","floor":24},{"not_picked":["Warcry","Iron Wave+1"],"picked":"Offering","floor":25},{"not_picked":["Iron Wave","Shrug It Off","Wild Strike"],"picked":"SKIP","floor":29}],"player_experience":273918,"relics_obtained":[{"floor":7,"key":"Bag of Marbles"},{"floor":9,"key":"Smiling Mask"},{"floor":14,"key":"Mummified Hand"},{"floor":17,"key":"Ornamental Fan"},{"floor":17,"key":"Centennial Puzzle"},{"floor":17,"key":"Turnip"},{"floor":25,"key":"Mercury Hourglass"},{"floor":26,"key":"Bronze Scales"},{"floor":28,"key":"Necronomicon"}],"event_choices":[{"damage_healed":0,"gold_gain":0,"player_choice":"Ignored","damage_taken":0,"max_hp_gain":0,"max_hp_loss":0,"event_name":"Golden Idol","floor":3,"gold_loss":0},{"damage_healed":0,"gold_gain":100,"player_choice":"Bet on Murderer","damage_taken":0,"max_hp_gain":0,"max_hp_loss":0,"event_name":"The Joust","floor":21,"gold_loss":50},{"damage_healed":0,"gold_gain":0,"player_choice":"Obtained Book","damage_taken":16,"max_hp_gain":0,"max_hp_loss":0,"event_name":"Cursed Tome","floor":28,"gold_loss":0},{"cards_removed":["Sword Boomerang"],"damage_healed":0,"gold_gain":0,"player_choice":"Gave Gold","damage_taken":0,"max_hp_gain":0,"max_hp_loss":0,"event_name":"Beggar","floor":30,"gold_loss":75}],"is_beta":false,"boss_relics":[{"not_picked":["Coffee Dripper","SacredBark"],"picked":"Calling Bell"}],"items_purged_floors":[20,31],"is_endless":false,"potions_floor_spawned":[4,5,7,11,13,18,22],"killed_by":"Champ","ascension_level":7}}