{"host":"mijx6czmnk03eucy","time":1612859666,"event":{"mods":["Aspiration","BaseMod","Better Altar","Better Skull","Better Third Choice","Better-Laid Plans","BetterRewards","Bossed Relics","Challenge The Spire","Colored Map","Colored Powertips","Conspire","Curses Come First","Debug Mod","Disable Question Mark Monsters","Displayed Cursed Tome","Energized Spire","Evolution","Force Act Four","Fox Events","GifTheSpireLib","Googly Eyes","Hermit","Highlight Path","Hubris","Infinite Spire","Jedi Mod","JesterMod","Mimic Mod","Minty Spire (QoL Compilation)","Quick Restart","Rare Cards Sparkle","Relic Filter","Relic Stats","Reliquary","Replay The Spire","SacredBarkPlus","Spicy Shops","Spire Arcade","StS++","StSLib","Stuff the Spire","The Blue Laboratory","The Jungle","Uncapped","Wandering Minibosses","Wide Potions"],"gold_per_floor":[114,114,114,214,229,256,256,270,270,270,283,296,296,310,310,411,411,423,423,423,84,84,119,119,135,175,175,209,220,220,220],"floor_reached":30,"language":"ENG","playtime":1534,"items_purged":["True Grit"],"score":343,"play_id":"ba20ed25-3121-45bb-8883-967e9e815487","local_time":"20210209083426","is_ascension_mode":false,"campfire_choices":[{"data":"Bash","floor":7,"key":"SMITH"},{"data":"jedi:MakeshiftSword","floor":10,"key":"SMITH"},{"data":"infinitespire:NeuralNetwork","floor":24,"key":"SMITH"},{"data":"Dark Embrace","floor":27,"key":"SMITH"}],"circlet_count":0,"master_deck":["Iron Wave+1","Cleave+1","Thunderclap","Armaments","Shrug It Off","True Grit+1","Bash+1","StuffTheSpire:Slingshot","Perfected Strike+1","StuffTheSpire:Incineration","jedi:MakeshiftSword+1","StuffTheSpire:Slingshot","Spot Weakness","infinitespire:NeuralNetwork+1","Dark Embrace+1","Metamorphosis","StSpp:Jab+1","Warcry+1","ReplayTheSpireMod:Muscle Training","Headbutt+1","Dark Embrace"],"relics":["Burning Blood","EVO:Axolotl","CaptainsWheel","aspiration:ChemicalBlood","reliquary:RoseTintedGlasses","Pandora\u0027s Box","hubris:BottledHeart","StuffTheSpire:GrapeVine","infinitespire:ShieldingShard","aspiration:AnachronicSnailShell"],"acts_visited":["Exordium","TheCity"],"potions_floor_usage":[12,14,16,16,16,16,23,28],"damage_taken":[{"damage":0,"enemies":"conspire:RoseBush","floor":1,"turns":3},{"damage":0,"enemies":"Small Slimes","floor":5,"turns":3},{"damage":0,"enemies":"Gremlin Nob","floor":6,"turns":4},{"damage":0,"enemies":"Cultist","floor":8,"turns":2},{"damage":8,"enemies":"Red Slaver","floor":11,"turns":2},{"damage":0,"enemies":"Looter","floor":12,"turns":2},{"damage":0,"enemies":"2 Fungi Beasts","floor":14,"turns":2},{"damage":56,"enemies":"Hexaghost","floor":16,"turns":7},{"damage":6,"enemies":"Chosen","floor":18,"turns":5},{"damage":0,"enemies":"Slavers","floor":23,"turns":1},{"damage":0,"enemies":"Spheric Guardian","floor":25,"turns":3},{"damage":0,"enemies":"Shelled Parasite and Fungi","floor":26,"turns":4},{"damage":0,"enemies":"Replay:Snechameleon","floor":28,"turns":3},{"damage":0,"enemies":"Shelled Parasite and Fungi","floor":29,"turns":3}],"seed_played":"2162044447921391608","potions_obtained":[{"floor":5,"key":"DistilledChaos"},{"floor":11,"key":"ColorlessPotion"},{"floor":12,"key":"EntropicBrew"},{"floor":14,"key":"blueLaboratory:NullPotion"},{"floor":16,"key":"DuplicationPotion"},{"floor":25,"key":"LiquidMemories"}],"is_trial":false,"path_per_floor":["M","?","?","?","M","E","R","M","T","R","M","M","?","M","R_BF","B",null,"M","?","?","$","?","E","R","M","MIM","R","E","M","?"],"character_chosen":"IRONCLAD","items_purchased":["Dark Embrace","Metamorphosis"],"campfire_rested":0,"item_purchase_floors":[21,21],"current_hp_per_floor":[77,77,77,77,83,89,89,95,95,95,93,99,79,85,101,51,101,101,76,1,1,1,1,1,1,1,1,1,1,0,0],"gold":220,"neow_bonus":"ONE_RARE_RELIC","is_daily":false,"chose_seed":false,"campfire_upgraded":4,"win_rate":0.0,"timestamp":1612859666,"path_taken":["M","?","?","?","?","E","R","M","T","R","?","M","?","M","R_BF","BOSS","M","?","?","$","?","E","R","?","MIM","R","E","M","?"],"items_purchased_type":["Card","Card"],"build_version":"2020-12-22","purchased_purges":1,"victory":false,"max_hp_per_floor":[101,101,101,101,101,101,101,101,101,101,101,101,101,101,101,101,101,101,101,1,1,1,1,1,1,1,1,1,1,1,1],"relic_stats":{"counters":[14,43],"Pandora\u0027s Box":[],"obtain_stats":[{"CaptainsWheel":0,"infinitespire:ShieldingShard":26,"hubris:BottledHeart":20,"aspiration:AnachronicSnailShell":28,"Pandora\u0027s Box":17,"reliquary:RoseTintedGlasses":9,"StuffTheSpire:GrapeVine":23,"EVO:Axolotl":0,"Burning Blood":0,"aspiration:ChemicalBlood":6},{"CaptainsWheel":0,"infinitespire:ShieldingShard":12,"hubris:BottledHeart":9,"aspiration:AnachronicSnailShell":13,"Pandora\u0027s Box":8,"reliquary:RoseTintedGlasses":4,"StuffTheSpire:GrapeVine":10,"EVO:Axolotl":0,"Burning Blood":0,"aspiration:ChemicalBlood":3},{"CaptainsWheel":0,"infinitespire:ShieldingShard":37,"hubris:BottledHeart":30,"aspiration:AnachronicSnailShell":40,"Pandora\u0027s Box":25,"reliquary:RoseTintedGlasses":12,"StuffTheSpire:GrapeVine":31,"EVO:Axolotl":0,"Burning Blood":0,"aspiration:ChemicalBlood":10}],"Burning Blood":54},"card_choices":[{"not_picked":["Sword Boomerang","Havoc"],"picked":"StuffTheSpire:Slingshot","floor":1},{"not_picked":["conspire:HitWhereItHurts","Body Slam","Perfected Strike"],"picked":"SKIP","floor":5},{"not_picked":["Flex","ReplayTheSpireMod:Strike From Hell"],"picked":"StuffTheSpire:Incineration","floor":6},{"not_picked":["StuffTheSpire:Incineration","StuffTheSpire:RagingBull"],"picked":"jedi:MakeshiftSword","floor":8},{"not_picked":["StSpp:Sprint","jedi:suffering"],"picked":"StuffTheSpire:Slingshot","floor":11},{"not_picked":["Sword Boomerang","jedi:hate","Iron Wave"],"picked":"SKIP","floor":12},{"not_picked":["Second Wind","hubris:CleavingFinish"],"picked":"Spot Weakness","floor":14},{"not_picked":["Carnage","Combust","Thunderclap"],"picked":"SKIP","floor":18},{"not_picked":["infinitespire:DeathsTouch","infinitespire:Menacing"],"picked":"infinitespire:NeuralNetwork","floor":19},{"not_picked":["Warcry+1","Fire Breathing"],"picked":"StSpp:Jab+1","floor":23},{"not_picked":["ReplayTheSpireMod:Muscle Training","Thunderclap"],"picked":"Warcry+1","floor":25},{"not_picked":["Headbutt","Flame Barrier"],"picked":"ReplayTheSpireMod:Muscle Training","floor":26},{"not_picked":["StSpp:Sprint","Havoc"],"picked":"Headbutt+1","floor":28},{"not_picked":["Armaments","Replay:Undeath\u0027s Touch+1"],"picked":"Dark Embrace","floor":29}],"player_experience":759214,"relics_obtained":[{"floor":6,"key":"aspiration:ChemicalBlood"},{"floor":9,"key":"reliquary:RoseTintedGlasses"},{"floor":23,"key":"StuffTheSpire:GrapeVine"},{"floor":26,"key":"infinitespire:ShieldingShard"},{"floor":28,"key":"aspiration:AnachronicSnailShell"}],"event_choices":[{"cards_removed":["Wild Strike"],"damage_healed":0,"gold_gain":0,"player_choice":"Forget","damage_taken":0,"max_hp_gain":0,"max_hp_loss":0,"event_name":"Living Wall","floor":2,"gold_loss":0},{"damage_healed":0,"gold_gain":100,"player_choice":"Pray","damage_taken":0,"max_hp_gain":0,"max_hp_loss":0,"event_name":"Golden Shrine","floor":4,"gold_loss":0},{"damage_healed":99,"gold_gain":0,"player_choice":"Upgrade","damage_taken":20,"max_hp_gain":0,"max_hp_loss":101,"event_name":"betterThird:BetterShining","floor":13,"gold_loss":0,"cards_upgraded":["Iron Wave","Cleave"]},{"damage_healed":0,"gold_gain":0,"player_choice":"Ignored","damage_taken":0,"max_hp_gain":0,"max_hp_loss":0,"event_name":"NoteForYourself","floor":22,"gold_loss":0}],"is_beta":false,"boss_relics":[{"not_picked":["aspiration:PoetsPen","Cursed Key"],"picked":"Pandora\u0027s Box"}],"items_purged_floors":[21],"is_endless":false,"potions_floor_spawned":[5,11,12,14,25],"ascension_level":0}}