{"host":"drjz7zl15rqtgg20","time":1612905842,"event":{"mods":["BaseMod","Colored Map","Downfall","Minty Spire (QoL Compilation)","Permanent Neow","Quick Restart","StSLib"],"gold_per_floor":[111,122,122,122,51,79,90,90,90,101,101,118,118,145,145,241,241,256,256,64,64,83,116,41,41,110,110,123,133,133,168,168,270,270,288,303,315,331,342,370,415,432,432,446,446,446,249,268,268,268,268],"floor_reached":50,"language":"ENG","playtime":2489,"items_purged":["Strike_R","Strike_R"],"score":599,"play_id":"4771dc93-bfaa-4754-8505-6bc0053c4f8d","local_time":"20210209162402","is_ascension_mode":false,"campfire_choices":[{"data":"Whirlwind","floor":11,"key":"SMITH"},{"data":"Bash","floor":13,"key":"SMITH"},{"data":"Pommel Strike","floor":15,"key":"SMITH"},{"data":"Thinking Ahead","floor":25,"key":"SMITH"},{"data":"Immolate","floor":27,"key":"SMITH"},{"floor":30,"key":"RECALL"},{"data":"Disarm","floor":32,"key":"SMITH"},{"data":"Pummel","floor":46,"key":"SMITH"},{"data":"Flash of Steel","floor":49,"key":"SMITH"}],"circlet_count":0,"master_deck":["Strike_R","Strike_R","Defend_R","Defend_R","Defend_R","Defend_R","Bash+1","Headbutt","Thunderclap","Whirlwind+1","Disarm+1","Pommel Strike+1","Disarm","Immolate+1","Thinking Ahead+1","Pummel+1","Pommel Strike+1","Anger+1","Flash of Steel+1"],"relics":["Black Blood","Regal Pillow","Kunai","Self Forming Clay","Mercury Hourglass","Shuriken","HornCleat","Busted Crown","Centennial Puzzle","Sundial","Blood Vial","Du-Vu Doll","Gambling Chip"],"acts_visited":["Exordium","TheCity","TheBeyond"],"potions_floor_usage":[6,16,31,36,50],"damage_taken":[{"damage":1,"enemies":"Cultist","floor":1,"turns":3},{"damage":6,"enemies":"Jaw Worm","floor":2,"turns":3},{"damage":27,"enemies":"3 Sentries","floor":6,"turns":8},{"damage":1,"enemies":"Small Slimes","floor":7,"turns":3},{"damage":1,"enemies":"3 Louse","floor":10,"turns":2},{"damage":0,"enemies":"Large Slime","floor":12,"turns":4},{"damage":16,"enemies":"Lagavulin","floor":14,"turns":5},{"damage":0,"enemies":"Slime Boss","floor":16,"turns":6},{"damage":15,"enemies":"2 Thieves","floor":18,"turns":3},{"damage":10,"enemies":"Shell Parasite","floor":22,"turns":3},{"damage":0,"enemies":"Gremlin Leader","floor":23,"turns":5},{"damage":11,"enemies":"Snake Plant","floor":28,"turns":3},{"damage":3,"enemies":"Centurion and Healer","floor":29,"turns":3},{"damage":14,"enemies":"Slavers","floor":31,"turns":2},{"damage":55,"enemies":"Automaton","floor":33,"turns":9},{"damage":10,"enemies":"Orb Walker","floor":35,"turns":3},{"damage":15,"enemies":"3 Shapes","floor":36,"turns":2},{"damage":9,"enemies":"3 Darklings","floor":37,"turns":2},{"damage":38,"enemies":"Jaw Worm Horde","floor":38,"turns":2},{"damage":5,"enemies":"Transient","floor":39,"turns":5},{"damage":12,"enemies":"Nemesis","floor":40,"turns":5},{"damage":33,"enemies":"2 Orb Walkers","floor":41,"turns":4},{"damage":33,"enemies":"Spire Growth","floor":42,"turns":5},{"damage":9,"enemies":"3 Darklings","floor":44,"turns":2},{"damage":0,"enemies":"4 Shapes","floor":48,"turns":1},{"damage":83,"enemies":"Donu and Deca","floor":50,"turns":7}],"seed_played":"-7209474829674429990","potions_obtained":[{"floor":2,"key":"Regen Potion"},{"floor":7,"key":"LiquidBronze"},{"floor":14,"key":"AttackPotion"},{"floor":18,"key":"Strength Potion"},{"floor":29,"key":"Strength Potion"},{"floor":31,"key":"ColorlessPotion"},{"floor":36,"key":"Fruit Juice"},{"floor":40,"key":"LiquidMemories"},{"floor":44,"key":"Strength Potion"}],"is_trial":false,"path_per_floor":["M","M","?","T","$","E","M","?","T","M","R","M","R","E","R","B",null,"M","?","$","?","M","E","$","R","T","R","M","M","R","E","R","B",null,"M","M","M","M","M","E","?","M","T","M","?","R","$","M","R","B"],"character_chosen":"IRONCLAD","items_purchased":["Whirlwind","Thinking Ahead","Flash of Steel"],"campfire_rested":0,"item_purchase_floors":[5,20,47],"current_hp_per_floor":[80,80,73,73,73,67,72,60,60,65,65,71,71,61,61,67,80,71,71,71,71,67,73,73,73,73,73,68,71,71,63,63,14,80,80,82,85,59,66,66,47,28,28,33,74,74,74,74,74,0,0],"gold":268,"neow_bonus":"RANDOM_COMMON_RELIC","is_daily":false,"chose_seed":false,"campfire_upgraded":8,"win_rate":0.0,"timestamp":1612905842,"path_taken":["M","M","?","?","$","E","M","?","T","M","R","M","R","E","R","BOSS","M","?","$","?","?","E","?","R","T","R","M","?","R","E","R","BOSS","M","?","M","M","M","E","?","M","T","M","?","R","?","M","R","BOSS"],"items_purchased_type":["Card","Card","Card"],"build_version":"2020-12-22","purchased_purges":2,"victory":false,"max_hp_per_floor":[80,80,80,80,80,80,80,80,80,80,80,80,80,80,80,80,80,80,80,80,80,80,80,80,80,80,80,80,80,80,80,80,80,80,80,85,85,85,85,85,85,85,85,85,74,74,74,74,74,74,74],"card_choices":[{"not_picked":["Warcry","Twin Strike"],"picked":"Headbutt","floor":1},{"not_picked":["Havoc","Evolve"],"picked":"Thunderclap","floor":2},{"not_picked":["Sever Soul","Impervious"],"picked":"Disarm","floor":6},{"not_picked":["Wild Strike","Clothesline","Thunderclap"],"picked":"SKIP","floor":7},{"not_picked":["Ghostly Armor","Disarm"],"picked":"Pommel Strike","floor":10},{"not_picked":["Ghostly Armor","Fire Breathing","Body Slam"],"picked":"SKIP","floor":12},{"not_picked":["Brutality","Body Slam"],"picked":"Disarm","floor":14},{"not_picked":["Barricade","Feed"],"picked":"Immolate","floor":16},{"not_picked":["Carnage"],"picked":"SKIP","floor":18},{"not_picked":["Clothesline"],"picked":"SKIP","floor":22},{"not_picked":["Clash+1"],"picked":"SKIP","floor":23},{"not_picked":["Sword Boomerang"],"picked":"SKIP","floor":28},{"not_picked":["Blood for Blood+1"],"picked":"SKIP","floor":29},{"not_picked":["Clothesline"],"picked":"SKIP","floor":31},{"not_picked":["Power Through"],"picked":"SKIP","floor":35},{"not_picked":["Perfected Strike+1"],"picked":"SKIP","floor":36},{"not_picked":["Iron Wave"],"picked":"SKIP","floor":37},{"not_picked":[],"picked":"Pummel","floor":38},{"not_picked":["Flex+1"],"picked":"SKIP","floor":39},{"not_picked":[],"picked":"Pommel Strike+1","floor":40},{"not_picked":[],"picked":"Anger+1","floor":42},{"not_picked":["Burning Pact"],"picked":"SKIP","floor":44},{"not_picked":["Rage+1"],"picked":"SKIP","floor":48}],"player_experience":680007,"relics_obtained":[{"floor":4,"key":"Kunai"},{"floor":6,"key":"Self Forming Clay"},{"floor":9,"key":"Shuriken"},{"floor":14,"key":"HornCleat"},{"floor":23,"key":"Centennial Puzzle"},{"floor":31,"key":"Sundial"},{"floor":40,"key":"Blood Vial"},{"floor":41,"key":"Du-Vu Doll"},{"floor":43,"key":"Gambling Chip"}],"event_choices":[{"cards_removed":["Strike_R"],"damage_healed":0,"gold_gain":0,"player_choice":"Card Removal","damage_taken":7,"max_hp_gain":0,"max_hp_loss":0,"event_name":"Golden Wing","floor":3,"gold_loss":0},{"damage_healed":0,"gold_gain":0,"player_choice":"Success","damage_taken":12,"relics_obtained":["Mercury Hourglass"],"max_hp_gain":0,"max_hp_loss":0,"event_name":"Scrap Ooze","floor":8,"gold_loss":0},{"damage_healed":0,"gold_gain":0,"player_choice":"Ignored","damage_taken":0,"max_hp_gain":0,"max_hp_loss":0,"event_name":"Ghosts","floor":19,"gold_loss":0},{"damage_healed":0,"gold_gain":0,"player_choice":"Ignored","damage_taken":0,"max_hp_gain":0,"max_hp_loss":0,"event_name":"NoteForYourself","floor":21,"gold_loss":0},{"damage_healed":0,"gold_gain":0,"player_choice":"Fight","damage_taken":0,"max_hp_gain":0,"max_hp_loss":0,"event_name":"Mysterious Sphere","floor":41,"gold_loss":0},{"damage_healed":74,"gold_gain":0,"player_choice":"Heal","damage_taken":0,"max_hp_gain":0,"max_hp_loss":11,"event_name":"The Moai Head","floor":45,"gold_loss":0}],"is_beta":false,"boss_relics":[{"not_picked":["SlaversCollar","Runic Pyramid"],"picked":"Busted Crown"},{"not_picked":["Philosopher\u0027s Stone","Velvet Choker"],"picked":"Black Blood"}],"items_purged_floors":[24,47],"is_endless":false,"potions_floor_spawned":[2,7,14,18,29,31,35,36,40,44],"killed_by":"Donu and Deca","ascension_level":0}}