{"host":"w2kjv12xyhtt0cv2","time":1612884743,"event":{"mods":["100% Spire Juice","Act Like it!","BaseMod","Colored Map","Friendly Minions","Gensokyo","GifTheSpireLib","Highlight Path","Hubris","Marisa（F雨　魔理沙）","Minty Spire (QoL Compilation)","Prisma Mod","Quick Restart","Reimu（博丽灵梦）","Relic Stats","Reliquary","Replay The Spire","Robot Space Explorer","RumiaBox-露米娅的神秘盒子","Shop Mod","Spicy Shops","StSLib","The Bug Knight","The Cursed","The Dragon Tamer","The Servant 0.9.4","UnlockEverythingMod","Waifu the Spire","[功能]功能增强和修复MOD","【功能Mod】Neow奖励","【遗物卡牌】REMEMod","没有小屋子和绿帽子啦"],"gold_per_floor":[113,113,133,6,25,25,25],"floor_reached":6,"language":"ZHS","playtime":210,"items_purged":[],"score":67,"play_id":"62b34c45-4500-4293-905a-272bfa0bc4cc","local_time":"20210209233223","is_ascension_mode":true,"campfire_choices":[],"circlet_count":0,"master_deck":["AscendersBane","TheCursedMod:Strike_TheCursed","TheCursedMod:Strike_TheCursed","TheCursedMod:Strike_TheCursed","TheCursedMod:Strike_TheCursed","TheCursedMod:Defend_TheCursed","TheCursedMod:Defend_TheCursed","TheCursedMod:Defend_TheCursed","TheCursedMod:Defend_TheCursed","TheCursedMod:CursedWand","TheCursedMod:CleanUpWorkshop","TheCursedMod:Dregs","DTMod:ResonanceForm","TheCursedMod:CursedStaff","TheCursedMod:TroublousMinions"],"relics":["REME_ComplimentaryCards","reliquary:WritOfMandamus","Lizard Tail"],"acts_visited":["Gensokyo:Gensokyo"],"potions_floor_usage":[],"damage_taken":[{"damage":8.0,"enemies":"Gensokyo:Python","floor":1.0,"turns":4.0},{"damage":13.0,"enemies":"Gensokyo:Gryphon","floor":3.0,"turns":3.0},{"damage":9,"enemies":"Gensokyo:2_Kodama","floor":5,"turns":3},{"damage":4,"enemies":"Gensokyo:Cirno","floor":6,"turns":3}],"seed_played":"-5145472734811823158","potions_obtained":[{"floor":3.0,"key":"LiquidMemories"}],"is_trial":false,"path_per_floor":["M","?","M","$","M","E"],"character_chosen":"THE_CURSED","items_purchased":["Lizard Tail"],"campfire_rested":0,"item_purchase_floors":[4],"current_hp_per_floor":[56,47,34,34,25,21,21],"gold":25,"neow_bonus":"BOSS_RELIC","is_daily":false,"chose_seed":false,"campfire_upgraded":0,"win_rate":0.0,"timestamp":1612884743,"path_taken":["M","?","?","?","M","E"],"items_purchased_type":["Relic"],"build_version":"2020-12-22","purchased_purges":0,"victory":false,"max_hp_per_floor":[71,71,71,71,71,71,71],"relic_stats":{"Lizard Tail":0,"counters":[4,13],"obtain_stats":[{"TheCursedMod:BlackMagic101":0,"Lizard Tail":4,"reliquary:WritOfMandamus":0,"REME_ComplimentaryCards":0},{"TheCursedMod:BlackMagic101":0,"Lizard Tail":2,"reliquary:WritOfMandamus":0,"REME_ComplimentaryCards":0},{"TheCursedMod:BlackMagic101":0,"Lizard Tail":7,"reliquary:WritOfMandamus":0,"REME_ComplimentaryCards":0}]},"card_choices":[{"not_picked":["TheCursedMod:TroublousMinions","TheCursedMod:SpitefulStrike"],"picked":"TheCursedMod:CursedStaff","floor":1.0},{"not_picked":["TheCursedMod:Stigma","TheCursedMod:VitalStrike"],"picked":"TheCursedMod:TroublousMinions","floor":3.0},{"not_picked":["TheCursedMod:SoulCrush","TheCursedMod:CircleOfFocus","TheCursedMod:CursedMace"],"picked":"SKIP","floor":5},{"not_picked":["TheCursedMod:SoulCrush","TheCursedMod:CircleOfFocus","TheCursedMod:CursedMace"],"picked":"SKIP","floor":5}],"player_experience":223914,"relics_obtained":[],"event_choices":[],"is_beta":false,"boss_relics":[],"items_purged_floors":[],"is_endless":false,"potions_floor_spawned":[3,5],"killed_by":"Gensokyo:Cirno","ascension_level":17}}