{"host":"b9id4afcchnn1rfb","time":1612908010,"event":{"mods":["Act Like it!","BaseMod","Better Note","Colored Map","Colored Powertips","Hallownest","Hermit","Infinite Spire","Minty Spire (QoL Compilation)","StSLib","SuperFastMode","The Death Knight","The Necromancer"],"gold_per_floor":[117,192,205,219,294,294,321,321,370,383,80,99,127,139,139,139,139],"floor_reached":16,"language":"ENG","playtime":344,"items_purged":[],"score":168,"play_id":"37e7ca28-5cb1-4ddf-b545-27d5f9ca30d9","local_time":"20210209230010","is_ascension_mode":true,"campfire_choices":[{"data":"Genetic Algorithm","floor":6,"key":"SMITH"},{"data":"Rebound","floor":8,"key":"SMITH"},{"floor":15,"key":"REST"}],"circlet_count":0,"master_deck":["AscendersBane","Strike_B","Strike_B","Strike_B","Strike_B","Defend_B+1","Defend_B","Defend_B+1","Defend_B","Zap","Dualcast","Consume","Rebound+1","Genetic Algorithm+1","Genetic Algorithm","Hologram","Chaos","Capacitor","Tempest","Capacitor","Conserve Battery"],"relics":["Cracked Core","NeowsBlessing","Centennial Puzzle","War Paint","Lee\u0027s Waffle","Unceasing Top"],"acts_visited":["Exordium"],"potions_floor_usage":[7,7,13,14],"damage_taken":[{"damage":0,"enemies":"Cultist","floor":1,"turns":1},{"damage":0,"enemies":"2 Louse","floor":3,"turns":1},{"damage":0,"enemies":"Jaw Worm","floor":4,"turns":1},{"damage":35,"enemies":"Lagavulin","floor":7,"turns":6},{"damage":11,"enemies":"Looter","floor":10,"turns":4},{"damage":29,"enemies":"Exordium Thugs","floor":12,"turns":6},{"damage":50,"enemies":"Gremlin Nob","floor":13,"turns":5},{"damage":0,"enemies":"Blue Slaver","floor":14,"turns":4},{"damage":38,"enemies":"Slime Boss","floor":16,"turns":8}],"seed_played":"4745486368239440210","potions_obtained":[{"floor":3,"key":"FearPotion"},{"floor":7,"key":"Fruit Juice"},{"floor":10,"key":"ColorlessPotion"},{"floor":13,"key":"EssenceOfSteel"}],"is_trial":false,"path_per_floor":["M","?","M","M","?","R","E","R","T","M","$","M","E","M","R","B"],"character_chosen":"DEFECT","items_purchased":["Chaos","Capacitor","Lee\u0027s Waffle"],"campfire_rested":1,"item_purchase_floors":[11,11,11],"current_hp_per_floor":[68,61,61,61,50,50,20,20,20,9,87,58,8,8,34,0,0],"gold":139,"neow_bonus":"THREE_ENEMY_KILL","is_daily":false,"chose_seed":false,"campfire_upgraded":2,"win_rate":0.0,"timestamp":1612908010,"path_taken":["M","?","M","?","?","R","E","R","T","M","$","M","E","M","R","BOSS"],"items_purchased_type":["Card","Card","Relic"],"build_version":"2020-12-22","purchased_purges":0,"victory":false,"max_hp_per_floor":[75,75,75,75,75,75,80,80,80,80,87,87,87,87,87,87,87],"card_choices":[{"not_picked":["Barrage","Sweeping Beam"],"picked":"Consume","floor":1},{"not_picked":["Sweeping Beam","Scrape"],"picked":"Rebound","floor":3},{"not_picked":["Sweeping Beam","Rebound"],"picked":"Genetic Algorithm","floor":4},{"not_picked":["Ball Lightning","Hello World"],"picked":"Genetic Algorithm","floor":7},{"not_picked":["Leap","Steam"],"picked":"Hologram","floor":10},{"not_picked":["Stack","Rebound"],"picked":"Tempest","floor":12},{"not_picked":["Hyperbeam","Beam Cell"],"picked":"Capacitor","floor":13},{"not_picked":["Tempest","Leap"],"picked":"Conserve Battery","floor":14}],"player_experience":488918,"relics_obtained":[{"floor":7,"key":"Centennial Puzzle"},{"floor":9,"key":"War Paint"},{"floor":13,"key":"Unceasing Top"}],"event_choices":[{"damage_healed":0,"gold_gain":75,"player_choice":"Touch","damage_taken":7,"max_hp_gain":0,"max_hp_loss":0,"event_name":"FaceTrader","floor":2,"gold_loss":0},{"damage_healed":0,"gold_gain":75,"player_choice":"Gather Gold","damage_taken":11,"max_hp_gain":0,"max_hp_loss":0,"event_name":"World of Goop","floor":5,"gold_loss":0}],"is_beta":false,"boss_relics":[],"items_purged_floors":[],"is_endless":false,"potions_floor_spawned":[3,7,10,13],"killed_by":"Slime Boss","ascension_level":10}}