{"host":"btj53a7qlsawl9sy","time":1612842995,"event":{"mods":["100% Spire Juice","ATMod(∞¢Ë™Mod)","Act Like it!","Arknights","BaseMod","Better Vampires","Colored Powertips","Dota2Spire","Gensokyo","Luminous","Marisa£®ÏF”Í°°ƒß¿Ì…≥£©","Marked Mod","Minty Spire (QoL Compilation)","Quick Restart","Reimu£®≤©¿ˆ¡È√Œ£©","Relic Stats","Remilia£®¿Ÿ√◊¿Ú—«£©","Replay The Spire","Spicy Shops","StSLib","The Administrix","The Servant 0.9.4","Yakumo Yukari mod","Youmu£®ªÍ∆«—˝√Œ£©","Yuyuko","°æ“≈ŒÔø®≈∆°øREMEMod","≤–¡Ù÷ÆŒÔ"],"gold_per_floor":[118,128,146,157,174,205,205,3,52,66,141,106,123,142,142,238,338,348,360,375,375,375],"floor_reached":21,"language":"ZHS","playtime":782,"items_purged":[],"score":196,"play_id":"17f86469-4747-4986-9b40-b6ba5cfb1a57","local_time":"20210209115635","is_ascension_mode":true,"campfire_choices":[{"floor":7,"key":"REST"},{"floor":15,"key":"REST"}],"circlet_count":0,"master_deck":["Strike_R","Strike_R","Strike_R","Strike_R","Strike_R","Defend_R","Defend_R","Defend_R","Defend_R","Bash","AT_EmpoweredMortalDraw","REME_MawOfCthun","Shrug It Off","Armaments","Thunderclap","AT_BodySlamDance","REME_Cut","Body Slam","Pride","Blood for Blood","Iron Wave","Intimidate","Juggernaut","Inflame","True Grit","AT_BodySlamDance"],"relics":["AT_ATBox","REME_ComplimentaryCards","Runic Pyramid","AT_Manta","TentaclePot:ReiMu","Regal Pillow","Red Skull","Replay:Wanted Poster"],"acts_visited":["Exordium","TheCity"],"potions_floor_usage":[6],"damage_taken":[{"damage":1,"enemies":"2 Louse","floor":1,"turns":2},{"damage":2,"enemies":"Small Slimes","floor":2,"turns":2},{"damage":5,"enemies":"Jaw Worm","floor":3,"turns":3},{"damage":6,"enemies":"Blue Slaver","floor":4,"turns":3},{"damage":6,"enemies":"Red Slaver","floor":5,"turns":4},{"damage":17,"enemies":"3 Sentries","floor":6,"turns":6},{"damage":0,"enemies":"Gremlin Gang","floor":10,"turns":1},{"damage":16,"enemies":"Lots of Slimes","floor":13,"turns":3},{"damage":17,"enemies":"Looter","floor":14,"turns":4},{"damage":36,"enemies":"Fading Forest","floor":16,"turns":11},{"damage":23,"enemies":"3 Byrds","floor":18,"turns":3},{"damage":29,"enemies":"2 Thieves","floor":19,"turns":3},{"damage":1,"enemies":"Cultist and Chosen","floor":20,"turns":5},{"damage":12,"enemies":"Snake Plant","floor":21,"turns":3}],"seed_played":"-5654444862284977303","potions_obtained":[{"floor":1,"key":"MagicPotion:ReiMu"},{"floor":5,"key":"Strength Potion"},{"floor":6,"key":"Dota2Spire:HealingSalve"},{"floor":18,"key":"GrandPatriotsElixir:ReiMu"}],"is_trial":false,"path_per_floor":["M","M","M","M","M","E","R","$","T","M","?","?","M","M","R","B",null,"M","M","M","M"],"character_chosen":"IRONCLAD","items_purchased":["TentaclePot:ReiMu","Regal Pillow"],"campfire_rested":2,"item_purchase_floors":[8,8],"current_hp_per_floor":[79,77,72,66,60,43,67,67,67,67,56,76,60,43,80,44,80,57,28,27,15,15],"gold":375,"neow_bonus":"BOSS_RELIC","is_daily":false,"chose_seed":false,"campfire_upgraded":0,"win_rate":0.0,"timestamp":1612842995,"path_taken":["M","M","M","M","M","E","R","$","T","M","?","?","M","M","R","BOSS","M","M","M","M"],"items_purchased_type":["Relic","Relic"],"build_version":"2020-12-22","purchased_purges":0,"victory":false,"max_hp_per_floor":[80,80,80,80,80,80,80,80,80,80,80,80,80,80,80,80,80,80,80,80,80,80],"relic_stats":{"Regal Pillow":13,"counters":[14,51],"obtain_stats":[{"Replay:Wanted Poster":17,"Regal Pillow":8,"AT_ATBox":0,"AT_Manta":6,"TentaclePot:ReiMu":8,"Burning Blood":0,"Red Skull":9,"REME_ComplimentaryCards":0,"Runic Pyramid":0},{"Replay:Wanted Poster":10,"Regal Pillow":6,"AT_ATBox":0,"AT_Manta":6,"TentaclePot:ReiMu":6,"Burning Blood":0,"Red Skull":6,"REME_ComplimentaryCards":0,"Runic Pyramid":0},{"Replay:Wanted Poster":38,"Regal Pillow":20,"AT_ATBox":0,"AT_Manta":20,"TentaclePot:ReiMu":20,"Burning Blood":0,"Red Skull":20,"REME_ComplimentaryCards":0,"Runic Pyramid":0}]},"card_choices":[{"not_picked":["Burning Pact","Replay:Undeath\u0027s Touch"],"picked":"Shrug It Off","floor":1},{"not_picked":["Feel No Pain","ReplayTheSpireMod:Strike From Hell"],"picked":"Armaments","floor":2},{"not_picked":["Carnage","Shrug It Off"],"picked":"Thunderclap","floor":3},{"not_picked":["Cleave","Infernal Blade"],"picked":"AT_BodySlamDance","floor":4},{"not_picked":["Perfected Strike","Run Through"],"picked":"REME_Cut","floor":5},{"not_picked":["Brutality","Limit Break"],"picked":"Body Slam","floor":6},{"not_picked":["Clothesline","Sword Boomerang"],"picked":"Blood for Blood","floor":10},{"not_picked":["Clash","Searing Blow"],"picked":"Iron Wave","floor":13},{"not_picked":["Armaments","Wild Strike"],"picked":"Intimidate","floor":14},{"not_picked":["REME_TheLastStrike","Corruption"],"picked":"Juggernaut","floor":16},{"not_picked":["Dual Wield+1","Heavy Blade"],"picked":"Inflame","floor":18},{"not_picked":["Armaments","AT_IchimonjiDouble"],"picked":"True Grit","floor":19},{"not_picked":["Sword Boomerang","Reckless Charge+1"],"picked":"AT_BodySlamDance","floor":20}],"player_experience":150491,"relics_obtained":[{"floor":6,"key":"AT_Manta"},{"floor":9,"key":"Red Skull"}],"event_choices":[{"damage_healed":0,"gold_gain":75,"player_choice":"Gather Gold","damage_taken":11,"max_hp_gain":0,"max_hp_loss":0,"event_name":"World of Goop","floor":11,"gold_loss":0},{"damage_healed":20,"gold_gain":0,"player_choice":"Healed","damage_taken":0,"max_hp_gain":0,"max_hp_loss":0,"event_name":"The Cleric","floor":12,"gold_loss":35}],"is_beta":false,"boss_relics":[{"not_picked":["Cursed Key","ChewingGum"],"picked":"Replay:Wanted Poster"}],"items_purged_floors":[],"is_endless":false,"potions_floor_spawned":[1,5,6,18],"killed_by":"Snake Plant","ascension_level":1}}