{"host":"a1eatafr7pisesky","time":1612857883,"event":{"mods":["AchievementEnabler","BaseMod","Colored Map","Keyboard Shortcuts","Minty Spire (QoL Compilation)","Say the Spire","StSLib","SuperFastMode","everything is the same but u backflip on backflip"],"gold_per_floor":[114,74,94,110,35,68,68,68,95,139,160,183,202,28,28,114,114,39,39],"floor_reached":18,"language":"KOR","playtime":360,"items_purged":["Strike_B","Strike_B"],"score":310,"play_id":"223c16d0-e522-4158-b569-d51ea691c0ec","local_time":"20210209170443","is_ascension_mode":true,"campfire_choices":[{"data":"Defragment","floor":8.0,"key":"SMITH"},{"floor":15.0,"key":"REST"}],"circlet_count":0,"master_deck":["AscendersBane","Strike_B","Strike_B","Defend_B","Defend_B","Defend_B","Defend_B","Zap","Dualcast","Sunder","Sweeping Beam","Defragment","Defragment+1","Ball Lightning","Glacier","Go for the Eyes","Cold Snap","Self Repair","Rainbow"],"relics":["FrozenCore","NeowsBlessing","Ancient Tea Set","PreservedInsect","CeramicFish","Lizard Tail"],"acts_visited":["Exordium","TheCity"],"potions_floor_usage":[],"damage_taken":[{"damage":0.0,"enemies":"2 Louse","floor":1.0,"turns":1.0},{"damage":0.0,"enemies":"Cultist","floor":3.0,"turns":1.0},{"damage":0.0,"enemies":"Jaw Worm","floor":4.0,"turns":1.0},{"damage":45.0,"enemies":"3 Sentries","floor":6.0,"turns":8.0},{"damage":19.0,"enemies":"Lagavulin","floor":10.0,"turns":4.0},{"damage":34.0,"enemies":"Exordium Thugs","floor":11.0,"turns":5.0},{"damage":11.0,"enemies":"Blue Slaver","floor":12.0,"turns":4.0},{"damage":4.0,"enemies":"2 Fungi Beasts","floor":13.0,"turns":3.0},{"damage":10.0,"enemies":"The Guardian","floor":16.0,"turns":12.0},{"damage":16,"enemies":"2 Thieves","floor":18,"turns":5}],"seed_played":"2146611897445484159","potions_obtained":[{"floor":1.0,"key":"SpeedPotion"},{"floor":2.0,"key":"Regen Potion"},{"floor":2.0,"key":"Ancient Potion"},{"floor":6.0,"key":"SkillPotion"},{"floor":11.0,"key":"SmokeBomb"}],"is_trial":false,"path_per_floor":["M","?","M","M","$","E","?","R","T","E","M","M","M","$","R","B",null,"M"],"character_chosen":"DEFECT","items_purchased":["Self Repair"],"campfire_rested":1,"item_purchase_floors":[14],"current_hp_per_floor":[64,64,64,64,64,34,29,29,29,10,21,10,6,6,27,24,59,43,43],"gold":39,"neow_bonus":"THREE_ENEMY_KILL","is_daily":false,"chose_seed":false,"campfire_upgraded":1,"win_rate":0.0,"timestamp":1612857883,"path_taken":["M","?","M","?","$","E","?","R","T","E","M","M","M","?","R","BOSS","M"],"items_purchased_type":["Card"],"build_version":"2020-12-22","purchased_purges":2,"victory":false,"max_hp_per_floor":[71,71,71,71,71,71,71,71,71,71,71,71,71,71,71,71,71,71,71],"card_choices":[{"not_picked":["Heatsinks","FTL"],"picked":"Sunder","floor":1.0},{"not_picked":["Double Energy","Ball Lightning"],"picked":"Sweeping Beam","floor":3.0},{"not_picked":["Storm","Loop"],"picked":"Defragment","floor":4.0},{"not_picked":["Stack","Sunder"],"picked":"Defragment","floor":6.0},{"not_picked":["Sweeping Beam","Conserve Battery"],"picked":"Ball Lightning","floor":10.0},{"not_picked":["Cold Snap","Redo"],"picked":"Glacier","floor":11.0},{"not_picked":["Hologram","Gash"],"picked":"Go for the Eyes","floor":12.0},{"not_picked":["Sunder","Creative AI"],"picked":"Cold Snap","floor":13.0},{"not_picked":["Meteor Strike","Thunder Strike"],"picked":"Rainbow","floor":16.0}],"player_experience":429435,"relics_obtained":[{"floor":6.0,"key":"Ancient Tea Set"},{"floor":9.0,"key":"CeramicFish"},{"floor":10.0,"key":"Lizard Tail"}],"event_choices":[{"damage_healed":0.0,"max_hp_gain":0.0,"max_hp_loss":0.0,"gold_gain":0.0,"event_name":"The Woman in Blue","player_choice":"Bought 3 Potions","floor":2.0,"gold_loss":0.0,"damage_taken":0.0},{"damage_healed":0.0,"max_hp_gain":0.0,"max_hp_loss":0.0,"gold_gain":0.0,"event_name":"Scrap Ooze","player_choice":"Success","floor":7.0,"gold_loss":0.0,"damage_taken":5.0,"relics_obtained":["PreservedInsect"]}],"is_beta":false,"boss_relics":[{"not_picked":["Pandora\u0027s Box","Cursed Key"],"picked":"FrozenCore"}],"items_purged_floors":[5,14],"is_endless":false,"potions_floor_spawned":[1,3,6,11,13],"killed_by":"2 Thieves","ascension_level":16}}