{"host":"ir2cn81glck0c8xv","time":1612863322,"event":{"mods":["Act Like it!","BaseMod","DeckTracker","Downfall","Halation","Hubris","Minty Spire (QoL Compilation)","Pale of the Ancients","Replay The Spire","StSLib","The Animator","The Jungle"],"gold_per_floor":[99,113,113,113,128,128,153,153,166,196,210,226,226,275,294,389,389,389,389,409,424,439,102,102,114,114,114,114,99,128,144,162,162,162,162],"floor_reached":33,"language":"ENG","playtime":2290,"items_purged":["hexamod:Strike"],"score":369,"play_id":"2f458477-5fec-49e7-9c0c-cec7da83d2dc","local_time":"20210209013522","is_ascension_mode":false,"campfire_choices":[{"data":"hexamod:Float","floor":1.0,"key":"SMITH"},{"data":"hexamod:AdvancingGuard","floor":6,"key":"SMITH"},{"data":"hexamod:Sear","floor":8,"key":"SMITH"},{"data":"hexamod:SoulSteal","floor":13,"key":"SMITH"},{"data":"hexamod:GhostflameInferno","floor":18,"key":"SMITH"},{"floor":26,"key":"REST"},{"data":"hexamod:HeatMetal","floor":28,"key":"SMITH"}],"circlet_count":0,"master_deck":["hexamod:Strike","hexamod:Strike","hexamod:Defend","hexamod:Defend","hexamod:Defend","hexamod:Defend","hexamod:Sear+1","hexamod:Float+1","hexamod:AdvancingGuard+1","hexamod:HauntingEcho","hexamod:SpectersWail","hexamod:HeatMetal+1","hexamod:HeatCrush","hexamod:SoulSteal+1","hexamod:BurningTouch","hexamod:GhostflameInferno+1","hexamod:FirstSeal","hexamod:PhantomFireball+1"],"relics":["hexamod:SpiritBrand","halation:EternalFortune","ReplayTheSpireMod:TigerMarble","Unceasing Top","InkBottle","hubris:CrackedHourglass","hubris:Icosahedron","Mercury Hourglass","Replay:Bottled Snecko","Prayer Wheel"],"acts_visited":["Exordium","Exordium"],"potions_floor_usage":[16,16,16,22,25,33,33],"damage_taken":[{"damage":0,"enemies":"Cultist","floor":2,"turns":4},{"damage":2,"enemies":"Jaw Worm","floor":5,"turns":4},{"damage":7,"enemies":"2 Louse","floor":9,"turns":3},{"damage":2,"enemies":"Lagavulin","floor":10,"turns":8},{"damage":0,"enemies":"Blue Slaver","floor":11,"turns":3},{"damage":5,"enemies":"Exordium Thugs","floor":12,"turns":3},{"damage":8,"enemies":"Large Slime","floor":15,"turns":5},{"damage":0,"enemies":"SI_SHIV_ARCHETYPE","floor":16,"turns":7},{"damage":10,"enemies":"theJungle:MUSHROOMGANG","floor":20,"turns":3},{"damage":15,"enemies":"theJungle:Flameango_and_Byrd","floor":21,"turns":7},{"damage":21,"enemies":"theJungle:2_Flameangoes","floor":22,"turns":5},{"damage":5,"enemies":"downfall:FleeingMerchant","floor":23,"turns":4},{"damage":0,"enemies":"theJungle:Lyon","floor":25,"turns":2},{"damage":0,"enemies":"downfall:FleeingMerchant","floor":29,"turns":4},{"damage":0,"enemies":"theJungle:MamaSnecko","floor":30,"turns":3},{"damage":1,"enemies":"theJungle:SlimyTreeVines","floor":31,"turns":4},{"damage":17,"enemies":"Snake Plant","floor":32,"turns":3},{"damage":1,"enemies":"IC_MUSHROOM_ARCHETYPE","floor":33,"turns":4}],"seed_played":"-8228088174494286140","potions_obtained":[{"floor":2,"key":"Dexterity Potion"},{"floor":5,"key":"AttackPotion"},{"floor":10,"key":"LifebloodPotion"},{"floor":14,"key":"EssenceOfSteel"},{"floor":16,"key":"Reflective Coating"},{"floor":20,"key":"hexamod:EctoCoolerPotion"},{"floor":21,"key":"AttackPotion"},{"floor":22,"key":"Languid Potion"},{"floor":30,"key":"Ancient Potion"}],"is_trial":false,"path_per_floor":["R","M","?","?","M","R","T","R","M","E","M","M","R","?","M","B",null,"R","?","M","M","M","$","T","M","R","?","R","$","E","M","M","B"],"character_chosen":"THE_SPIRIT","items_purchased":["Mercury Hourglass"],"campfire_rested":1,"item_purchase_floors":[23],"current_hp_per_floor":[77,77,77,80,81,81,81,81,74,72,72,67,67,34,26,26,83,83,83,73,58,44,46,46,53,77,77,77,83,83,85,75,0,0,0],"gold":162,"neow_bonus":"TEN_PERCENT_HP_BONUS","is_daily":false,"chose_seed":false,"campfire_upgraded":6,"win_rate":0.0,"timestamp":1612863322,"path_taken":["R","M","?","?","M","R","T","R","M","E","M","M","R","?","M","BOSS","R","?","M","M","M","?","T","M","R","?","R","$","E","M","M","BOSS"],"items_purchased_type":["Relic"],"build_version":"2020-12-22","purchased_purges":1,"victory":false,"max_hp_per_floor":[77,77,77,80,83,83,83,83,83,83,83,83,83,83,83,83,83,83,83,83,83,83,83,83,83,83,83,83,83,83,86,86,86,86,86],"card_choices":[{"not_picked":["hexamod:FourthSeal","hexamod:CatchUp"],"picked":"hexamod:AdvancingGuard","floor":2},{"not_picked":["hexamod:GhostLash","hexamod:Hexaguard"],"picked":"hexamod:HauntingEcho","floor":5},{"not_picked":["hexamod:SkipABeat","hexamod:ThirdSeal"],"picked":"hexamod:SpectersWail","floor":9},{"not_picked":["hexamod:FirstSeal","hexamod:NightmareGuise"],"picked":"hexamod:HeatMetal","floor":10},{"not_picked":["hexamod:StepThrough","hexamod:InspiringFlames"],"picked":"hexamod:HeatCrush","floor":11},{"not_picked":["hexamod:BurningTouch","hexamod:InspiringFlames"],"picked":"hexamod:SoulSteal","floor":12},{"not_picked":["hexamod:HeatMetal","hexamod:HeatShield"],"picked":"hexamod:BurningTouch","floor":14},{"not_picked":["hexamod:FifthSeal","hexamod:ShieldOfDarkness","hexamod:ThermalTransfer"],"picked":"SKIP","floor":15},{"not_picked":["hexamod:TimeOfNeed","hexamod:UnlimitedPower"],"picked":"hexamod:GhostflameInferno","floor":16},{"not_picked":["hexamod:FirstSeal","hexamod:SpectersWail","hexamod:Firestarter"],"picked":"SKIP","floor":20},{"not_picked":["hexamod:StepThrough","hexamod:FastForward"],"picked":"hexamod:FirstSeal","floor":21},{"not_picked":["hexamod:RecurringNightmare","hexamod:FirstSeal","hexamod:BurningTouch"],"picked":"SKIP","floor":22},{"not_picked":["hexamod:BurningTouch","hexamod:NightmareGuise+1"],"picked":"hexamod:PhantomFireball+1","floor":23},{"not_picked":["hexamod:ShieldOfDarkness","hexamod:SpectralAdrenaline","hexamod:SpectersWail"],"picked":"SKIP","floor":25},{"not_picked":["hexamod:TurnItUp","hexamod:PhantomFireball","hexamod:BurningTouch+1"],"picked":"SKIP","floor":29},{"not_picked":["hexamod:EmpoweredFlame","hexamod:ShieldOfDarkness","hexamod:TurnItUp"],"picked":"SKIP","floor":30},{"not_picked":["hexamod:BacktrackSmack+1","hexamod:GhostLash+1","hexamod:GhostShield"],"picked":"SKIP","floor":31},{"not_picked":["hexamod:HeatMetal","hexamod:RecurringNightmare","hexamod:Haunt"],"picked":"SKIP","floor":31},{"not_picked":["hexamod:GhostLash","hexamod:SwordOfDarkness+1","hexamod:PhantomCloak"],"picked":"SKIP","floor":32},{"not_picked":["hexamod:AdvancingGuard","hexamod:GhostLash+1","hexamod:NightmareStrike"],"picked":"SKIP","floor":32}],"player_experience":442441,"relics_obtained":[{"floor":5,"key":"halation:EternalFortune"},{"floor":7,"key":"ReplayTheSpireMod:TigerMarble"},{"floor":10,"key":"Unceasing Top"},{"floor":14,"key":"InkBottle"},{"floor":24,"key":"Replay:Bottled Snecko"},{"floor":30,"key":"Prayer Wheel"},{"floor":31,"key":"halation:EternalFortune"}],"event_choices":[],"is_beta":false,"boss_relics":[{"not_picked":["halation:SmartPhone","Coffee Dripper"],"picked":"hubris:CrackedHourglass"}],"items_purged_floors":[23],"is_endless":false,"potions_floor_spawned":[2,5,10,16,20,21,22,30,31],"killed_by":"IC_MUSHROOM_ARCHETYPE","ascension_level":0}}