{"host":"rlecp7y56fma31cw","time":1612832226,"event":{"mods":["BaseMod","Block Reminder","Colored Map","Colored Powertips","Defective Defect","Googly Eyes","Minty Spire (QoL Compilation)","Quick Restart","Rare Cards Sparkle","Relic Stats","StSLib","SuperFastMode","The IronCluck","everything is the same but u backflip on backflip","slay the spire mod where everything is the same but ironclad has a cowboy hat"],"gold_per_floor":[113,132,57,74,90,123,123,148,148,148,165,98,98,117,117,212,212,231,249,99,99,21,21,46,46,46,59,86,97,112,112,112,208,208,228,245,70,88,138,171,171,189,214,226,240,266,266,116,116,116,116,116,40,68,68,68],"floor_reached":55,"language":"ENG","playtime":2543,"items_purged":["Strike_R","Strike_R","Strike_R","Shame"],"score":894,"play_id":"c047966c-fa6b-45f6-b457-a8846bffb7e4","local_time":"20210208195706","is_ascension_mode":true,"campfire_choices":[{"data":"Inflame","floor":7,"key":"SMITH"},{"floor":13,"key":"REST"},{"data":"Bash","floor":15,"key":"SMITH"},{"data":"True Grit","floor":23,"key":"SMITH"},{"data":"Feed","floor":25,"key":"SMITH"},{"data":"Spot Weakness","floor":32,"key":"SMITH"},{"floor":41,"key":"RECALL"},{"floor":47,"key":"REST"},{"data":"True Grit","floor":49,"key":"SMITH"},{"data":"Shrug It Off","floor":52,"key":"SMITH"}],"circlet_count":0,"master_deck":["Strike_R","Defend_R","Defend_R","Defend_R","Defend_R","Bash+1","Pommel Strike","Shrug It Off+1","Cleave","Inflame+1","Spot Weakness+1","Pummel","Disarm","Heavy Blade","Feed+1","Twin Strike+1","True Grit+1","Pummel","Heavy Blade","Shame","Reaper","Flame Barrier+1","True Grit+1","Sword Boomerang+1","Shrug It Off+1","Parasite","Inflame+1"],"relics":["Burning Blood","Dream Catcher","Ginger","Kunai","Cursed Key","Matryoshka","Bag of Preparation","Mummified Hand","Red Skull","Nunchaku","Pear","Runic Pyramid","CaptainsWheel","Molten Egg 2","Regal Pillow","Toy Ornithopter"],"acts_visited":["Exordium","TheCity","TheBeyond","TheEnding"],"potions_floor_usage":[6,24,27,28,50,55,55,55],"damage_taken":[{"damage":1,"enemies":"Cultist","floor":1,"turns":3},{"damage":3,"enemies":"Jaw Worm","floor":2,"turns":3},{"damage":3,"enemies":"2 Louse","floor":4,"turns":3},{"damage":15,"enemies":"Exordium Thugs","floor":5,"turns":5},{"damage":18,"enemies":"Lagavulin","floor":6,"turns":8},{"damage":25,"enemies":"Gremlin Nob","floor":8,"turns":4},{"damage":7,"enemies":"Looter","floor":11,"turns":3},{"damage":10,"enemies":"Gremlin Gang","floor":14,"turns":3},{"damage":0,"enemies":"Slime Boss","floor":16,"turns":6},{"damage":5,"enemies":"Chosen","floor":18,"turns":5},{"damage":3,"enemies":"3 Byrds","floor":19,"turns":5},{"damage":19,"enemies":"Slavers","floor":24,"turns":4},{"damage":15,"enemies":"Sentry and Sphere","floor":27,"turns":5},{"damage":8,"enemies":"Book of Stabbing","floor":28,"turns":4},{"damage":14,"enemies":"Shelled Parasite and Fungi","floor":29,"turns":4},{"damage":11,"enemies":"Snake Plant","floor":30,"turns":3},{"damage":21,"enemies":"Champ","floor":33,"turns":6},{"damage":2,"enemies":"Orb Walker","floor":35,"turns":3},{"damage":36,"enemies":"3 Darklings","floor":36,"turns":5},{"damage":38,"enemies":"4 Shapes","floor":38,"turns":5},{"damage":0,"enemies":"Mind Bloom Boss Battle","floor":39,"turns":7},{"damage":50,"enemies":"Nemesis","floor":40,"turns":7},{"damage":22,"enemies":"Transient","floor":42,"turns":5},{"damage":52,"enemies":"Jaw Worm Horde","floor":44,"turns":5},{"damage":27,"enemies":"Writhing Mass","floor":45,"turns":6},{"damage":5,"enemies":"Giant Head","floor":46,"turns":5},{"damage":35,"enemies":"Donu and Deca","floor":50,"turns":9},{"damage":71,"enemies":"Shield and Spear","floor":54,"turns":6},{"damage":99,"enemies":"The Heart","floor":55,"turns":6}],"seed_played":"7061119696897181967","potions_obtained":[{"floor":1,"key":"Explosive Potion"},{"floor":5,"key":"DuplicationPotion"},{"floor":6,"key":"BlessingOfTheForge"},{"floor":8,"key":"Strength Potion"},{"floor":21,"key":"AttackPotion"},{"floor":21,"key":"Swift Potion"},{"floor":24,"key":"Block Potion"},{"floor":29,"key":"GamblersBrew"},{"floor":33,"key":"CultistPotion"},{"floor":46,"key":"DistilledChaos"}],"is_trial":false,"path_per_floor":["M","M","$","M","M","E","R","E","T","?","M","$","R","M","R","B",null,"M","M","$","?","$","R","E","R","T","M","E","M","M","T","R","B",null,"M","M","$","M","?","E","R","M","T","M","M","E","R","$","R","B",null,"R","$","E","B"],"character_chosen":"IRONCLAD","items_purchased":["Disarm","True Grit","Pummel","True Grit","ElixirPotion"],"campfire_rested":2,"item_purchase_floors":[12,20,22,37,53],"current_hp_per_floor":[80,80,80,80,71,59,59,40,40,40,39,39,63,59,59,65,80,83,86,86,86,86,86,76,76,76,71,73,69,64,74,74,59,111,111,107,107,105,119,79,79,74,74,46,43,44,98,98,98,105,131,131,131,83,0,0],"gold":68,"neow_bonus":"THREE_CARDS","is_daily":false,"chose_seed":false,"campfire_upgraded":7,"win_rate":0.0,"timestamp":1612832226,"path_taken":["M","M","$","M","M","E","R","E","T","?","?","$","R","M","R","BOSS","M","M","$","?","$","R","E","R","T","M","E","?","M","?","R","BOSS","M","M","$","M","?","E","R","M","T","M","M","E","R","?","R","BOSS","R","$","E","BOSS"],"items_purchased_type":["Card","Card","Card","Card","Potion"],"build_version":"2020-12-22","purchased_purges":4,"victory":false,"max_hp_per_floor":[80,80,80,80,80,80,80,80,80,80,80,80,80,80,80,80,80,83,86,86,86,86,86,89,89,89,93,97,101,101,111,111,111,111,111,115,115,119,119,123,123,123,123,127,131,131,131,131,131,131,131,131,131,135,135,135],"relic_stats":{"Dream Catcher":2,"Nunchaku":[11],"Regal Pillow":15,"counters":[29,143],"Mummified Hand":[26],"Bag of Preparation":[34],"Ginger":[12],"Kunai":[19],"Cursed Key":3,"obtain_stats":[{"Regal Pillow":46,"Pear":31,"Bag of Preparation":26,"Ginger":8,"Cursed Key":17,"Burning Blood":0,"Dream Catcher":6,"Nunchaku":31,"CaptainsWheel":39,"Matryoshka":24,"Mummified Hand":26,"Molten Egg 2":40,"Kunai":9,"Red Skull":28,"Toy Ornithopter":54,"Runic Pyramid":34},{"Regal Pillow":26,"Pear":16,"Bag of Preparation":12,"Ginger":6,"Cursed Key":9,"Burning Blood":0,"Dream Catcher":5,"Nunchaku":16,"CaptainsWheel":21,"Matryoshka":12,"Mummified Hand":12,"Molten Egg 2":22,"Kunai":6,"Red Skull":14,"Toy Ornithopter":28,"Runic Pyramid":17},{"Regal Pillow":122,"Pear":68,"Bag of Preparation":52,"Ginger":26,"Cursed Key":38,"Burning Blood":0,"Dream Catcher":22,"Nunchaku":68,"CaptainsWheel":94,"Matryoshka":52,"Mummified Hand":52,"Molten Egg 2":101,"Kunai":26,"Red Skull":61,"Toy Ornithopter":137,"Runic Pyramid":74}],"Burning Blood":141,"Toy Ornithopter":15},"card_choices":[{"not_picked":["Sword Boomerang","Flex"],"picked":"Pommel Strike","floor":0},{"not_picked":["Infernal Blade","Flex"],"picked":"Shrug It Off","floor":1},{"not_picked":["Evolve","Heavy Blade"],"picked":"Cleave","floor":2},{"not_picked":["Twin Strike","Feel No Pain"],"picked":"Inflame","floor":4},{"not_picked":["Clothesline","Ghostly Armor"],"picked":"Spot Weakness","floor":5},{"not_picked":["Pommel Strike","Evolve","Wild Strike"],"picked":"SKIP","floor":6},{"not_picked":["Wild Strike","Cleave"],"picked":"Pummel","floor":8},{"not_picked":["Pommel Strike","Wild Strike","Spot Weakness"],"picked":"SKIP","floor":11},{"not_picked":["Clash","Flex"],"picked":"Heavy Blade","floor":14},{"not_picked":["Double Tap","Impervious"],"picked":"Feed","floor":16},{"not_picked":["Cleave","Fire Breathing","Carnage"],"picked":"SKIP","floor":18},{"not_picked":["Cleave","Fire Breathing","Carnage"],"picked":"SKIP","floor":18},{"not_picked":["Havoc","Clash"],"picked":"Twin Strike+1","floor":19},{"not_picked":["Perfected Strike+1","Sever Soul+1","Clothesline+1"],"picked":"SKIP","floor":24},{"not_picked":["Warcry","Seeing Red","Anger"],"picked":"SKIP","floor":27},{"not_picked":["Twin Strike+1","Iron Wave"],"picked":"Heavy Blade","floor":28},{"not_picked":["Evolve","True Grit","Metallicize+1"],"picked":"SKIP","floor":29},{"not_picked":["Dropkick+1","Headbutt+1","Shockwave"],"picked":"SKIP","floor":30},{"not_picked":["Berserk","Brutality"],"picked":"Reaper","floor":33},{"not_picked":["Combust+1","Iron Wave"],"picked":"Flame Barrier+1","floor":35},{"not_picked":["Iron Wave","Reckless Charge+1","Metallicize"],"picked":"SKIP","floor":36},{"not_picked":["Bloodletting+1","Flex","Seeing Red"],"picked":"SKIP","floor":38},{"not_picked":["Iron Wave+1","Wild Strike+1"],"picked":"Sword Boomerang+1","floor":39},{"not_picked":["Twin Strike+1","Iron Wave+1"],"picked":"Shrug It Off+1","floor":40},{"not_picked":["Flex","Headbutt+1","Clothesline+1"],"picked":"SKIP","floor":42},{"not_picked":["Juggernaut","Metallicize","True Grit"],"picked":"SKIP","floor":44},{"not_picked":["Carnage+1","True Grit"],"picked":"Inflame+1","floor":45},{"not_picked":["Perfected Strike+1","Dark Embrace","Pommel Strike+1"],"picked":"SKIP","floor":46},{"not_picked":["Second Wind+1","Rage","Flex+1"],"picked":"SKIP","floor":54}],"player_experience":881543,"relics_obtained":[{"floor":6,"key":"Dream Catcher"},{"floor":8,"key":"Ginger"},{"floor":9,"key":"Kunai"},{"floor":24,"key":"Matryoshka"},{"floor":26,"key":"Bag of Preparation"},{"floor":26,"key":"Mummified Hand"},{"floor":28,"key":"Red Skull"},{"floor":31,"key":"Nunchaku"},{"floor":31,"key":"Pear"},{"floor":39,"key":"CaptainsWheel"},{"floor":40,"key":"Molten Egg 2"},{"floor":46,"key":"Regal Pillow"},{"floor":54,"key":"Toy Ornithopter"}],"event_choices":[{"cards_removed":["Strike_R"],"damage_healed":0,"gold_gain":0,"player_choice":"Purged","damage_taken":0,"max_hp_gain":0,"max_hp_loss":0,"event_name":"Purifier","floor":10,"gold_loss":0},{"damage_healed":0,"gold_gain":0,"player_choice":"Got Potions","damage_taken":0,"max_hp_gain":0,"max_hp_loss":0,"event_name":"Lab","floor":21,"gold_loss":0},{"damage_healed":0,"gold_gain":0,"player_choice":"Fight","damage_taken":0,"max_hp_gain":0,"max_hp_loss":0,"event_name":"MindBloom","floor":39,"gold_loss":0}],"is_beta":false,"boss_relics":[{"not_picked":["Fusion Hammer","SlaversCollar"],"picked":"Cursed Key"},{"not_picked":["Mark of Pain","Runic Dome"],"picked":"Runic Pyramid"}],"items_purged_floors":[3,20,37,48],"is_endless":false,"potions_floor_spawned":[1,5,6,8,16,19,24,29,33,39,45,46,54],"killed_by":"The Heart","ascension_level":1}}