{"host":"ihsge0lre3slh6sc","time":1612899614,"event":{"mods":["Act Like it!","Arknights","BaseMod","CapriCore","Highlight Path","Lobotomy","LobotomyExtend","Minty Spire (QoL Compilation)","MostiFishMod","Quick Restart","Shop Mod","StSLib","TestMod","The Immortal","Waifu the Spire","WarShipGirlsR/战舰少女R mod","[IsaacMod]以撒尖塔","【遗物卡牌】REMEMod","篝火指南"],"gold_per_floor":[32,65,80,5,5,27,38,52,75,75,250,280,309,344,244,422,422,422],"floor_reached":16,"language":"ZHS","playtime":440,"items_purged":["MokouMod:Strike","Doubt"],"score":179,"play_id":"3c6c6ca5-752b-4e02-b809-b0b66be34f65","local_time":"20210210034014","is_ascension_mode":false,"campfire_choices":[{"data":"MokouMod:Overheat","floor":10.0,"key":"SMITH"}],"circlet_count":0,"master_deck":["MokouMod:Strike","MokouMod:Strike","MokouMod:Strike","MokouMod:Strike","MokouMod:Defend","MokouMod:Defend","MokouMod:Defend","MokouMod:Defend","MokouMod:HeatSpark","BettingIsNotGood","ats:Sunburst","MokouMod:SearingShot","MokouMod:FujiyamaVolcano","MokouMod:Overheat+1","Bomb","ats:Closed Bolt Burst Fire"],"relics":["MokouMod:PhoenixFeather","HushsDoor","testmod-TestBox","DaveBox","REME_ComplimentaryCards","testmod-DeterminationOfClimber","xbg","SynthV:TestCard","testmod-BalancedPeriapt","Bronze Scales","testmod-OneHitWonder","SynthV:C4","Bag of Marbles","Leech","Bag of Preparation","Oddly Smooth Stone","testmod-HeartOfDaVinci","Regal Pillow","ats:Originium","Toy Ornithopter","SalivaCoin"],"acts_visited":["Exordium"],"potions_floor_usage":[],"damage_taken":[{"damage":1.0,"enemies":"Cultist","floor":1.0,"turns":3.0},{"damage":5.0,"enemies":"Small Slimes","floor":2.0,"turns":2.0},{"damage":11.0,"enemies":"Jaw Worm","floor":3.0,"turns":1.0},{"damage":0.0,"enemies":"Gremlin Gang","floor":6.0,"turns":2.0},{"damage":0.0,"enemies":"Looter","floor":7.0,"turns":2.0},{"damage":0.0,"enemies":"3 Louse","floor":8.0,"turns":1.0},{"damage":0.0,"enemies":"3 Sentries","floor":13.0,"turns":2.0},{"damage":0.0,"enemies":"Large Slime","floor":14.0,"turns":3.0},{"damage":35,"enemies":"Hexaghost","floor":16,"turns":5}],"seed_played":"4797385141176453846","potions_obtained":[{"floor":1.0,"key":"Energy Potion"},{"floor":6.0,"key":"SpeedPotion"},{"floor":13.0,"key":"AttackPotion"}],"is_trial":false,"path_per_floor":["M","M","M","$","?","M","M","M","T","R","?","?","E","M","R","B"],"character_chosen":"MKU","items_purchased":[],"campfire_rested":0,"item_purchase_floors":[],"current_hp_per_floor":[74,70,59,59,44,46,47,47,47,47,47,47,50,54,54,6,6,6],"gold":422,"neow_bonus":"RANDOM_COLORLESS_2","is_daily":false,"chose_seed":false,"campfire_upgraded":1,"win_rate":0.0,"timestamp":1612899614,"path_taken":["M","M","M","$","?","M","M","M","T","R","?","?","E","M","R","BOSS"],"items_purchased_type":[],"build_version":"2020-12-22","purchased_purges":2,"victory":false,"max_hp_per_floor":[75,75,75,75,75,75,75,75,75,75,75,75,75,75,75,75,75,75],"card_choices":[{"not_picked":[],"picked":"BettingIsNotGood","floor":0.0},{"not_picked":["MokouMod:EternalBurstReactor","MokouMod:SubterraneanCore"],"picked":"MokouMod:SearingShot","floor":1.0},{"not_picked":["MokouMod:BlazingComet","Bomb","MokouMod:AdaptivePyromancy","MokouMod:Ember"],"picked":"MokouMod:FujiyamaVolcano","floor":2.0},{"not_picked":["MokouMod:ResoluteFlare","MokouMod:ShiftIgnition","MokouMod:Stoke","MokouMod:Meltdown","MokouMod:Extinguish"],"picked":"SKIP","floor":3.0},{"not_picked":["MokouMod:FujiyamaVolcano","MokouMod:RisingSunBarrier","MokouMod:SearingShot","MokouMod:Singe"],"picked":"MokouMod:Overheat","floor":6.0},{"not_picked":["MokouMod:DanceofFlames","MokouMod:ThermalPressure","MokouMod:ScorchingColumn","MokouMod:IndiscriminateIgnition"],"picked":"Bomb","floor":7.0},{"not_picked":["MokouMod:SearingShot","MokouMod:FujiyamaVolcano","MokouMod:AdaptivePyromancy","MokouMod:RoaringFlare","MokouMod:Overheat"],"picked":"SKIP","floor":8.0},{"not_picked":["MokouMod:ScorchedEarth","MokouMod:HeartofFire","MokouMod:Stoke","MokouMod:Extinguish","MokouMod:HeatCyclone"],"picked":"SKIP","floor":13.0},{"not_picked":["MokouMod:AdaptivePyromancy","MokouMod:IllusoryBattlefield","MokouMod:TemporalFireSeal","MokouMod:RoaringFlare","MokouMod:DanceofFlames"],"picked":"SKIP","floor":14.0}],"player_experience":735029,"relics_obtained":[{"floor":1.0,"key":"SynthV:TestCard"},{"floor":1.0,"key":"testmod-BalancedPeriapt"},{"floor":2.0,"key":"Bronze Scales"},{"floor":3.0,"key":"testmod-OneHitWonder"},{"floor":6.0,"key":"Bag of Marbles"},{"floor":7.0,"key":"Leech"},{"floor":8.0,"key":"Bag of Preparation"},{"floor":9.0,"key":"Oddly Smooth Stone"},{"floor":13.0,"key":"Regal Pillow"},{"floor":13.0,"key":"ats:Originium"},{"floor":13.0,"key":"Toy Ornithopter"},{"floor":14.0,"key":"SalivaCoin"}],"event_choices":[{"damage_healed":0.0,"max_hp_gain":0.0,"max_hp_loss":0.0,"gold_gain":175.0,"event_name":"Liars Game","player_choice":"AGREE","floor":11.0,"gold_loss":0.0,"damage_taken":0.0,"cards_obtained":["Doubt"]},{"damage_healed":0.0,"max_hp_gain":0.0,"max_hp_loss":0.0,"gold_gain":30.0,"event_name":"Dead Adventurer","player_choice":"Searched \u00273\u0027 times","floor":12.0,"gold_loss":0.0,"damage_taken":0.0,"relics_obtained":["testmod-HeartOfDaVinci"]}],"is_beta":false,"boss_relics":[],"items_purged_floors":[4,15],"is_endless":false,"potions_floor_spawned":[1,6,13,16],"killed_by":"Hexaghost","ascension_level":0}}