{"host":"kp5m5tbwfn2imaek","time":1612897621,"event":{"mods":["AchievementEnabler","BaseMod","Bestiary","Minty Spire (QoL Compilation)","Relic Stats"],"gold_per_floor":[17,28,42,42,54,84,84,53,104,129,129,160,178,191,191,294,294,304,321,331,348,348,380,380,714,714,714,727,755,767,794,794,889,889,905,922,922,494,507,507,525,585,585,585,640,720,730,772,772,772,772,772,10,45,75],"floor_reached":56,"language":"ENG","playtime":3564,"items_purged":["Strike_P","Strike_P+1"],"score":2145,"play_id":"7dca0467-7b8e-423c-9d75-879ea9a39a7b","local_time":"20210209140701","is_ascension_mode":true,"campfire_choices":[{"data":"SashWhip","floor":7,"key":"SMITH"},{"data":"SandsOfTime","floor":11,"key":"SMITH"},{"data":"Fasting2","floor":15,"key":"SMITH"},{"data":"Scrawl","floor":24,"key":"SMITH"},{"data":"TalkToTheHand","floor":32,"key":"SMITH"},{"data":"Wish","floor":40,"key":"SMITH"},{"data":"Scrawl","floor":44,"key":"SMITH"},{"floor":49,"key":"RECALL"},{"data":"TalkToTheHand","floor":52,"key":"SMITH"}],"circlet_count":0,"master_deck":["Defend_P+1","Defend_P","Eruption+1","Vigilance+1","MentalFortress+1","SandsOfTime+1","Wallop+1","Swivel+1","Consecrate","SashWhip+1","TalkToTheHand+1","Prostrate+1","Fasting2+1","Scrawl+1","FlurryOfBlows","TalkToTheHand+1","Wireheading+1","Omniscience+1","Prostrate+1","CrushJoints+1","JustLucky+1","LessonLearned","TalkToTheHand+1","Scrawl+1","Meditate+1","Flash of Steel","Halt","Wish+1","Brilliance","ClearTheMind+1","ThirdEye+1","ThirdEye+1","Wallop","LikeWater","TalkToTheHand+1"],"relics":["PureWater","Mummified Hand","Regal Pillow","Damaru","TeardropLocket","Coffee Dripper","Oddly Smooth Stone","Old Coin","Tiny Chest","Whetstone","SlaversCollar","Akabeko","Pear","Happy Flower","TungstenRod","Centennial Puzzle","White Beast Statue","Strange Spoon","HornCleat"],"acts_visited":["Exordium","TheCity","TheBeyond","TheEnding"],"potions_floor_usage":[29,29,41,55,55,55],"damage_taken":[{"damage":7,"enemies":"Jaw Worm","floor":1,"turns":4},{"damage":0,"enemies":"Cultist","floor":2,"turns":2},{"damage":3,"enemies":"Small Slimes","floor":3,"turns":3},{"damage":0,"enemies":"3 Louse","floor":5,"turns":3},{"damage":27,"enemies":"Lagavulin","floor":6,"turns":4},{"damage":2,"enemies":"3 Sentries","floor":10,"turns":7},{"damage":0,"enemies":"Lagavulin","floor":12,"turns":4},{"damage":0,"enemies":"Blue Slaver","floor":13,"turns":2},{"damage":0,"enemies":"Looter","floor":14,"turns":3},{"damage":0,"enemies":"Slime Boss","floor":16,"turns":8},{"damage":8,"enemies":"3 Byrds","floor":18,"turns":6},{"damage":0,"enemies":"Spheric Guardian","floor":19,"turns":2},{"damage":0,"enemies":"3 Cultists","floor":20,"turns":3},{"damage":3,"enemies":"Shelled Parasite and Fungi","floor":21,"turns":4},{"damage":7,"enemies":"Book of Stabbing","floor":23,"turns":5},{"damage":0,"enemies":"Gremlin Leader","floor":25,"turns":4},{"damage":0,"enemies":"Cultist and Chosen","floor":28,"turns":3},{"damage":11,"enemies":"Slavers","floor":29,"turns":5},{"damage":0,"enemies":"Sentry and Sphere","floor":30,"turns":3},{"damage":0,"enemies":"Gremlin Leader","floor":31,"turns":3},{"damage":0,"enemies":"Champ","floor":33,"turns":6},{"damage":15,"enemies":"3 Shapes","floor":35,"turns":5},{"damage":3,"enemies":"Orb Walker","floor":36,"turns":3},{"damage":5,"enemies":"Spire Growth","floor":39,"turns":5},{"damage":19,"enemies":"4 Shapes","floor":41,"turns":6},{"damage":0,"enemies":"Reptomancer","floor":42,"turns":3},{"damage":2,"enemies":"Giant Head","floor":45,"turns":4},{"damage":0,"enemies":"Mind Bloom Boss Battle","floor":46,"turns":2},{"damage":0,"enemies":"Transient","floor":47,"turns":5},{"damage":0,"enemies":"Spire Growth","floor":48,"turns":4},{"damage":0,"enemies":"Awakened One","floor":50,"turns":7},{"damage":5,"enemies":"Shield and Spear","floor":54,"turns":3},{"damage":0,"enemies":"The Heart","floor":55,"turns":8}],"seed_played":"211522013318433736","potions_obtained":[{"floor":6,"key":"SpeedPotion"},{"floor":12,"key":"SneckoOil"},{"floor":14,"key":"DuplicationPotion"},{"floor":25,"key":"Regen Potion"},{"floor":30,"key":"FearPotion"},{"floor":33,"key":"Strength Potion"},{"floor":42,"key":"Dexterity Potion"}],"is_trial":false,"path_per_floor":["M","M","M","?","M","E","R","?","T","E","R","E","M","M","R","B",null,"M","M","M","M","?","E","R","E","T","?","M","E","M","E","R","B",null,"M","M","?","$","M","R","M","E","T","R","E","?","M","M","R","B",null,"R","$","E","B",null],"character_chosen":"WATCHER","items_purchased":["Halt","Wish","LiquidMemories","Brilliance","Wallop","LikeWater","Centennial Puzzle","White Beast Statue","Strange Spoon"],"campfire_rested":0,"item_purchase_floors":[38,38,38,38,53,53,53,53,53],"current_hp_per_floor":[58,58,55,55,55,28,28,28,28,26,26,26,26,26,26,26,61,53,53,53,50,50,43,43,43,43,30,30,33,33,33,33,33,66,51,48,48,48,43,43,24,24,34,34,32,32,32,32,32,32,73,73,73,68,68],"gold":75,"neow_bonus":"TRANSFORM_TWO_CARDS","is_daily":false,"chose_seed":false,"campfire_upgraded":8,"win_rate":0.0,"timestamp":1612897621,"path_taken":["M","M","M","?","?","E","R","?","T","E","R","E","M","M","R","BOSS","M","M","M","M","?","E","R","E","T","?","M","E","M","E","R","BOSS","M","M","?","$","M","R","M","E","T","R","E","?","M","M","R","BOSS","R","$","E","BOSS"],"items_purchased_type":["Card","Card","Potion","Card","Card","Card","Relic","Relic","Relic"],"build_version":"2020-12-22","purchased_purges":2,"victory":true,"max_hp_per_floor":[72,72,72,72,72,72,72,72,72,72,72,72,72,72,72,72,72,72,72,72,72,72,72,72,72,72,77,77,77,77,77,77,77,77,77,77,77,77,77,77,77,77,87,87,87,87,87,87,87,87,87,87,87,87,87],"relic_stats":{"Strange Spoon":[13],"Regal Pillow":0,"Centennial Puzzle":[3],"Happy Flower":[9],"counters":[33,139],"Mummified Hand":[102],"Tiny Chest":0,"Whetstone":["Strike_P","Eruption"],"obtain_stats":[{"Regal Pillow":9,"Pear":43,"Happy Flower":45,"Damaru":10,"Oddly Smooth Stone":23,"TeardropLocket":12,"Whetstone":31,"Akabeko":42,"White Beast Statue":53,"Old Coin":25,"SlaversCollar":34,"Strange Spoon":53,"Centennial Puzzle":53,"HornCleat":54,"Mummified Hand":6,"Tiny Chest":29,"Coffee Dripper":17,"PureWater":0,"TungstenRod":46},{"Regal Pillow":5,"Pear":26,"Happy Flower":27,"Damaru":6,"Oddly Smooth Stone":15,"TeardropLocket":7,"Whetstone":20,"Akabeko":26,"White Beast Statue":31,"Old Coin":16,"SlaversCollar":21,"Strange Spoon":31,"Centennial Puzzle":31,"HornCleat":32,"Mummified Hand":5,"Tiny Chest":18,"Coffee Dripper":10,"PureWater":0,"TungstenRod":28},{"Regal Pillow":16,"Pear":106,"Happy Flower":110,"Damaru":23,"Oddly Smooth Stone":60,"TeardropLocket":27,"Whetstone":78,"Akabeko":106,"White Beast Statue":128,"Old Coin":64,"SlaversCollar":84,"Strange Spoon":128,"Centennial Puzzle":128,"HornCleat":131,"Mummified Hand":16,"Tiny Chest":72,"Coffee Dripper":40,"PureWater":0,"TungstenRod":112}],"TungstenRod":4},"card_choices":[{"not_picked":["ClearTheMind","FlyingSleeves"],"picked":"Wallop","floor":1},{"not_picked":["Prostrate","Evaluate","Nirvana"],"picked":"SKIP","floor":2},{"not_picked":["FlyingSleeves","Crescendo"],"picked":"Swivel","floor":3},{"not_picked":["ClearTheMind","Establishment"],"picked":"Consecrate","floor":5},{"not_picked":["ThirdEye","Judgement"],"picked":"SashWhip","floor":6},{"not_picked":["FollowUp","Weave","EmptyBody"],"picked":"SKIP","floor":10},{"not_picked":["Nirvana","FollowUp"],"picked":"TalkToTheHand","floor":12},{"not_picked":["Perseverance","Protect"],"picked":"Prostrate","floor":13},{"not_picked":["Wireheading","DeceiveReality"],"picked":"Fasting2","floor":14},{"not_picked":["Wish","Omniscience"],"picked":"Scrawl","floor":16},{"not_picked":["ClearTheMind","Evaluate","DeceiveReality"],"picked":"SKIP","floor":18},{"not_picked":["SandsOfTime","PathToVictory"],"picked":"FlurryOfBlows","floor":19},{"not_picked":["CutThroughFate","Vengeance"],"picked":"TalkToTheHand","floor":20},{"not_picked":["SashWhip","SandsOfTime+1","PathToVictory+1"],"picked":"SKIP","floor":21},{"not_picked":["Meditate","Evaluate"],"picked":"Prostrate+1","floor":23},{"not_picked":["Perseverance","Sanctity"],"picked":"CrushJoints+1","floor":25},{"not_picked":["Halt+1","SashWhip"],"picked":"JustLucky+1","floor":28},{"not_picked":["BowlingBash","FearNoEvil","EmptyBody"],"picked":"SKIP","floor":29},{"not_picked":["CrushJoints+1","Evaluate+1"],"picked":"LessonLearned","floor":30},{"not_picked":["Evaluate","FearNoEvil"],"picked":"TalkToTheHand","floor":31},{"not_picked":["Vault","Brilliance"],"picked":"Scrawl","floor":33},{"not_picked":["CutThroughFate","WheelKick"],"picked":"Meditate+1","floor":35},{"not_picked":["Swivel","FollowUp+1","EmptyFist"],"picked":"SKIP","floor":36},{"not_picked":["PanicButton","Good Instincts"],"picked":"Flash of Steel","floor":37},{"not_picked":["FlurryOfBlows","FlyingSleeves+1","ForeignInfluence+1"],"picked":"SKIP","floor":39},{"not_picked":["Nirvana+1","Study"],"picked":"ClearTheMind+1","floor":41},{"not_picked":["DeceiveReality","EmptyBody"],"picked":"ThirdEye+1","floor":42},{"not_picked":["FollowUp+1","Collect","Worship+1"],"picked":"SKIP","floor":45},{"not_picked":["Consecrate","SashWhip"],"picked":"ThirdEye+1","floor":47},{"not_picked":["Conclude","JustLucky","InnerPeace"],"picked":"SKIP","floor":48},{"not_picked":["Ragnarok","PathToVictory+1"],"picked":"TalkToTheHand+1","floor":54}],"player_experience":712429,"relics_obtained":[{"floor":6,"key":"Mummified Hand"},{"floor":9,"key":"Regal Pillow"},{"floor":10,"key":"Damaru"},{"floor":12,"key":"TeardropLocket"},{"floor":23,"key":"Oddly Smooth Stone"},{"floor":25,"key":"Old Coin"},{"floor":29,"key":"Tiny Chest"},{"floor":31,"key":"Whetstone"},{"floor":42,"key":"Akabeko"},{"floor":43,"key":"Pear"},{"floor":45,"key":"Happy Flower"},{"floor":46,"key":"TungstenRod"},{"floor":54,"key":"HornCleat"}],"event_choices":[{"damage_healed":0,"gold_gain":0,"player_choice":"Upgraded","damage_taken":0,"max_hp_gain":0,"max_hp_loss":0,"event_name":"Upgrade Shrine","floor":4,"gold_loss":0,"cards_upgraded":["Wallop"]},{"damage_healed":0,"gold_gain":0,"player_choice":"Left Gold","damage_taken":0,"max_hp_gain":0,"max_hp_loss":0,"event_name":"World of Goop","floor":8,"gold_loss":31},{"damage_healed":0,"gold_gain":0,"cards_transformed":["Strike_P","Strike_P"],"player_choice":"Became Test Subject","damage_taken":0,"max_hp_gain":0,"max_hp_loss":0,"event_name":"Drug Dealer","floor":22,"gold_loss":0,"cards_obtained":["Wireheading","Omniscience"]},{"damage_healed":0,"gold_gain":0,"player_choice":"Shed Blood","damage_taken":18,"max_hp_gain":5,"max_hp_loss":0,"event_name":"Forgotten Altar","floor":27,"gold_loss":0},{"damage_healed":0,"gold_gain":0,"player_choice":"Memory 1","damage_taken":0,"max_hp_gain":0,"max_hp_loss":0,"event_name":"SensoryStone","floor":37,"gold_loss":0},{"damage_healed":0,"gold_gain":0,"player_choice":"Fight","damage_taken":0,"max_hp_gain":0,"max_hp_loss":0,"event_name":"MindBloom","floor":46,"gold_loss":0}],"is_beta":false,"boss_relics":[{"not_picked":["Tiny House","Black Star"],"picked":"Coffee Dripper"},{"not_picked":["Cursed Key","Calling Bell"],"picked":"SlaversCollar"}],"items_purged_floors":[38,53],"is_endless":false,"potions_floor_spawned":[6,12,14,16,23,25,28,30,33,36,39,42,47,54],"ascension_level":7}}