{"host":"y76clbnovzmw9ubx","time":1612879912,"event":{"mods":["AchievementEnabler","BaseMod","Minty Spire (QoL Compilation)","Permanent Neow","Relic Stats"],"gold_per_floor":[11,21,21,39,39,72,72,83,109,109,124,124,150,166,166,242,242,260,273,273,323,323,323],"floor_reached":22,"language":"ENG","playtime":1060,"items_purged":[],"score":442,"play_id":"ec4a201b-e080-4319-bba0-99a7f89a1425","local_time":"20210209091152","is_ascension_mode":true,"campfire_choices":[{"data":"1","floor":7,"key":"LIFT"},{"data":"2","floor":10,"key":"LIFT"},{"data":"3","floor":12,"key":"LIFT"},{"data":"Noxious Fumes","floor":15,"key":"SMITH"}],"circlet_count":0,"master_deck":["AscendersBane","Strike_G","Strike_G","Strike_G","Strike_G","Strike_G","Defend_G","Defend_G","Defend_G","Defend_G","Defend_G","Survivor","Neutralize","Dagger Spray","Noxious Fumes+1","Deflect","All Out Attack","Flechettes","Well Laid Plans","Deflect","Die Die Die","PiercingWail","Ghostly","Ghostly","Ghostly"],"relics":["Ring of the Snake","Girya","CultistMask","MealTicket","Pen Nib","Blood Vial","Black Star"],"acts_visited":["Exordium","TheCity"],"potions_floor_usage":[6,6,13,16],"damage_taken":[{"damage":1,"enemies":"Small Slimes","floor":1,"turns":5},{"damage":1,"enemies":"Cultist","floor":2,"turns":5},{"damage":2,"enemies":"2 Louse","floor":4,"turns":3},{"damage":17,"enemies":"3 Sentries","floor":6,"turns":6},{"damage":0,"enemies":"Exordium Wildlife","floor":8,"turns":2},{"damage":6,"enemies":"Red Slaver","floor":11,"turns":5},{"damage":0,"enemies":"Gremlin Nob","floor":13,"turns":2},{"damage":0,"enemies":"2 Fungi Beasts","floor":14,"turns":1},{"damage":30,"enemies":"Hexaghost","floor":16,"turns":9},{"damage":23,"enemies":"Shell Parasite","floor":18,"turns":6},{"damage":28,"enemies":"3 Byrds","floor":19,"turns":6},{"damage":18,"enemies":"Shelled Parasite and Fungi","floor":22,"turns":3}],"seed_played":"-7128989588570030980","potions_obtained":[{"floor":2,"key":"Strength Potion"},{"floor":4,"key":"AttackPotion"},{"floor":6,"key":"FearPotion"},{"floor":13,"key":"SpeedPotion"},{"floor":19,"key":"Poison Potion"}],"is_trial":false,"path_per_floor":["M","M","?","M","$","E","R","M","T","R","M","R","E","M","R","B",null,"M","M","?","?","M"],"character_chosen":"THE_SILENT","items_purchased":[],"campfire_rested":0,"item_purchase_floors":[],"current_hp_per_floor":[58,57,57,55,55,38,38,38,38,38,32,32,32,34,34,6,51,30,4,4,4,0,0],"gold":323,"neow_bonus":"ONE_RARE_RELIC","is_daily":false,"chose_seed":false,"campfire_upgraded":1,"win_rate":0.0,"timestamp":1612879912,"path_taken":["M","M","?","M","?","E","R","M","T","R","M","R","E","M","R","BOSS","M","M","?","?","M"],"items_purchased_type":[],"build_version":"2020-12-22","purchased_purges":0,"victory":false,"max_hp_per_floor":[66,66,66,66,66,66,66,66,66,66,66,66,66,66,66,66,66,66,66,33,33,33,33],"relic_stats":{"Blood Vial":10,"counters":[12,53],"MealTicket":0,"Pen Nib":[5],"Black Star":0,"obtain_stats":[{"Blood Vial":13,"Girya":0,"MealTicket":6,"CultistMask":3,"Pen Nib":9,"Black Star":17,"Ring of the Snake":0},{"Blood Vial":7,"Girya":0,"MealTicket":4,"CultistMask":2,"Pen Nib":5,"Black Star":9,"Ring of the Snake":0},{"Blood Vial":28,"Girya":0,"MealTicket":19,"CultistMask":10,"Pen Nib":21,"Black Star":38,"Ring of the Snake":0}],"Ring of the Snake":[24]},"card_choices":[{"not_picked":["Outmaneuver","Setup","Bane"],"picked":"SKIP","floor":1},{"not_picked":["Outmaneuver","Finisher"],"picked":"Dagger Spray","floor":2},{"not_picked":["Deflect","Quick Slash"],"picked":"Noxious Fumes","floor":4},{"not_picked":["Outmaneuver","Setup"],"picked":"Deflect","floor":6},{"not_picked":["Flying Knee","Tactician"],"picked":"All Out Attack","floor":8},{"not_picked":["Unload","Setup"],"picked":"Flechettes","floor":11},{"not_picked":["Calculated Gamble","Acrobatics"],"picked":"Well Laid Plans","floor":13},{"not_picked":["Dagger Throw","Concentrate"],"picked":"Deflect","floor":14},{"not_picked":["Storm of Steel","Night Terror"],"picked":"Die Die Die","floor":16},{"not_picked":["Dagger Throw","Deadly Poison"],"picked":"PiercingWail","floor":18},{"not_picked":["Expertise","Bouncing Flask","Acrobatics+1"],"picked":"SKIP","floor":19}],"player_experience":3217042,"relics_obtained":[{"floor":6,"key":"MealTicket"},{"floor":9,"key":"Pen Nib"},{"floor":13,"key":"Blood Vial"}],"event_choices":[{"damage_healed":0,"gold_gain":0,"player_choice":"Trade","damage_taken":0,"relics_obtained":["CultistMask"],"max_hp_gain":0,"max_hp_loss":0,"event_name":"FaceTrader","floor":3,"gold_loss":0},{"damage_healed":0,"gold_gain":0,"player_choice":"Became a Ghost","damage_taken":0,"max_hp_gain":0,"max_hp_loss":33,"event_name":"Ghosts","floor":20,"gold_loss":0,"cards_obtained":["Ghostly","Ghostly","Ghostly"]},{"damage_healed":0,"gold_gain":50,"player_choice":"Stole From Cult","damage_taken":0,"max_hp_gain":0,"max_hp_loss":0,"event_name":"Nest","floor":21,"gold_loss":0}],"is_beta":false,"boss_relics":[{"not_picked":["SacredBark","SlaversCollar"],"picked":"Black Star"}],"items_purged_floors":[],"is_endless":false,"potions_floor_spawned":[2,4,6,13,19],"killed_by":"Shelled Parasite and Fungi","ascension_level":20}}