{"host":"f7jml7vkwn3tj7tu","time":1612843741,"event":{"mods":["BaseMod","Block Reminder","Minty Spire (QoL Compilation)","Relic Stats","Slay-I"],"gold_per_floor":[15,31,45,64,79,79,97,113,137,137,137,148,165,191,191,288,288,302,302,312,312,322,322,333,368,368,368,382,392,392,392],"floor_reached":30,"language":"ENG","playtime":1563,"items_purged":[],"score":250,"play_id":"3d29ee84-81bc-4d7e-a221-6b75d7a29900","local_time":"20210208230901","is_ascension_mode":false,"campfire_choices":[{"data":"SandsOfTime","floor":6,"key":"SMITH"},{"data":"Consecrate","floor":10,"key":"SMITH"},{"data":"Devotion","floor":15,"key":"SMITH"},{"data":"BowlingBash","floor":23,"key":"SMITH"},{"floor":27,"key":"REST"}],"circlet_count":0,"master_deck":["Strike_P","Strike_P","Defend_P","Defend_P","Defend_P","Defend_P","Eruption","Vigilance","SandsOfTime+1","BowlingBash+1","CarveReality","CarveReality","Blasphemy","BowlingBash","Consecrate+1","Devotion+1","DeusExMachina","ThirdEye","Consecrate+1","ClearTheMind","Prostrate+1","Swivel+1","MasterReality","CrushJoints","FlyingSleeves+1"],"relics":["PureWater","Boot","Odd Mushroom","VioletLotus","PreservedInsect","Gremlin Horn"],"acts_visited":["Exordium","TheCity"],"potions_floor_usage":[5,16,16,30],"damage_taken":[{"damage":0,"enemies":"Small Slimes","floor":1,"turns":3},{"damage":0,"enemies":"2 Louse","floor":2,"turns":4},{"damage":2,"enemies":"Cultist","floor":3,"turns":4},{"damage":2,"enemies":"Blue Slaver","floor":4,"turns":4},{"damage":0,"enemies":"Lots of Slimes","floor":5,"turns":1},{"damage":6,"enemies":"2 Fungi Beasts","floor":7,"turns":3},{"damage":9,"enemies":"Exordium Thugs","floor":8,"turns":4},{"damage":3,"enemies":"Gremlin Gang","floor":12,"turns":3},{"damage":5,"enemies":"Looter","floor":13,"turns":3},{"damage":0,"enemies":"The Mushroom Lair","floor":14,"turns":3},{"damage":44,"enemies":"The Guardian","floor":16,"turns":5},{"damage":0,"enemies":"Spheric Guardian","floor":18,"turns":3},{"damage":8,"enemies":"3 Byrds","floor":20,"turns":4},{"damage":4,"enemies":"Cultist and Chosen","floor":22,"turns":5},{"damage":28,"enemies":"Centurion and Healer","floor":24,"turns":5},{"damage":42,"enemies":"Slavers","floor":25,"turns":4},{"damage":17,"enemies":"3 Cultists","floor":28,"turns":5},{"damage":2,"enemies":"Cultist and Chosen","floor":29,"turns":5},{"damage":12,"enemies":"Centurion and Healer","floor":30,"turns":1}],"seed_played":"3023295408473721521","potions_obtained":[{"floor":1,"key":"Ancient Potion"},{"floor":2,"key":"Explosive Potion"},{"floor":4,"key":"BlessingOfTheForge"},{"floor":7,"key":"AttackPotion"},{"floor":16,"key":"CultistPotion"},{"floor":20,"key":"Weak Potion"}],"is_trial":false,"path_per_floor":["M","M","M","M","M","R","M","M","T","R","?","M","M","?","R","B",null,"M","?","M","?","M","R","M","E","T","R","M","M","M"],"character_chosen":"WATCHER","items_purchased":[],"campfire_rested":1,"item_purchase_floors":[],"current_hp_per_floor":[86,86,84,82,82,82,76,67,67,67,60,57,52,52,52,8,86,86,86,78,78,74,74,46,4,4,29,12,10,0,0],"gold":392,"neow_bonus":"TWENTY_PERCENT_HP_BONUS","is_daily":false,"chose_seed":false,"campfire_upgraded":4,"win_rate":0.0,"timestamp":1612843741,"path_taken":["M","M","M","M","M","R","M","M","T","R","?","M","M","?","R","BOSS","M","?","?","?","M","R","M","E","T","R","M","M","?"],"items_purchased_type":[],"build_version":"2020-12-22","purchased_purges":0,"victory":false,"max_hp_per_floor":[86,86,86,86,86,86,86,86,86,86,86,86,86,86,86,86,86,86,86,86,86,86,86,86,86,86,86,86,86,86,86],"relic_stats":{"Gremlin Horn":[4,3],"counters":[19,69],"VioletLotus":[4],"PreservedInsect":0,"Boot":[17],"obtain_stats":[{"Gremlin Horn":26,"VioletLotus":17,"PreservedInsect":25,"PureWater":0,"Odd Mushroom":14,"Boot":9},{"Gremlin Horn":16,"VioletLotus":11,"PreservedInsect":16,"PureWater":0,"Odd Mushroom":10,"Boot":7},{"Gremlin Horn":58,"VioletLotus":37,"PreservedInsect":58,"PureWater":0,"Odd Mushroom":32,"Boot":23}]},"card_choices":[{"not_picked":["Evaluate","Wallop"],"picked":"SandsOfTime","floor":1},{"not_picked":["CutThroughFate","LikeWater"],"picked":"BowlingBash","floor":2},{"not_picked":["CrushJoints","Consecrate"],"picked":"CarveReality","floor":3},{"not_picked":["CutThroughFate","Adaptation"],"picked":"CarveReality","floor":4},{"not_picked":["FlyingSleeves","EmptyBody"],"picked":"Blasphemy","floor":5},{"not_picked":["CrushJoints","Fasting2"],"picked":"BowlingBash","floor":7},{"not_picked":["EmptyBody","PathToVictory"],"picked":"Consecrate","floor":8},{"not_picked":["BowlingBash","FlyingSleeves","Halt"],"picked":"SKIP","floor":13},{"not_picked":["ClearTheMind","Consecrate"],"picked":"Devotion","floor":14},{"not_picked":["Wish","Scrawl"],"picked":"DeusExMachina","floor":16},{"not_picked":["Halt","EmptyBody"],"picked":"ThirdEye","floor":18},{"not_picked":["FollowUp+1","Protect+1"],"picked":"Consecrate+1","floor":20},{"not_picked":["EmptyBody+1","SashWhip"],"picked":"Prostrate+1","floor":22},{"not_picked":["Weave+1","SashWhip"],"picked":"Swivel+1","floor":24},{"not_picked":["EmptyMind","Collect"],"picked":"MasterReality","floor":25},{"not_picked":["Tantrum","CutThroughFate"],"picked":"CrushJoints","floor":28},{"not_picked":["PathToVictory","WindmillStrike"],"picked":"FlyingSleeves+1","floor":29}],"player_experience":592380,"relics_obtained":[{"floor":9,"key":"Boot"},{"floor":14,"key":"Odd Mushroom"},{"floor":25,"key":"PreservedInsect"},{"floor":26,"key":"Gremlin Horn"}],"event_choices":[{"cards_removed":["Strike_P"],"damage_healed":0,"gold_gain":0,"player_choice":"Card Removal","damage_taken":7,"max_hp_gain":0,"max_hp_loss":0,"event_name":"Golden Wing","floor":11,"gold_loss":0},{"damage_healed":0,"gold_gain":0,"player_choice":"Fought Mushrooms","damage_taken":0,"max_hp_gain":0,"max_hp_loss":0,"event_name":"Mushrooms","floor":14,"gold_loss":0},{"damage_healed":0,"gold_gain":0,"player_choice":"Ignored","damage_taken":0,"max_hp_gain":0,"max_hp_loss":0,"event_name":"N\u0027loth","floor":19,"gold_loss":0},{"damage_healed":0,"gold_gain":0,"cards_transformed":["Strike_P"],"player_choice":"Transformed","damage_taken":0,"max_hp_gain":0,"max_hp_loss":0,"event_name":"Transmorgrifier","floor":21,"gold_loss":0,"cards_obtained":["ClearTheMind"]}],"is_beta":false,"boss_relics":[{"not_picked":["SacredBark","Velvet Choker"],"picked":"VioletLotus"}],"items_purged_floors":[],"is_endless":false,"potions_floor_spawned":[1,2,4,7,14,16,20,22,25,28],"killed_by":"Centurion and Healer","ascension_level":0}}