{"host":"z609fbm6pkeriks8","time":1612910951,"event":{"mods":["AchievementEnabler","BaseMod","Colored Map","Colored Powertips","Highlight Path","Minty Spire (QoL Compilation)","StSLib"],"gold_per_floor":[118,129,19,34,34,62,76,76,100,117,131,151,151,151],"floor_reached":13,"language":"ZHS","playtime":673,"items_purged":["Strike_B"],"score":89,"play_id":"8da12ee8-01de-4d17-a339-77a2fb61cd5b","local_time":"20210210064911","is_ascension_mode":false,"campfire_choices":[{"data":"Storm","floor":8,"key":"SMITH"}],"circlet_count":0,"master_deck":["Strike_B","Strike_B","Defend_B","Defend_B","Defend_B","Defend_B","Zap","Dualcast","Steam Power","Genetic Algorithm","Redo","Heatsinks","Cold Snap","Storm+1","Aggregate","FTL","Self Repair","Rip and Tear"],"relics":["Cracked Core","Oddly Smooth Stone","Anchor","Juzu Bracelet"],"acts_visited":["Exordium"],"potions_floor_usage":[],"damage_taken":[{"damage":5,"enemies":"Small Slimes","floor":1,"turns":3},{"damage":7,"enemies":"Jaw Worm","floor":2,"turns":3},{"damage":0,"enemies":"2 Louse","floor":4,"turns":3},{"damage":20,"enemies":"Lagavulin","floor":6,"turns":8},{"damage":0,"enemies":"2 Fungi Beasts","floor":7,"turns":4},{"damage":0,"enemies":"Red Slaver","floor":10,"turns":3},{"damage":4,"enemies":"Large Slime","floor":11,"turns":6},{"damage":4,"enemies":"Looter","floor":12,"turns":3},{"damage":38,"enemies":"3 Sentries","floor":13,"turns":6}],"seed_played":"-4331352388298994282","potions_obtained":[{"floor":1,"key":"SteroidPotion"},{"floor":4,"key":"BlessingOfTheForge"},{"floor":10,"key":"DuplicationPotion"}],"is_trial":false,"path_per_floor":["M","M","$","M","?","E","M","R","T","M","M","M","E"],"character_chosen":"DEFECT","items_purchased":["Heatsinks"],"campfire_rested":0,"item_purchase_floors":[3],"current_hp_per_floor":[70,63,63,63,56,36,36,36,36,36,32,35,0,0],"gold":151,"neow_bonus":"TRANSFORM_CARD","is_daily":false,"chose_seed":false,"campfire_upgraded":1,"win_rate":0.0,"timestamp":1612910951,"path_taken":["M","M","$","M","?","E","M","R","T","M","M","M","E"],"items_purchased_type":["Card"],"build_version":"2020-12-22","purchased_purges":1,"victory":false,"max_hp_per_floor":[75,75,75,75,75,75,75,75,75,75,75,75,75,75],"card_choices":[{"not_picked":["BootSequence","Capacitor"],"picked":"Genetic Algorithm","floor":1},{"not_picked":["Beam Cell","Steam Power"],"picked":"Redo","floor":2},{"not_picked":["Ball Lightning","Compile Driver"],"picked":"Cold Snap","floor":4},{"not_picked":["Gash","Coolheaded"],"picked":"Storm","floor":6},{"not_picked":["Force Field","Conserve Battery"],"picked":"Aggregate","floor":7},{"not_picked":["Hologram","Reinforced Body"],"picked":"FTL","floor":10},{"not_picked":["Loop","Steam Power"],"picked":"Self Repair","floor":11},{"not_picked":["Conserve Battery","Reprogram"],"picked":"Rip and Tear","floor":12}],"player_experience":43723,"relics_obtained":[{"floor":6,"key":"Anchor"},{"floor":9,"key":"Juzu Bracelet"}],"event_choices":[{"damage_healed":0,"gold_gain":0,"player_choice":"Success","damage_taken":7,"relics_obtained":["Oddly Smooth Stone"],"max_hp_gain":0,"max_hp_loss":0,"event_name":"Scrap Ooze","floor":5,"gold_loss":0}],"is_beta":false,"boss_relics":[],"items_purged_floors":[3],"is_endless":false,"potions_floor_spawned":[1,4,10],"killed_by":"3 Sentries","ascension_level":0}}