{"host":"msfr2axb1w9025n0","time":1612878709,"event":{"mods":["BaseMod","Bestiary","Block Reminder","Colored Map","DeckTracker","Minty Spire (QoL Compilation)","Relic Stats","Weighted Paths"],"gold_per_floor":[112,123,140,155,174,174,206,226,307,339,353,161,161,181,181,181,181],"floor_reached":16,"language":"ENG","playtime":684,"items_purged":[],"score":197,"play_id":"a4fa294f-49f4-454c-a868-0b6f518b3495","local_time":"20210209205149","is_ascension_mode":true,"campfire_choices":[{"data":"Skewer","floor":6.0,"key":"SMITH"},{"floor":13.0,"key":"REST"},{"floor":15.0,"key":"DIG"}],"circlet_count":0,"master_deck":["AscendersBane","Strike_G","Strike_G","Strike_G","Strike_G","Strike_G","Defend_G","Defend_G","Defend_G","Defend_G","Defend_G","Survivor","Neutralize","Blade Dance","Prepared","Skewer+1","Cloak And Dagger","Dagger Spray","Choke","Distraction","Reflex","Footwork","Calculated Gamble"],"relics":["Philosopher\u0027s Stone","Shovel","Sundial","Letter Opener","Juzu Bracelet","TungstenRod"],"acts_visited":["Exordium"],"potions_floor_usage":[16,16],"damage_taken":[{"damage":1.0,"enemies":"Cultist","floor":1.0,"turns":5.0},{"damage":0.0,"enemies":"2 Louse","floor":2.0,"turns":3.0},{"damage":0.0,"enemies":"Jaw Worm","floor":3.0,"turns":3.0},{"damage":5.0,"enemies":"Exordium Wildlife","floor":4.0,"turns":5.0},{"damage":16.0,"enemies":"Lots of Slimes","floor":5.0,"turns":4.0},{"damage":23.0,"enemies":"Lagavulin","floor":7.0,"turns":7.0},{"damage":0.0,"enemies":"2 Fungi Beasts","floor":8.0,"turns":3.0},{"damage":7.0,"enemies":"3 Sentries","floor":10.0,"turns":5.0},{"damage":4.0,"enemies":"Red Slaver","floor":11.0,"turns":2.0},{"damage":9.0,"enemies":"Blue Slaver","floor":14.0,"turns":3.0},{"damage":17,"enemies":"Hexaghost","floor":16,"turns":9}],"seed_played":"615728927937005784","potions_obtained":[{"floor":3.0,"key":"Weak Potion"},{"floor":5.0,"key":"Fire Potion"},{"floor":8.0,"key":"PowerPotion"},{"floor":11.0,"key":"FearPotion"}],"is_trial":false,"path_per_floor":["M","M","M","M","M","R","E","M","T","E","M","$","R","M","R","B"],"character_chosen":"THE_SILENT","items_purchased":["Footwork","Juzu Bracelet"],"campfire_rested":1,"item_purchase_floors":[12,12],"current_hp_per_floor":[58,58,58,53,37,37,14,14,14,7,3,3,22,13,13,0,0],"gold":181,"neow_bonus":"BOSS_RELIC","is_daily":false,"chose_seed":false,"campfire_upgraded":1,"win_rate":0.0,"timestamp":1612878709,"path_taken":["M","M","M","M","M","R","E","M","T","E","M","?","R","M","R","BOSS"],"items_purchased_type":["Card","Relic"],"build_version":"2020-12-22","purchased_purges":0,"victory":false,"max_hp_per_floor":[66,66,66,66,66,66,66,66,66,66,66,66,66,66,66,66,66],"relic_stats":{"Shovel":1,"counters":[11,49],"Sundial":[2],"Juzu Bracelet":0,"Letter Opener":[20],"obtain_stats":[{"Shovel":7,"Sundial":9,"Philosopher\u0027s Stone":0,"Juzu Bracelet":12,"Letter Opener":10,"TungstenRod":15,"Ring of the Snake":0},{"Shovel":6,"Sundial":7,"Philosopher\u0027s Stone":0,"Juzu Bracelet":9,"Letter Opener":8,"TungstenRod":10,"Ring of the Snake":0},{"Shovel":27,"Sundial":30,"Philosopher\u0027s Stone":0,"Juzu Bracelet":37,"Letter Opener":35,"TungstenRod":40,"Ring of the Snake":0}],"TungstenRod":6},"card_choices":[{"not_picked":["Backflip","Choke"],"picked":"Blade Dance","floor":1.0},{"not_picked":["PiercingWail","Underhanded Strike"],"picked":"Prepared","floor":2.0},{"not_picked":["Dagger Throw","Backflip"],"picked":"Skewer","floor":3.0},{"not_picked":["Dagger Spray","Slice"],"picked":"Cloak And Dagger","floor":4.0},{"not_picked":["Escape Plan","Acrobatics"],"picked":"Dagger Spray","floor":5.0},{"not_picked":["Bane","Caltrops"],"picked":"Choke","floor":7.0},{"not_picked":["Deadly Poison","Poisoned Stab","Prepared"],"picked":"SKIP","floor":8.0},{"not_picked":["Dodge and Roll","Bane"],"picked":"Distraction","floor":10.0},{"not_picked":["Deadly Poison","Prepared"],"picked":"Reflex","floor":11.0},{"not_picked":["Blur","Unload"],"picked":"Calculated Gamble","floor":14.0}],"player_experience":303200,"relics_obtained":[{"floor":7.0,"key":"Shovel"},{"floor":9.0,"key":"Sundial"},{"floor":10.0,"key":"Letter Opener"},{"floor":15.0,"key":"TungstenRod"}],"event_choices":[],"is_beta":false,"boss_relics":[],"items_purged_floors":[],"is_endless":false,"potions_floor_spawned":[3,5,8,11,14],"killed_by":"Hexaghost","ascension_level":14}}