{"host":"p4v0hquynnreu717","time":1612842193,"event":{"mods":["BaseMod","Better Vampires","DeckTracker","Googly Eyes","Minty Spire (QoL Compilation)","Quick Restart","StSLib","SuperFastMode"],"gold_per_floor":[119,119,134,209,209,241,241,254,254,254,271,22,36,36,36,111,111,122,47,62,23,37,67,67,94,94,94,94,94,129,148,148,225,225,243,243,243,256,271,306,206,206,206,231,245,36,64,116,116,116,116,116,41,72,72],"floor_reached":56,"language":"ZHS","playtime":2410,"items_purged":["Strike_G","Defend_G","Defend_G","Defend_G+1"],"score":2472,"play_id":"77558199-6cc6-4ac3-96f7-4721f8946270","local_time":"20210209114313","is_ascension_mode":true,"campfire_choices":[{"data":"Neutralize","floor":7.0,"key":"SMITH"},{"data":"Reflex","floor":10.0,"key":"SMITH"},{"data":"Calculated Gamble","floor":15.0,"key":"SMITH"},{"data":"Reflex","floor":24.0,"key":"SMITH"},{"data":"Well Laid Plans","floor":28.0,"key":"SMITH"},{"data":"Finisher","floor":32.0,"key":"SMITH"},{"floor":42,"key":"RECALL"},{"data":"Terror","floor":49,"key":"SMITH"},{"data":"Footwork","floor":52,"key":"SMITH"}],"circlet_count":0,"master_deck":["AscendersBane","Defend_G+1","Survivor","Neutralize+1","Terror+1","Prepared+1","Calculated Gamble+1","Reflex+1","Finisher+1","Reflex+1","Burst","Calculated Gamble+1","Acrobatics","Well Laid Plans+1","After Image","Footwork+1"],"relics":["Ring of the Snake","NeowsBlessing","Eternal Feather","Bag of Preparation","Sundial","Astrolabe","Nunchaku","Lantern","Blood Vial","Empty Cage","Pen Nib","Bird Faced Urn","Question Card","Membership Card","Incense Burner","Centennial Puzzle"],"acts_visited":["Exordium","TheCity","TheBeyond","TheEnding"],"potions_floor_usage":[50,55],"damage_taken":[{"damage":0.0,"enemies":"Cultist","floor":1.0,"turns":1.0},{"damage":0.0,"enemies":"2 Louse","floor":3.0,"turns":1.0},{"damage":0.0,"enemies":"Lagavulin","floor":6.0,"turns":1.0},{"damage":1.0,"enemies":"Jaw Worm","floor":8.0,"turns":4.0},{"damage":12.0,"enemies":"Gremlin Gang","floor":11.0,"turns":7.0},{"damage":3.0,"enemies":"Large Slime","floor":13.0,"turns":6.0},{"damage":30.0,"enemies":"The Guardian","floor":16.0,"turns":18.0},{"damage":4.0,"enemies":"2 Thieves","floor":18.0,"turns":3.0},{"damage":0.0,"enemies":"3 Byrds","floor":20.0,"turns":2.0},{"damage":10.0,"enemies":"Snake Plant","floor":22.0,"turns":2.0},{"damage":0.0,"enemies":"Book of Stabbing","floor":23.0,"turns":1.0},{"damage":0.0,"enemies":"Slavers","floor":25.0,"turns":1.0},{"damage":0.0,"enemies":"Book of Stabbing","floor":30.0,"turns":1.0},{"damage":0.0,"enemies":"Centurion and Healer","floor":31.0,"turns":1.0},{"damage":0.0,"enemies":"Automaton","floor":33.0,"turns":2.0},{"damage":7.0,"enemies":"3 Darklings","floor":35.0,"turns":2.0},{"damage":0,"enemies":"Orb Walker","floor":38,"turns":1},{"damage":0,"enemies":"Jaw Worm Horde","floor":39,"turns":1},{"damage":0,"enemies":"Nemesis","floor":40,"turns":1},{"damage":0,"enemies":"Giant Head","floor":44,"turns":1},{"damage":0,"enemies":"Spire Growth","floor":45,"turns":1},{"damage":0,"enemies":"Reptomancer","floor":47,"turns":1},{"damage":0,"enemies":"2 Orb Walkers","floor":48,"turns":1},{"damage":8,"enemies":"Time Eater","floor":50,"turns":4},{"damage":0,"enemies":"Shield and Spear","floor":54,"turns":1},{"damage":46,"enemies":"The Heart","floor":55,"turns":4}],"seed_played":"-5729278866223224367","potions_obtained":[{"floor":1.0,"key":"LiquidBronze"},{"floor":6.0,"key":"SteroidPotion"},{"floor":22.0,"key":"GamblersBrew"},{"floor":25.0,"key":"SpeedPotion"},{"floor":30.0,"key":"AttackPotion"},{"floor":37.0,"key":"PowerPotion"},{"floor":37.0,"key":"DuplicationPotion"}],"is_trial":false,"path_per_floor":["M","?","M","?","?","E","R","M","T","R","M","$","M","?","R","B",null,"M","$","M","$","M","E","R","E","T","?","R","?","E","M","R","B",null,"M","?","?","M","M","E","$","R","T","E","M","$","E","?","R","B",null,"R","$","E","B",null],"character_chosen":"THE_SILENT","items_purchased":["Sundial","Well Laid Plans","Membership Card"],"campfire_rested":0,"item_purchase_floors":[12,21,46],"current_hp_per_floor":[59,39,39,28,28,28,37,36,36,45,33,33,30,30,39,9,52,48,48,48,48,38,38,50,50,50,50,59,55,55,57,66,66,66,59,59,59,61,63,65,65,66,66,66,66,66,66,66,66,58,64,66,66,66,24],"gold":72,"neow_bonus":"THREE_ENEMY_KILL","is_daily":false,"chose_seed":false,"campfire_upgraded":8,"win_rate":0.0,"timestamp":1612842193,"path_taken":["M","?","M","?","?","E","R","?","T","R","M","$","M","?","R","BOSS","M","$","M","$","M","E","R","E","T","?","R","?","E","?","R","BOSS","M","?","?","M","?","E","$","R","T","E","M","$","E","?","R","BOSS","R","$","E","BOSS"],"items_purchased_type":["Relic","Card","Relic"],"build_version":"2020-12-22","purchased_purges":4,"victory":true,"max_hp_per_floor":[66,66,66,66,66,66,66,66,66,66,66,66,66,66,66,66,66,66,66,66,66,66,66,66,66,66,66,66,66,66,66,66,66,66,66,66,66,66,66,66,66,66,66,66,66,66,66,66,66,66,66,66,66,66,66],"card_choices":[{"not_picked":["Underhanded Strike","Flying Knee"],"picked":"Terror","floor":1.0},{"not_picked":["Expertise","Sucker Punch"],"picked":"Prepared","floor":3.0},{"not_picked":["Terror","Prepared"],"picked":"Calculated Gamble","floor":6.0},{"not_picked":["Underhanded Strike","Heel Hook"],"picked":"Reflex","floor":8.0},{"not_picked":["Dash","Reflex"],"picked":"Finisher","floor":11.0},{"not_picked":["Caltrops","Deadly Poison"],"picked":"Reflex","floor":13.0},{"not_picked":["Crippling Poison+1","Outmaneuver"],"picked":"Acrobatics","floor":18.0},{"not_picked":["Quick Slash","Deadly Poison+1","All Out Attack"],"picked":"SKIP","floor":20.0},{"not_picked":["Backflip","Finisher","Sucker Punch"],"picked":"SKIP","floor":22.0},{"not_picked":["Backflip","Escape Plan","Grand Finale"],"picked":"SKIP","floor":23.0},{"not_picked":["Accuracy","Deflect","Tactician"],"picked":"SKIP","floor":25.0},{"not_picked":["Outmaneuver","Deflect","Deadly Poison"],"picked":"SKIP","floor":30.0},{"not_picked":["Cloak And Dagger","Calculated Gamble","Wraith Form v2"],"picked":"SKIP","floor":31.0},{"not_picked":["Grand Finale","Doppelganger"],"picked":"After Image","floor":33.0},{"not_picked":["Dash","Flying Knee","Poisoned Stab"],"picked":"SKIP","floor":35.0},{"not_picked":["Backflip+1","Endless Agony","Slice"],"picked":"SKIP","floor":38},{"not_picked":["Setup","Well Laid Plans","All Out Attack"],"picked":"SKIP","floor":39},{"not_picked":["Die Die Die","Backflip","Deadly Poison+1"],"picked":"SKIP","floor":40},{"not_picked":["Bane+1","Unload","Terror"],"picked":"SKIP","floor":44},{"not_picked":["Distraction","Bouncing Flask+1","Blur","Leg Sweep"],"picked":"SKIP","floor":45},{"not_picked":["Deflect","Dash","Cloak And Dagger+1","Underhanded Strike"],"picked":"SKIP","floor":47},{"not_picked":["Skewer","Dagger Spray","Bouncing Flask"],"picked":"Footwork","floor":48},{"not_picked":["Night Terror","Backflip","Cloak And Dagger","Quick Slash"],"picked":"SKIP","floor":54}],"player_experience":812320,"relics_obtained":[{"floor":6.0,"key":"Eternal Feather"},{"floor":9.0,"key":"Bag of Preparation"},{"floor":23.0,"key":"Nunchaku"},{"floor":25.0,"key":"Lantern"},{"floor":30.0,"key":"Blood Vial"},{"floor":40,"key":"Pen Nib"},{"floor":43,"key":"Bird Faced Urn"},{"floor":44,"key":"Question Card"},{"floor":48,"key":"Incense Burner"},{"floor":54,"key":"Centennial Puzzle"}],"event_choices":[{"damage_healed":0.0,"max_hp_gain":0.0,"max_hp_loss":0.0,"gold_gain":0.0,"event_name":"Shining Light","player_choice":"Entered Light","floor":2.0,"gold_loss":0.0,"damage_taken":20.0,"cards_upgraded":["Defend_G","Defend_G"]},{"damage_healed":0.0,"max_hp_gain":0.0,"max_hp_loss":0.0,"gold_gain":75.0,"event_name":"World of Goop","player_choice":"Gather Gold","floor":4.0,"gold_loss":0.0,"damage_taken":11.0},{"damage_healed":0.0,"max_hp_gain":0.0,"max_hp_loss":0.0,"gold_gain":0.0,"event_name":"Upgrade Shrine","player_choice":"Upgraded","floor":5.0,"gold_loss":0.0,"damage_taken":0.0,"cards_upgraded":["Prepared"]},{"damage_healed":0.0,"max_hp_gain":0.0,"max_hp_loss":0.0,"gold_gain":0.0,"cards_transformed":["Strike_G"],"event_name":"Living Wall","player_choice":"Change","floor":14.0,"gold_loss":0.0,"damage_taken":0.0,"cards_obtained":["Burst"]},{"cards_removed":["Quick Slash"],"damage_healed":0.0,"max_hp_gain":0.0,"max_hp_loss":0.0,"gold_gain":0.0,"event_name":"Back to Basics","player_choice":"Elegance","floor":27.0,"gold_loss":0.0,"damage_taken":0.0},{"damage_healed":0.0,"max_hp_gain":0.0,"max_hp_loss":0.0,"gold_gain":0.0,"event_name":"The Woman in Blue","player_choice":"Bought 0 Potions","floor":29.0,"gold_loss":0.0,"damage_taken":0.0},{"damage_healed":0.0,"max_hp_gain":0.0,"max_hp_loss":0.0,"gold_gain":0.0,"event_name":"Tomb of Lord Red Mask","player_choice":"Ignored","floor":36.0,"gold_loss":0.0,"damage_taken":0.0},{"damage_healed":0.0,"max_hp_gain":0.0,"max_hp_loss":0.0,"gold_gain":0.0,"event_name":"Lab","player_choice":"Got Potions","floor":37.0,"gold_loss":0.0,"damage_taken":0.0},{"damage_healed":0,"gold_gain":0,"player_choice":"Fight","damage_taken":0,"max_hp_gain":0,"max_hp_loss":0,"event_name":"Mysterious Sphere","floor":48,"gold_loss":0}],"is_beta":false,"boss_relics":[{"not_picked":["SlaversCollar","Snecko Eye"],"picked":"Astrolabe"},{"not_picked":["Sozu","Busted Crown"],"picked":"Empty Cage"}],"items_purged_floors":[19,41,46,53],"is_endless":false,"potions_floor_spawned":[1,6,13,16,20,22,25,30,33,40,44,45],"ascension_level":15}}