{"host":"sav7uxregyirlf69","time":1612844438,"event":{"mods":["AchievementEnabler","BaseMod","Colored Map","DeckTracker","Keyboard Shortcuts","Minty Spire (QoL Compilation)","READ ME - Guardian Mod","StSLib","SuperFastMode"],"gold_per_floor":[109,123,136,211,226,226,244,244,244,263,19,19,49,49,49,123,123,137,156,206,206,223,223,248,267,267,279,60,93,31,46,46,46,46],"floor_reached":33,"language":"KOR","playtime":658,"items_purged":["Strike_R","Strike_R+1"],"score":628,"play_id":"6ac183ac-4a93-4ddc-8808-144aa087ef56","local_time":"20210209132038","is_ascension_mode":true,"campfire_choices":[{"data":"Uppercut","floor":6,"key":"SMITH"},{"data":"Disarm","floor":8,"key":"SMITH"},{"data":"Inflame","floor":15,"key":"SMITH"},{"data":"Barricade","floor":23,"key":"SMITH"},{"data":"Body Slam","floor":32,"key":"SMITH"}],"circlet_count":0,"master_deck":["AscendersBane","Strike_R+1","Strike_R+1","Strike_R+1","Defend_R+1","Defend_R+1","Defend_R+1","Defend_R+1","Bash","Uppercut+1","Twin Strike","Disarm+1","Inflame+1","Offering","Seeing Red","Barricade+1","Shrug It Off","Burning Pact","Shrug It Off","Body Slam+1","Armaments+1","Second Wind","Dropkick"],"relics":["Burning Blood","White Beast Statue","PreservedInsect","Art of War","FossilizedHelix","SacredBark","Mummified Hand","Membership Card","Juzu Bracelet"],"acts_visited":["Exordium","TheCity"],"potions_floor_usage":[10,16,18,19,25,29,29,33],"damage_taken":[{"damage":1,"enemies":"2 Louse","floor":1,"turns":3},{"damage":9,"enemies":"Small Slimes","floor":2,"turns":4},{"damage":2,"enemies":"Jaw Worm","floor":3,"turns":3},{"damage":12,"enemies":"3 Louse","floor":5,"turns":5},{"damage":10,"enemies":"Looter","floor":7,"turns":4},{"damage":24,"enemies":"Exordium Thugs","floor":10,"turns":4},{"damage":6,"enemies":"Lagavulin","floor":13,"turns":3},{"damage":15,"enemies":"The Guardian","floor":16,"turns":11},{"damage":0,"enemies":"Chosen","floor":18,"turns":4},{"damage":12,"enemies":"2 Thieves","floor":19,"turns":4},{"damage":6,"enemies":"Snake Plant","floor":22,"turns":8},{"damage":21,"enemies":"Book of Stabbing","floor":24,"turns":7},{"damage":15,"enemies":"Centurion and Healer","floor":25,"turns":6},{"damage":9,"enemies":"Snecko","floor":27,"turns":7},{"damage":5,"enemies":"Slavers","floor":29,"turns":3},{"damage":12,"enemies":"Shelled Parasite and Fungi","floor":31,"turns":6},{"damage":61,"enemies":"Automaton","floor":33,"turns":6}],"seed_played":"373567139535504630","potions_obtained":[{"floor":3,"key":"EssenceOfSteel"},{"floor":7,"key":"ColorlessPotion"},{"floor":10,"key":"GamblersBrew"},{"floor":13,"key":"AttackPotion"},{"floor":16,"key":"GamblersBrew"},{"floor":18,"key":"ColorlessPotion"},{"floor":19,"key":"SpeedPotion"},{"floor":22,"key":"Explosive Potion"},{"floor":24,"key":"Fruit Juice"},{"floor":25,"key":"SkillPotion"},{"floor":27,"key":"Fire Potion"},{"floor":29,"key":"DuplicationPotion"},{"floor":31,"key":"SkillPotion"}],"is_trial":false,"path_per_floor":["M","M","M","?","M","R","M","R","T","M","$","?","E","$","R","B",null,"M","M","?","?","M","R","E","M","T","M","$","E","$","M","R","B"],"character_chosen":"IRONCLAD","items_purchased":["PreservedInsect","Membership Card","Second Wind","Dropkick"],"campfire_rested":0,"item_purchase_floors":[11,28,30,30],"current_hp_per_floor":[80,77,81,70,64,64,60,60,60,42,42,24,24,24,24,15,65,71,65,65,65,65,65,50,51,51,48,48,49,49,43,43,0,0],"gold":46,"neow_bonus":"TEN_PERCENT_HP_BONUS","is_daily":false,"chose_seed":false,"campfire_upgraded":5,"win_rate":0.0,"timestamp":1612844438,"path_taken":["M","M","M","?","M","R","M","R","T","M","$","?","E","$","R","BOSS","M","M","?","?","M","R","E","M","T","M","$","E","$","M","R","BOSS"],"items_purchased_type":["Relic","Relic","Card","Card"],"build_version":"2020-12-22","purchased_purges":2,"victory":false,"max_hp_per_floor":[82,82,82,82,82,82,82,82,82,82,82,82,82,82,82,82,82,82,82,82,82,82,82,82,92,92,92,92,92,92,92,92,92,92],"card_choices":[{"not_picked":["Body Slam","Disarm"],"picked":"Uppercut","floor":1},{"not_picked":["Heavy Blade","True Grit"],"picked":"Twin Strike","floor":2},{"not_picked":["Heavy Blade","Havoc"],"picked":"Disarm","floor":3},{"not_picked":["Warcry","Flame Barrier"],"picked":"Inflame","floor":5},{"not_picked":["Rage","Havoc"],"picked":"Offering","floor":7},{"not_picked":["Anger","Body Slam"],"picked":"Seeing Red","floor":10},{"not_picked":["Havoc","Sever Soul","Anger"],"picked":"SKIP","floor":13},{"not_picked":["Fiend Fire","Offering"],"picked":"Barricade","floor":16},{"not_picked":["Bloodletting","Uppercut"],"picked":"Shrug It Off","floor":18},{"not_picked":["Fire Breathing+1","Battle Trance"],"picked":"Burning Pact","floor":19},{"not_picked":["Thunderclap","Iron Wave"],"picked":"Shrug It Off","floor":22},{"not_picked":["Thunderclap+1","Cleave"],"picked":"Body Slam","floor":24},{"not_picked":["Sword Boomerang","Pommel Strike"],"picked":"Armaments+1","floor":25},{"not_picked":["Infernal Blade","Wild Strike","Brutality"],"picked":"SKIP","floor":27},{"not_picked":["Bloodletting","Twin Strike","Clothesline+1"],"picked":"SKIP","floor":29},{"not_picked":["Burning Pact","Disarm","Dual Wield"],"picked":"SKIP","floor":31}],"player_experience":1534073,"relics_obtained":[{"floor":9,"key":"White Beast Statue"},{"floor":13,"key":"FossilizedHelix"},{"floor":24,"key":"Mummified Hand"},{"floor":29,"key":"Juzu Bracelet"}],"event_choices":[{"damage_healed":0,"gold_gain":75,"player_choice":"Gather Gold","damage_taken":11,"max_hp_gain":0,"max_hp_loss":0,"event_name":"World of Goop","floor":4,"gold_loss":0},{"damage_healed":0,"gold_gain":0,"player_choice":"Success","damage_taken":18,"relics_obtained":["Art of War"],"max_hp_gain":0,"max_hp_loss":0,"event_name":"Scrap Ooze","floor":12,"gold_loss":0},{"damage_healed":0,"gold_gain":50,"player_choice":"Stole From Cult","damage_taken":0,"max_hp_gain":0,"max_hp_loss":0,"event_name":"Nest","floor":20,"gold_loss":0},{"damage_healed":0,"gold_gain":0,"player_choice":"Simplicity","damage_taken":0,"max_hp_gain":0,"max_hp_loss":0,"event_name":"Back to Basics","floor":21,"gold_loss":0,"cards_upgraded":["Strike_R","Strike_R","Strike_R","Strike_R","Defend_R","Defend_R","Defend_R","Defend_R"]}],"is_beta":false,"boss_relics":[{"not_picked":["Busted Crown","Tiny House"],"picked":"SacredBark"}],"items_purged_floors":[11,28],"is_endless":false,"potions_floor_spawned":[3,7,10,13,16,18,19,22,24,25,27,29,31],"killed_by":"Automaton","ascension_level":20}}