{"host":"9q13bdr84c6iv3c6","time":1612909051,"event":{"mods":["BaseMod","Colored Powertips","Downfall","Hermit","Minty Spire (QoL Compilation)","Replay The Spire","StSLib"],"gold_per_floor":[99,119,131,231,303,315,352,364,392,404,436,461,492,523,555,665,677,689,714,726,230,230,280,280,280,313,313,313,331,331,331,349,349,349,349],"floor_reached":33,"language":"ENG","playtime":1673,"items_purged":[],"score":291,"play_id":"6d8da751-3f04-4825-bac9-dd27800da17d","local_time":"20210209161731","is_ascension_mode":true,"campfire_choices":[{"data":"champ:Taunt","floor":1,"key":"SMITH"},{"data":"champ:StanceDance","floor":8,"key":"SMITH"},{"data":"champ:PerfectedStrike","floor":10,"key":"SMITH"},{"data":"champ:Lariat","floor":18,"key":"SMITH"},{"data":"champ:Improvising","floor":25,"key":"SMITH"},{"data":"expansioncontent:StudyTheSpire","floor":30,"key":"SMITH"}],"circlet_count":0,"master_deck":["champ:Strike","champ:Strike","champ:Defend","champ:Defend","champ:Defend","champ:Execute","champ:Taunt+1","champ:StanceDance+1","champ:PerfectedStrike+1","champ:GladiatorForm","champ:IronFortress","champ:IronFortress","champ:Circumvent","champ:Lariat+1","champ:ShieldWall","champ:Improvising+1","champ:DefensiveShout","champ:ShieldWall","champ:CheapShot","champ:UltimateStance","expansioncontent:StudyTheSpire+1","champ:TornadoPunch+1","Amnesia","champ:CalledShot","champ:BringItOn"],"relics":["champ:ChampionCrown","Juzu Bracelet","MawBank","Potion Belt","Simple Rune","Philosopher\u0027s Stone","Molten Egg 2","ReplayTheSpireMod:Ring of Exchange","Ring of Greed","Blue Doll","MealTicket","Eternal Feather","Bag of Marbles"],"acts_visited":["Exordium","TheCity"],"potions_floor_usage":[13,13,16,19,22,26,31],"damage_taken":[{"damage":11,"enemies":"Jaw Worm","floor":2,"turns":5},{"damage":10,"enemies":"2 Louse","floor":3,"turns":3},{"damage":0,"enemies":"Small Slimes","floor":9,"turns":3},{"damage":24,"enemies":"Large Slime","floor":11,"turns":6},{"damage":10,"enemies":"Red Slaver","floor":12,"turns":3},{"damage":6,"enemies":"Gremlin Gang","floor":13,"turns":6},{"damage":9,"enemies":"Large Slime","floor":14,"turns":5},{"damage":12,"enemies":"Red Slaver","floor":15,"turns":5},{"damage":28,"enemies":"WA_ARCHETYPE_RETAIN","floor":16,"turns":9},{"damage":53,"enemies":"3 Byrds","floor":19,"turns":5},{"damage":10,"enemies":"downfall:FleeingMerchant","floor":21,"turns":5},{"damage":14,"enemies":"Slavers","floor":26,"turns":4},{"damage":12,"enemies":"Chosen","floor":29,"turns":5},{"damage":47,"enemies":"Book of Stabbing","floor":31,"turns":6},{"damage":40,"enemies":"Centurion and Healer","floor":32,"turns":6},{"damage":22,"enemies":"IC_MUSHROOM_ARCHETYPE","floor":33,"turns":1}],"seed_played":"5224632587790777941","potions_obtained":[{"floor":5,"key":"SmokeBomb"},{"floor":5,"key":"LifebloodPotion"},{"floor":9,"key":"Strength Potion"},{"floor":11,"key":"champ:OpenerPotion"},{"floor":12,"key":"ColorlessPotion"},{"floor":16,"key":"SkillPotion"},{"floor":19,"key":"Swift Potion"},{"floor":22,"key":"Fruit Juice"},{"floor":22,"key":"EssenceOfSteel"},{"floor":22,"key":"Venom Potion"},{"floor":32,"key":"Block Potion"}],"is_trial":false,"path_per_floor":["R","M","M","?","?","?","T","R","M","R","M","M","M","M","M","B",null,"R","M","?","$","?","?","T","R","E","?","?","M","R","E","M","B"],"character_chosen":"THE_CHAMP","items_purchased":["expansioncontent:StudyTheSpire","Molten Egg 2","champ:TornadoPunch+1"],"campfire_rested":0,"item_purchase_floors":[21,21,21],"current_hp_per_floor":[90,89,89,89,89,64,64,64,64,64,60,60,64,55,43,15,90,90,87,87,87,92,92,92,95,81,81,81,79,91,49,19,0,0,0],"gold":349,"neow_bonus":"RANDOM_COMMON_RELIC","is_daily":false,"chose_seed":false,"campfire_upgraded":6,"win_rate":0.0,"timestamp":1612909051,"path_taken":["R","M","M","?","?","?","T","R","M","R","M","M","M","M","M","BOSS","R","M","?","$","?","?","T","R","E","?","?","M","R","E","M","BOSS"],"items_purchased_type":["Card","Relic","Card"],"build_version":"2020-12-22","purchased_purges":0,"victory":false,"max_hp_per_floor":[90,90,90,90,90,90,90,90,90,90,90,90,90,90,90,90,90,90,90,90,90,95,95,95,95,95,95,95,95,95,95,95,95,95,95],"card_choices":[{"not_picked":["champ:HeartStrike","champ:GutPunch"],"picked":"champ:StanceDance","floor":2},{"not_picked":["champ:CrownThrow","champ:Haymaker"],"picked":"champ:PerfectedStrike","floor":3},{"not_picked":["champ:AdrenalArmor","champ:Backstep"],"picked":"champ:GladiatorForm","floor":5},{"not_picked":["champ:ShieldSlam","champ:DefensiveShout"],"picked":"champ:IronFortress","floor":9},{"not_picked":["champ:BerserkersShout","champ:GutPunch"],"picked":"champ:IronFortress","floor":11},{"not_picked":["champ:BerserkerStyle","champ:EnragedBash"],"picked":"champ:Circumvent","floor":12},{"not_picked":["champ:PreciseThrust","champ:BerserkersShout"],"picked":"champ:Lariat","floor":13},{"not_picked":["champ:GladiatorForm","champ:RisingSlash"],"picked":"champ:ShieldWall","floor":14},{"not_picked":["champ:ViciousMockery","champ:HeartStrike","champ:BerserkersShout"],"picked":"SKIP","floor":15},{"not_picked":["champ:IgnorePain","champ:StrikeOfGenius"],"picked":"champ:Improvising","floor":16},{"not_picked":["champ:BerserkersShout","champ:Haymaker"],"picked":"champ:DefensiveShout","floor":19},{"not_picked":["champ:FlashCut","champ:EnragedBash"],"picked":"champ:UltimateStance","floor":21},{"not_picked":["champ:GladiatorStyle+1","champ:VampiricStrike+1","champ:PerfectedStrike+1"],"picked":"SKIP","floor":26},{"not_picked":["champ:AdrenalArmor","champ:BladeFlurry+1","champ:PerfectedStrike+1"],"picked":"SKIP","floor":29},{"not_picked":["champ:EnGarde","champ:DancingMaster"],"picked":"champ:BringItOn","floor":32}],"player_experience":31429,"relics_obtained":[{"floor":5,"key":"MawBank"},{"floor":7,"key":"Simple Rune"},{"floor":23,"key":"ReplayTheSpireMod:Ring of Exchange"},{"floor":23,"key":"Ring of Greed"},{"floor":23,"key":"Blue Doll"},{"floor":23,"key":"MealTicket"},{"floor":24,"key":"Eternal Feather"},{"floor":26,"key":"Bag of Marbles"}],"event_choices":[{"damage_healed":0,"gold_gain":0,"player_choice":"Success","damage_taken":25,"relics_obtained":["Potion Belt"],"max_hp_gain":0,"max_hp_loss":0,"event_name":"Scrap Ooze","floor":6,"gold_loss":0},{"damage_healed":0,"gold_gain":0,"cards_transformed":["champ:Strike","champ:Strike"],"player_choice":"Became Test Subject","damage_taken":0,"max_hp_gain":0,"max_hp_loss":0,"event_name":"Drug Dealer","floor":20,"gold_loss":0,"cards_obtained":["champ:ShieldWall","champ:CheapShot"]},{"damage_healed":0,"gold_gain":0,"player_choice":"Got Potions","damage_taken":0,"max_hp_gain":0,"max_hp_loss":0,"event_name":"Lab","floor":22,"gold_loss":0}],"is_beta":false,"boss_relics":[{"not_picked":["Honey Jar","Runic Pyramid"],"picked":"Philosopher\u0027s Stone"}],"items_purged_floors":[],"is_endless":false,"potions_floor_spawned":[9,11,12,16,19,31,32],"killed_by":"IC_MUSHROOM_ARCHETYPE","ascension_level":1}}