{"host":"0u8wq8q0l49hd262","time":1612863199,"event":{"mods":["2.2 Compatiblity","AchievementEnabler","Act Like it!","Aspiration","BaseMod","Better Match","Better Note","Better Sensory Stone","Better Third Choice","Block Reminder","Colored Map","Colored Powertips","GifTheSpireLib","Highlight Path","Minty Spire (QoL Compilation)","Pale of the Ancients","Permanent Neow","Quick Restart","Rare Cards Sparkle","Relic Sorter","Relic Stats","StSLib","Transform Curses","egg","everything is the same but u backflip on backflip"],"gold_per_floor":[118,134,146,163,174,174,204,204,227,269,289,214,214,267,267,395,395,422,183,206,206,23,23,46,46,46,46,46,46],"floor_reached":28,"language":"ENG","playtime":1830,"items_purged":["Strike_P","Defend_P","Defend_P"],"score":391,"play_id":"ab0c2f35-4a96-4d39-b3f0-d2007cdf55f1","local_time":"20210209103319","is_ascension_mode":true,"campfire_choices":[{"data":"Eruption","floor":6,"key":"SMITH"},{"data":"Meditate","floor":8,"key":"SMITH"},{"floor":15,"key":"REST"},{"data":"EmptyMind","floor":23,"key":"SMITH"},{"data":"Blasphemy","floor":25,"key":"SMITH"}],"circlet_count":0,"master_deck":["Strike_P","Strike_P","Defend_P","Eruption+1","Vigilance","Meditate+1","EmptyMind","CutThroughFate","Conclude","Devotion","Adaptation","Wallop","DevaForm","Blasphemy+1","WaveOfTheHand","EmptyMind+1","FlurryOfBlows","InnerPeace","Sanctity"],"relics":["PureWater","aspiration:Nostalgia","Ring of the Snake","Potion Belt","CeramicFish","Bag of Preparation","Golden Idol","Gremlin Horn","Empty Cage","aspiration:StickyExplosives_weak","Frozen Egg 2"],"acts_visited":["Exordium","TheCity"],"potions_floor_usage":[14],"damage_taken":[{"damage":6,"enemies":"Cultist","floor":1,"turns":5},{"damage":16,"enemies":"Jaw Worm","floor":2,"turns":4},{"damage":0,"enemies":"2 Louse","floor":3,"turns":1},{"damage":4,"enemies":"2 Fungi Beasts","floor":4,"turns":3},{"damage":19,"enemies":"Lots of Slimes","floor":5,"turns":4},{"damage":0,"enemies":"Lagavulin","floor":7,"turns":3},{"damage":0,"enemies":"Gremlin Nob","floor":10,"turns":2},{"damage":12,"enemies":"Exordium Wildlife","floor":11,"turns":3},{"damage":0,"enemies":"Lagavulin","floor":14,"turns":3},{"damage":20,"enemies":"Hexaghost","floor":16,"turns":7},{"damage":22,"enemies":"3 Byrds","floor":18,"turns":5},{"damage":18,"enemies":"2 Thieves","floor":20,"turns":4},{"damage":0,"enemies":"Shelled Parasite and Fungi","floor":24,"turns":3},{"damage":20,"enemies":"Book of Stabbing","floor":28,"turns":2}],"seed_played":"-9032458584352980008","potions_obtained":[{"floor":4,"key":"SteroidPotion"},{"floor":5,"key":"FearPotion"},{"floor":7,"key":"Dexterity Potion"},{"floor":16,"key":"Ancient Potion"},{"floor":18,"key":"Swift Potion"}],"is_trial":false,"path_per_floor":["M","M","M","M","M","R","E","R","T","E","M","$","?","E","R","B",null,"M","$","M","?","$","R","M","R","T","$","E"],"character_chosen":"WATCHER","items_purchased":["EmptyMind","FlurryOfBlows","InnerPeace","Sanctity"],"campfire_rested":1,"item_purchase_floors":[19,19,19,22],"current_hp_per_floor":[66,50,50,46,27,27,27,27,27,27,15,15,15,15,35,15,54,32,32,14,14,14,14,14,14,14,14,0,0],"gold":46,"neow_bonus":"NOSTALGIA","is_daily":false,"chose_seed":false,"campfire_upgraded":4,"win_rate":0.0,"timestamp":1612863199,"path_taken":["M","?","M","M","?","R","E","R","T","E","M","$","?","E","R","BOSS","M","$","M","?","$","R","?","R","T","?","E"],"items_purchased_type":["Card","Card","Card","Card"],"build_version":"2020-12-22","purchased_purges":3,"victory":false,"max_hp_per_floor":[72,72,72,72,72,72,72,72,72,72,72,72,67,67,67,67,67,67,67,67,67,67,67,67,67,67,67,67,67],"relic_stats":{"Gremlin Horn":[4,4],"counters":[14,49],"Golden Idol":47,"CeramicFish":81,"Bag of Preparation":[14],"obtain_stats":[{"Potion Belt":7,"Gremlin Horn":14,"aspiration:Nostalgia":0,"Golden Idol":13,"CeramicFish":9,"Bag of Preparation":10,"PureWater":0,"Frozen Egg 2":26,"Empty Cage":17,"Ring of the Snake":0,"aspiration:StickyExplosives_weak":21},{"Potion Belt":6,"Gremlin Horn":9,"aspiration:Nostalgia":0,"Golden Idol":8,"CeramicFish":6,"Bag of Preparation":7,"PureWater":0,"Frozen Egg 2":13,"Empty Cage":10,"Ring of the Snake":0,"aspiration:StickyExplosives_weak":12},{"Potion Belt":20,"Gremlin Horn":28,"aspiration:Nostalgia":0,"Golden Idol":25,"CeramicFish":20,"Bag of Preparation":22,"PureWater":0,"Frozen Egg 2":47,"Empty Cage":35,"Ring of the Snake":0,"aspiration:StickyExplosives_weak":44}],"Ring of the Snake":[28]},"card_choices":[{"not_picked":["FlyingSleeves","FlurryOfBlows"],"picked":"Meditate","floor":1},{"not_picked":["Crescendo","FollowUp"],"picked":"EmptyMind","floor":2},{"not_picked":["PathToVictory","ClearTheMind","WindmillStrike"],"picked":"SKIP","floor":3},{"not_picked":["BattleHymn","Fasting2"],"picked":"CutThroughFate","floor":4},{"not_picked":["EmptyBody","Halt"],"picked":"Conclude","floor":5},{"not_picked":["Study","Crescendo"],"picked":"Devotion","floor":7},{"not_picked":["SashWhip","Collect"],"picked":"Adaptation","floor":10},{"not_picked":["LikeWater","Crescendo"],"picked":"Wallop","floor":11},{"not_picked":["MasterReality","Collect"],"picked":"DevaForm","floor":14},{"not_picked":["Establishment","Scrawl"],"picked":"Blasphemy","floor":16},{"not_picked":["Wallop+1","Protect"],"picked":"WaveOfTheHand","floor":18},{"not_picked":["JustLucky+1","CarveReality","EmptyFist"],"picked":"SKIP","floor":20},{"not_picked":["FlyingSleeves+1","Weave","EmptyFist"],"picked":"SKIP","floor":24}],"player_experience":407713,"relics_obtained":[{"floor":7,"key":"Potion Belt"},{"floor":9,"key":"CeramicFish"},{"floor":10,"key":"Bag of Preparation"},{"floor":14,"key":"Gremlin Horn"},{"floor":26,"key":"Frozen Egg 2"}],"event_choices":[{"damage_healed":0,"gold_gain":0,"player_choice":"Lose Max HP","damage_taken":0,"relics_obtained":["Golden Idol"],"max_hp_gain":0,"max_hp_loss":5,"event_name":"Golden Idol","floor":13,"gold_loss":0},{"damage_healed":0,"gold_gain":0,"player_choice":"Gave Potion","damage_taken":0,"relics_obtained":["aspiration:StickyExplosives_weak"],"max_hp_gain":0,"max_hp_loss":0,"event_name":"WeMeetAgain","floor":21,"gold_loss":0}],"is_beta":false,"boss_relics":[{"not_picked":["SlaversCollar","Philosopher\u0027s Stone"],"picked":"Empty Cage"}],"items_purged_floors":[12,19,22],"is_endless":false,"potions_floor_spawned":[4,5,7,16,18],"killed_by":"Book of Stabbing","ascension_level":5}}