{"host":"x5w9zppki4gdwvc7","time":1612907300,"event":{"mods":["AchievementEnabler","BaseMod","Colored Powertips","DeckTracker","Minty Spire (QoL Compilation)","SuperFastMode"],"gold_per_floor":[18,18,33,51,100,100,128,128,128,128,160,172,172,182,182,280,280,290,308,328,83,103,103,103,103],"floor_reached":24,"language":"ENG","playtime":900,"items_purged":["Dualcast"],"score":250,"play_id":"c762a56b-a2be-4f1d-b55c-594248af653d","local_time":"20210209224820","is_ascension_mode":true,"campfire_choices":[{"data":"Hyperbeam","floor":6,"key":"SMITH"},{"data":"Beam Cell","floor":10,"key":"SMITH"},{"floor":15,"key":"REST"},{"floor":23,"key":"REST"}],"circlet_count":0,"master_deck":["Strike_B","Strike_B","Defend_B","Defend_B","Defend_B","Defend_B","Hyperbeam+1","Fusion+1","Rebound","Go for the Eyes","Beam Cell+1","Darkness+1","Redo+1","Steam+1","Multi-Cast+1","Hologram+1","Recycle+1","Metamorphosis+1"],"relics":["Cracked Core","Omamori","Toxic Egg 2","Letter Opener","Peace Pipe","Molten Egg 2","Empty Cage"],"acts_visited":["Exordium","TheCity"],"potions_floor_usage":[7,16,16,20,22,24],"damage_taken":[{"damage":0,"enemies":"Small Slimes","floor":1,"turns":1},{"damage":9,"enemies":"Jaw Worm","floor":3,"turns":3},{"damage":0,"enemies":"Cultist","floor":4,"turns":2},{"damage":15,"enemies":"Lagavulin","floor":7,"turns":4},{"damage":10,"enemies":"3 Sentries","floor":11,"turns":2},{"damage":11,"enemies":"Blue Slaver","floor":12,"turns":3},{"damage":6,"enemies":"Exordium Thugs","floor":14,"turns":2},{"damage":13,"enemies":"Slime Boss","floor":16,"turns":8},{"damage":28,"enemies":"2 Thieves","floor":18,"turns":3},{"damage":24,"enemies":"Shell Parasite","floor":19,"turns":7},{"damage":19,"enemies":"Snake Plant","floor":20,"turns":2},{"damage":3,"enemies":"3 Cultists","floor":22,"turns":3},{"damage":29,"enemies":"Slavers","floor":24,"turns":1}],"seed_played":"-4622345517642510885","potions_obtained":[{"floor":1,"key":"LiquidBronze"},{"floor":3,"key":"Block Potion"},{"floor":11,"key":"FocusPotion"},{"floor":12,"key":"GamblersBrew"},{"floor":19,"key":"Explosive Potion"},{"floor":20,"key":"Swift Potion"}],"is_trial":false,"path_per_floor":["M","?","M","M","T","R","E","?","T","R","E","M","?","M","R","B",null,"M","M","M","$","M","R","E"],"character_chosen":"DEFECT","items_purchased":["Metamorphosis+1"],"campfire_rested":2,"item_purchase_floors":[21],"current_hp_per_floor":[75,75,66,66,66,66,51,51,51,51,41,30,23,17,39,26,75,47,23,4,4,1,23,0,0],"gold":103,"neow_bonus":"THREE_RARE_CARDS","is_daily":false,"chose_seed":false,"campfire_upgraded":2,"win_rate":0.0,"timestamp":1612907300,"path_taken":["M","?","M","M","?","R","E","?","T","R","E","?","?","M","R","BOSS","M","M","M","$","M","R","E"],"items_purchased_type":["Card"],"build_version":"2020-12-22","purchased_purges":1,"victory":false,"max_hp_per_floor":[75,75,75,75,75,75,75,75,75,75,75,75,75,75,75,75,75,75,75,75,75,75,75,75,75],"card_choices":[{"not_picked":["Machine Learning","Multi-Cast"],"picked":"Hyperbeam","floor":0},{"not_picked":["Coolheaded","Steam Power"],"picked":"Fusion","floor":1},{"not_picked":["Loop","Leap"],"picked":"Rebound","floor":3},{"not_picked":["Turbo","Leap"],"picked":"Go for the Eyes","floor":4},{"not_picked":["Compile Driver","Cold Snap"],"picked":"Beam Cell","floor":7},{"not_picked":["Go for the Eyes","Compile Driver"],"picked":"Redo+1","floor":11},{"not_picked":["Sweeping Beam","Cold Snap"],"picked":"Steam+1","floor":12},{"not_picked":["Beam Cell+1","Ball Lightning+1","Lockon+1"],"picked":"SKIP","floor":14},{"not_picked":["Rainbow+1","Creative AI"],"picked":"Multi-Cast+1","floor":16},{"not_picked":["Sweeping Beam+1","Consume+1"],"picked":"Hologram+1","floor":18},{"not_picked":["White Noise+1","Leap+1"],"picked":"Recycle+1","floor":19},{"not_picked":["Compile Driver+1","Sweeping Beam+1","Doom and Gloom+1"],"picked":"SKIP","floor":20},{"not_picked":["Redo+1","Chaos+1","Barrage+1"],"picked":"SKIP","floor":22}],"player_experience":577115,"relics_obtained":[{"floor":5,"key":"Omamori"},{"floor":7,"key":"Toxic Egg 2"},{"floor":9,"key":"Letter Opener"},{"floor":11,"key":"Peace Pipe"}],"event_choices":[{"damage_healed":0,"gold_gain":0,"player_choice":"Grow","damage_taken":0,"max_hp_gain":0,"max_hp_loss":0,"event_name":"Living Wall","floor":2,"gold_loss":0,"cards_upgraded":["Fusion"]},{"damage_healed":0,"gold_gain":0,"cards_transformed":["Zap"],"player_choice":"Transformed","damage_taken":0,"max_hp_gain":0,"max_hp_loss":0,"event_name":"Transmorgrifier","floor":8,"gold_loss":0,"cards_obtained":["Darkness"]},{"damage_healed":0,"gold_gain":0,"player_choice":"Success","damage_taken":7,"relics_obtained":["Molten Egg 2"],"max_hp_gain":0,"max_hp_loss":0,"event_name":"Scrap Ooze","floor":13,"gold_loss":0}],"is_beta":false,"boss_relics":[{"not_picked":["Fusion Hammer","Runic Dome"],"picked":"Empty Cage"}],"items_purged_floors":[21],"is_endless":false,"potions_floor_spawned":[1,3,11,12,19,20],"killed_by":"Slavers","ascension_level":4}}