{"host":"fdip6nj211smoxvi","time":1612874244,"event":{"mods":["BaseMod","BetterRewards","Colored Map","Downfall","Hermit","Minty Spire (QoL Compilation)","Shop Mod","StSLib","The Hierophant","The Servant 0.9.4"],"gold_per_floor":[113,129,129,229,249,289,289,329,329,348,12,12,12,28,28,28,28],"floor_reached":16,"language":"DEU","playtime":839,"items_purged":["Strike_G"],"score":127,"play_id":"afb2830c-5fd1-4631-8f37-a1a6f7677649","local_time":"20210209133724","is_ascension_mode":true,"campfire_choices":[{"floor":7,"key":"REST"},{"floor":12,"key":"REST"},{"floor":15,"key":"REST"}],"circlet_count":0,"master_deck":["Strike_G","Strike_G","Strike_G","Strike_G","Defend_G","Defend_G","Defend_G","Defend_G","Defend_G","Survivor","Neutralize","Dodge and Roll","Poisoned Stab","Bane","Flying Knee","Quick Slash","Sucker Punch"],"relics":["Ring of the Snake","Snake Skull","Golden Idol","Omamori","Gambling Chip","Letter Opener","Singing Bowl"],"acts_visited":["Exordium"],"potions_floor_usage":[6,14,16],"damage_taken":[{"damage":12,"enemies":"Jaw Worm","floor":1,"turns":5},{"damage":0,"enemies":"Small Slimes","floor":2,"turns":4},{"damage":3,"enemies":"Cultist","floor":5,"turns":5},{"damage":27,"enemies":"3 Sentries","floor":6,"turns":9},{"damage":26,"enemies":"Gremlin Nob","floor":8,"turns":4},{"damage":15,"enemies":"Large Slime","floor":10,"turns":6},{"damage":3,"enemies":"Lots of Slimes","floor":14,"turns":6},{"damage":42,"enemies":"The Guardian","floor":16,"turns":8}],"seed_played":"-3129965953220301043","potions_obtained":[{"floor":1,"key":"SteroidPotion"},{"floor":5,"key":"Explosive Potion"},{"floor":10,"key":"EssenceOfSteel"}],"is_trial":false,"path_per_floor":["M","M","?","?","M","E","R","E","T","M","$","R","?","M","R","B"],"character_chosen":"THE_SILENT","items_purchased":["Singing Bowl"],"campfire_rested":3,"item_purchase_floors":[11],"current_hp_per_floor":[58,58,58,58,55,28,47,21,21,6,6,25,25,22,41,0,0],"gold":28,"neow_bonus":"RANDOM_COMMON_RELIC","is_daily":false,"chose_seed":false,"campfire_upgraded":0,"win_rate":0.0,"timestamp":1612874244,"path_taken":["M","M","?","?","?","E","R","E","T","M","$","R","?","M","R","BOSS"],"items_purchased_type":["Relic"],"build_version":"2020-12-22","purchased_purges":1,"victory":false,"max_hp_per_floor":[70,70,65,65,65,65,65,65,65,65,65,65,65,65,65,65,65],"card_choices":[{"not_picked":["Eviscerate","Cloak And Dagger","Distraction"],"picked":"SKIP","floor":1},{"not_picked":["Well Laid Plans","Predator"],"picked":"Dodge and Roll","floor":2},{"not_picked":["Prepared","Outmaneuver"],"picked":"Poisoned Stab","floor":5},{"not_picked":["Finisher","Leg Sweep"],"picked":"Bane","floor":6},{"not_picked":["Catalyst","Calculated Gamble"],"picked":"Flying Knee","floor":8},{"not_picked":["Deflect","Masterful Stab"],"picked":"Quick Slash","floor":10},{"not_picked":["Dagger Throw","Night Terror"],"picked":"Sucker Punch","floor":14}],"player_experience":264030,"relics_obtained":[{"floor":6,"key":"Omamori"},{"floor":8,"key":"Gambling Chip"},{"floor":9,"key":"Letter Opener"}],"event_choices":[{"damage_healed":0,"gold_gain":0,"player_choice":"Lose Max HP","damage_taken":0,"relics_obtained":["Golden Idol"],"max_hp_gain":0,"max_hp_loss":5,"event_name":"Golden Idol","floor":3,"gold_loss":0},{"damage_healed":0,"gold_gain":100,"player_choice":"Pray","damage_taken":0,"max_hp_gain":0,"max_hp_loss":0,"event_name":"Golden Shrine","floor":4,"gold_loss":0},{"damage_healed":0,"gold_gain":0,"player_choice":"Leave","damage_taken":0,"max_hp_gain":0,"max_hp_loss":0,"event_name":"FaceTrader","floor":13,"gold_loss":0}],"is_beta":false,"boss_relics":[],"items_purged_floors":[11],"is_endless":false,"potions_floor_spawned":[1,5,10],"killed_by":"The Guardian","ascension_level":3}}