{"host":"9v3x998ddbx8o276","time":1612874227,"event":{"mods":["AchievementEnabler","BaseMod","Colored Map","Colored Powertips","Highlight Path","Minty Spire (QoL Compilation)","Quick Restart","Rare Cards Sparkle"],"gold_per_floor":[109,128,128,128,128,128,160,172,235,260,32,32,32,64,64,135,185,202,202,214,246,246,246,281,281,281,292,69,69,69,19,19,96,96,109,134,134,148,172,201,216,216,216],"floor_reached":42,"language":"ENG","playtime":1475,"items_purged":["Strike_R","Strike_R","Strike_R"],"score":896,"play_id":"88706764-85ff-457c-8309-ce7cdc0c8083","local_time":"20210209230707","is_ascension_mode":true,"campfire_choices":[{"data":"Bash","floor":6,"key":"SMITH"},{"data":"Rampage","floor":8,"key":"SMITH"},{"data":"Spot Weakness","floor":12,"key":"SMITH"},{"data":"Pommel Strike","floor":15,"key":"SMITH"},{"data":"Double Tap","floor":23,"key":"SMITH"},{"floor":30,"key":"REST"},{"floor":32,"key":"REST"}],"circlet_count":0,"master_deck":["AscendersBane","Strike_R+1","Strike_R","Defend_R","Defend_R","Defend_R+1","Defend_R","Bash+1","Perfected Strike+1","Anger","Rampage+1","Spot Weakness+1","Pommel Strike+1","Double Tap+1","Shrug It Off","Shockwave","Writhe","Sever Soul","Thunderclap","Disarm","Shrug It Off","Flame Barrier","Reaper","Blood for Blood+1","Flame Barrier+1","Seeing Red+1"],"relics":["Burning Blood","CaptainsWheel","Toy Ornithopter","MawBank","Ancient Tea Set","Red Skull","Smiling Mask","Tiny House","Tiny Chest","Red Mask","Paper Frog","Centennial Puzzle","Toolbox","Mercury Hourglass","Snecko Eye","Charon\u0027s Ashes","Bronze Scales","War Paint"],"acts_visited":["Exordium","TheCity","TheBeyond"],"potions_floor_usage":[7,14,21,33,33,41,41],"damage_taken":[{"damage":1,"enemies":"Cultist","floor":1,"turns":4},{"damage":10,"enemies":"Small Slimes","floor":2,"turns":3},{"damage":22,"enemies":"3 Sentries","floor":7,"turns":7},{"damage":0,"enemies":"2 Louse","floor":10,"turns":2},{"damage":8,"enemies":"Gremlin Nob","floor":14,"turns":3},{"damage":27,"enemies":"Slime Boss","floor":16,"turns":7},{"damage":0,"enemies":"Chosen","floor":18,"turns":3},{"damage":11,"enemies":"Spheric Guardian","floor":20,"turns":4},{"damage":28,"enemies":"Masked Bandits","floor":21,"turns":4},{"damage":30,"enemies":"Gremlin Leader","floor":24,"turns":5},{"damage":18,"enemies":"Snake Plant","floor":27,"turns":4},{"damage":18,"enemies":"Champ","floor":33,"turns":9},{"damage":25,"enemies":"3 Darklings","floor":35,"turns":5},{"damage":24,"enemies":"Mind Bloom Boss Battle","floor":36,"turns":10},{"damage":1,"enemies":"Orb Walker","floor":38,"turns":2},{"damage":17,"enemies":"Giant Head","floor":40,"turns":5},{"damage":42,"enemies":"Transient","floor":41,"turns":6},{"damage":52,"enemies":"Nemesis","floor":42,"turns":6}],"seed_played":"5038863570191253622","potions_obtained":[{"floor":1,"key":"BlessingOfTheForge"},{"floor":7,"key":"Fire Potion"},{"floor":14,"key":"Dexterity Potion"},{"floor":16,"key":"Weak Potion"},{"floor":17,"key":"LiquidMemories"},{"floor":20,"key":"CultistPotion"},{"floor":24,"key":"BlessingOfTheForge"},{"floor":35,"key":"Fire Potion"},{"floor":40,"key":"Explosive Potion"}],"is_trial":false,"path_per_floor":["M","M","?","?","?","R","E","R","T","M","$","R","?","E","R","B",null,"M","?","M","?","?","R","E","?","T","M","$","T","R","$","R","B",null,"M","?","?","M","T","E","M","E"],"character_chosen":"IRONCLAD","items_purchased":["Red Skull","Toolbox"],"campfire_rested":2,"item_purchase_floors":[11,28],"current_hp_per_floor":[68,64,69,51,51,51,40,40,40,46,46,46,46,49,49,28,67,73,73,68,51,51,51,27,27,27,15,15,15,38,38,61,59,73,78,60,60,74,74,63,39,0,0],"gold":216,"neow_bonus":"ONE_RARE_RELIC","is_daily":false,"chose_seed":false,"campfire_upgraded":5,"win_rate":0.0,"timestamp":1612874227,"path_taken":["M","M","?","?","?","R","E","R","T","M","$","R","?","E","R","BOSS","M","?","M","?","?","R","E","?","T","M","$","?","R","?","R","BOSS","M","?","?","M","?","E","M","E"],"items_purchased_type":["Relic","Relic"],"build_version":"2020-12-22","purchased_purges":3,"victory":false,"max_hp_per_floor":[68,68,73,73,73,73,73,73,73,73,73,73,73,73,73,73,78,78,78,78,78,78,78,78,78,78,78,78,78,78,78,78,78,78,78,78,74,74,74,74,74,74,74],"card_choices":[{"not_picked":["Battle Trance","Metallicize"],"picked":"Perfected Strike","floor":1},{"not_picked":["Seeing Red","Dark Embrace"],"picked":"Anger","floor":2},{"not_picked":["Shockwave","Body Slam"],"picked":"Rampage","floor":7},{"not_picked":["Searing Blow","Clash"],"picked":"Spot Weakness","floor":10},{"not_picked":["Twin Strike","Sentinel"],"picked":"Pommel Strike","floor":14},{"not_picked":["Juggernaut","Barricade"],"picked":"Double Tap","floor":16},{"not_picked":["Dark Embrace","Iron Wave"],"picked":"Shrug It Off","floor":17},{"not_picked":["Flex","Pommel Strike"],"picked":"Shockwave","floor":18},{"not_picked":["Headbutt","Iron Wave+1"],"picked":"Sever Soul","floor":20},{"not_picked":["Clash","Intimidate"],"picked":"Thunderclap","floor":21},{"not_picked":["Dual Wield","Seeing Red"],"picked":"Disarm","floor":24},{"not_picked":["Cleave","Disarm"],"picked":"Flame Barrier","floor":27},{"not_picked":["Impervious","Feed"],"picked":"Reaper","floor":33},{"not_picked":["Headbutt+1","Body Slam"],"picked":"Blood for Blood+1","floor":35},{"not_picked":["Shrug It Off+1","Searing Blow"],"picked":"Flame Barrier","floor":36},{"not_picked":["Pommel Strike","Headbutt","Wild Strike"],"picked":"SKIP","floor":38},{"not_picked":["Shrug It Off","Thunderclap+1"],"picked":"Seeing Red+1","floor":40},{"not_picked":["Body Slam","Rage+1","Iron Wave"],"picked":"SKIP","floor":41}],"player_experience":2235300,"relics_obtained":[{"floor":7,"key":"MawBank"},{"floor":9,"key":"Ancient Tea Set"},{"floor":14,"key":"Smiling Mask"},{"floor":21,"key":"Red Mask"},{"floor":24,"key":"Paper Frog"},{"floor":26,"key":"Centennial Puzzle"},{"floor":29,"key":"Mercury Hourglass"},{"floor":36,"key":"Charon\u0027s Ashes"},{"floor":39,"key":"Bronze Scales"},{"floor":40,"key":"War Paint"}],"event_choices":[{"damage_healed":0,"gold_gain":0,"player_choice":"Donut","damage_taken":0,"max_hp_gain":5,"max_hp_loss":0,"event_name":"Big Fish","floor":3,"gold_loss":0},{"damage_healed":0,"gold_gain":0,"player_choice":"Success","damage_taken":18,"relics_obtained":["Toy Ornithopter"],"max_hp_gain":0,"max_hp_loss":0,"event_name":"Scrap Ooze","floor":4,"gold_loss":0},{"damage_healed":0,"gold_gain":0,"player_choice":"Ignored","damage_taken":0,"max_hp_gain":0,"max_hp_loss":0,"event_name":"Liars Game","floor":5,"gold_loss":0},{"damage_healed":0,"gold_gain":0,"player_choice":"Grow","damage_taken":0,"max_hp_gain":0,"max_hp_loss":0,"event_name":"Living Wall","floor":13,"gold_loss":0,"cards_upgraded":["Perfected Strike"]},{"damage_healed":0,"gold_gain":0,"player_choice":"Opened","damage_taken":0,"relics_obtained":["Tiny Chest"],"max_hp_gain":0,"max_hp_loss":0,"event_name":"The Mausoleum","floor":19,"gold_loss":0,"cards_obtained":["Writhe"]},{"damage_healed":0,"gold_gain":0,"player_choice":"Fought Bandits","damage_taken":0,"max_hp_gain":0,"max_hp_loss":0,"event_name":"Masked Bandits","floor":21,"gold_loss":0},{"damage_healed":0,"gold_gain":0,"player_choice":"Ignored","damage_taken":0,"max_hp_gain":0,"max_hp_loss":0,"event_name":"Ghosts","floor":22,"gold_loss":0},{"damage_healed":0,"gold_gain":0,"player_choice":"Read","damage_taken":0,"max_hp_gain":0,"max_hp_loss":0,"event_name":"The Library","floor":25,"gold_loss":0,"cards_obtained":["Shrug It Off"]},{"damage_healed":0,"gold_gain":0,"player_choice":"Fight","damage_taken":0,"max_hp_gain":0,"max_hp_loss":0,"event_name":"MindBloom","floor":36,"gold_loss":0},{"damage_healed":0,"gold_gain":0,"player_choice":"Max HP","damage_taken":0,"max_hp_gain":0,"max_hp_loss":4,"event_name":"Winding Halls","floor":37,"gold_loss":0}],"is_beta":false,"boss_relics":[{"not_picked":["Mark of Pain","Busted Crown"],"picked":"Tiny House"},{"not_picked":["Velvet Choker","Pandora\u0027s Box"],"picked":"Snecko Eye"}],"items_purged_floors":[11,28,31],"is_endless":false,"potions_floor_spawned":[1,7,14,16,20,24,35,40],"killed_by":"Nemesis","ascension_level":20}}