{"host":"35vgacm1r34infpf","time":1612865671,"event":{"mods":["2.2 Compatiblity","AchievementEnabler","BaseMod","BetterRewards","Card Forge","Colored Map","Colored Powertips","Downfall","GifTheSpireLib","Minty Spire (QoL Compilation)","Rare Cards Sparkle","Shop Mod","StSLib"],"gold_per_floor":[119,119,130,130,146,176,176,206,206,206,237,312,329,360,360,463,463,479,479,490,490,501,532,545,576,599,599,599,631,648,679,679,784,784,799,727,744,757,757,792,792,817,817,842,854,707,707,595,595,595,595,595,343,376,376],"floor_reached":56,"language":"ENG","playtime":2813,"items_purged":[],"score":1992,"play_id":"c03866b4-1bce-42a9-93f1-432f04e2bcfd","local_time":"20210209041431","is_ascension_mode":true,"campfire_choices":[{"floor":7,"key":"RECALL"},{"floor":10,"key":"REST"},{"floor":15,"key":"REST"},{"floor":27,"key":"REST"},{"floor":32,"key":"REST"},{"floor":41,"key":"REST"},{"floor":47,"key":"REST"},{"floor":49,"key":"REST"},{"floor":52,"key":"REST"}],"circlet_count":0,"master_deck":["Gash+1","Gash+1","Master of Strategy+1","Panache+1","Insight+1","Flash of Steel+1","Finesse+1","Dramatic Entrance+1","Deep Breath+1","Good Instincts+1","Clash+1","Backstab+1","Adrenaline+1","Slice+1","Beam Cell+1","Gash+1","Skim+1","Zap+1","Deep Breath+1","Dramatic Entrance+1","Flash of Steel+1","Finesse+1","Master of Strategy+1","bronze:MinorBeam+1","Guardian:OrbSlam+1","Panache+1","Swift Strike+1","Trip+1","ThroughViolence+1","Guardian:Gem_Purple","Guardian:Gem_Cyan","Guardian:Gem_Orange","Guardian:Gem_Crimson","Guardian:Gem_Synthetic","Beam Cell+1","Gash+1","Reboot+1","Beam Cell+1","White Noise+1","Creative AI+1","Gash+1","Storm+1","Gash+1","Reboot+1","White Noise+1","Beam Cell+1","Panache+1","Mind Blast+1"],"relics":["Cracked Core","Hammer of Thor","Seething Fire","Anvil of the Gods","Membership Card","Incense Burner","Matryoshka","Letter Opener","Meat on the Bone","Blue Candle","Blood Vial","Symbiotic Virus","Calipers","Cursed Key","Centennial Puzzle","Lantern","Regal Pillow","HornCleat","PreservedInsect","Ancient Tea Set","DataDisk","Nuclear Battery","ClockworkSouvenir","Vajra","MealTicket","Pocketwatch","Bronze Scales","Bag of Marbles","Oddly Smooth Stone","DollysMirror","Turnip","Whetstone"],"acts_visited":["Exordium","TheCity","TheBeyond","TheEnding"],"potions_floor_usage":[23,29,29,29,29,40,50,50],"damage_taken":[{"damage":0,"enemies":"Cultist","floor":1,"turns":1},{"damage":0,"enemies":"Small Slimes","floor":3,"turns":1},{"damage":0,"enemies":"2 Louse","floor":5,"turns":1},{"damage":0,"enemies":"Lagavulin","floor":6,"turns":2},{"damage":0,"enemies":"Gremlin Nob","floor":8,"turns":1},{"damage":0,"enemies":"Lagavulin","floor":11,"turns":2},{"damage":0,"enemies":"Large Slime","floor":13,"turns":2},{"damage":0,"enemies":"Gremlin Nob","floor":14,"turns":2},{"damage":0,"enemies":"Slime Boss","floor":16,"turns":1},{"damage":0,"enemies":"Spheric Guardian","floor":18,"turns":2},{"damage":6,"enemies":"Chosen","floor":20,"turns":2},{"damage":0,"enemies":"Shelled Parasite and Fungi","floor":22,"turns":1},{"damage":8,"enemies":"Book of Stabbing","floor":23,"turns":2},{"damage":0,"enemies":"Snake Plant","floor":24,"turns":2},{"damage":32,"enemies":"Slavers","floor":25,"turns":2},{"damage":17,"enemies":"Book of Stabbing","floor":29,"turns":2},{"damage":0,"enemies":"3 Cultists","floor":30,"turns":2},{"damage":0,"enemies":"Gremlin Leader","floor":31,"turns":2},{"damage":9,"enemies":"Automaton","floor":33,"turns":4},{"damage":19,"enemies":"3 Darklings","floor":35,"turns":2},{"damage":6,"enemies":"3 Shapes","floor":37,"turns":1},{"damage":6,"enemies":"Maw","floor":38,"turns":3},{"damage":18,"enemies":"Nemesis","floor":40,"turns":3},{"damage":0,"enemies":"Giant Head","floor":42,"turns":3},{"damage":0,"enemies":"Reptomancer","floor":44,"turns":2},{"damage":0,"enemies":"Jaw Worm Horde","floor":45,"turns":1},{"damage":34,"enemies":"Time Eater","floor":50,"turns":6},{"damage":10,"enemies":"Shield and Spear","floor":54,"turns":3},{"damage":40,"enemies":"The Heart","floor":55,"turns":5}],"seed_played":"5750215158906105263","potions_obtained":[{"floor":3,"key":"LiquidBronze"},{"floor":13,"key":"Fire Potion"},{"floor":14,"key":"EntropicBrew"},{"floor":16,"key":"CultistPotion"},{"floor":24,"key":"FocusPotion"},{"floor":29,"key":"CultistPotion"},{"floor":40,"key":"FairyPotion"}],"is_trial":false,"path_per_floor":["M","$","M","?","M","E","R","E","T","R","E","?","M","E","R","B",null,"M","?","M","?","M","E","M","E","T","R","?","E","M","E","R","B",null,"M","$","M","M","?","E","R","E","T","E","M","$","R","$","R","B",null,"R","$","E","B",null],"character_chosen":"DEFECT","items_purchased":["Membership Card","Matryoshka","ClockworkSouvenir","Bag of Marbles","Oddly Smooth Stone","DollysMirror","DuplicationPotion","Mind Blast","Turnip","FearPotion","FearPotion"],"campfire_rested":8,"item_purchase_floors":[0,0,36,46,46,48,48,53,53,53,53],"current_hp_per_floor":[75,75,75,63,63,63,63,63,63,75,75,64,66,68,75,75,75,75,75,69,69,71,65,67,49,49,72,72,55,57,59,72,63,72,53,53,49,45,45,41,72,72,72,72,72,72,72,72,72,38,72,72,72,62,36],"gold":376,"neow_bonus":"","is_daily":false,"chose_seed":false,"campfire_upgraded":0,"win_rate":0.0,"timestamp":1612865671,"path_taken":["M","$","?","?","M","E","R","E","T","R","E","?","M","E","R","BOSS","M","?","M","?","M","E","?","E","T","R","?","E","M","E","R","BOSS","M","$","M","M","?","E","R","E","T","E","M","$","R","$","R","BOSS","R","$","E","BOSS"],"items_purchased_type":["Relic","Relic","Relic","Relic","Relic","Relic","Potion","Card","Relic","Potion","Potion"],"build_version":"2020-12-22","purchased_purges":0,"victory":true,"max_hp_per_floor":[75,75,75,75,75,75,75,75,75,75,75,75,75,75,75,75,75,75,75,75,75,75,75,75,75,72,72,72,72,72,72,72,72,72,72,72,72,72,72,72,72,72,72,72,72,72,72,72,72,72,72,72,72,72,72],"card_choices":[{"not_picked":["Tempest","Barrage","Steam"],"picked":"SKIP","floor":1},{"not_picked":["Barrage","Coolheaded"],"picked":"Beam Cell","floor":3},{"not_picked":["Stack","Heatsinks"],"picked":"Gash","floor":5},{"not_picked":["Meteor Strike","Storm","Compile Driver"],"picked":"SKIP","floor":6},{"not_picked":["Defragment","Stack"],"picked":"Reboot","floor":8},{"not_picked":["Hello World","Reprogram","Heatsinks"],"picked":"SKIP","floor":11},{"not_picked":["Conserve Battery","Skim"],"picked":"Beam Cell","floor":13},{"not_picked":["Barrage","Compile Driver"],"picked":"White Noise","floor":14},{"not_picked":["Thunder Strike","Buffer"],"picked":"Creative AI","floor":16},{"not_picked":["Rebound","Hologram","Sunder"],"picked":"SKIP","floor":18},{"not_picked":["Ball Lightning","Barrage","Sunder"],"picked":"SKIP","floor":20},{"not_picked":["Hologram","Heatsinks+1"],"picked":"Gash","floor":22},{"not_picked":["Force Field","Coolheaded+1"],"picked":"Storm","floor":23},{"not_picked":["Ball Lightning","Barrage","Undo"],"picked":"SKIP","floor":24},{"not_picked":["Rainbow","Loop","Turbo"],"picked":"SKIP","floor":25},{"not_picked":["Force Field","Reinforced Body","Rebound"],"picked":"SKIP","floor":29},{"not_picked":["Chaos","Scrape","Go for the Eyes"],"picked":"SKIP","floor":30},{"not_picked":["Coolheaded","FTL"],"picked":"Gash","floor":31},{"not_picked":["Rainbow","Thunder Strike"],"picked":"Reboot","floor":33},{"not_picked":["Chill","Rebound","Leap+1"],"picked":"SKIP","floor":35},{"not_picked":["Leap","Self Repair+1","Ball Lightning"],"picked":"SKIP","floor":37},{"not_picked":["Redo","Hologram+1"],"picked":"White Noise","floor":38},{"not_picked":["Rebound","Redo+1","Sweeping Beam+1"],"picked":"SKIP","floor":40},{"not_picked":["Reinforced Body+1","Barrage","Doom and Gloom"],"picked":"SKIP","floor":42},{"not_picked":["Seek","Steam+1","Streamline"],"picked":"SKIP","floor":44},{"not_picked":["Steam","Redo"],"picked":"Beam Cell+1","floor":45},{"not_picked":["Consume+1","Stack","Buffer"],"picked":"SKIP","floor":54}],"player_experience":245557,"relics_obtained":[{"floor":6,"key":"Meat on the Bone"},{"floor":8,"key":"Blue Candle"},{"floor":9,"key":"Blood Vial"},{"floor":11,"key":"Symbiotic Virus"},{"floor":14,"key":"Calipers"},{"floor":23,"key":"Lantern"},{"floor":25,"key":"Regal Pillow"},{"floor":26,"key":"HornCleat"},{"floor":26,"key":"PreservedInsect"},{"floor":29,"key":"Ancient Tea Set"},{"floor":31,"key":"DataDisk"},{"floor":40,"key":"Vajra"},{"floor":42,"key":"MealTicket"},{"floor":43,"key":"Pocketwatch"},{"floor":44,"key":"Bronze Scales"},{"floor":54,"key":"Whetstone"}],"event_choices":[{"damage_healed":0,"gold_gain":0,"player_choice":"Success","damage_taken":12,"relics_obtained":["Letter Opener"],"max_hp_gain":0,"max_hp_loss":0,"event_name":"Scrap Ooze","floor":4,"gold_loss":0},{"damage_healed":0,"gold_gain":75,"player_choice":"Gather Gold","damage_taken":11,"max_hp_gain":0,"max_hp_loss":0,"event_name":"World of Goop","floor":12,"gold_loss":0},{"damage_healed":0,"gold_gain":0,"player_choice":"Stole Relic","damage_taken":0,"relics_obtained":["Centennial Puzzle"],"max_hp_gain":0,"max_hp_loss":0,"event_name":"Addict","floor":19,"gold_loss":0,"cards_obtained":["Shame"]},{"damage_healed":0,"gold_gain":0,"player_choice":"Ignored","damage_taken":0,"max_hp_gain":0,"max_hp_loss":0,"event_name":"Upgrade Shrine","floor":21,"gold_loss":0},{"damage_healed":0,"gold_gain":0,"player_choice":"Ignored","damage_taken":0,"max_hp_gain":0,"max_hp_loss":0,"event_name":"Purifier","floor":28,"gold_loss":0},{"damage_healed":0,"gold_gain":0,"player_choice":"Ignored","damage_taken":0,"max_hp_gain":0,"max_hp_loss":0,"event_name":"Purifier","floor":39,"gold_loss":0}],"is_beta":false,"boss_relics":[{"not_picked":["Tiny House","Pandora\u0027s Box"],"picked":"Cursed Key"},{"not_picked":["Inserter","SacredBark"],"picked":"Nuclear Battery"}],"items_purged_floors":[],"is_endless":false,"potions_floor_spawned":[3,13,14,16,18,24,29,33,37,40],"ascension_level":1}}