{"host":"xo0glkmxta74xh34","time":1612902735,"event":{"mods":["BaseMod","Downfall","Minty Spire (QoL Compilation)","Replay The Spire","StSLib"],"gold_per_floor":[99,118,118,118,128,128,128,139,149,149,299,299,0,26,42,144,194,194,214,234,73,86,100,100,100,117,117,131,131,131,131,141,141,141,141],"floor_reached":33,"language":"ENG","playtime":1606,"items_purged":[],"score":261,"play_id":"b2bcbe7f-34ee-4829-b320-b54c19b3038f","local_time":"20210209143215","is_ascension_mode":true,"campfire_choices":[{"floor":1,"key":"DIG"},{"floor":10,"key":"REST"},{"data":"bronze:Boost","floor":12,"key":"SMITH"},{"data":"bronze:AlphaBuild","floor":18,"key":"SMITH"},{"data":"bronze:RecursiveStrike","floor":27,"key":"SMITH"},{"data":"bronze:BronzeOrb","floor":27,"key":"SMITH"},{"data":"bronze:Repulsor","floor":29,"key":"SMITH"},{"data":"Panacea","floor":29,"key":"SMITH"}],"circlet_count":0,"master_deck":["bronze:Strike","bronze:Strike+1","bronze:Strike","bronze:Strike","bronze:Defend","bronze:Defend","bronze:Defend","bronze:Defend","bronze:Replicate","bronze:Goto","Panacea+1","bronze:Frontload","bronze:DarkDash","bronze:Boost+1","bronze:FollowUp","downfall:Icky","bronze:BronzeOrb+1","bronze:Optimize","bronze:BronzeOrb","bronze:AlphaBuild+1","bronze:FineTuning+1","bronze:RecursiveStrike+1","bronze:ItsAFeature","bronze:Terminator+1","bronze:Repulsor+1"],"relics":["bronze:BronzeCore","Replay:Bottled Snecko","downfall:ShatteredFragment","Regal Pillow","StrikeDummy","Blue Candle","Turnip","Tiny House","Replay:Arrowhead"],"acts_visited":["Exordium","TheCity"],"potions_floor_usage":[16,19,22,23,33,33],"damage_taken":[{"damage":1,"enemies":"Jaw Worm","floor":2,"turns":5},{"damage":2,"enemies":"Small Slimes","floor":5,"turns":4},{"damage":0,"enemies":"2 Louse","floor":8,"turns":2},{"damage":0,"enemies":"2 Fungi Beasts","floor":9,"turns":3},{"damage":0,"enemies":"downfall:FleeingMerchant","floor":13,"turns":4},{"damage":3,"enemies":"Gremlin Nob","floor":14,"turns":4},{"damage":0,"enemies":"Blue Slaver","floor":15,"turns":2},{"damage":13,"enemies":"SI_SHIV_ARCHETYPE","floor":16,"turns":6},{"damage":2,"enemies":"3 Byrds","floor":19,"turns":5},{"damage":17,"enemies":"Chosen","floor":20,"turns":6},{"damage":0,"enemies":"downfall:FleeingMerchant","floor":21,"turns":4},{"damage":24,"enemies":"Shelled Parasite and Fungi","floor":22,"turns":7},{"damage":1,"enemies":"Cultist and Chosen","floor":23,"turns":7},{"damage":17,"enemies":"Snake Plant","floor":26,"turns":6},{"damage":18,"enemies":"Shelled Parasite and Fungi","floor":28,"turns":5},{"damage":0,"enemies":"Chosen and Byrds","floor":32,"turns":5},{"damage":76,"enemies":"DF_ARCHETYPE_CLAW","floor":33,"turns":8}],"seed_played":"-4176916219069034590","potions_obtained":[{"floor":2,"key":"Explosive Potion"},{"floor":5,"key":"LiquidBronze"},{"floor":15,"key":"Swift Potion"},{"floor":16,"key":"Milkshake"},{"floor":17,"key":"champ:CounterPotion"},{"floor":20,"key":"Milkshake"},{"floor":22,"key":"Flashbang"},{"floor":28,"key":"SpeedPotion"},{"floor":32,"key":"Toxic Potion"}],"is_trial":false,"path_per_floor":["R","M","?","?","M","?","T","M","M","R","?","R","$","E","M","B",null,"R","M","M","$","M","M","T","?","M","R","M","R","?","?","M","B"],"character_chosen":"THE_AUTOMATON","items_purchased":["bronze:BronzeOrb","Blue Candle","bronze:RecursiveStrike"],"campfire_rested":1,"item_purchase_floors":[13,13,21],"current_hp_per_floor":[70,69,74,53,51,33,33,33,33,70,70,70,70,67,67,54,80,80,78,61,61,37,36,36,80,63,63,45,45,45,71,71,0,0,0],"gold":141,"neow_bonus":"RANDOM_COLORLESS","is_daily":false,"chose_seed":false,"campfire_upgraded":6,"win_rate":0.0,"timestamp":1612902735,"path_taken":["R","M","?","?","M","?","T","M","M","R","?","R","$","E","M","BOSS","R","M","M","$","M","M","T","?","?","R","M","R","?","?","M","BOSS"],"items_purchased_type":["Card","Relic","Card"],"build_version":"2020-12-22","purchased_purges":0,"victory":false,"max_hp_per_floor":[70,70,75,75,75,75,75,75,75,75,75,75,75,75,75,75,80,80,80,80,80,80,80,80,80,80,80,80,80,80,80,80,80,80,80],"card_choices":[{"not_picked":["Trip","Specialist"],"picked":"Panacea","floor":0},{"not_picked":["bronze:Separator","bronze:Constructor"],"picked":"bronze:Frontload","floor":2},{"not_picked":["bronze:Turbo","bronze:BuggyMess"],"picked":"bronze:DarkDash","floor":5},{"not_picked":["bronze:CloningBeam","bronze:Invalidate"],"picked":"bronze:Boost","floor":8},{"not_picked":["bronze:CutThrough","bronze:DarkDash"],"picked":"bronze:FollowUp","floor":9},{"not_picked":["bronze:Branch","bronze:OilSpill"],"picked":"bronze:GetLatest","floor":13},{"not_picked":["bronze:Virus","bronze:Shield"],"picked":"bronze:Optimize","floor":14},{"not_picked":["bronze:Deprecate","bronze:Shell"],"picked":"bronze:BronzeOrb","floor":15},{"not_picked":["bronze:Verify","bronze:FindAndReplace"],"picked":"bronze:AlphaBuild","floor":16},{"not_picked":["bronze:Terminator","bronze:Deprecate+1","bronze:MaxOutput"],"picked":"SKIP","floor":19},{"not_picked":["bronze:Turbo","bronze:BugBarrage"],"picked":"bronze:FineTuning+1","floor":20},{"not_picked":["bronze:InfiniteBeams","bronze:MaxOutput","bronze:Invalidate"],"picked":"SKIP","floor":21},{"not_picked":["bronze:DigitalCarnage+1","bronze:ForceShield","bronze:Shield"],"picked":"SKIP","floor":22},{"not_picked":["bronze:MaxOutput","bronze:DelayedSlice"],"picked":"bronze:ItsAFeature","floor":23},{"not_picked":["bronze:FineTuning","bronze:Branch"],"picked":"bronze:Terminator+1","floor":26},{"not_picked":["bronze:FollowUp","bronze:ForceShield"],"picked":"bronze:Repulsor","floor":28},{"not_picked":["bronze:Invalidate","bronze:MaxOutput","bronze:Return"],"picked":"SKIP","floor":32}],"player_experience":446685,"relics_obtained":[{"floor":1,"key":"Replay:Bottled Snecko"},{"floor":7,"key":"StrikeDummy"},{"floor":14,"key":"Turnip"},{"floor":24,"key":"Replay:Arrowhead"}],"event_choices":[{"damage_healed":0,"gold_gain":0,"player_choice":"Donut","damage_taken":0,"max_hp_gain":5,"max_hp_loss":0,"event_name":"Big Fish","floor":3,"gold_loss":0},{"damage_healed":0,"gold_gain":0,"player_choice":"Success","damage_taken":18,"relics_obtained":["Regal Pillow"],"max_hp_gain":0,"max_hp_loss":0,"event_name":"Scrap Ooze","floor":6,"gold_loss":0},{"cards_removed":["bronze:GetLatest"],"damage_healed":44,"gold_gain":0,"player_choice":"Offered Uncommon","damage_taken":0,"max_hp_gain":0,"max_hp_loss":0,"event_name":"Bonfire Elementals","floor":25,"gold_loss":0},{"damage_healed":26,"gold_gain":0,"player_choice":"Heal","damage_taken":0,"max_hp_gain":0,"max_hp_loss":0,"event_name":"The Library","floor":31,"gold_loss":0}],"is_beta":false,"boss_relics":[{"not_picked":["Empty Cage","Snecko Eye"],"picked":"Tiny House"}],"items_purged_floors":[],"is_endless":false,"potions_floor_spawned":[2,5,15,16,20,22,28,32],"killed_by":"DF_ARCHETYPE_CLAW","ascension_level":1}}