{"host":"o9lehcdjc4u6j9un","time":1612880719,"event":{"mods":["BaseMod","Better-Laid Plans","Colored Map","Downfall","Hermit","Koishi","Marisa£®ÏF”Í°°ƒß¿Ì…≥£©","Minty Spire (QoL Compilation)","Remilia£®¿Ÿ√◊¿Ú—«£©","StSLib","The Alterego","The Runesmith","The Senshi","The Servant 0.9.4"],"gold_per_floor":[99,119,137,137,287,24,103,120,452,471,482,482,99,128,146,244,244,144,229,229,229],"floor_reached":20,"language":"ZHS","playtime":2004,"items_purged":["downfall:Bewildered"],"score":207,"play_id":"50b3ac36-d630-49c3-a07a-701912493089","local_time":"20210209222519","is_ascension_mode":false,"campfire_choices":[{"data":"Runesmith:CraftFirestone","floor":1.0,"key":"SMITH"},{"data":"Runesmith:Firestorm","floor":12.0,"key":"SMITH"},{"floor":18,"key":"RECALL"}],"circlet_count":0,"master_deck":["Runesmith:Strike_RS","Runesmith:Strike_RS","Runesmith:Strike_RS","Runesmith:Strike_RS","Runesmith:Defend_RS+1","Runesmith:Defend_RS","Runesmith:Defend_RS","Runesmith:Defend_RS+1","Runesmith:CraftFirestone+1","Runesmith:Fortify","Runesmith:ShiftingStrike","Runesmith:RuneHurl","CurseOfTheBell","CurseOfTheBell","Runesmith:LightningRod","Runesmith:UnstableHammer","Runesmith:Firestorm+1","Runesmith:HammerThrow","Runesmith:EnergizedChisel","Runesmith:BackupBattery","Runesmith:RuneHurl","Runesmith:DoubleUp","Runesmith:Refine","Runesmith:CraftMagma","Runesmith:CraftIncendium","Runesmith:Supernova"],"relics":["Runesmith:BrokenRuby","downfall:ExtraCursedBell","Regal Pillow","Du-Vu Doll","War Paint","Bottled Flame","Old Coin","HandDrill","Strawberry","Runesmith:Nanobots","Runesmith:PocketReactor","downfall:HeartBlessingGreen"],"acts_visited":["Exordium","TheCity"],"potions_floor_usage":[14],"damage_taken":[{"damage":2.0,"enemies":"Small Slimes","floor":2.0,"turns":3.0},{"damage":0.0,"enemies":"2 Louse","floor":3.0,"turns":4.0},{"damage":5.0,"enemies":"downfall:FleeingMerchant","floor":6.0,"turns":4.0},{"damage":0.0,"enemies":"Cultist","floor":8.0,"turns":2.0},{"damage":13.0,"enemies":"Gremlin Nob","floor":9.0,"turns":4.0},{"damage":0.0,"enemies":"3 Louse","floor":10.0,"turns":3.0},{"damage":4.0,"enemies":"Exordium Thugs","floor":11.0,"turns":2.0},{"damage":0,"enemies":"downfall:FleeingMerchant","floor":13,"turns":4},{"damage":0,"enemies":"Lagavulin","floor":14,"turns":4},{"damage":0,"enemies":"Gremlin Gang","floor":15,"turns":3},{"damage":21,"enemies":"DF_ARCHETYPE_STREAMLINE","floor":16,"turns":7},{"damage":0,"enemies":"Chosen","floor":20,"turns":4}],"seed_played":"-1949557447006995608","potions_obtained":[{"floor":2.0,"key":"SteroidPotion"},{"floor":3.0,"key":"LiquidBronze"},{"floor":8.0,"key":"Fire Potion"},{"floor":9.0,"key":"DistilledChaos"},{"floor":14,"key":"champ:CounterPotion"},{"floor":16,"key":"PowerPotion"}],"is_trial":false,"path_per_floor":["R","M","M","?","?","$","T","M","E","M","M","R","$","E","M","B",null,"R","?","M"],"character_chosen":"RUNESMITH_CLASS","items_purchased":["War Paint","Runesmith:Firestorm","Runesmith:HammerThrow","HandDrill","Strawberry"],"campfire_rested":0,"item_purchase_floors":[6,6,6,13,13],"current_hp_per_floor":[77,75,75,75,75,70,70,70,57,57,53,53,60,60,60,39,84,84,76,76,76],"gold":229,"neow_bonus":"TEN_PERCENT_HP_BONUS","is_daily":false,"chose_seed":false,"campfire_upgraded":2,"win_rate":0.0,"timestamp":1612880719,"path_taken":["R","M","M","?","?","$","T","M","E","M","?","R","$","E","M","BOSS","R","?","M"],"items_purchased_type":["Relic","Card","Card","Relic","Relic"],"build_version":"2020-12-22","purchased_purges":1,"victory":false,"max_hp_per_floor":[77,77,77,77,77,77,77,77,77,77,77,77,84,84,84,84,84,84,84,84,84],"card_choices":[{"not_picked":["Runesmith:NegativeSpace","Runesmith:Prism"],"picked":"Runesmith:ShiftingStrike","floor":2.0},{"not_picked":["Runesmith:Refine","Runesmith:HammerThrow"],"picked":"Runesmith:RuneHurl","floor":3.0},{"not_picked":["Runesmith:WhiteBalance","Runesmith:PoweredAnvil"],"picked":"Runesmith:UnstableHammer","floor":6.0},{"not_picked":["Runesmith:EarthShield","Runesmith:UnstableHammer"],"picked":"Runesmith:EnergizedChisel","floor":8.0},{"not_picked":["Runesmith:HammerThrow","Runesmith:ChiselStab"],"picked":"Runesmith:BackupBattery","floor":9.0},{"not_picked":["Runesmith:CraftProtectio","Runesmith:Superposition"],"picked":"Runesmith:RuneHurl","floor":10.0},{"not_picked":["Runesmith:Supernova","Runesmith:ElementalConversion"],"picked":"Runesmith:DoubleUp","floor":11.0},{"not_picked":["Runesmith:NegativeSpace","Runesmith:EnergizedChisel"],"picked":"Runesmith:Refine","floor":13},{"not_picked":["Runesmith:CraftReservo","Runesmith:NegativeSpace"],"picked":"Runesmith:CraftMagma","floor":14},{"not_picked":["Runesmith:CraftProtectio","Runesmith:NanitesCloud"],"picked":"Runesmith:CraftIncendium","floor":15},{"not_picked":["Runesmith:FissionHammer","Runesmith:LightningRod"],"picked":"Runesmith:Supernova","floor":16}],"player_experience":165784,"relics_obtained":[{"floor":4.0,"key":"Regal Pillow"},{"floor":4.0,"key":"InkBottle"},{"floor":4.0,"key":"Du-Vu Doll"},{"floor":7.0,"key":"Bottled Flame"},{"floor":9.0,"key":"Old Coin"},{"floor":14,"key":"Runesmith:Nanobots"}],"event_choices":[],"is_beta":false,"boss_relics":[{"not_picked":["Sozu","Runesmith:CoreCrystal"],"picked":"Runesmith:PocketReactor"}],"items_purged_floors":[13],"is_endless":false,"potions_floor_spawned":[2,3,8,9,14,16],"killed_by":"Chosen","ascension_level":0}}