{"host":"skr63qsdfgeey3it","time":1612842432,"event":{"mods":["BaseMod","Colored Map","Hubris","Minty Spire (QoL Compilation)","Monster B Gone","Reliquary","Replay The Spire","Spicy Shops","StSLib"],"gold_per_floor":[113,188,241,279,295,295,321,335,358,358,376,408,408,436,436,526,526,556,556,556,444,444,458,458],"floor_reached":23,"language":"ENG","playtime":928,"items_purged":[],"score":331,"play_id":"19c3102c-6140-4df8-86ad-c860eb1d7801","local_time":"20210208214712","is_ascension_mode":true,"campfire_choices":[{"data":"All For One","floor":6,"key":"SMITH"},{"floor":13,"key":"REST"},{"data":"Dualcast","floor":15,"key":"SMITH"}],"circlet_count":0,"master_deck":["AscendersBane","Strike_B","Strike_B","Defend_B","Defend_B","Defend_B","Defend_B","Zap+1","Dualcast+1","All For One+1","Doom and Gloom+1","Go for the Eyes","Chill","White Noise","ReplayTheSpireMod:Reroute Power","Loop","ReplayTheSpireMod:Calculation Training","Hologram","Echo Form+1","Streamline","Beam Cell","Self Repair","Compile Driver"],"relics":["Cracked Core","reliquary:TatteredRug","Replay:Bandana","Toy Ornithopter","Sozu","reliquary:SharkskinSheath","DataDisk","Omamori","Guide Book"],"acts_visited":["Exordium","TheCity"],"potions_floor_usage":[7,7,8,16,16,23],"damage_taken":[{"damage":5,"enemies":"Small Slimes","floor":1,"turns":3},{"damage":5,"enemies":"Jaw Worm","floor":5,"turns":4},{"damage":5,"enemies":"3 Sentries","floor":7,"turns":4},{"damage":1,"enemies":"2 Louse","floor":8,"turns":2},{"damage":11,"enemies":"Looter","floor":11,"turns":3},{"damage":0,"enemies":"Large Slime","floor":12,"turns":5},{"damage":0,"enemies":"Gremlin Gang","floor":14,"turns":4},{"damage":24,"enemies":"Fading Forest","floor":16,"turns":11},{"damage":34,"enemies":"2 Thieves","floor":18,"turns":4},{"damage":24,"enemies":"Book of Stabbing","floor":23,"turns":3}],"seed_played":"-7584489406229476656","potions_obtained":[{"floor":1,"key":"EntropicBrew"},{"floor":4,"key":"Explosive Potion"},{"floor":8,"key":"Elixir"},{"floor":16,"key":"Milkshake"}],"is_trial":false,"path_per_floor":["M","?","?","?","M","R","E","M","T","?","M","M","R","M","R","B",null,"M","T","$","$","?","E"],"character_chosen":"DEFECT","items_purchased":["DataDisk","Omamori","Guide Book","Beam Cell"],"campfire_rested":1,"item_purchase_floors":[20,20,21,21],"current_hp_per_floor":[59,48,48,48,43,43,38,37,37,37,26,26,45,45,45,53,61,27,27,7,7,7,0,0],"gold":458,"neow_bonus":"THREE_RARE_CARDS","is_daily":false,"chose_seed":false,"campfire_upgraded":2,"win_rate":0.0,"timestamp":1612842432,"path_taken":["M","?","?","?","M","R","E","M","T","?","?","?","R","M","R","BOSS","M","?","?","$","?","E"],"items_purchased_type":["Relic","Relic","Relic","Card"],"build_version":"2020-12-22","purchased_purges":0,"victory":false,"max_hp_per_floor":[64,64,64,64,64,64,64,64,64,64,64,64,64,64,64,64,64,64,64,64,64,64,64,64],"card_choices":[{"not_picked":["ReplayTheSpireMod:Fabricate Wheel","Thunder Strike"],"picked":"All For One","floor":0},{"not_picked":["Panic Button","Capacitor"],"picked":"Doom and Gloom","floor":1},{"not_picked":["Streamline","Force Field"],"picked":"Go for the Eyes","floor":4},{"not_picked":["Steam Power","Panic Button"],"picked":"Chill","floor":4},{"not_picked":["Redo","Cold Snap"],"picked":"White Noise","floor":5},{"not_picked":["Streamline","hubris:PowerSurge"],"picked":"ReplayTheSpireMod:Reroute Power","floor":7},{"not_picked":["Compile Driver","Panic Button","Recycle"],"picked":"SKIP","floor":8},{"not_picked":["BasicCrystalCard","Leap"],"picked":"Loop","floor":11},{"not_picked":["Rip and Tear","Hyperbeam"],"picked":"ReplayTheSpireMod:Calculation Training","floor":12},{"not_picked":["Ball Lightning","Redo"],"picked":"Hologram","floor":14},{"not_picked":["Multi-Cast","Core Surge"],"picked":"Echo Form","floor":16},{"not_picked":["Rebound","Auto Shields"],"picked":"Streamline","floor":18}],"player_experience":917779,"relics_obtained":[{"floor":4,"key":"reliquary:TatteredRug"},{"floor":7,"key":"Replay:Bandana"},{"floor":9,"key":"Toy Ornithopter"},{"floor":19,"key":"reliquary:SharkskinSheath"}],"event_choices":[{"damage_healed":0,"gold_gain":75,"player_choice":"Gather Gold","damage_taken":11,"max_hp_gain":0,"max_hp_loss":0,"event_name":"World of Goop","floor":2,"gold_loss":0},{"damage_healed":0,"gold_gain":53,"player_choice":"Gained Gold","damage_taken":0,"max_hp_gain":0,"max_hp_loss":0,"event_name":"Golden Wing","floor":3,"gold_loss":0},{"damage_healed":0,"gold_gain":0,"player_choice":"Upgraded","damage_taken":0,"max_hp_gain":0,"max_hp_loss":0,"event_name":"Upgrade Shrine","floor":10,"gold_loss":0,"cards_upgraded":["Zap"]},{"damage_healed":0,"gold_gain":0,"cards_transformed":["Strike_B","Strike_B"],"player_choice":"Became Test Subject","damage_taken":0,"max_hp_gain":0,"max_hp_loss":0,"event_name":"Drug Dealer","floor":22,"gold_loss":0,"cards_obtained":["Self Repair","Compile Driver"]}],"is_beta":false,"boss_relics":[{"not_picked":["Pandora\u0027s Box","Nuclear Battery"],"picked":"Sozu"}],"items_purged_floors":[],"is_endless":false,"potions_floor_spawned":[1,7,8,11,16,18],"killed_by":"Book of Stabbing","ascension_level":15}}