{"host":"x5w9zppki4gdwvc7","time":1612912771,"event":{"mods":["AchievementEnabler","BaseMod","Colored Powertips","DeckTracker","Minty Spire (QoL Compilation)","SuperFastMode"],"gold_per_floor":[117,130,147,147,159,159,193,193,193,193,211,211,211,246,246,349,349,366,366,366,385,401,401,411,431,454,474,474,474],"floor_reached":28,"language":"ENG","playtime":1022,"items_purged":[],"score":313,"play_id":"36c4d64f-a5b5-4794-b313-e21a440618f6","local_time":"20210210001931","is_ascension_mode":true,"campfire_choices":[{"data":"Bash","floor":6,"key":"SMITH"},{"data":"Twin Strike","floor":8,"key":"SMITH"},{"floor":10,"key":"REST"},{"floor":15,"key":"REST"},{"floor":23,"key":"REST"}],"circlet_count":0,"master_deck":["Strike_R+1","Strike_R+1","Strike_R+1","Strike_R+1","Strike_R+1","Defend_R+1","Defend_R+1","Defend_R+1","Defend_R+1","Bash+1","Clash","Ghostly Armor","Dual Wield+1","Clash","Twin Strike+1","Iron Wave","Perfected Strike","Berserk+1","Iron Wave+1","Shockwave+1","Deep Breath","True Grit","Sever Soul+1","Perfected Strike+1","Twin Strike"],"relics":["Burning Blood","Charon\u0027s Ashes","Boot","Bag of Marbles","Frozen Egg 2","Prayer Wheel","Orichalcum","SlaversCollar","Lantern"],"acts_visited":["Exordium","TheCity"],"potions_floor_usage":[5,16,21,28],"damage_taken":[{"damage":16,"enemies":"Jaw Worm","floor":1,"turns":4},{"damage":1,"enemies":"Cultist","floor":2,"turns":4},{"damage":12,"enemies":"Small Slimes","floor":3,"turns":3},{"damage":19,"enemies":"Exordium Thugs","floor":5,"turns":5},{"damage":25,"enemies":"3 Sentries","floor":7,"turns":8},{"damage":6,"enemies":"Looter","floor":11,"turns":3},{"damage":20,"enemies":"Gremlin Nob","floor":14,"turns":4},{"damage":8,"enemies":"Slime Boss","floor":16,"turns":10},{"damage":10,"enemies":"Spheric Guardian","floor":18,"turns":3},{"damage":12,"enemies":"2 Thieves","floor":21,"turns":3},{"damage":28,"enemies":"Snake Plant","floor":22,"turns":4},{"damage":12,"enemies":"Cultist and Chosen","floor":24,"turns":7},{"damage":15,"enemies":"Centurion and Healer","floor":25,"turns":4},{"damage":7,"enemies":"Snake Plant","floor":27,"turns":2},{"damage":26,"enemies":"Book of Stabbing","floor":28,"turns":3}],"seed_played":"-6463405789154910719","potions_obtained":[{"floor":1,"key":"Fire Potion"},{"floor":2,"key":"SkillPotion"},{"floor":14,"key":"Ancient Potion"},{"floor":18,"key":"FearPotion"},{"floor":21,"key":"Strength Potion"}],"is_trial":false,"path_per_floor":["M","M","M","?","M","R","E","R","T","R","M","?","?","E","R","B",null,"M","?","?","M","M","R","M","M","T","M","E"],"character_chosen":"IRONCLAD","items_purchased":[],"campfire_rested":3,"item_purchase_floors":[],"current_hp_per_floor":[62,67,61,61,48,48,29,29,29,50,50,47,47,33,54,52,67,63,63,45,39,17,38,32,23,23,22,0,0],"gold":474,"neow_bonus":"ONE_RARE_RELIC","is_daily":false,"chose_seed":false,"campfire_upgraded":2,"win_rate":0.0,"timestamp":1612912771,"path_taken":["M","M","M","?","M","R","E","R","T","R","?","?","?","E","R","BOSS","M","?","?","M","M","R","?","M","T","M","E"],"items_purchased_type":[],"build_version":"2020-12-22","purchased_purges":0,"victory":false,"max_hp_per_floor":[72,72,72,72,72,72,72,72,72,72,72,72,72,72,72,72,72,72,72,72,72,72,72,72,72,72,72,72,72],"card_choices":[{"not_picked":["Dual Wield","Whirlwind"],"picked":"Clash","floor":1},{"not_picked":["Headbutt","Reckless Charge"],"picked":"Ghostly Armor","floor":2},{"not_picked":["Cleave","Flex"],"picked":"Dual Wield","floor":3},{"not_picked":["Headbutt","Cleave"],"picked":"Clash","floor":5},{"not_picked":["Shrug It Off","Dual Wield"],"picked":"Twin Strike","floor":7},{"not_picked":["Dark Embrace","Shrug It Off"],"picked":"Iron Wave","floor":11},{"not_picked":["Carnage","Immolate"],"picked":"Perfected Strike","floor":14},{"not_picked":["Limit Break","Demon Form+1"],"picked":"Berserk+1","floor":16},{"not_picked":["Clothesline","Sword Boomerang"],"picked":"Iron Wave+1","floor":18},{"not_picked":["Warcry+1","Wild Strike"],"picked":"Shockwave+1","floor":18},{"not_picked":["Inflame+1","Flex+1"],"picked":"True Grit","floor":21},{"not_picked":["Iron Wave","Shockwave+1","Clothesline"],"picked":"SKIP","floor":21},{"not_picked":["Sword Boomerang","Perfected Strike"],"picked":"Sever Soul+1","floor":22},{"not_picked":["Brutality+1","Body Slam","Headbutt+1"],"picked":"SKIP","floor":22},{"not_picked":["Burning Pact","Metallicize+1"],"picked":"Perfected Strike+1","floor":24},{"not_picked":["Anger+1","Clothesline"],"picked":"Twin Strike","floor":24},{"not_picked":["Warcry","Double Tap","Wild Strike"],"picked":"SKIP","floor":25},{"not_picked":["Heavy Blade+1","Warcry","Blood for Blood"],"picked":"SKIP","floor":25},{"not_picked":["Wild Strike","Sword Boomerang","Battle Trance+1"],"picked":"SKIP","floor":27},{"not_picked":["Flex","Power Through","Iron Wave"],"picked":"SKIP","floor":27}],"player_experience":582393,"relics_obtained":[{"floor":7,"key":"Boot"},{"floor":9,"key":"Bag of Marbles"},{"floor":14,"key":"Orichalcum"},{"floor":26,"key":"Lantern"}],"event_choices":[{"damage_healed":0,"gold_gain":0,"player_choice":"Upgraded","damage_taken":0,"max_hp_gain":0,"max_hp_loss":0,"event_name":"Upgrade Shrine","floor":4,"gold_loss":0,"cards_upgraded":["Dual Wield"]},{"damage_healed":0,"gold_gain":0,"player_choice":"Success","damage_taken":3,"relics_obtained":["Frozen Egg 2"],"max_hp_gain":0,"max_hp_loss":0,"event_name":"Scrap Ooze","floor":12,"gold_loss":0},{"damage_healed":0,"gold_gain":0,"player_choice":"Gave Potion","damage_taken":0,"relics_obtained":["Prayer Wheel"],"max_hp_gain":0,"max_hp_loss":0,"event_name":"WeMeetAgain","floor":13,"gold_loss":0},{"damage_healed":0,"gold_gain":0,"player_choice":"Simplicity","damage_taken":0,"max_hp_gain":0,"max_hp_loss":0,"event_name":"Back to Basics","floor":19,"gold_loss":0,"cards_upgraded":["Strike_R","Strike_R","Strike_R","Strike_R","Strike_R","Defend_R","Defend_R","Defend_R","Defend_R"]},{"damage_healed":0,"gold_gain":0,"player_choice":"POTION CARD ","damage_taken":18,"max_hp_gain":0,"max_hp_loss":0,"event_name":"Knowing Skull","floor":20,"potions_obtained":["AttackPotion"],"gold_loss":0,"cards_obtained":["Deep Breath"]}],"is_beta":false,"boss_relics":[{"not_picked":["Philosopher\u0027s Stone","Fusion Hammer"],"picked":"SlaversCollar"}],"items_purged_floors":[],"is_endless":false,"potions_floor_spawned":[1,2,14,18,21],"killed_by":"Book of Stabbing","ascension_level":7}}