{"host":"g2yp6paluzgljz05","time":1612852958,"event":{"mods":["BaseMod","Bestiary","Colored Powertips","DeckTracker","Highlight Path","Minty Spire (QoL Compilation)","Quick Restart"],"gold_per_floor":[115,115,125,139,155,155,155,186,211,222,222,222],"floor_reached":11,"language":"ENG","playtime":421,"items_purged":[],"score":116,"play_id":"31ce0b0d-6730-4b1b-b6cc-c93bc7bd1752","local_time":"20210209174238","is_ascension_mode":true,"campfire_choices":[{"data":"True Grit","floor":6,"key":"SMITH"}],"circlet_count":0,"master_deck":["AscendersBane","Strike_R","Strike_R","Strike_R","Strike_R","Strike_R","Defend_R","Defend_R","Defend_R","Defend_R","Bash","True Grit+1","Offering"],"relics":["Burning Blood","NeowsBlessing","Dream Catcher","Pen Nib","Anchor"],"acts_visited":["Exordium"],"potions_floor_usage":[8,8,10],"damage_taken":[{"damage":0,"enemies":"Small Slimes","floor":1,"turns":1},{"damage":0,"enemies":"2 Louse","floor":3,"turns":1},{"damage":0,"enemies":"Cultist","floor":4,"turns":1},{"damage":18,"enemies":"Looter","floor":5,"turns":3},{"damage":37,"enemies":"Lagavulin","floor":8,"turns":5},{"damage":19,"enemies":"Large Slime","floor":10,"turns":6},{"damage":14,"enemies":"Gremlin Nob","floor":11,"turns":2}],"seed_played":"6225541535387160645","potions_obtained":[{"floor":1,"key":"ColorlessPotion"},{"floor":5,"key":"BloodPotion"},{"floor":8,"key":"PowerPotion"},{"floor":10,"key":"Block Potion"}],"is_trial":false,"path_per_floor":["M","?","M","M","M","R","?","E","T","M","E"],"character_chosen":"IRONCLAD","items_purchased":[],"campfire_rested":0,"item_purchase_floors":[],"current_hp_per_floor":[78,83,85,85,73,73,40,26,26,13,0,0],"gold":222,"neow_bonus":"THREE_ENEMY_KILL","is_daily":false,"chose_seed":false,"campfire_upgraded":1,"win_rate":0.0,"timestamp":1612852958,"path_taken":["M","?","M","M","M","R","?","E","T","M","E"],"items_purchased_type":[],"build_version":"2020-12-22","purchased_purges":0,"victory":false,"max_hp_per_floor":[80,85,85,85,85,85,85,85,85,85,85,85],"card_choices":[{"not_picked":["Perfected Strike","Wild Strike"],"picked":"True Grit","floor":1},{"not_picked":["Reckless Charge","Combust","Thunderclap"],"picked":"SKIP","floor":3},{"not_picked":["Thunderclap","Pommel Strike"],"picked":"Offering","floor":4},{"not_picked":["Bloodletting","Hemokinesis","Searing Blow"],"picked":"SKIP","floor":5},{"not_picked":["Burning Pact","Sever Soul","Armaments"],"picked":"SKIP","floor":8},{"not_picked":["Sever Soul","Clothesline","Warcry"],"picked":"SKIP","floor":10}],"player_experience":342077,"relics_obtained":[{"floor":8,"key":"Pen Nib"},{"floor":9,"key":"Anchor"}],"event_choices":[{"damage_healed":0,"gold_gain":0,"player_choice":"Donut","damage_taken":0,"max_hp_gain":5,"max_hp_loss":0,"event_name":"Big Fish","floor":2,"gold_loss":0},{"damage_healed":0,"gold_gain":0,"player_choice":"Success","damage_taken":33,"relics_obtained":["Dream Catcher"],"max_hp_gain":0,"max_hp_loss":0,"event_name":"Scrap Ooze","floor":7,"gold_loss":0}],"is_beta":false,"boss_relics":[],"items_purged_floors":[],"is_endless":false,"potions_floor_spawned":[1,5,8,10],"killed_by":"Gremlin Nob","ascension_level":11}}