{"host":"qy1e0kd24tpj3i2m","time":1612887216,"event":{"mods":["Act Like it!","Alarm Clock","BaseMod","Better Skull","Better Vampires","Colored Map","Colored Powertips","Custom Start","Faster Ascension Climbing","Friendly Minions","GifTheSpireLib","Gremlin Skip","Highlight Path","Minty Spire (QoL Compilation)","Permanent Neow","Poor People Problems","Quick Restart","Red Circlet Mod","Relic Filter Mod","Relic Sorter","Reorder Act Four","SacredBarkPlus","Shop Mod","StSLib","SuperFastMode","Transform Curses","没有小屋子和绿帽子啦"],"gold_per_floor":[119,119,119,143,68,102,129,141,200,212,224,257,42,42,42,138,138,158,158,158,158,158,158,173,173,173,191,210,210,210],"floor_reached":29,"language":"ZHS","playtime":695,"items_purged":["Injury","Strike_R"],"score":442,"play_id":"08e361b1-3801-4333-9cc7-3ecf8d9b2980","local_time":"20210210011336","is_ascension_mode":true,"campfire_choices":[{"data":"Carnage","floor":8.0,"key":"SMITH"},{"data":"Barricade","floor":15.0,"key":"SMITH"},{"data":"Ghostly","floor":23.0,"key":"SMITH"},{"data":"Ghostly","floor":25.0,"key":"SMITH"}],"circlet_count":0,"master_deck":["AscendersBane","Strike_R+1","Strike_R","Defend_R","Defend_R+1","Defend_R","Anger","Juggernaut","Carnage+1","Seeing Red","Feel No Pain","Barricade+1","Demon Form","True Grit","Ghostly+1","Ghostly+1","Ghostly","Pommel Strike","Headbutt","Feed"],"relics":["Burning Blood","Bloody Idol","Membership Card","MerchantsRug","Mark of Pain","Pantograph"],"acts_visited":["Exordium","TheCity"],"potions_floor_usage":[28],"damage_taken":[{"damage":9.0,"enemies":"Small Slimes","floor":1.0,"turns":4.0},{"damage":7.0,"enemies":"Jaw Worm","floor":4.0,"turns":2.0},{"damage":32.0,"enemies":"Gremlin Nob","floor":6.0,"turns":4.0},{"damage":0.0,"enemies":"Cultist","floor":7.0,"turns":3.0},{"damage":0.0,"enemies":"2 Fungi Beasts","floor":12.0,"turns":2.0},{"damage":24.0,"enemies":"The Guardian","floor":16.0,"turns":13.0},{"damage":48.0,"enemies":"3 Byrds","floor":18.0,"turns":6.0},{"damage":18.0,"enemies":"Shell Parasite","floor":24.0,"turns":7.0},{"damage":10.0,"enemies":"Cultist and Chosen","floor":27.0,"turns":6.0},{"damage":0,"enemies":"3 Cultists","floor":28,"turns":6},{"damage":22,"enemies":"Shelled Parasite and Fungi","floor":29,"turns":2}],"seed_played":"-3338438132394441772","potions_obtained":[{"floor":4.0,"key":"SkillPotion"},{"floor":7.0,"key":"BloodPotion"},{"floor":27.0,"key":"SkillPotion"}],"is_trial":false,"path_per_floor":["M","?","?","M","$","E","M","R","T","?","$","M","$","?","R","B",null,"M","?","?","?","?","R","M","R","T","M","M","M"],"character_chosen":"IRONCLAD","items_purchased":["Membership Card","MerchantsRug"],"campfire_rested":0,"item_purchase_floors":[13,13],"current_hp_per_floor":[65,42,42,41,41,15,21,21,28,21,21,27,27,27,27,24,62,20,20,20,20,20,20,13,13,13,14,25,3,3],"gold":210,"neow_bonus":"TRANSFORM_TWO_CARDS","is_daily":false,"chose_seed":false,"campfire_upgraded":4,"win_rate":0.0,"timestamp":1612887216,"path_taken":["M","?","?","M","?","E","?","R","T","?","$","M","$","?","R","BOSS","M","?","?","?","?","R","M","R","T","M","M","M"],"items_purchased_type":["Relic","Relic"],"build_version":"2020-12-22","purchased_purges":2,"victory":false,"max_hp_per_floor":[75,75,68,68,68,68,68,68,75,75,75,75,75,75,75,75,75,75,37,37,37,37,37,37,37,37,37,37,37,37],"card_choices":[{"not_picked":["Searing Blow","Combust"],"picked":"Carnage","floor":1.0},{"not_picked":["Clothesline","Second Wind"],"picked":"Seeing Red","floor":4.0},{"not_picked":["Clothesline","Burning Pact"],"picked":"Feel No Pain","floor":6.0},{"not_picked":["Thunderclap","Pummel","Clothesline"],"picked":"SKIP","floor":7.0},{"not_picked":["Combust","Havoc"],"picked":"Barricade","floor":12.0},{"not_picked":["Exhume","Limit Break"],"picked":"Demon Form","floor":16.0},{"not_picked":["Heavy Blade","Cleave+1"],"picked":"True Grit","floor":18.0},{"not_picked":["Dropkick+1","Searing Blow"],"picked":"Pommel Strike","floor":24.0},{"not_picked":["Searing Blow","Warcry"],"picked":"Headbutt","floor":27.0},{"not_picked":["Second Wind","Armaments"],"picked":"Feed","floor":28}],"player_experience":993770,"relics_obtained":[{"floor":6.0,"key":"MawBank"},{"floor":9.0,"key":"Strawberry"},{"floor":26.0,"key":"Pantograph"}],"event_choices":[{"damage_healed":0.0,"max_hp_gain":0.0,"max_hp_loss":0.0,"gold_gain":0.0,"event_name":"Shining Light","player_choice":"Entered Light","floor":2.0,"gold_loss":0.0,"damage_taken":23.0,"cards_upgraded":["Strike_R","Defend_R"]},{"damage_healed":0.0,"max_hp_gain":0.0,"max_hp_loss":7.0,"gold_gain":0.0,"event_name":"Golden Idol","player_choice":"Lose Max HP","floor":3.0,"gold_loss":0.0,"damage_taken":0.0,"relics_obtained":["Golden Idol"]},{"cards_removed":["Strike_R"],"damage_healed":0.0,"max_hp_gain":0.0,"max_hp_loss":0.0,"gold_gain":0.0,"event_name":"Golden Wing","player_choice":"Card Removal","floor":10.0,"gold_loss":0.0,"damage_taken":7.0},{"cards_removed":["Strike_R"],"damage_healed":0.0,"max_hp_gain":0.0,"max_hp_loss":0.0,"gold_gain":0.0,"event_name":"Bonfire Elementals","player_choice":"Offered Basic","floor":14.0,"gold_loss":0.0,"damage_taken":0.0},{"damage_healed":0.0,"max_hp_gain":0.0,"max_hp_loss":38.0,"gold_gain":0.0,"event_name":"Ghosts","player_choice":"Became a Ghost","floor":19.0,"gold_loss":0.0,"damage_taken":0.0,"cards_obtained":["Ghostly","Ghostly","Ghostly"]},{"damage_healed":0.0,"max_hp_gain":0.0,"max_hp_loss":0.0,"gold_gain":0.0,"event_name":"Forgotten Altar","player_choice":"Gave Idol","floor":20.0,"relics_lost":["Golden Idol"],"gold_loss":0.0,"damage_taken":0.0,"relics_obtained":["Bloody Idol"]},{"damage_healed":0.0,"max_hp_gain":0.0,"max_hp_loss":0.0,"gold_gain":0.0,"event_name":"Cursed Tome","player_choice":"Ignored","floor":21.0,"gold_loss":0.0,"damage_taken":0.0},{"damage_healed":0.0,"max_hp_gain":0.0,"max_hp_loss":0.0,"gold_gain":0.0,"event_name":"Match and Keep!","player_choice":"0 cards matched","floor":22.0,"gold_loss":0.0,"damage_taken":0.0,"cards_obtained":[]}],"is_beta":false,"boss_relics":[{"not_picked":["Busted Crown","Sozu"],"picked":"Mark of Pain"}],"items_purged_floors":[5,13],"is_endless":false,"potions_floor_spawned":[4,7,27],"killed_by":"Shelled Parasite and Fungi","ascension_level":20}}