{"host":"x7xd4wkamhrqrrvw","time":1612912669,"event":{"mods":["AchievementEnabler","BaseMod","Minty Spire (QoL Compilation)","Relic Stats","StSLib"],"gold_per_floor":[111,131,149,160,160,160,193,193,193,221,231,67,85,99,99,176,176,192,92,107,118,134,134,164,164,164,164,193,204,222,234,234,234,234],"floor_reached":33,"language":"ENG","playtime":1192,"items_purged":["Strike_R","Strike_R"],"score":656,"play_id":"249d8e51-933c-4ad7-9dd3-f307d46dedca","local_time":"20210209211749","is_ascension_mode":true,"campfire_choices":[{"data":"Immolate","floor":6.0,"key":"SMITH"},{"data":"Wild Strike","floor":8.0,"key":"SMITH"},{"data":"Corruption","floor":15,"key":"SMITH"},{"data":"Bludgeon","floor":23,"key":"SMITH"},{"data":"Sever Soul","floor":25,"key":"SMITH"},{"floor":27,"key":"REST"},{"floor":32,"key":"REST"}],"circlet_count":0,"master_deck":["AscendersBane","Strike_R","Strike_R","Strike_R","Defend_R","Defend_R","Defend_R","Defend_R","Bash","Immolate+1","Wild Strike+1","Sever Soul+1","Shrug It Off","Impervious","Evolve","Corruption+1","Bludgeon+1","Disarm","Battle Trance+1","Immolate"],"relics":["Burning Blood","Ancient Tea Set","Gremlin Horn","Unceasing Top","Sozu","Red Skull","CaptainsWheel","Letter Opener"],"acts_visited":["Exordium","TheCity"],"potions_floor_usage":[16,16,31],"damage_taken":[{"damage":2.0,"enemies":"Jaw Worm","floor":1.0,"turns":3.0},{"damage":1.0,"enemies":"Cultist","floor":2.0,"turns":3.0},{"damage":0.0,"enemies":"Small Slimes","floor":3.0,"turns":2.0},{"damage":11.0,"enemies":"Blue Slaver","floor":4.0,"turns":3.0},{"damage":22.0,"enemies":"Lagavulin","floor":7.0,"turns":5.0},{"damage":6,"enemies":"Gremlin Nob","floor":10,"turns":3},{"damage":0,"enemies":"3 Louse","floor":11,"turns":2},{"damage":15,"enemies":"Lots of Slimes","floor":13,"turns":3},{"damage":9,"enemies":"Red Slaver","floor":14,"turns":4},{"damage":67,"enemies":"Hexaghost","floor":16,"turns":10},{"damage":17,"enemies":"2 Thieves","floor":18,"turns":4},{"damage":16,"enemies":"Spheric Guardian","floor":20,"turns":4},{"damage":18,"enemies":"Snake Plant","floor":21,"turns":4},{"damage":14,"enemies":"Sentry and Sphere","floor":22,"turns":5},{"damage":0,"enemies":"Gremlin Leader","floor":24,"turns":5},{"damage":20,"enemies":"Slavers","floor":28,"turns":4},{"damage":12,"enemies":"Shelled Parasite and Fungi","floor":29,"turns":4},{"damage":13,"enemies":"Centurion and Healer","floor":30,"turns":5},{"damage":16,"enemies":"Snake Plant","floor":31,"turns":4},{"damage":31,"enemies":"Collector","floor":33,"turns":6}],"seed_played":"6478272579710921659","potions_obtained":[{"floor":2.0,"key":"BloodPotion"},{"floor":3.0,"key":"Regen Potion"},{"floor":4.0,"key":"Energy Potion"},{"floor":7.0,"key":"HeartOfIron"},{"floor":16,"key":"BlessingOfTheForge"}],"is_trial":false,"path_per_floor":["M","M","M","M","?","R","E","R","T","E","M","$","M","M","R","B",null,"M","$","M","M","M","R","E","R","T","R","E","M","M","M","R","B"],"character_chosen":"IRONCLAD","items_purchased":["Corruption"],"campfire_rested":2,"item_purchase_floors":[12],"current_hp_per_floor":[72,75,75,75,75,75,59,59,59,59,65,65,56,53,53,7,58,47,47,37,25,17,17,23,23,23,45,31,25,18,8,30,0,0],"gold":234,"neow_bonus":"ONE_RANDOM_RARE_CARD","is_daily":false,"chose_seed":false,"campfire_upgraded":5,"win_rate":0.0,"timestamp":1612912669,"path_taken":["M","M","M","M","?","R","E","R","T","E","M","$","M","M","R","BOSS","M","$","M","M","M","R","E","R","T","R","E","M","M","M","R","BOSS"],"items_purchased_type":["Card"],"build_version":"2020-12-22","purchased_purges":2,"victory":false,"max_hp_per_floor":[75,75,75,75,75,75,75,75,75,75,75,75,75,75,75,75,75,75,75,75,75,75,75,75,75,75,75,75,75,75,75,75,75,75],"relic_stats":{"Sozu":6,"Gremlin Horn":[14,16],"counters":[20,83],"Letter Opener":[30],"obtain_stats":[{"Sozu":17,"CaptainsWheel":26,"Gremlin Horn":9,"Letter Opener":28,"Ancient Tea Set":7,"Burning Blood":0,"Unceasing Top":10,"Red Skull":24},{"Sozu":10,"CaptainsWheel":15,"Gremlin Horn":5,"Letter Opener":16,"Ancient Tea Set":5,"Burning Blood":0,"Unceasing Top":6,"Red Skull":15},{"Sozu":38,"CaptainsWheel":60,"Gremlin Horn":16,"Letter Opener":64,"Ancient Tea Set":16,"Burning Blood":0,"Unceasing Top":19,"Red Skull":60}],"Burning Blood":106,"Unceasing Top":[5]},"card_choices":[{"not_picked":["Warcry","Armaments"],"picked":"Wild Strike","floor":1.0},{"not_picked":["Spot Weakness","Rampage","Feel No Pain"],"picked":"SKIP","floor":2.0},{"not_picked":["Blood for Blood","Pommel Strike"],"picked":"Sever Soul","floor":3.0},{"not_picked":["Shockwave","Sword Boomerang"],"picked":"Shrug It Off","floor":4.0},{"not_picked":["Spot Weakness","True Grit"],"picked":"Impervious","floor":7.0},{"not_picked":["Headbutt","Whirlwind"],"picked":"Evolve","floor":10},{"not_picked":["Cleave","Pommel Strike","Armaments"],"picked":"SKIP","floor":11},{"not_picked":["Spot Weakness","Intimidate","Wild Strike"],"picked":"SKIP","floor":13},{"not_picked":["Armaments","Flex","Evolve"],"picked":"SKIP","floor":14},{"not_picked":["Limit Break","Juggernaut"],"picked":"Bludgeon","floor":16},{"not_picked":["Headbutt","Warcry","Perfected Strike"],"picked":"SKIP","floor":18},{"not_picked":["Iron Wave","Body Slam"],"picked":"Disarm","floor":20},{"not_picked":["Sword Boomerang","Dual Wield","Clash"],"picked":"SKIP","floor":21},{"not_picked":["Hemokinesis","Sword Boomerang","Havoc"],"picked":"SKIP","floor":22},{"not_picked":["Warcry","Feel No Pain+1","Cleave"],"picked":"SKIP","floor":24},{"not_picked":["Searing Blow","Seeing Red","Inflame+1"],"picked":"SKIP","floor":28},{"not_picked":["Clothesline+1","Uppercut"],"picked":"Battle Trance+1","floor":29},{"not_picked":["Iron Wave","Twin Strike","Thunderclap+1"],"picked":"SKIP","floor":30},{"not_picked":["Armaments","Clothesline"],"picked":"Immolate","floor":31}],"player_experience":449935,"relics_obtained":[{"floor":7.0,"key":"Ancient Tea Set"},{"floor":9.0,"key":"Gremlin Horn"},{"floor":10,"key":"Unceasing Top"},{"floor":24,"key":"Red Skull"},{"floor":26,"key":"CaptainsWheel"},{"floor":28,"key":"Letter Opener"}],"event_choices":[{"damage_healed":0.0,"max_hp_gain":0.0,"max_hp_loss":0.0,"gold_gain":0.0,"event_name":"Liars Game","player_choice":"Ignored","floor":5.0,"gold_loss":0.0,"damage_taken":0.0}],"is_beta":false,"boss_relics":[{"not_picked":["Astrolabe","Pandora\u0027s Box"],"picked":"Sozu"}],"items_purged_floors":[12,19],"is_endless":false,"potions_floor_spawned":[2,3,4,7,16,18,21,24,29,30,31],"killed_by":"Collector","ascension_level":20}}