{"host":"d61fcf2p3sjwe6yo","time":1612881402,"event":{"mods":["BaseMod","Colored Map","Koishi","Marisa????????","Minty Spire (QoL Compilation)","StSLib","SuperFastMode","The Servant 0.9.4"],"gold_per_floor":[110,130,130,130,130,181,221,221,221,221,264,324,3,39,39,155,155,194,207,207,257,301,301,335,23,23,83,83,139,221,221,221],"floor_reached":31,"language":"ENG","playtime":1643,"items_purged":[],"score":605,"play_id":"c77d8d80-50c4-47cb-a914-bb2ce3aa2e85","local_time":"20210209173642","is_ascension_mode":true,"campfire_choices":[{"data":"OortCloud","floor":8,"key":"SMITH"},{"data":"UpSweep","floor":10,"key":"SMITH"},{"data":"EarthLightRay","floor":15,"key":"SMITH"},{"data":"MagicChant","floor":23,"key":"SMITH"}],"circlet_count":0,"master_deck":["AscendersBane","Strike_MRS","Strike_MRS","Defend_MRS","Defend_MRS","Defend_MRS","Defend_MRS","MasterSpark","UpSweep+1","ShootingEcho","OortCloud+1","WitchOfGreed","AsteroidBelt","EarthLightRay+1","BlazingStar","MagicChant+1","FairyDestructionRay","Acceleration","AsteroidBelt","GalacticHalo","OortCloud","SuperPerseids+1","OortCloud"],"relics":["MiniHakkero","NeowsBlessing","Golden Idol","Incense Burner","Shuriken","The Courier","Strawberry","BreadOfAWashokuLover","SacredBark","HornCleat","Pear","Omamori","Nilry\u0027s Codex","Sundial"],"acts_visited":["Exordium","TheCity"],"potions_floor_usage":[11,12,14,18,22,24,27,27,31],"damage_taken":[{"damage":0,"enemies":"Jaw Worm","floor":1,"turns":1},{"damage":0,"enemies":"2 Louse","floor":2,"turns":1},{"damage":0,"enemies":"Gremlin Nob","floor":6,"turns":1},{"damage":2,"enemies":"Small Slimes","floor":7,"turns":3},{"damage":0,"enemies":"Looter","floor":11,"turns":4},{"damage":2,"enemies":"3 Sentries","floor":12,"turns":12},{"damage":2,"enemies":"2 Fungi Beasts","floor":14,"turns":4},{"damage":10,"enemies":"The Guardian","floor":16,"turns":14},{"damage":6,"enemies":"Shell Parasite","floor":18,"turns":7},{"damage":2,"enemies":"Spheric Guardian","floor":19,"turns":5},{"damage":22,"enemies":"Cultist and Chosen","floor":22,"turns":7},{"damage":32,"enemies":"Snecko","floor":24,"turns":6},{"damage":12,"enemies":"Gremlin Leader","floor":27,"turns":7},{"damage":13,"enemies":"Sentry and Sphere","floor":29,"turns":7},{"damage":6,"enemies":"Book of Stabbing","floor":31,"turns":4}],"seed_played":"-3159453292781307692","potions_obtained":[{"floor":6,"key":"SteroidPotion"},{"floor":7,"key":"BottledSpark"},{"floor":11,"key":"Dexterity Potion"},{"floor":12,"key":"StarNLove"},{"floor":14,"key":"Swift Potion"},{"floor":14,"key":"LiquidMemories"},{"floor":16,"key":"Fire Potion"},{"floor":18,"key":"Fire Potion"},{"floor":22,"key":"SpeedPotion"},{"floor":22,"key":"Dexterity Potion"},{"floor":24,"key":"Energy Potion"},{"floor":27,"key":"AttackPotion"}],"is_trial":false,"path_per_floor":["M","M","?","?","?","E","M","R","T","R","M","E","$","M","R","B",null,"M","M","?","?","M","R","M","$","T","E","?","M","T","E"],"character_chosen":"MARISA","items_purchased":["Strawberry","BreadOfAWashokuLover","HornCleat","GalacticHalo","OortCloud"],"campfire_rested":0,"item_purchase_floors":[13,13,25,25,25],"current_hp_per_floor":[63,63,39,32,32,32,30,30,30,30,30,28,35,38,38,35,67,68,73,73,73,61,61,36,36,46,54,33,26,26,26,26],"gold":221,"neow_bonus":"THREE_ENEMY_KILL","is_daily":false,"chose_seed":false,"campfire_upgraded":4,"win_rate":0.0,"timestamp":1612881402,"path_taken":["M","M","?","?","?","E","M","R","T","R","M","E","?","M","R","BOSS","M","M","?","?","M","R","M","$","T","E","?","M","?","E"],"items_purchased_type":["Relic","Relic","Relic","Card","Card"],"build_version":"2020-12-22","purchased_purges":0,"victory":false,"max_hp_per_floor":[70,70,70,70,70,70,70,70,70,70,70,70,77,77,77,77,77,77,77,77,77,77,77,77,77,87,100,100,100,100,100,100],"card_choices":[{"not_picked":["IllusionStar","MeteoricShower"],"picked":"ShootingEcho","floor":1},{"not_picked":["WitchOfGreed","ChargeUpSpray"],"picked":"OortCloud","floor":2},{"not_picked":["StarlightTyphoon","ShootTheMoon"],"picked":"AsteroidBelt","floor":6},{"not_picked":["DragonMeteor","PulseMagic","Singularity"],"picked":"SKIP","floor":7},{"not_picked":["LuminesStrike","Robbery","DC"],"picked":"SKIP","floor":11},{"not_picked":["UnstableBomb","WitchOfGreed"],"picked":"EarthLightRay","floor":12},{"not_picked":["LuminesStrike","ChargeUpSpray","OpenUniverse"],"picked":"SKIP","floor":14},{"not_picked":["StarDustReverie","BinaryStars"],"picked":"BlazingStar","floor":16},{"not_picked":["WitchLeyline","GrandCross"],"picked":"MagicChant","floor":18},{"not_picked":["PowerUp","MagicChant"],"picked":"FairyDestructionRay","floor":19},{"not_picked":["LuminesStrike","UnstableBomb"],"picked":"Acceleration","floor":22},{"not_picked":["IllusionStar","CollectingQuirk"],"picked":"AsteroidBelt","floor":24},{"not_picked":["SporeBomb","SprinkleStarSeal"],"picked":"SuperPerseids+1","floor":27},{"not_picked":["Acceleration+1","NonDirectionalLaser"],"picked":"OortCloud","floor":29}],"player_experience":317171,"relics_obtained":[{"floor":6,"key":"Incense Burner"},{"floor":9,"key":"Shuriken"},{"floor":12,"key":"The Courier"},{"floor":26,"key":"Pear"},{"floor":27,"key":"Omamori"},{"floor":28,"key":"Nilry\u0027s Codex"},{"floor":30,"key":"Sundial"}],"event_choices":[{"damage_healed":0,"gold_gain":0,"player_choice":"Take Damage","damage_taken":24,"relics_obtained":["Golden Idol"],"max_hp_gain":0,"max_hp_loss":0,"event_name":"Golden Idol","floor":3,"gold_loss":0},{"cards_removed":["Strike_MRS"],"damage_healed":0,"gold_gain":0,"player_choice":"Card Removal","damage_taken":7,"max_hp_gain":0,"max_hp_loss":0,"event_name":"Golden Wing","floor":4,"gold_loss":0},{"damage_healed":0,"gold_gain":0,"cards_transformed":["Strike_MRS"],"player_choice":"Change","damage_taken":0,"max_hp_gain":0,"max_hp_loss":0,"event_name":"Living Wall","floor":5,"gold_loss":0,"cards_obtained":["WitchOfGreed"]},{"damage_healed":0,"gold_gain":0,"player_choice":"Ignored","damage_taken":0,"max_hp_gain":0,"max_hp_loss":0,"event_name":"Vampires","floor":20,"gold_loss":0},{"damage_healed":0,"gold_gain":50,"player_choice":"Stole From Cult","damage_taken":0,"max_hp_gain":0,"max_hp_loss":0,"event_name":"Nest","floor":21,"gold_loss":0},{"damage_healed":0,"gold_gain":0,"player_choice":"Obtained Book","damage_taken":21,"max_hp_gain":0,"max_hp_loss":0,"event_name":"Cursed Tome","floor":28,"gold_loss":0}],"is_beta":false,"boss_relics":[{"not_picked":["Busted Crown","Astrolabe"],"picked":"SacredBark"}],"items_purged_floors":[],"is_endless":false,"potions_floor_spawned":[7,11,14,16,22,24],"killed_by":"Book of Stabbing","ascension_level":20}}