{"host":"tml1x4ylw9tadh99","time":1612887588,"event":{"mods":["AchievementEnabler","Act Like it!","BaseMod","Bestiary","Colored Map","Colored Powertips","DeckTracker","Friendly Minions","GifTheSpireLib","Minty Spire (QoL Compilation)","Quick Restart","Random Character Button","Random Character Mod","Relic Stats","StSLib","Synergy Search"],"gold_per_floor":[117,117,135,155,169,169,185,185,185,195,209,209,134,209,209,310,310,323,223,223,238,113,113,124,124,124],"floor_reached":25,"language":"ENG","playtime":2164,"items_purged":["Combust","Strike_R","Strike_R"],"score":220,"play_id":"fcf2a002-3a6c-4bfb-a32b-444f89dba74f","local_time":"20210209171948","is_ascension_mode":false,"campfire_choices":[{"data":"Metallicize","floor":6,"key":"SMITH"},{"data":"Searing Blow","floor":8,"key":"SMITH"},{"data":"Searing Blow+1","floor":12,"key":"SMITH"},{"data":"Searing Blow+2","floor":15,"key":"SMITH"},{"data":"Searing Blow+3","floor":23,"key":"SMITH"}],"circlet_count":0,"master_deck":["Strike_R","Strike_R","Defend_R","Defend_R","Defend_R","Defend_R","Dual Wield","Metallicize+1","Searing Blow+4","Intimidate","Intimidate+1"],"relics":["Burning Blood","InkBottle","Empty Cage"],"acts_visited":["Exordium","TheCity"],"potions_floor_usage":[18,25,25,25],"damage_taken":[{"damage":2,"enemies":"2 Louse","floor":1,"turns":4},{"damage":6,"enemies":"Cultist","floor":3,"turns":3},{"damage":4,"enemies":"Jaw Worm","floor":4,"turns":5},{"damage":13,"enemies":"Lots of Slimes","floor":5,"turns":3},{"damage":17,"enemies":"3 Louse","floor":7,"turns":4},{"damage":3,"enemies":"Blue Slaver","floor":10,"turns":6},{"damage":3,"enemies":"Red Slaver","floor":11,"turns":6},{"damage":42,"enemies":"Slime Boss","floor":16,"turns":12},{"damage":13,"enemies":"Chosen","floor":18,"turns":9},{"damage":14,"enemies":"Shell Parasite","floor":21,"turns":8},{"damage":58,"enemies":"Sentry and Sphere","floor":24,"turns":15},{"damage":57,"enemies":"Slavers","floor":25,"turns":4}],"seed_played":"5715099195688579377","potions_obtained":[{"floor":1,"key":"Dexterity Potion"},{"floor":7,"key":"CultistPotion"},{"floor":10,"key":"Weak Potion"},{"floor":21,"key":"EssenceOfSteel"}],"is_trial":false,"path_per_floor":["M","?","M","M","M","R","M","R","T","M","M","R","$","?","R","B",null,"M","$","?","M","$","R","M","E"],"character_chosen":"IRONCLAD","items_purchased":[],"campfire_rested":0,"item_purchase_floors":[],"current_hp_per_floor":[88,88,88,88,81,81,70,70,70,73,76,76,76,65,65,29,88,81,81,98,90,90,90,38,0,0],"gold":124,"neow_bonus":"TEN_PERCENT_HP_BONUS","is_daily":false,"chose_seed":false,"campfire_upgraded":5,"win_rate":0.0,"timestamp":1612887588,"path_taken":["M","?","M","M","?","R","M","R","T","M","M","R","?","?","R","BOSS","M","$","?","?","?","R","M","E"],"items_purchased_type":[],"build_version":"2020-12-22","purchased_purges":3,"victory":false,"max_hp_per_floor":[88,88,88,88,88,88,88,88,88,88,88,88,88,88,88,88,88,88,88,98,98,98,98,98,98,98],"relic_stats":{"counters":[12,79],"obtain_stats":[{"Empty Cage":17,"Burning Blood":0,"InkBottle":9},{"Empty Cage":8,"Burning Blood":0,"InkBottle":5},{"Empty Cage":43,"Burning Blood":0,"InkBottle":19}],"Burning Blood":60,"InkBottle":[14]},"card_choices":[{"not_picked":["Iron Wave","Twin Strike"],"picked":"Dual Wield","floor":1},{"not_picked":["Feel No Pain","Flex","Uppercut"],"picked":"SKIP","floor":3},{"not_picked":["Heavy Blade","Armaments"],"picked":"Combust","floor":4},{"not_picked":["Cleave","Power Through"],"picked":"Metallicize","floor":5},{"not_picked":["Dual Wield","Rage"],"picked":"Searing Blow","floor":7},{"not_picked":["Sword Boomerang","Anger","Pommel Strike"],"picked":"SKIP","floor":10},{"not_picked":["Inflame","Twin Strike"],"picked":"Intimidate","floor":11},{"not_picked":["Berserk","Juggernaut"],"picked":"Barricade","floor":16},{"not_picked":["Clash","Heavy Blade","Thunderclap+1"],"picked":"SKIP","floor":18},{"not_picked":["Iron Wave","Heavy Blade+1"],"picked":"Intimidate+1","floor":21},{"not_picked":["Clothesline","Reckless Charge","Demon Form"],"picked":"SKIP","floor":24}],"player_experience":35738,"relics_obtained":[{"floor":9,"key":"InkBottle"}],"event_choices":[{"damage_healed":0,"gold_gain":0,"cards_transformed":["Strike_R"],"player_choice":"Transformed","damage_taken":0,"max_hp_gain":0,"max_hp_loss":0,"event_name":"Transmorgrifier","floor":2,"gold_loss":0,"cards_obtained":["Combust"]},{"damage_healed":0,"gold_gain":75,"player_choice":"Gather Gold","damage_taken":11,"max_hp_gain":0,"max_hp_loss":0,"event_name":"World of Goop","floor":14,"gold_loss":0},{"cards_removed":["Barricade"],"damage_healed":7,"gold_gain":0,"player_choice":"Offered Rare","damage_taken":0,"max_hp_gain":10,"max_hp_loss":0,"event_name":"Bonfire Elementals","floor":20,"gold_loss":0}],"is_beta":false,"boss_relics":[{"not_picked":["Tiny House","Black Blood"],"picked":"Empty Cage"}],"items_purged_floors":[13,19,22],"is_endless":false,"potions_floor_spawned":[1,7,10,16,21,24],"killed_by":"Slavers","ascension_level":0}}