{"host":"q0qnzbgdx8oqogg9","time":1612885803,"event":{"mods":["BaseMod","Minty Spire (QoL Compilation)","StSLib"],"gold_per_floor":[15,15,31,44,62,62,78,78,125,148,72,72,72,116,116,212,212,232,38,59,77,90,90,90],"floor_reached":23,"language":"ENG","playtime":902,"items_purged":["Pain"],"score":404,"play_id":"f9096c16-791d-4501-bda5-94669a91140e","local_time":"20210209105003","is_ascension_mode":true,"campfire_choices":[{"floor":6.0,"key":"REST"},{"data":"Zap","floor":8.0,"key":"SMITH"},{"data":"Loop","floor":13,"key":"SMITH"},{"data":"Scrape","floor":15,"key":"SMITH"}],"circlet_count":0,"master_deck":["AscendersBane","Strike_B","Strike_B","Strike_B","Strike_B","Defend_B","Defend_B","Defend_B","Defend_B","Zap+1","Dualcast","Secret Weapon","Loop+1","Ball Lightning","Barrage","Leap","BootSequence","Gash","Scrape+1","White Noise","Core Surge","Steam","Flash of Steel","Conserve Battery","Beam Cell","Doom and Gloom","Gash+1"],"relics":["Cracked Core","Golden Idol","Strawberry","WarpedTongs","Pantograph","Coffee Dripper"],"acts_visited":["Exordium","TheCity"],"potions_floor_usage":[],"damage_taken":[{"damage":10.0,"enemies":"2 Louse","floor":1.0,"turns":3.0},{"damage":0.0,"enemies":"Cultist","floor":3.0,"turns":4.0},{"damage":5.0,"enemies":"Small Slimes","floor":4.0,"turns":4.0},{"damage":17.0,"enemies":"Red Slaver","floor":5.0,"turns":4.0},{"damage":11.0,"enemies":"Blue Slaver","floor":7.0,"turns":4.0},{"damage":0.0,"enemies":"Looter","floor":10.0,"turns":3.0},{"damage":24,"enemies":"3 Sentries","floor":14,"turns":5},{"damage":4,"enemies":"Slime Boss","floor":16,"turns":6},{"damage":24,"enemies":"Chosen","floor":18,"turns":4},{"damage":0,"enemies":"Spheric Guardian","floor":20,"turns":3},{"damage":24,"enemies":"Shelled Parasite and Fungi","floor":21,"turns":6},{"damage":15,"enemies":"Centurion and Healer","floor":22,"turns":6},{"damage":17,"enemies":"Slavers","floor":23,"turns":1}],"seed_played":"-5627280336356943187","potions_obtained":[{"floor":1.0,"key":"ColorlessPotion"},{"floor":3.0,"key":"Strength Potion"},{"floor":7.0,"key":"PotionOfCapacity"},{"floor":16,"key":"Explosive Potion"}],"is_trial":false,"path_per_floor":["M","?","M","M","M","R","M","R","T","M","$","?","R","E","R","B",null,"M","$","M","M","M","E"],"character_chosen":"DEFECT","items_purchased":["Scrape","Flash of Steel","Conserve Battery"],"campfire_rested":1,"item_purchase_floors":[11,19,19],"current_hp_per_floor":[58,40,40,35,18,40,29,29,36,36,36,36,36,12,12,33,70,46,46,46,22,7,0,0],"gold":90,"neow_bonus":"RANDOM_COLORLESS_2","is_daily":false,"chose_seed":false,"campfire_upgraded":3,"win_rate":0.0,"timestamp":1612885803,"path_taken":["M","?","M","M","M","R","M","R","T","M","$","?","R","E","R","BOSS","M","$","M","M","?","E"],"items_purchased_type":["Card","Card","Card"],"build_version":"2020-12-22","purchased_purges":1,"victory":false,"max_hp_per_floor":[75,75,75,75,75,75,75,75,82,82,82,82,82,82,82,82,82,82,82,82,82,82,82,82],"card_choices":[{"not_picked":["Violence","Magnetism"],"picked":"Secret Weapon","floor":0.0},{"not_picked":["Steam Power","Go for the Eyes"],"picked":"Loop","floor":1.0},{"not_picked":["Barrage","Sweeping Beam"],"picked":"Ball Lightning","floor":3.0},{"not_picked":["Compile Driver","Sweeping Beam"],"picked":"Barrage","floor":4.0},{"not_picked":["Loop","Storm"],"picked":"Leap","floor":5.0},{"not_picked":["Leap","Compile Driver"],"picked":"BootSequence","floor":7.0},{"not_picked":["Reinforced Body","Double Energy"],"picked":"Gash","floor":10.0},{"not_picked":["Genetic Algorithm","Fusion"],"picked":"White Noise","floor":14},{"not_picked":["Meteor Strike","Machine Learning"],"picked":"Core Surge","floor":16},{"not_picked":["Rebound","Turbo"],"picked":"Steam","floor":18},{"not_picked":["Compile Driver","Go for the Eyes"],"picked":"Beam Cell","floor":20},{"not_picked":["Compile Driver","Recycle"],"picked":"Doom and Gloom","floor":21},{"not_picked":["Hologram","Steam"],"picked":"Gash+1","floor":22}],"player_experience":350705,"relics_obtained":[{"floor":9.0,"key":"Strawberry"},{"floor":14,"key":"Pantograph"}],"event_choices":[{"damage_healed":0.0,"max_hp_gain":0.0,"max_hp_loss":0.0,"gold_gain":0.0,"event_name":"Golden Idol","player_choice":"Take Damage","floor":2.0,"gold_loss":0.0,"damage_taken":18.0,"relics_obtained":["Golden Idol"]},{"damage_healed":0,"gold_gain":0,"player_choice":"Rummage","damage_taken":0,"relics_obtained":["WarpedTongs"],"max_hp_gain":0,"max_hp_loss":0,"event_name":"Accursed Blacksmith","floor":12,"gold_loss":0,"cards_obtained":["Pain"]}],"is_beta":false,"boss_relics":[{"not_picked":["SlaversCollar","Nuclear Battery"],"picked":"Coffee Dripper"}],"items_purged_floors":[19],"is_endless":false,"potions_floor_spawned":[1,3,7,14,16,18],"killed_by":"Slavers","ascension_level":13}}