{"host":"juvwyqk4ifq614bf","time":1612906389,"event":{"mods":["2.2 Compatiblity","Act Like it!","BaseMod","Better Altar","Better Match","Better Note","Better Sensory Stone","Better Third Choice","ChefMod","Conspire","Ekko","Friendly Minions","GifTheSpireLib","Hubris","Infinite Spire","Minty Spire (QoL Compilation)","Mirrors Mod","Replay The Spire","StSLib","Stuff the Spire","The Alterego","TheVelvet"],"gold_per_floor":[116,86,98,114,131,157,170,170,170,170,188,213,93,108,108,212,212,196,206,206,156,169,169,169,169],"floor_reached":24,"language":"ENG","playtime":2092,"items_purged":[],"score":210,"play_id":"b92db7a2-c770-4590-9247-09d28cf2d79f","local_time":"20210209223309","is_ascension_mode":false,"campfire_choices":[{"data":"chefmod:FireUp","floor":8,"key":"SMITH"},{"data":"chefmod:FireUp","floor":10,"key":"SMITH"},{"data":"ReplayUltimateDefense","floor":15,"key":"SMITH"},{"data":"Poisoned Strike","floor":23,"key":"SMITH"}],"circlet_count":0,"master_deck":["chefmod:Strike","chefmod:Strike","chefmod:QuickThaw","chefmod:Defend","chefmod:Defend","chefmod:Defend","chefmod:TodaysSpecial","chefmod:BaoBuns","chefmod:QuickChop","chefmod:FireUp+1","chefmod:FreezeSolid","chefmod:FireUp+1","chefmod:SushiPlatter","ReplayUltimateDefense+1","Metamorphosis","Poisoned Strike+1","chefmod:Cleavers","chefmod:FullCourseMeal","chefmod:SliceAndDice+1"],"relics":["chefmod:TrustyPot","Toy Ornithopter","StuffTheSpire:Expresso","hubris:DeckOfHolding","ReplayTheSpireMod:ShopPack","hubris:HollowSoul"],"acts_visited":["Exordium","TheCity"],"potions_floor_usage":[3,3,6,6,14,16,19,24],"damage_taken":[{"damage":0,"enemies":"Cultist","floor":1,"turns":4},{"damage":0,"enemies":"2 Louse","floor":3,"turns":3},{"damage":0,"enemies":"Jaw Worm","floor":4,"turns":3},{"damage":3,"enemies":"Exordium Wildlife","floor":5,"turns":6},{"damage":9,"enemies":"3 Sentries","floor":6,"turns":14},{"damage":0,"enemies":"2 Fungi Beasts","floor":7,"turns":3},{"damage":0,"enemies":"Looter","floor":11,"turns":3},{"damage":7,"enemies":"Gremlin Nob","floor":12,"turns":5},{"damage":6,"enemies":"Gremlin Gang","floor":14,"turns":5},{"damage":5,"enemies":"Hexaghost","floor":16,"turns":9},{"damage":22,"enemies":"2 Thieves","floor":18,"turns":4},{"damage":13,"enemies":"Shell Parasite","floor":19,"turns":5},{"damage":16,"enemies":"Centurion and Healer","floor":22,"turns":4},{"damage":15,"enemies":"Slavers","floor":24,"turns":1}],"seed_played":"-1990587853896670741","potions_obtained":[{"floor":1,"key":"Fire Potion"},{"floor":2,"key":"Regen Potion"},{"floor":2,"key":"Toxic Potion"},{"floor":4,"key":"SkillPotion"},{"floor":11,"key":"ColorlessPotion"},{"floor":12,"key":"BlessingOfTheForge"},{"floor":16,"key":"ColorlessPotion"},{"floor":22,"key":"ColorlessPotion"}],"is_trial":false,"path_per_floor":["M","?","M","M","M","E","M","R","T","R","M","E","$","M","R","B",null,"M","M","?","?","M","R","E"],"character_chosen":"THE_CHEF","items_purchased":["ReplayTheSpireMod:ShopPack"],"campfire_rested":0,"item_purchase_floors":[13],"current_hp_per_floor":[55,55,67,67,64,55,55,55,55,55,55,48,48,47,47,47,76,54,46,46,46,30,30,0,0],"gold":169,"neow_bonus":"TRANSFORM_TWO_CARDS","is_daily":false,"chose_seed":false,"campfire_upgraded":4,"win_rate":0.0,"timestamp":1612906389,"path_taken":["M","?","?","M","M","E","M","R","T","R","M","E","$","M","R","BOSS","M","M","?","?","?","R","E"],"items_purchased_type":["Relic"],"build_version":"2020-12-22","purchased_purges":0,"victory":false,"max_hp_per_floor":[76,76,76,76,76,76,76,76,76,76,76,76,76,76,76,76,76,76,76,76,76,76,76,76,76],"card_choices":[{"not_picked":["chefmod:SpaghettiCarbonara","chefmod:Granita"],"picked":"chefmod:FireUp","floor":1},{"not_picked":["chefmod:Fillet","chefmod:Granita"],"picked":"chefmod:FreezeSolid","floor":3},{"not_picked":["chefmod:SpaghettiCarbonara","chefmod:Sorbet"],"picked":"chefmod:FireUp","floor":4},{"not_picked":["chefmod:IcePick","chefmod:ColdSteel","chefmod:DoubleChop"],"picked":"SKIP","floor":5},{"not_picked":["chefmod:FireUp","chefmod:ZaruSoba","chefmod:OldCookbook"],"picked":"SKIP","floor":6},{"not_picked":["chefmod:SpaghettiCarbonara","chefmod:ColdSteel"],"picked":"chefmod:SushiPlatter","floor":7},{"not_picked":["chefmod:DinoKale","chefmod:Defrost","chefmod:FireUp"],"picked":"SKIP","floor":11},{"not_picked":["chefmod:FryPan","chefmod:ZaruSoba","chefmod:HotSoup"],"picked":"SKIP","floor":12},{"not_picked":["Secret Weapon","Poisoned Strike"],"picked":"ReplayUltimateDefense","floor":13},{"not_picked":["Survey Options","hubris:Ssssneak"],"picked":"Metamorphosis","floor":13},{"not_picked":["Secret Technique","Violence"],"picked":"Poisoned Strike","floor":13},{"not_picked":["chefmod:AllYouCanEat","chefmod:DinoKale"],"picked":"chefmod:Cleavers","floor":14},{"not_picked":["chefmod:DeathByChocolate","chefmod:SushiPlatter"],"picked":"chefmod:FullCourseMeal","floor":16},{"not_picked":["chefmod:IcePick+1","chefmod:ColdSteel"],"picked":"chefmod:SliceAndDice+1","floor":18},{"not_picked":["chefmod:HotSoup","chefmod:SliceAndDice","chefmod:ZaruSoba+1"],"picked":"SKIP","floor":19},{"not_picked":["chefmod:Chop","chefmod:Defrost","chefmod:Julienne"],"picked":"SKIP","floor":22}],"player_experience":236682,"relics_obtained":[{"floor":6,"key":"Toy Ornithopter"},{"floor":9,"key":"StuffTheSpire:Expresso"},{"floor":12,"key":"hubris:DeckOfHolding"}],"event_choices":[{"damage_healed":0,"gold_gain":0,"player_choice":"Bought 2 Potions","damage_taken":0,"max_hp_gain":0,"max_hp_loss":0,"event_name":"The Woman in Blue","floor":2,"gold_loss":0},{"cards_removed":["chefmod:Strike"],"damage_healed":0,"gold_gain":0,"player_choice":"Offered Basic","damage_taken":0,"max_hp_gain":0,"max_hp_loss":0,"event_name":"Bonfire Elementals","floor":20,"gold_loss":0},{"damage_healed":0,"gold_gain":0,"player_choice":"Bet on Owner","damage_taken":0,"max_hp_gain":0,"max_hp_loss":0,"event_name":"The Joust","floor":21,"gold_loss":50}],"is_beta":false,"boss_relics":[{"not_picked":["hubris:GrandSneckoEye","hubris:VirtuousBlindfold"],"picked":"hubris:HollowSoul"}],"items_purged_floors":[],"is_endless":false,"potions_floor_spawned":[1,4,11,12,16,22],"killed_by":"Slavers","ascension_level":0}}