{"host":"iph0xvuia0glosgr","time":1612879934,"event":{"mods":["AchievementEnabler","BaseMod","Minty Spire (QoL Compilation)"],"gold_per_floor":[114,128,146,15,25,52,52,52,52,85,101,116,116,141,141,246,246,266,283,301,26,26,26,58,58,58],"floor_reached":25,"language":"ENG","playtime":1835,"items_purged":["Concentrate"],"score":255,"play_id":"a3e5b772-0943-4bd0-8953-ba06307dafe8","local_time":"20210209141214","is_ascension_mode":true,"campfire_choices":[{"floor":7,"key":"RECALL"},{"floor":15,"key":"REST"},{"data":"Infinite Blades","floor":23,"key":"SMITH"}],"circlet_count":0,"master_deck":["Strike_G","Strike_G","Strike_G","Strike_G","Strike_G","Defend_G","Defend_G","Defend_G","Defend_G","Defend_G","Survivor","Neutralize","Burst","Dash","Sucker Punch","Backflip","Infinite Blades+1","Sucker Punch","Quick Slash","All Out Attack","Cloak And Dagger","Slice+1","Dagger Spray+1","Dagger Throw+1","A Thousand Cuts","Dagger Throw+1","Cloak And Dagger+1","Dagger Throw+1","Blade Dance","Finisher+1","Deflect"],"relics":["Ring of the Snake","Ice Cream","Molten Egg 2","Pantograph","Peace Pipe","WristBlade","Shovel"],"acts_visited":["Exordium","TheCity"],"potions_floor_usage":[6,14,14,19,20,24,25],"damage_taken":[{"damage":1,"enemies":"2 Louse","floor":1,"turns":2},{"damage":0,"enemies":"Cultist","floor":2,"turns":4},{"damage":0,"enemies":"Small Slimes","floor":3,"turns":3},{"damage":0,"enemies":"Blue Slaver","floor":5,"turns":5},{"damage":5,"enemies":"Lagavulin","floor":6,"turns":8},{"damage":13,"enemies":"Gremlin Nob","floor":10,"turns":5},{"damage":0,"enemies":"3 Louse","floor":11,"turns":2},{"damage":6,"enemies":"Exordium Thugs","floor":12,"turns":4},{"damage":2,"enemies":"Lagavulin","floor":14,"turns":6},{"damage":16,"enemies":"Slime Boss","floor":16,"turns":11},{"damage":12,"enemies":"Shell Parasite","floor":18,"turns":5},{"damage":0,"enemies":"3 Byrds","floor":19,"turns":2},{"damage":10,"enemies":"3 Cultists","floor":20,"turns":5},{"damage":41,"enemies":"Book of Stabbing","floor":24,"turns":6},{"damage":14,"enemies":"Centurion and Healer","floor":25,"turns":3}],"seed_played":"-7235897041871349104","potions_obtained":[{"floor":2,"key":"Strength Potion"},{"floor":5,"key":"Fire Potion"},{"floor":12,"key":"EssenceOfSteel"},{"floor":16,"key":"Ancient Potion"},{"floor":18,"key":"Explosive Potion"},{"floor":19,"key":"Fire Potion"}],"is_trial":false,"path_per_floor":["M","M","M","$","M","E","R","$","T","E","M","M","?","E","R","B",null,"M","M","M","$","?","R","E","M"],"character_chosen":"THE_SILENT","items_purchased":["Infinite Blades","Sucker Punch","Quick Slash","Blade Dance","Finisher+1","EssenceOfSteel"],"campfire_rested":1,"item_purchase_floors":[4,4,4,21,21,21],"current_hp_per_floor":[69,69,69,69,69,64,64,64,64,51,51,45,45,43,64,54,70,58,58,48,48,48,48,7,0,0],"gold":58,"neow_bonus":"ONE_RANDOM_RARE_CARD","is_daily":false,"chose_seed":false,"campfire_upgraded":1,"win_rate":0.0,"timestamp":1612879934,"path_taken":["M","M","M","$","M","E","R","$","T","E","M","M","?","E","R","BOSS","M","?","M","$","?","R","E","M"],"items_purchased_type":["Card","Card","Card","Card","Card","Potion"],"build_version":"2020-12-22","purchased_purges":1,"victory":false,"max_hp_per_floor":[70,70,70,70,70,70,70,70,70,70,70,70,70,70,70,70,70,70,70,70,70,70,70,70,70,70],"card_choices":[{"not_picked":["Dagger Throw","Prepared"],"picked":"Dash","floor":1},{"not_picked":["Bane","Footwork"],"picked":"Sucker Punch","floor":2},{"not_picked":["Flying Knee","Skewer"],"picked":"Backflip","floor":3},{"not_picked":["Quick Slash","Blur"],"picked":"All Out Attack","floor":5},{"not_picked":["Deflect","Poisoned Stab"],"picked":"Cloak And Dagger","floor":6},{"not_picked":["Blur","Dodge and Roll"],"picked":"Slice+1","floor":10},{"not_picked":["Underhanded Strike+1","Slice+1"],"picked":"Dagger Spray+1","floor":11},{"not_picked":["Wraith Form v2","Underhanded Strike+1"],"picked":"Terror","floor":12},{"not_picked":["Outmaneuver","Catalyst"],"picked":"Dagger Throw+1","floor":14},{"not_picked":["Malaise","Envenom"],"picked":"A Thousand Cuts","floor":16},{"not_picked":["Bane+1","Backflip"],"picked":"Dagger Throw+1","floor":18},{"not_picked":["Quick Slash+1","Backflip"],"picked":"Cloak And Dagger+1","floor":19},{"not_picked":["Bane+1","Outmaneuver"],"picked":"Dagger Throw+1","floor":20},{"not_picked":["Blur","Backflip"],"picked":"Deflect","floor":24}],"player_experience":330480,"relics_obtained":[{"floor":6,"key":"Ice Cream"},{"floor":9,"key":"Molten Egg 2"},{"floor":10,"key":"Pantograph"},{"floor":14,"key":"Peace Pipe"},{"floor":24,"key":"Shovel"}],"event_choices":[{"damage_healed":0,"gold_gain":0,"cards_transformed":["Terror"],"player_choice":"Transformed","damage_taken":0,"max_hp_gain":0,"max_hp_loss":0,"event_name":"Transmorgrifier","floor":13,"gold_loss":0,"cards_obtained":["Concentrate"]},{"damage_healed":0,"gold_gain":0,"player_choice":"Ignored","damage_taken":0,"max_hp_gain":0,"max_hp_loss":0,"event_name":"Cursed Tome","floor":22,"gold_loss":0}],"is_beta":false,"boss_relics":[{"not_picked":["Runic Pyramid","Ectoplasm"],"picked":"WristBlade"}],"items_purged_floors":[21],"is_endless":false,"potions_floor_spawned":[2,5,12,16,18,19],"killed_by":"Centurion and Healer","ascension_level":1}}