{"host":"17u3w43rikeuspxs","time":1612833825,"event":{"mods":["BaseMod","BetterRewards","Curses Come First","Infinite Spire","Minty Spire (QoL Compilation)","StSLib"],"gold_per_floor":[113,113,131,131,131,131,157,176,176,176,33,64,125,137,137,233,233,250,262,262,362,381,381,414,414,414,433,433,433,433,445,445,445,445],"floor_reached":33,"language":"ENG","playtime":1166,"items_purged":[],"score":410,"play_id":"ecb35df1-d819-4c4a-ac36-36db81bbb74a","local_time":"20210208202345","is_ascension_mode":true,"campfire_choices":[{"data":"Shrug It Off","floor":6.0,"key":"SMITH"},{"data":"Limit Break","floor":15.0,"key":"SMITH"},{"data":"Dropkick","floor":23.0,"key":"SMITH"},{"data":"Inflame","floor":25.0,"key":"SMITH"},{"floor":32.0,"key":"REST"}],"circlet_count":0,"master_deck":["Strike_R+1","Strike_R","Strike_R","Strike_R","Defend_R+1","Defend_R+1","Defend_R","Defend_R","Bash","Anger","Shockwave","Shrug It Off+1","Limit Break+1","Inflame+1","Rampage","Whirlwind+1","Berserk","Rupture","Dropkick+1","Heavy Blade+1","Hemokinesis"],"relics":["Cracked Core","infinitespire:Cubic Diamond","Pear","Juzu Bracelet","FaceOfCleric","PreservedInsect","Bag of Preparation","Ornamental Fan","Busted Crown","Whetstone","Toy Ornithopter","Mummified Hand"],"acts_visited":["Exordium","TheCity"],"potions_floor_usage":[33],"damage_taken":[{"damage":0.0,"enemies":"2 Louse","floor":1.0,"turns":3.0},{"damage":1.0,"enemies":"Jaw Worm","floor":3.0,"turns":3.0},{"damage":15.0,"enemies":"3 Sentries","floor":7.0,"turns":8.0},{"damage":0.0,"enemies":"Cultist","floor":8.0,"turns":2.0},{"damage":7.0,"enemies":"Gremlin Nob","floor":12.0,"turns":4.0},{"damage":10.0,"enemies":"3 Sentries","floor":13.0,"turns":5.0},{"damage":8.0,"enemies":"Red Slaver","floor":14.0,"turns":3.0},{"damage":22.0,"enemies":"Slime Boss","floor":16.0,"turns":7.0},{"damage":14.0,"enemies":"2 Thieves","floor":18.0,"turns":4.0},{"damage":12.0,"enemies":"Chosen","floor":19.0,"turns":5.0},{"damage":16.0,"enemies":"3 Cultists","floor":22.0,"turns":5.0},{"damage":12.0,"enemies":"Book of Stabbing","floor":24.0,"turns":5.0},{"damage":9.0,"enemies":"Shelled Parasite and Fungi","floor":27.0,"turns":3.0},{"damage":32.0,"enemies":"Snake Plant","floor":31.0,"turns":3.0},{"damage":66,"enemies":"Automaton","floor":33,"turns":6}],"seed_played":"-297499643244953403","potions_obtained":[{"floor":1.0,"key":"LiquidMemories"},{"floor":12.0,"key":"CultistPotion"},{"floor":13.0,"key":"Regen Potion"},{"floor":16.0,"key":"Dexterity Potion"},{"floor":18.0,"key":"Weak Potion"},{"floor":22.0,"key":"BlessingOfTheForge"},{"floor":27.0,"key":"Fire Potion"}],"is_trial":false,"path_per_floor":["M","?","M","?","?","R","E","M","T","?","$","E","?","M","R","B",null,"M","M","AVR","?","M","R","E","R","T","M","?","?","?","M","R","B"],"character_chosen":"IRONCLAD","items_purchased":["PreservedInsect"],"campfire_rested":1,"item_purchase_floors":[11],"current_hp_per_floor":[70,56,61,61,61,61,56,56,56,56,56,50,41,39,39,18,84,71,60,60,60,45,45,34,34,34,31,31,31,31,5,32,0,0],"gold":445,"neow_bonus":"","is_daily":false,"chose_seed":false,"campfire_upgraded":4,"win_rate":0.0,"timestamp":1612833825,"path_taken":["M","?","M","?","?","R","E","M","T","?","?","E","?","M","R","BOSS","M","M","AVR","?","M","R","E","R","T","M","?","?","?","M","R","BOSS"],"items_purchased_type":["Relic"],"build_version":"2020-12-22","purchased_purges":0,"victory":false,"max_hp_per_floor":[70,70,70,70,70,70,80,80,80,80,80,81,82,83,83,84,84,85,86,86,86,87,87,88,88,88,89,89,89,89,90,90,90,90],"card_choices":[{"not_picked":["Dual Wield","Heavy Blade"],"picked":"Shockwave","floor":1.0},{"not_picked":["Bloodletting","Flex"],"picked":"Shrug It Off","floor":3.0},{"not_picked":["Thunderclap","Heavy Blade","Anger"],"picked":"SKIP","floor":7.0},{"not_picked":["Headbutt","Thunderclap"],"picked":"Limit Break","floor":8.0},{"not_picked":["Searing Blow","Blood for Blood"],"picked":"Inflame","floor":12.0},{"not_picked":["Headbutt","Seeing Red"],"picked":"Rampage","floor":13.0},{"not_picked":["Flex","Havoc"],"picked":"Whirlwind","floor":14.0},{"not_picked":["Immolate","Brutality"],"picked":"Berserk","floor":16.0},{"not_picked":[],"picked":"Rupture","floor":18.0},{"not_picked":["True Grit"],"picked":"SKIP","floor":19.0},{"not_picked":[],"picked":"Dropkick","floor":22.0},{"not_picked":["Iron Wave"],"picked":"SKIP","floor":24.0},{"not_picked":[],"picked":"Heavy Blade","floor":27.0},{"not_picked":["Perfected Strike"],"picked":"SKIP","floor":31.0}],"player_experience":86634,"relics_obtained":[{"floor":7.0,"key":"Pear"},{"floor":9.0,"key":"Juzu Bracelet"},{"floor":12.0,"key":"Bag of Preparation"},{"floor":13.0,"key":"Ornamental Fan"},{"floor":24.0,"key":"Toy Ornithopter"},{"floor":26.0,"key":"Mummified Hand"}],"event_choices":[{"damage_healed":0.0,"max_hp_gain":0.0,"max_hp_loss":0.0,"gold_gain":0.0,"event_name":"Shining Light","player_choice":"Entered Light","floor":2.0,"gold_loss":0.0,"damage_taken":14.0,"cards_upgraded":["Defend_R","Defend_R"]},{"cards_removed":["Strike_R"],"damage_healed":0.0,"max_hp_gain":0.0,"max_hp_loss":0.0,"gold_gain":0.0,"event_name":"Purifier","player_choice":"Purged","floor":5.0,"gold_loss":0.0,"damage_taken":0.0},{"damage_healed":0.0,"max_hp_gain":0.0,"max_hp_loss":0.0,"gold_gain":0.0,"event_name":"FaceTrader","player_choice":"Trade","floor":10.0,"gold_loss":0.0,"damage_taken":0.0,"relics_obtained":["FaceOfCleric"]},{"damage_healed":0.0,"max_hp_gain":0.0,"max_hp_loss":0.0,"gold_gain":0.0,"event_name":"Dead Adventurer","player_choice":"Searched \u00271\u0027 times","floor":13.0,"gold_loss":0.0,"damage_taken":0.0},{"damage_healed":0.0,"max_hp_gain":0.0,"max_hp_loss":0.0,"gold_gain":100.0,"event_name":"Golden Shrine","player_choice":"Pray","floor":21.0,"gold_loss":0.0,"damage_taken":0.0},{"damage_healed":0.0,"max_hp_gain":0.0,"max_hp_loss":0.0,"gold_gain":0.0,"event_name":"Cursed Tome","player_choice":"Ignored","floor":28.0,"gold_loss":0.0,"damage_taken":0.0},{"damage_healed":0.0,"max_hp_gain":0.0,"max_hp_loss":0.0,"gold_gain":0.0,"event_name":"Upgrade Shrine","player_choice":"Upgraded","floor":29.0,"gold_loss":0.0,"damage_taken":0.0,"cards_upgraded":["Heavy Blade"]},{"damage_healed":0.0,"max_hp_gain":0.0,"max_hp_loss":0.0,"gold_gain":0.0,"event_name":"The Library","player_choice":"Read","floor":30.0,"gold_loss":0.0,"damage_taken":0.0,"cards_obtained":["Hemokinesis"]}],"is_beta":false,"boss_relics":[{"not_picked":["Velvet Choker","Coffee Dripper"],"picked":"Busted Crown"}],"items_purged_floors":[],"is_endless":false,"potions_floor_spawned":[1,12,13,16,18,22,27],"killed_by":"Automaton","ascension_level":2}}