{"host":"ormi09wwzv7sq47a","time":1612895587,"event":{"mods":["2.2 Compatiblity","AchievementEnabler","Act Like it!","BaseMod","Bestiary","Better Altar","Better Note","Better Sensory Stone","Better Silent Start","Better Skull","Better Third Choice","Better Vampires","BetterRewards","Block Reminder","Card Forge","Colored Map","Colored Powertips","Curses Come First","DeckTracker","Downfall","Highlight Path","Minty Spire (QoL Compilation)","Permanent Neow","Quick Restart","Rare Cards Sparkle","Relic Stats","Shop Mod","StSLib","The Jungle"],"gold_per_floor":[109,109,24,40,5,5,5,5,5,18,29,29,55,130,130,230,230,244,110,110,25,38,38,73,73,73,85,85,102,118,133,133,228,228,239,239,258,11,26,59,59,94,121,121,140,140,24,41,41,41,41,41,2,36,36,36,36],"floor_reached":55,"language":"ENG","playtime":4157,"items_purged":["Slimebound:Tackle","Slimebound:Strike_Slimebound"],"score":1080,"play_id":"8f070fc8-c644-420e-b87b-51c61a926466","local_time":"20210209163307","is_ascension_mode":true,"campfire_choices":[{"data":"Slimebound:LeechEnergy","floor":6.0,"key":"SMITH"},{"data":"Slimebound:HauntingLick","floor":8.0,"key":"SMITH"},{"data":"Slimebound:Split","floor":12.0,"key":"SMITH"},{"data":"Slimebound:SamplingLick","floor":15.0,"key":"SMITH"},{"data":"Slimebound:TongueLash","floor":23.0,"key":"SMITH"},{"data":"Slimebound:CorrosiveSpit","floor":25.0,"key":"SMITH"},{"data":"Slimebound:SlimeTap","floor":28.0,"key":"SMITH"},{"data":"Slimebound:Recollect","floor":32.0,"key":"SMITH"},{"data":"Slimebound:OozeBath","floor":44.0,"key":"SMITH"},{"floor":46.0,"key":"RECALL"},{"data":"Slimebound:GoopSpray","floor":49.0,"key":"SMITH"},{"data":"Slimebound:Schlurp","floor":52.0,"key":"SMITH"}],"circlet_count":0,"master_deck":["Slimebound:Strike_Slimebound","Slimebound:Defend_Slimebound","Slimebound:Defend_Slimebound","Slimebound:Defend_Slimebound","Slimebound:Defend_Slimebound","Slimebound:Split+1","Slimebound:CorrosiveSpit+1","Slimebound:SpikyOuterGoop+1","Slimebound:HauntingLick+1","Slimebound:Schlurp+1","Slimebound:SlimeTap+1","Slimebound:LeechingTouch","Slimebound:LeechEnergy+1","Slimebound:LeadByExample+1","Slimebound:SamplingLick+1","Slimebound:DuplicatedForm+1","Slimebound:TongueLash+1","Slimebound:FormOfPuddle+1","Slimebound:Gluttony+1","Slimebound:Recollect+1","Slimebound:SlimeSpikes+1","Slimebound:OozeBath+1","Slimebound:GoopSpray+1","Finesse","Slimebound:GoopSpray+1","Slimebound:FormOfPuddle+1","Slimebound:Prepare+1","Slimebound:RejuvenatingLick+1","Slimebound:ComboTackle+1"],"relics":["Slimebound:AbsorbEndCombatUpgraded","Hammer of Thor","Seething Fire","Anvil of the Gods","Frozen Egg 2","Gambling Chip","Sling","Nunchaku","hexamod:CandleOfCauterizing","Art of War","Vajra","bronze:DecasWashers","Sundial","Philosopher\u0027s Stone","Slimebound:MaxSlimesRelic","Slimebound:AggressiveSlimeRelic","The Courier","ClockworkSouvenir","Akabeko"],"acts_visited":["Exordium","TheCity","TheBeyond","TheEnding"],"potions_floor_usage":[55,55,55],"damage_taken":[{"damage":5.0,"enemies":"Jaw Worm","floor":1.0,"turns":4.0},{"damage":0.0,"enemies":"Cultist","floor":4.0,"turns":4.0},{"damage":5.0,"enemies":"Small Slimes","floor":10.0,"turns":4.0},{"damage":8.0,"enemies":"Exordium Wildlife","floor":11.0,"turns":4.0},{"damage":14.0,"enemies":"3 Sentries","floor":13.0,"turns":5.0},{"damage":10.0,"enemies":"Slime Boss","floor":16.0,"turns":7.0},{"damage":15.0,"enemies":"Chosen","floor":18.0,"turns":4.0},{"damage":16.0,"enemies":"2 Thieves","floor":22.0,"turns":4.0},{"damage":25.0,"enemies":"Slavers","floor":24.0,"turns":7.0},{"damage":6.0,"enemies":"Shelled Parasite and Fungi","floor":27.0,"turns":3.0},{"damage":17.0,"enemies":"3 Cultists","floor":29.0,"turns":4.0},{"damage":24.0,"enemies":"Centurion and Healer","floor":30.0,"turns":5.0},{"damage":15.0,"enemies":"Snecko","floor":31.0,"turns":4.0},{"damage":30.0,"enemies":"Automaton","floor":33.0,"turns":9.0},{"damage":16.0,"enemies":"3 Darklings","floor":35.0,"turns":5.0},{"damage":0.0,"enemies":"3 Shapes","floor":37.0,"turns":4.0},{"damage":0.0,"enemies":"Writhing Mass","floor":39.0,"turns":4.0},{"damage":22.0,"enemies":"Nemesis","floor":40.0,"turns":7.0},{"damage":15.0,"enemies":"Giant Head","floor":42.0,"turns":8.0},{"damage":15.0,"enemies":"Sphere and 2 Shapes","floor":45.0,"turns":5.0},{"damage":0.0,"enemies":"Jaw Worm Horde","floor":48.0,"turns":4.0},{"damage":1.0,"enemies":"Awakened One","floor":50.0,"turns":10.0},{"damage":12.0,"enemies":"Shield and Spear","floor":54.0,"turns":7.0},{"damage":71,"enemies":"The Heart","floor":55,"turns":8}],"seed_played":"-1478336014739304928","potions_obtained":[{"floor":11.0,"key":"Guardian:BlockOnCardUsePotion"},{"floor":13.0,"key":"Guardian:BlockOnCardUsePotion"},{"floor":16.0,"key":"Block Potion"},{"floor":27.0,"key":"bronze:BurnAndBuffPotion"},{"floor":30.0,"key":"hexamod:SoulburnPotion"},{"floor":31.0,"key":"hexamod:SoulburnPotion"},{"floor":37.0,"key":"DuplicationPotion"},{"floor":42.0,"key":"Slimebound:SlimedPotion"},{"floor":48.0,"key":"Slimebound:ThreeZeroPotion"},{"floor":54.0,"key":"bronze:BurnAndBuffPotion"}],"is_trial":false,"path_per_floor":["M","?","$","M","?","R","?","R","T","M","M","R","E","?","R","B",null,"M","$","?","?","M","R","E","R","T","M","R","M","M","M","R","B",null,"M","?","M","$","M","E","?","E","T","R","M","R","$","M","R","B",null,"R","$","E","B"],"character_chosen":"SLIMEBOUND","items_purchased":["Frozen Egg 2","Slimebound:SpikyOuterGoop+1","Slimebound:HauntingLick","Sling","Slimebound:SlimeTap","Slimebound:LeechingTouch","Slimebound:TongueLash","Slimebound:MaxSlimesRelic","ClockworkSouvenir","PowerPotion"],"campfire_rested":0,"item_purchase_floors":[0,0,0,0,3,3,19,38,47,53],"current_hp_per_floor":[41,41,41,47,63,63,60,60,60,61,61,61,55,55,55,53,62,65,65,65,65,58,58,40,40,40,46,46,59,65,65,65,65,65,64,64,65,65,65,52,52,65,65,65,65,65,65,65,65,65,65,65,65,54,0,0,0],"gold":36,"neow_bonus":"","is_daily":false,"chose_seed":false,"campfire_upgraded":11,"win_rate":0.0,"timestamp":1612895587,"path_taken":["M","?","?","?","?","R","?","R","T","M","M","R","E","?","R","BOSS","M","$","?","?","M","R","E","R","T","M","R","M","M","M","R","BOSS","M","?","M","$","M","E","?","E","T","R","M","R","$","M","R","BOSS","R","$","E","BOSS"],"items_purchased_type":["Relic","Card","Card","Relic","Card","Card","Card","Relic","Relic","Potion"],"build_version":"2020-12-22","purchased_purges":2,"victory":false,"max_hp_per_floor":[65,65,65,65,65,65,65,65,65,65,65,65,65,65,65,65,65,65,65,65,65,65,65,65,65,65,65,65,65,65,65,65,65,65,65,65,65,65,65,65,65,65,65,65,65,65,65,65,65,65,65,65,65,65,65,65,65],"relic_stats":{"Nunchaku":[18],"counters":[65,356],"Sundial":[22],"Gambling Chip":[51],"Art of War":[21],"obtain_stats":[{"Lantern":39,"SacredBark":17,"Enchiridion":22,"Vajra":21,"Hammer of Thor":0,"Incense Burner":24,"Bag of Preparation":46,"Ginger":48,"Boot":23,"Sling":0,"ClockworkSouvenir":10,"Centennial Puzzle":54,"Nunchaku":7,"Shovel":0,"Slimebound:MaxSlimesRelic":38,"Slimebound:StickyStick":28,"Sundial":26,"Gambling Chip":0,"Philosopher\u0027s Stone":34,"Red Mask":21,"Guardian:BottledAnomaly":30,"Toxic Egg 2":12,"Slimebound:AggressiveSlimeRelic":23,"Lee\u0027s Waffle":0,"hexamod:CandleOfCauterizing":9,"Pear":41,"Happy Flower":0,"bronze:DecasWashers":24,"The Courier":42,"Seething Fire":0,"Frozen Egg 2":0,"Question Card":9,"Akabeko":26,"Anvil of the Gods":0,"Molten Egg 2":9,"Turnip":0,"Slimebound:AbsorbEndCombat":0,"Black Star":17,"Art of War":13,"Slimebound:AbsorbEndCombatUpgraded":17,"Slimebound:SlimedTailRelic":0,"bronze:MakeshiftBattery":34,"Toy Ornithopter":26},{"Lantern":18,"SacredBark":8,"Enchiridion":11,"Vajra":48,"Hammer of Thor":0,"Incense Burner":12,"Bag of Preparation":22,"Ginger":23,"Boot":37,"Sling":41,"ClockworkSouvenir":5,"Centennial Puzzle":25,"Nunchaku":43,"Shovel":26,"Slimebound:MaxSlimesRelic":57,"Slimebound:StickyStick":13,"Sundial":50,"Gambling Chip":41,"Philosopher\u0027s Stone":55,"Red Mask":11,"Guardian:BottledAnomaly":14,"Toxic Egg 2":32,"Slimebound:AggressiveSlimeRelic":37,"Lee\u0027s Waffle":26,"hexamod:CandleOfCauterizing":43,"Pear":19,"Happy Flower":0,"bronze:DecasWashers":50,"The Courier":60,"Seething Fire":0,"Frozen Egg 2":41,"Question Card":30,"Akabeko":12,"Anvil of the Gods":0,"Molten Egg 2":5,"Turnip":26,"Slimebound:AbsorbEndCombat":0,"Black Star":35,"Art of War":46,"Slimebound:AbsorbEndCombatUpgraded":47,"Slimebound:SlimedTailRelic":0,"bronze:MakeshiftBattery":16,"Toy Ornithopter":38},{"Lantern":94,"SacredBark":40,"Enchiridion":52,"Vajra":259,"Hammer of Thor":0,"Incense Burner":61,"Bag of Preparation":118,"Ginger":122,"Boot":207,"Sling":227,"ClockworkSouvenir":20,"Centennial Puzzle":136,"Nunchaku":235,"Shovel":147,"Slimebound:MaxSlimesRelic":303,"Slimebound:StickyStick":66,"Sundial":269,"Gambling Chip":227,"Philosopher\u0027s Stone":294,"Red Mask":52,"Guardian:BottledAnomaly":72,"Toxic Egg 2":177,"Slimebound:AggressiveSlimeRelic":207,"Lee\u0027s Waffle":147,"hexamod:CandleOfCauterizing":235,"Pear":101,"Happy Flower":0,"bronze:DecasWashers":269,"The Courier":322,"Seething Fire":0,"Frozen Egg 2":227,"Question Card":165,"Akabeko":61,"Anvil of the Gods":0,"Molten Egg 2":20,"Turnip":147,"Slimebound:AbsorbEndCombat":0,"Black Star":196,"Art of War":248,"Slimebound:AbsorbEndCombatUpgraded":255,"Slimebound:SlimedTailRelic":0,"bronze:MakeshiftBattery":87,"Toy Ornithopter":211}]},"card_choices":[{"not_picked":["Slimebound:ItLooksTasty","Slimebound:FinishingTackle"],"picked":"Slimebound:Schlurp","floor":1.0},{"not_picked":["Slimebound:ComboTackle","Slimebound:SplitBruiser"],"picked":"Slimebound:LeechEnergy","floor":4.0},{"not_picked":["Slimebound:SplitMire","Slimebound:SplitAcid","Slimebound:SplitLeeching"],"picked":"SKIP","floor":10.0},{"not_picked":["Slimebound:SlimeTap","Slimebound:RollThrough"],"picked":"Slimebound:LeadByExample+1","floor":11.0},{"not_picked":["Slimebound:DivideAndConquer","Slimebound:SplitAcid"],"picked":"Slimebound:SamplingLick","floor":13.0},{"not_picked":["Slimebound:Overexert+1","Slimebound:CheckThePlaybook"],"picked":"Slimebound:DuplicatedForm+1","floor":16.0},{"not_picked":["Slimebound:FlameTackle","Slimebound:ItLooksTasty+1","Slimebound:BestDefense+1"],"picked":"SKIP","floor":18.0},{"not_picked":["Slimebound:Replication+1","Slimebound:GoopTackle+1","Slimebound:ComboTackle"],"picked":"SKIP","floor":22.0},{"not_picked":["Slimebound:Prepare","Slimebound:SlimeTap+1"],"picked":"Slimebound:Gluttony+1","floor":24.0},{"not_picked":["Slimebound:DisruptingSlam+1","Slimebound:Repurpose","Slimebound:Replication"],"picked":"SKIP","floor":27.0},{"not_picked":["Slimebound:DouseInSlime","Slimebound:Equalize"],"picked":"Slimebound:Recollect","floor":29.0},{"not_picked":["Slimebound:Chomp","Slimebound:GoopTackle","Slimebound:RollThrough+1"],"picked":"SKIP","floor":30.0},{"not_picked":["Slimebound:PressTheAttack","Slimebound:Prepare+1"],"picked":"Slimebound:SlimeSpikes+1","floor":31.0},{"not_picked":["Slimebound:MinionMaster+1","Slimebound:SelfFormingGoo+1"],"picked":"Slimebound:OozeBath","floor":33.0},{"not_picked":["Slimebound:ForwardTackle+1","Slimebound:Replication"],"picked":"Slimebound:GoopSpray","floor":35.0},{"not_picked":["Purity","Deep Breath"],"picked":"Dramatic Entrance","floor":36.0},{"not_picked":["Purity","Enlightenment"],"picked":"Finesse","floor":36.0},{"not_picked":["Slimebound:SplitAcid","Slimebound:BestDefense+1"],"picked":"Slimebound:GoopSpray+1","floor":37.0},{"not_picked":["Slimebound:ForwardTackle","Slimebound:GoopTackle+1"],"picked":"Slimebound:FormOfPuddle+1","floor":39.0},{"not_picked":["Slimebound:DisruptingSlam+1","Slimebound:RollThrough+1","Slimebound:SplitAcid"],"picked":"SKIP","floor":40.0},{"not_picked":["Slimebound:LivingWall","Slimebound:Gluttony+1"],"picked":"Slimebound:Prepare+1","floor":42.0},{"not_picked":["Slimebound:ComboTackle","Slimebound:SplitMire"],"picked":"Slimebound:RejuvenatingLick+1","floor":45.0},{"not_picked":["Slimebound:SpikyOuterGoop+1","Slimebound:Nibble","Slimebound:MinionMaster+1"],"picked":"SKIP","floor":48.0},{"not_picked":["Slimebound:SplitAcid","Slimebound:SplitLeeching+1"],"picked":"Slimebound:ComboTackle+1","floor":54.0}],"player_experience":1041250,"relics_obtained":[{"floor":9.0,"key":"hexamod:CandleOfCauterizing"},{"floor":13.0,"key":"Art of War"},{"floor":24.0,"key":"bronze:DecasWashers"},{"floor":26.0,"key":"Sundial"},{"floor":40.0,"key":"Slimebound:AggressiveSlimeRelic"},{"floor":42.0,"key":"The Courier"},{"floor":54.0,"key":"Akabeko"}],"event_choices":[{"cards_removed":["Slimebound:Strike_Slimebound"],"damage_healed":0.0,"max_hp_gain":0.0,"max_hp_loss":0.0,"gold_gain":0.0,"event_name":"Bonfire Elementals","player_choice":"Offered Basic","floor":2.0,"gold_loss":0.0,"damage_taken":0.0},{"damage_healed":16.0,"max_hp_gain":0.0,"max_hp_loss":0.0,"gold_gain":0.0,"event_name":"The Cleric","player_choice":"Healed","floor":5.0,"gold_loss":35.0,"damage_taken":0.0},{"damage_healed":0.0,"max_hp_gain":0.0,"max_hp_loss":0.0,"gold_gain":0.0,"event_name":"Scrap Ooze","player_choice":"Success","floor":7.0,"gold_loss":0.0,"damage_taken":3.0,"relics_obtained":["Nunchaku"]},{"cards_removed":["Slimebound:DuplicatedForm"],"damage_healed":0.0,"max_hp_gain":0.0,"max_hp_loss":0.0,"gold_gain":0.0,"event_name":"betterNote:BetterNote","player_choice":"Take \u0026 Give","floor":20.0,"gold_loss":0.0,"damage_taken":0.0,"cards_obtained":["Slimebound:FormOfPuddle"]},{"damage_healed":0.0,"max_hp_gain":0.0,"max_hp_loss":0.0,"gold_gain":0.0,"event_name":"Addict","player_choice":"Obtained Relic","floor":21.0,"gold_loss":85.0,"damage_taken":0.0,"relics_obtained":["Vajra"]},{"damage_healed":0.0,"max_hp_gain":0.0,"max_hp_loss":0.0,"gold_gain":3.0,"event_name":"betterStone:BetterStone","player_choice":"1","floor":36.0,"gold_loss":0.0,"damage_taken":0.0},{"cards_removed":["Dramatic Entrance"],"damage_healed":0.0,"max_hp_gain":0.0,"max_hp_loss":0.0,"gold_gain":0.0,"event_name":"Falling","player_choice":"Removed Attack","floor":41.0,"gold_loss":0.0,"damage_taken":0.0}],"is_beta":false,"boss_relics":[{"not_picked":["Velvet Choker","Snecko Eye"],"picked":"Slimebound:AbsorbEndCombatUpgraded"},{"not_picked":["Tiny House","sneckomod:SneckoTalon"],"picked":"Philosopher\u0027s Stone"}],"items_purged_floors":[0,19],"is_endless":false,"potions_floor_spawned":[11,13,16,27,30,31,37,42,48,54],"killed_by":"The Heart","ascension_level":9}}