{"host":"prxrhpgaxnj4om9r","time":1612876479,"event":{"mods":["AchievementEnabler","BaseMod","DeckTracker","Keyboard Shortcuts","Minty Spire (QoL Compilation)"],"gold_per_floor":[109,126,126,139,139,170,182,204,204,60,95,21,21,36,36,135,135,151,151,161,161,161],"floor_reached":21,"language":"KOR","playtime":1019,"items_purged":[],"score":189,"play_id":"d868606b-2982-41fb-b50c-ff47c894c1bf","local_time":"20210209221439","is_ascension_mode":false,"campfire_choices":[{"data":"Zap","floor":13,"key":"SMITH"},{"floor":15,"key":"REST"}],"circlet_count":0,"master_deck":["Strike_B","Strike_B","Strike_B","Strike_B","Defend_B","Defend_B","Defend_B","Defend_B","Zap+1","Dualcast","Sweeping Beam","White Noise+1","Coolheaded","Leap","Hyperbeam","BootSequence","Reinforced Body+1","Genetic Algorithm+1","Melter","Buffer","Scrape+1","Stack+1"],"relics":["Cracked Core","Symbiotic Virus","Odd Mushroom","Toxic Egg 2","TheAbacus","Blue Candle","Black Star","Nilry\u0027s Codex"],"acts_visited":["Exordium","TheCity"],"potions_floor_usage":[6,7,11,11,18,21],"damage_taken":[{"damage":2,"enemies":"2 Louse","floor":1,"turns":4},{"damage":1,"enemies":"Cultist","floor":2,"turns":3},{"damage":0,"enemies":"Small Slimes","floor":4,"turns":3},{"damage":21,"enemies":"Lagavulin","floor":6,"turns":8},{"damage":0,"enemies":"2 Fungi Beasts","floor":7,"turns":2},{"damage":3,"enemies":"The Mushroom Lair","floor":8,"turns":3},{"damage":13,"enemies":"Gremlin Nob","floor":11,"turns":4},{"damage":22,"enemies":"Exordium Wildlife","floor":14,"turns":6},{"damage":23,"enemies":"Slime Boss","floor":16,"turns":7},{"damage":18,"enemies":"3 Byrds","floor":18,"turns":4},{"damage":27,"enemies":"2 Thieves","floor":20,"turns":4},{"damage":22,"enemies":"Masked Bandits","floor":21,"turns":3}],"seed_played":"-7899546676278177181","potions_obtained":[{"floor":0,"key":"GamblersBrew"},{"floor":0,"key":"SneckoOil"},{"floor":0,"key":"DistilledChaos"},{"floor":2,"key":"Regen Potion"},{"floor":6,"key":"FearPotion"},{"floor":11,"key":"Swift Potion"},{"floor":16,"key":"BlessingOfTheForge"}],"is_trial":false,"path_per_floor":["M","M","?","M","?","E","M","?","T","$","E","$","R","M","R","B",null,"M","?","M","?"],"character_chosen":"DEFECT","items_purchased":["TheAbacus","Genetic Algorithm+1"],"campfire_rested":1,"item_purchase_floors":[10,12],"current_hp_per_floor":[73,72,72,72,72,51,51,48,48,48,47,47,47,25,47,24,75,57,41,14,0,0],"gold":161,"neow_bonus":"THREE_SMALL_POTIONS","is_daily":false,"chose_seed":false,"campfire_upgraded":1,"win_rate":0.0,"timestamp":1612876479,"path_taken":["M","M","?","?","?","E","?","?","T","$","E","?","R","M","R","BOSS","M","?","M","?"],"items_purchased_type":["Relic","Card"],"build_version":"2020-12-22","purchased_purges":0,"victory":false,"max_hp_per_floor":[75,75,75,75,75,75,75,75,75,75,75,75,75,75,75,75,75,75,75,75,75,75],"card_choices":[{"not_picked":["Redo","Leap"],"picked":"Sweeping Beam","floor":1},{"not_picked":["Steam Power","Conserve Battery"],"picked":"White Noise","floor":2},{"not_picked":["Reprogram","Streamline"],"picked":"Coolheaded","floor":4},{"not_picked":["Redo","Reinforced Body"],"picked":"Leap","floor":6},{"not_picked":["Sweeping Beam","Sunder"],"picked":"Hyperbeam","floor":7},{"not_picked":["Redo","Hello World"],"picked":"BootSequence","floor":8},{"not_picked":["Sunder","Multi-Cast+1"],"picked":"Reinforced Body+1","floor":11},{"not_picked":["Sweeping Beam","Go for the Eyes"],"picked":"Melter","floor":14},{"not_picked":["Biased Cognition","Echo Form"],"picked":"Buffer","floor":16},{"not_picked":["Go for the Eyes","Turbo+1"],"picked":"Scrape+1","floor":18},{"not_picked":["Steam+1","Compile Driver"],"picked":"Stack+1","floor":20}],"player_experience":341893,"relics_obtained":[{"floor":6,"key":"Symbiotic Virus"},{"floor":8,"key":"Odd Mushroom"},{"floor":9,"key":"Toxic Egg 2"},{"floor":11,"key":"Blue Candle"},{"floor":19,"key":"Nilry\u0027s Codex"}],"event_choices":[{"damage_healed":0,"gold_gain":0,"player_choice":"Ignored","damage_taken":0,"max_hp_gain":0,"max_hp_loss":0,"event_name":"NoteForYourself","floor":3,"gold_loss":0},{"damage_healed":0,"gold_gain":0,"player_choice":"Upgraded","damage_taken":0,"max_hp_gain":0,"max_hp_loss":0,"event_name":"Upgrade Shrine","floor":5,"gold_loss":0,"cards_upgraded":["White Noise"]},{"damage_healed":0,"gold_gain":0,"player_choice":"Fought Mushrooms","damage_taken":0,"max_hp_gain":0,"max_hp_loss":0,"event_name":"Mushrooms","floor":8,"gold_loss":0},{"damage_healed":0,"gold_gain":0,"player_choice":"Obtained Book","damage_taken":16,"max_hp_gain":0,"max_hp_loss":0,"event_name":"Cursed Tome","floor":19,"gold_loss":0},{"damage_healed":0,"gold_gain":0,"player_choice":"Fought Bandits","damage_taken":0,"max_hp_gain":0,"max_hp_loss":0,"event_name":"Masked Bandits","floor":21,"gold_loss":0}],"is_beta":false,"boss_relics":[{"not_picked":["Runic Pyramid","SacredBark"],"picked":"Black Star"}],"items_purged_floors":[],"is_endless":false,"potions_floor_spawned":[2,6,11,16],"killed_by":"Masked Bandits","ascension_level":0}}