{"host":"oehe2dxjvdgux73m","time":1612876079,"event":{"mods":["AchievementEnabler","BaseMod","Colored Map","Colored Powertips","DeckTracker","Keyboard Shortcuts","Minty Spire (QoL Compilation)","Permanent Neow","Quick Restart","StSLib","SuperFastMode"],"gold_per_floor":[118,134,134,148,160,160,160,160,160,160,12,31,31,45,45,122,122,133,133,149,164,164,164,197,52,133,161,161,171,171,188,188,188,188],"floor_reached":33,"language":"KOR","playtime":842,"items_purged":["Strike_G+1"],"score":604,"play_id":"2ed78ef5-e49f-4bad-bd1a-499d9041f99a","local_time":"20210209220759","is_ascension_mode":true,"campfire_choices":[{"data":"1","floor":6.0,"key":"LIFT"},{"data":"2","floor":8.0,"key":"LIFT"},{"data":"3","floor":15.0,"key":"LIFT"},{"data":"Storm of Steel","floor":23.0,"key":"SMITH"},{"data":"Accuracy","floor":30.0,"key":"SMITH"},{"data":"Leg Sweep","floor":32.0,"key":"SMITH"}],"circlet_count":0,"master_deck":["AscendersBane","Strike_G+1","Strike_G+1","Defend_G+1","Defend_G+1","Defend_G+1","Defend_G+1","Defend_G+1","Survivor","Neutralize","Backflip","Flechettes","Poisoned Stab","Masterful Stab","Crippling Poison","Deadly Poison","Storm of Steel+1","CurseOfTheBell","Acrobatics","Backflip","Blade Dance","Accuracy+1","Skewer","Blade Dance+1","Leg Sweep+1"],"relics":["Ring of the Snake","Girya","Blue Candle","The Courier","Sling","Calling Bell","Lantern","Mercury Hourglass","CaptainsWheel","TungstenRod","Smiling Mask","Bottled Tornado","Bottled Lightning","MutagenicStrength"],"acts_visited":["Exordium","TheCity"],"potions_floor_usage":[33,33],"damage_taken":[{"damage":3.0,"enemies":"2 Louse","floor":1.0,"turns":5.0},{"damage":5.0,"enemies":"Small Slimes","floor":2.0,"turns":5.0},{"damage":2.0,"enemies":"Jaw Worm","floor":4.0,"turns":5.0},{"damage":5.0,"enemies":"2 Fungi Beasts","floor":5.0,"turns":4.0},{"damage":7.0,"enemies":"Large Slime","floor":12.0,"turns":4.0},{"damage":0.0,"enemies":"Red Slaver","floor":14.0,"turns":2.0},{"damage":7.0,"enemies":"Hexaghost","floor":16.0,"turns":6.0},{"damage":11.0,"enemies":"Spheric Guardian","floor":18.0,"turns":3.0},{"damage":0.0,"enemies":"3 Byrds","floor":20.0,"turns":3.0},{"damage":5.0,"enemies":"Snake Plant","floor":21.0,"turns":4.0},{"damage":4.0,"enemies":"Book of Stabbing","floor":24.0,"turns":5.0},{"damage":0.0,"enemies":"Gremlin Leader","floor":27.0,"turns":5.0},{"damage":0.0,"enemies":"Centurion and Healer","floor":29.0,"turns":3.0},{"damage":3.0,"enemies":"Shelled Parasite and Fungi","floor":31.0,"turns":3.0},{"damage":39,"enemies":"Champ","floor":33,"turns":6}],"seed_played":"-6378241813128651936","potions_obtained":[{"floor":1.0,"key":"ColorlessPotion"},{"floor":2.0,"key":"Regen Potion"},{"floor":14.0,"key":"AttackPotion"},{"floor":16.0,"key":"Explosive Potion"},{"floor":20.0,"key":"Block Potion"},{"floor":24.0,"key":"FearPotion"},{"floor":31.0,"key":"AttackPotion"}],"is_trial":false,"path_per_floor":["M","M","?","M","M","R","?","R","T","?","$","M","?","M","R","B",null,"M","?","M","M","?","R","E","$","T","E","?","M","R","M","R","B"],"character_chosen":"THE_SILENT","items_purchased":["Sling","Poisoned Stab","Accuracy","Skewer"],"campfire_rested":0,"item_purchase_floors":[11,11,25,25],"current_hp_per_floor":[56,51,44,42,37,37,26,26,26,26,26,31,31,31,31,24,51,40,40,40,35,35,35,31,31,31,31,31,31,31,28,28,0,0],"gold":188,"neow_bonus":"ONE_RARE_RELIC","is_daily":false,"chose_seed":false,"campfire_upgraded":3,"win_rate":0.0,"timestamp":1612876079,"path_taken":["M","M","?","M","M","R","?","R","T","?","?","M","?","M","R","BOSS","M","?","M","?","?","R","E","$","T","E","?","M","R","M","R","BOSS"],"items_purchased_type":["Relic","Card","Card","Card"],"build_version":"2020-12-22","purchased_purges":1,"victory":false,"max_hp_per_floor":[60,60,60,60,60,60,60,60,60,60,60,60,60,60,60,60,60,60,60,60,60,60,60,60,60,60,60,60,60,60,60,60,60,60],"card_choices":[{"not_picked":["Caltrops","Prepared"],"picked":"Backflip","floor":1.0},{"not_picked":["Terror","Dagger Throw"],"picked":"Flechettes","floor":2.0},{"not_picked":["Endless Agony","Dodge and Roll"],"picked":"Poisoned Stab","floor":4.0},{"not_picked":["Underhanded Strike","Flying Knee"],"picked":"Masterful Stab","floor":5.0},{"not_picked":["Flying Knee","Well Laid Plans"],"picked":"Crippling Poison","floor":12.0},{"not_picked":["Deflect","Expertise"],"picked":"Deadly Poison","floor":14.0},{"not_picked":["Envenom","Tools of the Trade"],"picked":"Storm of Steel","floor":16.0},{"not_picked":["Reflex","Prepared"],"picked":"Acrobatics","floor":18.0},{"not_picked":["Deadly Poison","Poisoned Stab","Prepared"],"picked":"SKIP","floor":20.0},{"not_picked":["Calculated Gamble","Underhanded Strike+1"],"picked":"Backflip","floor":21.0},{"not_picked":["Poisoned Stab","Slice"],"picked":"Blade Dance","floor":24.0},{"not_picked":["Escape Plan","Blade Dance+1","All Out Attack"],"picked":"SKIP","floor":27.0},{"not_picked":["Escape Plan","All Out Attack"],"picked":"Blade Dance+1","floor":27.0},{"not_picked":["Dagger Spray","All Out Attack","Caltrops"],"picked":"SKIP","floor":29.0},{"not_picked":["Dagger Spray","All Out Attack","Caltrops"],"picked":"SKIP","floor":29.0},{"not_picked":["Finisher","Bane"],"picked":"Leg Sweep","floor":31.0}],"player_experience":431483,"relics_obtained":[{"floor":9.0,"key":"The Courier"},{"floor":17.0,"key":"Lantern"},{"floor":17.0,"key":"Mercury Hourglass"},{"floor":17.0,"key":"CaptainsWheel"},{"floor":24.0,"key":"Smiling Mask"},{"floor":26.0,"key":"Bottled Tornado"},{"floor":27.0,"key":"Bottled Lightning"}],"event_choices":[{"cards_removed":["Strike_G"],"damage_healed":0.0,"max_hp_gain":0.0,"max_hp_loss":0.0,"gold_gain":0.0,"event_name":"Golden Wing","player_choice":"Card Removal","floor":3.0,"gold_loss":0.0,"damage_taken":7.0},{"damage_healed":0.0,"max_hp_gain":0.0,"max_hp_loss":0.0,"gold_gain":0.0,"event_name":"Scrap Ooze","player_choice":"Success","floor":7.0,"gold_loss":0.0,"damage_taken":11.0,"relics_obtained":["Blue Candle"]},{"damage_healed":0.0,"max_hp_gain":0.0,"max_hp_loss":0.0,"gold_gain":0.0,"event_name":"Shining Light","player_choice":"Ignored","floor":10.0,"gold_loss":0.0,"damage_taken":0.0},{"cards_removed":["Strike_G"],"damage_healed":0.0,"max_hp_gain":0.0,"max_hp_loss":0.0,"gold_gain":0.0,"event_name":"Living Wall","player_choice":"Forget","floor":13.0,"gold_loss":0.0,"damage_taken":0.0},{"cards_removed":["Poisoned Stab"],"damage_healed":0.0,"max_hp_gain":0.0,"max_hp_loss":0.0,"gold_gain":0.0,"event_name":"WeMeetAgain","player_choice":"Gave Card","floor":19.0,"gold_loss":0.0,"damage_taken":0.0,"relics_obtained":["TungstenRod"]},{"damage_healed":0.0,"max_hp_gain":0.0,"max_hp_loss":0.0,"gold_gain":0.0,"event_name":"Back to Basics","player_choice":"Simplicity","floor":22.0,"gold_loss":0.0,"damage_taken":0.0,"cards_upgraded":["Strike_G","Strike_G","Strike_G","Defend_G","Defend_G","Defend_G","Defend_G","Defend_G"]},{"damage_healed":0.0,"max_hp_gain":0.0,"max_hp_loss":0.0,"gold_gain":0.0,"event_name":"Drug Dealer","player_choice":"Inject Mutagens","floor":28.0,"gold_loss":0.0,"damage_taken":0.0,"relics_obtained":["MutagenicStrength"]}],"is_beta":false,"boss_relics":[{"not_picked":["Ectoplasm","Runic Dome"],"picked":"Calling Bell"}],"items_purged_floors":[25],"is_endless":false,"potions_floor_spawned":[1,2,14,16,20,24,31],"killed_by":"Champ","ascension_level":20}}