{"host":"tml1x4ylw9tadh99","time":1612891299,"event":{"mods":["AchievementEnabler","Act Like it!","BaseMod","Bestiary","Colored Map","Colored Powertips","DeckTracker","Friendly Minions","GifTheSpireLib","Minty Spire (QoL Compilation)","Quick Restart","Random Character Button","Random Character Mod","Relic Stats","StSLib","Synergy Search"],"gold_per_floor":[115,128,78,78,89,121,46,80,80,80,80,98,110,110,110,205,205,222,122,37,53,65,65,65,65,65,91,105,105,105],"floor_reached":29,"language":"ENG","playtime":2019,"items_purged":["Strike_G","Strike_G"],"score":255,"play_id":"bb175938-f4e4-4a76-8fe8-47ba38d65a48","local_time":"20210209182139","is_ascension_mode":false,"campfire_choices":[{"floor":10,"key":"REST"},{"floor":15,"key":"REST"},{"floor":23,"key":"REST"}],"circlet_count":0,"master_deck":["Strike_G","Strike_G+1","Defend_G","Defend_G","Defend_G","Defend_G","Defend_G","Neutralize","Noxious Fumes+1","Slice","Slice","Bane+1","Bane+1","Noxious Fumes","Envenom","Bane+1","Footwork","Blade Dance"],"relics":["Fusion Hammer","Strawberry","Molten Egg 2","Gremlin Horn","Bag of Preparation","WristBlade","Lantern","Incense Burner","StoneCalendar","Question Card"],"acts_visited":["Exordium","TheCity"],"potions_floor_usage":[8,16,16,25,28],"damage_taken":[{"damage":0,"enemies":"Cultist","floor":1,"turns":4},{"damage":0,"enemies":"2 Louse","floor":2,"turns":3},{"damage":1,"enemies":"Small Slimes","floor":5,"turns":4},{"damage":8,"enemies":"3 Sentries","floor":6,"turns":9},{"damage":30,"enemies":"Gremlin Nob","floor":8,"turns":5},{"damage":2,"enemies":"Looter","floor":12,"turns":3},{"damage":8,"enemies":"3 Louse","floor":13,"turns":3},{"damage":21,"enemies":"Slime Boss","floor":16,"turns":7},{"damage":11,"enemies":"Spheric Guardian","floor":18,"turns":4},{"damage":1,"enemies":"Chosen","floor":21,"turns":3},{"damage":23,"enemies":"Sentry and Sphere","floor":22,"turns":5},{"damage":25,"enemies":"Snecko","floor":25,"turns":4},{"damage":23,"enemies":"Book of Stabbing","floor":27,"turns":5},{"damage":16,"enemies":"Snake Plant","floor":28,"turns":3},{"damage":2,"enemies":"Centurion and Healer","floor":29,"turns":1}],"seed_played":"1416417533993764379","potions_obtained":[{"floor":1,"key":"SneckoOil"},{"floor":2,"key":"FearPotion"},{"floor":6,"key":"SkillPotion"},{"floor":12,"key":"Dexterity Potion"},{"floor":22,"key":"SmokeBomb"}],"is_trial":false,"path_per_floor":["M","M","?","?","M","E","$","E","T","R","?","M","M","?","R","B",null,"M","$","?","M","M","R","T","M","T","E","M","M"],"character_chosen":"THE_SILENT","items_purchased":[],"campfire_rested":3,"item_purchase_floors":[],"current_hp_per_floor":[70,70,70,74,73,65,65,35,35,58,58,56,48,33,56,35,77,66,66,66,65,42,65,65,40,40,17,1,0,0],"gold":105,"neow_bonus":"BOSS_RELIC","is_daily":false,"chose_seed":false,"campfire_upgraded":0,"win_rate":0.0,"timestamp":1612891299,"path_taken":["M","M","?","?","M","E","$","E","T","R","?","?","M","?","R","BOSS","M","$","?","M","M","R","?","M","T","E","M","M"],"items_purchased_type":[],"build_version":"2020-12-22","purchased_purges":2,"victory":false,"max_hp_per_floor":[70,70,70,77,77,77,77,77,77,77,77,77,77,77,77,77,77,77,77,77,77,77,77,77,77,77,77,77,77,77],"relic_stats":{"Gremlin Horn":[6,6],"counters":[15,63],"StoneCalendar":[0],"Bag of Preparation":[20],"Question Card":1,"obtain_stats":[{"Lantern":20,"Gremlin Horn":8,"WristBlade":17,"Strawberry":4,"Molten Egg 2":6,"StoneCalendar":26,"Fusion Hammer":0,"Bag of Preparation":9,"Incense Burner":24,"Question Card":27,"Ring of the Snake":0},{"Lantern":9,"Gremlin Horn":5,"WristBlade":8,"Strawberry":2,"Molten Egg 2":4,"StoneCalendar":12,"Fusion Hammer":0,"Bag of Preparation":5,"Incense Burner":11,"Question Card":13,"Ring of the Snake":0},{"Lantern":42,"Gremlin Horn":25,"WristBlade":38,"Strawberry":7,"Molten Egg 2":20,"StoneCalendar":54,"Fusion Hammer":0,"Bag of Preparation":25,"Incense Burner":50,"Question Card":59,"Ring of the Snake":0}]},"card_choices":[{"not_picked":["Predator","PiercingWail"],"picked":"Noxious Fumes","floor":1},{"not_picked":["Prepared","Quick Slash"],"picked":"Slice","floor":2},{"not_picked":["Bane","PiercingWail"],"picked":"Slice","floor":5},{"not_picked":["Quick Slash+1","Backflip","Wraith Form v2"],"picked":"SKIP","floor":6},{"not_picked":["Sucker Punch+1","Skewer+1"],"picked":"Bane+1","floor":8},{"not_picked":["Calculated Gamble","Backflip"],"picked":"Bane+1","floor":12},{"not_picked":["Poisoned Stab+1","Bane+1"],"picked":"Noxious Fumes","floor":13},{"not_picked":["Night Terror","Corpse Explosion"],"picked":"Envenom","floor":16},{"not_picked":["Blur","Deflect"],"picked":"Bane+1","floor":18},{"not_picked":["Caltrops","Distraction+1","Underhanded Strike+1"],"picked":"SKIP","floor":21},{"not_picked":["Dagger Throw+1","Bane+1","Sucker Punch+1"],"picked":"SKIP","floor":22},{"not_picked":["Outmaneuver","Envenom"],"picked":"Footwork","floor":27},{"not_picked":["Outmaneuver+1","Backflip","Endless Agony+1"],"picked":"Blade Dance","floor":28}],"player_experience":39550,"relics_obtained":[{"floor":6,"key":"Molten Egg 2"},{"floor":8,"key":"Gremlin Horn"},{"floor":9,"key":"Bag of Preparation"},{"floor":24,"key":"Incense Burner"},{"floor":26,"key":"StoneCalendar"},{"floor":27,"key":"Question Card"}],"event_choices":[{"cards_removed":["Strike_G"],"damage_healed":0,"gold_gain":0,"player_choice":"Card Removal","damage_taken":0,"max_hp_gain":0,"max_hp_loss":0,"event_name":"The Cleric","floor":3,"gold_loss":50},{"damage_healed":0,"gold_gain":0,"player_choice":"Success","damage_taken":3,"relics_obtained":["Strawberry"],"max_hp_gain":0,"max_hp_loss":0,"event_name":"Scrap Ooze","floor":4,"gold_loss":0},{"cards_removed":["Survivor"],"damage_healed":0,"gold_gain":0,"player_choice":"Offered Basic","damage_taken":0,"max_hp_gain":0,"max_hp_loss":0,"event_name":"Bonfire Elementals","floor":11,"gold_loss":0},{"damage_healed":0,"gold_gain":0,"player_choice":"Entered Light","damage_taken":15,"max_hp_gain":0,"max_hp_loss":0,"event_name":"Shining Light","floor":14,"gold_loss":0,"cards_upgraded":["Noxious Fumes","Strike_G"]},{"damage_healed":0,"gold_gain":0,"player_choice":"Obtained Relic","damage_taken":0,"relics_obtained":["Lantern"],"max_hp_gain":0,"max_hp_loss":0,"event_name":"Addict","floor":20,"gold_loss":85}],"is_beta":false,"boss_relics":[{"not_picked":["Snecko Eye","Tiny House"],"picked":"WristBlade"}],"items_purged_floors":[7,19],"is_endless":false,"potions_floor_spawned":[1,2,6,12,13,22,25],"killed_by":"Centurion and Healer","ascension_level":0}}