{"host":"uv5ws9rdk87e8i5k","time":1612833198,"event":{"mods":["AchievementEnabler","BaseMod","Colored Map","Minty Spire (QoL Compilation)","Permanent Neow","Quick Restart","StSLib","SuperFastMode","The Necromancer"],"gold_per_floor":[114,131,151,165,178,206,206,206,206,233,251,266,295,295,295,398,398,414,414,434,451,465,465,465],"floor_reached":23,"language":"ENG","playtime":560,"items_purged":[],"score":375,"play_id":"63e6033c-5b42-47f2-92e9-9ebc66798379","local_time":"20210208191318","is_ascension_mode":true,"campfire_choices":[{"floor":8.0,"key":"REST"},{"floor":15.0,"key":"REST"}],"circlet_count":0,"master_deck":["AscendersBane","Strike_G","Strike_G","Strike_G","Strike_G+1","Defend_G","Defend_G","Defend_G+1","Defend_G","Defend_G","Survivor","Neutralize","Terror","Dash","Quick Slash","Slice","Infinite Blades","Quick Slash","Cloak And Dagger","Accuracy","Phantasmal Killer","Accuracy","Die Die Die","CurseOfTheBell","Finisher+1","Slice","Slice+1","Finisher"],"relics":["WristBlade","Anchor","White Beast Statue","Ice Cream","The Courier","Calling Bell","Strawberry","Blue Candle","Torii","Snake Skull"],"acts_visited":["Exordium","TheCity"],"potions_floor_usage":[20,21,21,22],"damage_taken":[{"damage":6.0,"enemies":"Jaw Worm","floor":1.0,"turns":6.0},{"damage":1.0,"enemies":"Cultist","floor":2.0,"turns":4.0},{"damage":0.0,"enemies":"Small Slimes","floor":3.0,"turns":3.0},{"damage":21.0,"enemies":"Exordium Thugs","floor":4.0,"turns":7.0},{"damage":0.0,"enemies":"Looter","floor":5.0,"turns":2.0},{"damage":23.0,"enemies":"Gremlin Nob","floor":6.0,"turns":4.0},{"damage":3.0,"enemies":"3 Sentries","floor":10.0,"turns":7.0},{"damage":4.0,"enemies":"Gremlin Gang","floor":11.0,"turns":4.0},{"damage":0.0,"enemies":"3 Louse","floor":12.0,"turns":3.0},{"damage":0.0,"enemies":"Gremlin Nob","floor":13.0,"turns":2.0},{"damage":36.0,"enemies":"The Guardian","floor":16.0,"turns":8.0},{"damage":2,"enemies":"3 Byrds","floor":18,"turns":6},{"damage":12,"enemies":"Shell Parasite","floor":20,"turns":3},{"damage":0,"enemies":"Snecko","floor":21,"turns":4},{"damage":0,"enemies":"Snake Plant","floor":22,"turns":4},{"damage":0,"enemies":"Book of Stabbing","floor":23,"turns":1}],"seed_played":"-5036469624058092763","potions_obtained":[{"floor":2.0,"key":"Block Potion"},{"floor":3.0,"key":"Regen Potion"},{"floor":4.0,"key":"ColorlessPotion"},{"floor":6.0,"key":"LiquidMemories"},{"floor":10.0,"key":"FearPotion"},{"floor":11.0,"key":"AttackPotion"},{"floor":13.0,"key":"Swift Potion"},{"floor":16.0,"key":"Fire Potion"},{"floor":18,"key":"Dexterity Potion"},{"floor":20,"key":"Explosive Potion"},{"floor":21,"key":"Block Potion"},{"floor":22,"key":"EssenceOfSteel"}],"is_trial":false,"path_per_floor":["M","M","M","M","M","E","?","R","T","E","M","M","E","?","R","B",null,"M","T","M","M","M","E"],"character_chosen":"THE_SILENT","items_purchased":[],"campfire_rested":2,"item_purchase_floors":[],"current_hp_per_floor":[57,56,56,50,50,27,13,34,34,31,27,27,27,27,48,12,63,61,61,49,49,49,49,49],"gold":465,"neow_bonus":"BOSS_RELIC","is_daily":false,"chose_seed":false,"campfire_upgraded":0,"win_rate":0.0,"timestamp":1612833198,"path_taken":["M","M","M","M","M","E","?","R","T","E","M","M","E","?","R","BOSS","M","?","M","M","M","E"],"items_purchased_type":[],"build_version":"2020-12-22","purchased_purges":0,"victory":false,"max_hp_per_floor":[70,70,70,70,70,70,70,70,70,70,70,70,70,70,70,70,77,77,77,77,77,77,77,77],"card_choices":[{"not_picked":["Sucker Punch","Slice"],"picked":"Terror","floor":1.0},{"not_picked":["Noxious Fumes","Concentrate"],"picked":"Dash","floor":2.0},{"not_picked":["Underhanded Strike","Bane"],"picked":"Quick Slash","floor":3.0},{"not_picked":["Underhanded Strike","Quick Slash"],"picked":"Slice","floor":4.0},{"not_picked":["Storm of Steel","Deflect"],"picked":"Infinite Blades","floor":5.0},{"not_picked":["Crippling Poison","Bane"],"picked":"Quick Slash","floor":6.0},{"not_picked":["All Out Attack","Poisoned Stab","Bane"],"picked":"SKIP","floor":10.0},{"not_picked":["Outmaneuver","Predator"],"picked":"Cloak And Dagger","floor":11.0},{"not_picked":["PiercingWail","Setup"],"picked":"Accuracy","floor":12.0},{"not_picked":["Footwork","Distraction"],"picked":"Phantasmal Killer","floor":13.0},{"not_picked":["Unload","Venomology"],"picked":"Die Die Die","floor":16.0},{"not_picked":["Slice+1","Tactician"],"picked":"Finisher+1","floor":18},{"not_picked":["Underhanded Strike","Flying Knee"],"picked":"Slice","floor":20},{"not_picked":["Bane","Poisoned Stab+1"],"picked":"Slice+1","floor":21},{"not_picked":["Dodge and Roll+1","Well Laid Plans+1"],"picked":"Finisher","floor":22}],"player_experience":272871,"relics_obtained":[{"floor":6.0,"key":"Anchor"},{"floor":9.0,"key":"White Beast Statue"},{"floor":10.0,"key":"Ice Cream"},{"floor":13.0,"key":"The Courier"},{"floor":17.0,"key":"Strawberry"},{"floor":17.0,"key":"Blue Candle"},{"floor":17.0,"key":"Torii"},{"floor":19,"key":"Snake Skull"}],"event_choices":[{"damage_healed":0.0,"max_hp_gain":0.0,"max_hp_loss":0.0,"gold_gain":0.0,"event_name":"Shining Light","player_choice":"Entered Light","floor":7.0,"gold_loss":0.0,"damage_taken":14.0,"cards_upgraded":["Defend_G","Strike_G"]},{"damage_healed":0.0,"max_hp_gain":0.0,"max_hp_loss":0.0,"gold_gain":0.0,"cards_transformed":["Strike_G"],"event_name":"Transmorgrifier","player_choice":"Transformed","floor":14.0,"gold_loss":0.0,"damage_taken":0.0,"cards_obtained":["Accuracy"]}],"is_beta":false,"boss_relics":[{"not_picked":["Pandora\u0027s Box","Runic Pyramid"],"picked":"Calling Bell"}],"items_purged_floors":[],"is_endless":false,"potions_floor_spawned":[2,3,4,6,10,11,12,13,16,18,20,21,22],"killed_by":"Book of Stabbing","ascension_level":11}}