{"host":"o3n4et6u1y1w2h5j","time":1612876337,"event":{"mods":["AchievementEnabler","BaseMod","Block Reminder","Minty Spire (QoL Compilation)","Rare Cards Sparkle","Relic Stats","StSLib"],"gold_per_floor":[111,25,35,35,35,35,65,65,143,157,183,31,63,63,63,167,167,185,172,172,271,241,241,275,275,275,307,50,50,65,100,100,100,100],"floor_reached":33,"language":"ENG","playtime":1829,"items_purged":["Strike_R","Regret"],"score":393,"play_id":"37fae673-41eb-4a60-9387-6e0b98c08916","local_time":"20210209051217","is_ascension_mode":true,"campfire_choices":[{"data":"Cleave","floor":6,"key":"SMITH"},{"data":"Bash","floor":8,"key":"SMITH"},{"data":"Berserk","floor":15,"key":"SMITH"},{"floor":23,"key":"REST"},{"floor":25,"key":"REST"},{"floor":29,"key":"REST"},{"data":"Impervious","floor":32,"key":"SMITH"}],"circlet_count":0,"master_deck":["Strike_R","Strike_R","Defend_R","Defend_R","Defend_R","Defend_R","Bash+1","Shrug It Off","Feel No Pain","Cleave+1","Iron Wave","Shrug It Off","Shockwave","Entrench","Berserk+1","Impervious+1","Armaments+1","Infernal Blade+1","Fiend Fire+1"],"relics":["Burning Blood","NeowsBlessing","Charon\u0027s Ashes","Mummified Hand","MealTicket","Molten Egg 2","Matryoshka","Black Star","Enchiridion","Shuriken","Bottled Tornado","Gremlin Horn","Kunai","Centennial Puzzle","Unceasing Top","ClockworkSouvenir","TungstenRod","Bottled Flame"],"acts_visited":["Exordium","TheCity"],"potions_floor_usage":[13,18,19,24,27,27,27],"damage_taken":[{"damage":0,"enemies":"Jaw Worm","floor":1,"turns":1},{"damage":0,"enemies":"Small Slimes","floor":3,"turns":1},{"damage":0,"enemies":"Lagavulin","floor":7,"turns":1},{"damage":0,"enemies":"Cultist","floor":10,"turns":3},{"damage":27,"enemies":"Gremlin Nob","floor":11,"turns":5},{"damage":14,"enemies":"3 Sentries","floor":13,"turns":4},{"damage":48,"enemies":"Hexaghost","floor":16,"turns":13},{"damage":62,"enemies":"Spheric Guardian","floor":18,"turns":7},{"damage":5,"enemies":"2 Thieves","floor":19,"turns":4},{"damage":23,"enemies":"Gremlin Leader","floor":24,"turns":7},{"damage":24,"enemies":"Slavers","floor":27,"turns":5},{"damage":0,"enemies":"Chosen and Byrds","floor":30,"turns":5},{"damage":24,"enemies":"Book of Stabbing","floor":31,"turns":6},{"damage":50,"enemies":"Champ","floor":33,"turns":23}],"seed_played":"8858630911854629099","potions_obtained":[{"floor":1,"key":"Explosive Potion"},{"floor":3,"key":"SkillPotion"},{"floor":10,"key":"Ancient Potion"},{"floor":19,"key":"ElixirPotion"},{"floor":22,"key":"SkillPotion"},{"floor":22,"key":"ElixirPotion"},{"floor":24,"key":"Explosive Potion"},{"floor":31,"key":"SmokeBomb"}],"is_trial":false,"path_per_floor":["M","$","M","?","?","R","E","R","T","M","E","$","E","?","R","B",null,"M","M","?","?","?","R","E","R","T","E","$","R","M","E","R","B"],"character_chosen":"IRONCLAD","items_purchased":["Feel No Pain","Cleave","Berserk","ClockworkSouvenir"],"campfire_rested":3,"item_purchase_floors":[2,2,12,28],"current_hp_per_floor":[80,80,80,73,73,73,79,79,79,80,59,74,66,66,66,24,80,24,25,9,9,9,33,16,40,40,22,37,61,67,49,49,0,0],"gold":100,"neow_bonus":"THREE_ENEMY_KILL","is_daily":false,"chose_seed":false,"campfire_upgraded":4,"win_rate":0.0,"timestamp":1612876337,"path_taken":["M","$","M","?","?","R","E","R","T","?","E","?","E","?","R","BOSS","M","M","?","?","?","R","E","R","T","E","$","R","?","E","R","BOSS"],"items_purchased_type":["Card","Card","Card","Relic"],"build_version":"2020-12-22","purchased_purges":2,"victory":false,"max_hp_per_floor":[80,80,80,80,80,80,80,80,80,80,80,80,80,80,80,80,80,80,80,80,80,80,80,80,80,80,80,80,80,80,80,80,80,80],"relic_stats":{"Gremlin Horn":[3,3],"counters":[14,85],"Charon\u0027s Ashes":[165],"Burning Blood":61,"Centennial Puzzle":[6],"Mummified Hand":[26],"Shuriken":[7],"MealTicket":30,"Black Star":3,"Kunai":[7],"obtain_stats":[{"NeowsBlessing":0,"Gremlin Horn":26,"Enchiridion":20,"Charon\u0027s Ashes":7,"Bottled Tornado":24,"Burning Blood":0,"ClockworkSouvenir":28,"Centennial Puzzle":27,"Bottled Flame":31,"Matryoshka":14,"Mummified Hand":9,"Shuriken":24,"MealTicket":11,"Molten Egg 2":13,"Black Star":17,"Kunai":26,"Unceasing Top":27,"TungstenRod":31},{"NeowsBlessing":0,"Gremlin Horn":10,"Enchiridion":9,"Charon\u0027s Ashes":3,"Bottled Tornado":10,"Burning Blood":0,"ClockworkSouvenir":11,"Centennial Puzzle":11,"Bottled Flame":13,"Matryoshka":6,"Mummified Hand":3,"Shuriken":10,"MealTicket":5,"Molten Egg 2":6,"Black Star":7,"Kunai":10,"Unceasing Top":11,"TungstenRod":13},{"NeowsBlessing":0,"Gremlin Horn":46,"Enchiridion":39,"Charon\u0027s Ashes":3,"Bottled Tornado":46,"Burning Blood":0,"ClockworkSouvenir":51,"Centennial Puzzle":51,"Bottled Flame":62,"Matryoshka":15,"Mummified Hand":3,"Shuriken":46,"MealTicket":11,"Molten Egg 2":15,"Black Star":28,"Kunai":46,"Unceasing Top":51,"TungstenRod":62}],"Unceasing Top":[6],"TungstenRod":8},"card_choices":[{"not_picked":["Hemokinesis","Twin Strike"],"picked":"Shrug It Off","floor":1},{"not_picked":["Cleave","Pommel Strike"],"picked":"Iron Wave","floor":3},{"not_picked":["Dropkick","Pommel Strike"],"picked":"Shrug It Off","floor":7},{"not_picked":["Iron Wave","Dropkick"],"picked":"Shockwave","floor":10},{"not_picked":["Shrug It Off","Seeing Red"],"picked":"Entrench","floor":11},{"not_picked":["Warcry","Havoc","Sever Soul+1"],"picked":"SKIP","floor":13},{"not_picked":["Reaper+1","Exhume"],"picked":"Impervious","floor":16},{"not_picked":["Thunderclap+1","Infernal Blade"],"picked":"Armaments+1","floor":18},{"not_picked":["Thunderclap+1","Iron Wave+1","Combust"],"picked":"SKIP","floor":19},{"not_picked":["Iron Wave+1","Flex","Anger+1"],"picked":"SKIP","floor":24},{"not_picked":["Anger+1","Sever Soul+1"],"picked":"Infernal Blade+1","floor":27},{"not_picked":["Second Wind","Thunderclap+1"],"picked":"Fiend Fire+1","floor":30},{"not_picked":["Intimidate","Thunderclap+1","Rage"],"picked":"SKIP","floor":31}],"player_experience":71197,"relics_obtained":[{"floor":7,"key":"Charon\u0027s Ashes"},{"floor":9,"key":"Mummified Hand"},{"floor":11,"key":"MealTicket"},{"floor":13,"key":"Molten Egg 2"},{"floor":20,"key":"Enchiridion"},{"floor":24,"key":"Shuriken"},{"floor":24,"key":"Bottled Tornado"},{"floor":26,"key":"Gremlin Horn"},{"floor":26,"key":"Kunai"},{"floor":27,"key":"Centennial Puzzle"},{"floor":27,"key":"Unceasing Top"},{"floor":31,"key":"TungstenRod"},{"floor":31,"key":"Bottled Flame"}],"event_choices":[{"cards_removed":["Strike_R"],"damage_healed":0,"gold_gain":0,"player_choice":"Card Removal","damage_taken":7,"max_hp_gain":0,"max_hp_loss":0,"event_name":"Golden Wing","floor":4,"gold_loss":0},{"cards_removed":["Strike_R"],"damage_healed":0,"gold_gain":0,"player_choice":"Purged","damage_taken":0,"max_hp_gain":0,"max_hp_loss":0,"event_name":"Purifier","floor":5,"gold_loss":0},{"damage_healed":0,"gold_gain":0,"player_choice":"Box","damage_taken":0,"relics_obtained":["Matryoshka"],"max_hp_gain":0,"max_hp_loss":0,"event_name":"Big Fish","floor":14,"gold_loss":0,"cards_obtained":["Regret"]},{"damage_healed":0,"gold_gain":0,"player_choice":"Obtained Book","damage_taken":16,"max_hp_gain":0,"max_hp_loss":0,"event_name":"Cursed Tome","floor":20,"gold_loss":0},{"damage_healed":0,"gold_gain":99,"player_choice":"Stole From Cult","damage_taken":0,"max_hp_gain":0,"max_hp_loss":0,"event_name":"Nest","floor":21,"gold_loss":0},{"damage_healed":0,"gold_gain":0,"player_choice":"Bought 2 Potions","damage_taken":0,"max_hp_gain":0,"max_hp_loss":0,"event_name":"The Woman in Blue","floor":22,"gold_loss":0}],"is_beta":false,"boss_relics":[{"not_picked":["Sozu","Busted Crown"],"picked":"Black Star"}],"items_purged_floors":[12,28],"is_endless":false,"potions_floor_spawned":[1,3,10,19,24,31],"killed_by":"Champ","ascension_level":3}}