{"host":"odhb85ppoyjrwi3n","time":1612907906,"event":{"mods":["BaseMod","Better Third Choice","BetterRewards","Bossed Relics","Minty Spire (QoL Compilation)","Quick Restart","StSLib"],"gold_per_floor":[119,119,129,129,148,148,226,226,226,256,276,451,451,477,477,581,581,599,614,155,254,254,283,283,283,283,309,309,309,319,333,333,432,432,445,465,465,465,479,505,505,519,519,552,572,572,572,572,572,572,572,572,572,602,602],"floor_reached":56,"language":"ENG","playtime":2854,"items_purged":["Defend_R","Pain","Deep Breath","Defend_R","Shrug It Off","Sword Boomerang","Strike_R","Apotheosis","Seeing Red","Strike_R","Strike_R","Rupture","Dramatic Entrance","Strike_R","Defend_R","Strike_R","Immolate+1","Fire Breathing+1","Rupture+1"],"score":2096,"play_id":"a55839f3-aa41-4d48-8c83-9827509433ac","local_time":"20210209225826","is_ascension_mode":true,"campfire_choices":[{"data":"1","floor":6,"key":"LIFT"},{"data":"2","floor":8,"key":"LIFT"},{"data":"3","floor":13,"key":"LIFT"},{"floor":15,"key":"DIG"},{"floor":25,"key":"RECALL"},{"floor":28,"key":"DIG"},{"floor":32,"key":"REST"},{"floor":41,"key":"DIG"},{"floor":47,"key":"REST"},{"floor":49,"key":"DIG"},{"floor":52,"key":"DIG"}],"circlet_count":0,"master_deck":["Bash","Inflame+1","Rupture+1","Apotheosis+1","Brutality+1","Rupture+1","Mayhem+1","Spot Weakness+1","Flame Barrier+1","Heavy Blade+1","Heavy Blade+1","Combust+1","Limit Break+1","Shrug It Off+1","Cleave+1","Blind+1","Twin Strike+1","Cleave+1","Combust+1","Amplify+1","Doubt","Madness+1","Madness+1","Pain"],"relics":["Burning Blood","Matryoshka","PrismaticShard","Shovel","Bronze Scales","Shuriken","GremlinMask","betterThird:SlimedRelic","Ancient Tea Set","Mango","FaceOfCleric","Prayer Wheel","Turnip","FossilizedHelix","Sling","TungstenRod","Oddly Smooth Stone","Frozen Egg 2","ClockworkSouvenir","Kunai","Lee\u0027s Waffle","Membership Card","PreservedInsect","Toxic Egg 2","Magic Flower","Medical Kit","DollysMirror","Darkstone Periapt","Molten Egg 2","Du-Vu Doll","Girya","Potion Belt","Gremlin Horn","Singing Bowl","Gambling Chip","Busted Crown","OrangePellets","Sundial","Eternal Feather","Bag of Marbles","Charon\u0027s Ashes","Meat on the Bone","Pen Nib","Question Card","Enchiridion","Tiny House","WarpedTongs","Omamori","Lantern","Bottled Lightning","InkBottle","Thread and Needle","Pantograph","Orichalcum"],"acts_visited":["Exordium","TheCity","TheBeyond","TheEnding"],"potions_floor_usage":[0,23,30,31,31,42,50,50,50,50,50],"damage_taken":[{"damage":9,"enemies":"Small Slimes","floor":1,"turns":4},{"damage":0,"enemies":"2 Louse","floor":3,"turns":2},{"damage":11,"enemies":"Jaw Worm","floor":5,"turns":2},{"damage":0,"enemies":"Lagavulin","floor":10,"turns":2},{"damage":10,"enemies":"2 Fungi Beasts","floor":11,"turns":2},{"damage":18,"enemies":"3 Sentries","floor":14,"turns":3},{"damage":0,"enemies":"Slime Boss","floor":16,"turns":5},{"damage":1,"enemies":"Chosen","floor":18,"turns":3},{"damage":14,"enemies":"Shell Parasite","floor":19,"turns":3},{"damage":0,"enemies":"Gremlin Leader","floor":23,"turns":1},{"damage":0,"enemies":"Slavers","floor":27,"turns":1},{"damage":1,"enemies":"Snecko","floor":30,"turns":3},{"damage":23,"enemies":"Snake Plant","floor":31,"turns":2},{"damage":16,"enemies":"Automaton","floor":33,"turns":5},{"damage":18,"enemies":"Orb Walker","floor":35,"turns":3},{"damage":11,"enemies":"3 Shapes","floor":36,"turns":2},{"damage":3,"enemies":"Spire Growth","floor":39,"turns":3},{"damage":0,"enemies":"Reptomancer","floor":40,"turns":2},{"damage":30,"enemies":"Transient","floor":42,"turns":5},{"damage":74,"enemies":"Nemesis","floor":44,"turns":5},{"damage":5,"enemies":"4 Shapes","floor":45,"turns":2},{"damage":24,"enemies":"Donu and Deca","floor":50,"turns":5},{"damage":47,"enemies":"Shield and Spear","floor":54,"turns":4},{"damage":37,"enemies":"The Heart","floor":55,"turns":5}],"seed_played":"-25495077796191653","potions_obtained":[{"floor":5,"key":"HeartOfIron"},{"floor":11,"key":"EntropicBrew"},{"floor":14,"key":"Fire Potion"},{"floor":23,"key":"FairyPotion"},{"floor":31,"key":"Fruit Juice"},{"floor":35,"key":"Dexterity Potion"},{"floor":39,"key":"LiquidMemories"},{"floor":44,"key":"SmokeBomb"},{"floor":54,"key":"Block Potion"}],"is_trial":false,"path_per_floor":["M","?","M","?","M","R","?","R","T","E","M","?","R","E","R","B",null,"M","M","$","?","?","E","T","R","T","E","R","?","M","M","R","B",null,"M","M","?","?","M","E","R","M","T","E","M","?","R","?","R","B",null,"R","$","E","B",null],"character_chosen":"IRONCLAD","items_purchased":["StoneCalendar","Matryoshka","PrismaticShard","Ancient Potion","Rupture","Apotheosis","Regal Pillow","FossilizedHelix","Sling","Oddly Smooth Stone","Frozen Egg 2","Inflame+1","ClockworkSouvenir","Kunai","Rupture+1","Lee\u0027s Waffle","Membership Card","Fire Breathing+1","PreservedInsect","Toxic Egg 2","Apotheosis+1","Magic Flower","Fruit Juice","Medical Kit","Brutality+1","DollysMirror","Mayhem+1","Rupture+1","Spot Weakness+1","Darkstone Periapt","Flame Barrier+1","Molten Egg 2","Heavy Blade+1","Heavy Blade+1","Combust+1","Limit Break+1","Shrug It Off+1","Immolate+1","Cleave+1","Blind+1","Twin Strike+1","Du-Vu Doll","Cleave+1","AttackPotion","PowerPotion","OrangePellets","Sundial"],"campfire_rested":2,"item_purchase_floors":[0,0,0,0,0,0,0,0,0,0,0,0,0,0,0,0,0,0,0,0,0,0,0,0,0,0,0,0,0,0,0,0,0,0,0,0,0,0,0,0,0,0,0,0,0,20,20],"current_hp_per_floor":[107,107,108,108,108,108,108,108,108,110,111,117,117,112,112,123,123,128,129,129,129,133,136,136,136,136,139,139,127,141,138,154,151,157,154,158,138,144,156,169,181,166,166,123,133,135,196,196,196,183,197,197,197,163,174],"gold":602,"neow_bonus":"","is_daily":false,"chose_seed":false,"campfire_upgraded":0,"win_rate":0.0,"timestamp":1612907906,"path_taken":["M","?","M","?","M","R","?","R","T","E","?","?","R","E","R","BOSS","M","M","$","?","?","E","?","R","T","E","R","?","M","?","R","BOSS","M","M","?","?","?","E","R","M","T","E","M","?","R","?","R","BOSS","R","$","E","BOSS"],"items_purchased_type":["Relic","Relic","Relic","Potion","Card","Card","Relic","Relic","Relic","Relic","Relic","Card","Relic","Relic","Card","Relic","Relic","Card","Relic","Relic","Card","Relic","Potion","Relic","Card","Relic","Card","Card","Card","Relic","Card","Relic","Card","Card","Card","Card","Card","Card","Card","Card","Card","Relic","Card","Potion","Potion","Relic","Relic"],"build_version":"2020-12-22","purchased_purges":19,"victory":true,"max_hp_per_floor":[107,107,108,108,109,109,109,109,109,110,111,117,117,120,120,123,123,128,133,133,133,133,136,136,136,136,139,139,139,144,154,154,157,157,162,167,167,173,178,181,181,186,186,189,194,196,196,196,196,197,197,197,197,200,201],"card_choices":[{"not_picked":["Swivel+1","Recycle+1","Backflip+1"],"picked":"SKIP","floor":1},{"not_picked":["Thunderclap+1","Outmaneuver+1","Uppercut+1"],"picked":"SKIP","floor":1},{"not_picked":["Blizzard+1","Blur+1","Rebound+1"],"picked":"SKIP","floor":3},{"not_picked":["Sweeping Beam+1","Catalyst+1","Stack+1"],"picked":"SKIP","floor":3},{"not_picked":["Leg Sweep+1","Rupture+1"],"picked":"Combust+1","floor":5},{"not_picked":["Eviscerate+1","Backflip+1","Cold Snap+1"],"picked":"SKIP","floor":5},{"not_picked":["ThirdEye+1","Purity+1","Beam Cell+1"],"picked":"SKIP","floor":10},{"not_picked":["Headbutt+1","Ball Lightning+1"],"picked":"Amplify+1","floor":11},{"not_picked":["CutThroughFate+1","Skim+1","Crescendo+1"],"picked":"SKIP","floor":11},{"not_picked":["Evaluate+1","Armaments+1","SashWhip+1"],"picked":"Singing Bowl","floor":14},{"not_picked":["Adrenaline+1","Brilliance+1","Mayhem+1"],"picked":"Singing Bowl","floor":16},{"not_picked":["Scrape+1"],"picked":"Singing Bowl","floor":18},{"not_picked":["Clash+1"],"picked":"Singing Bowl","floor":18},{"not_picked":["FlyingSleeves+1"],"picked":"Singing Bowl","floor":19},{"not_picked":["Infinite Blades+1"],"picked":"Singing Bowl","floor":19},{"not_picked":["Deflect+1"],"picked":"Singing Bowl","floor":23},{"not_picked":["Double Energy+1"],"picked":"Singing Bowl","floor":27},{"not_picked":["Sweeping Beam+1","Crescendo+1"],"picked":"Singing Bowl","floor":30},{"not_picked":["FTL+1","Nirvana+1"],"picked":"Singing Bowl","floor":30},{"not_picked":["PathToVictory+1","Bloodletting+1"],"picked":"Singing Bowl","floor":31},{"not_picked":["Bouncing Flask+1","Clothesline+1"],"picked":"Singing Bowl","floor":31},{"not_picked":["Tools of the Trade+1","Magnetism+1"],"picked":"Singing Bowl","floor":33},{"not_picked":["InnerPeace+1","Metallicize+1"],"picked":"Singing Bowl","floor":35},{"not_picked":["Twin Strike+1","Swivel+1"],"picked":"Singing Bowl","floor":35},{"not_picked":["BowlingBash+1","WaveOfTheHand+1"],"picked":"Singing Bowl","floor":36},{"not_picked":["Sever Soul+1","Dagger Throw+1"],"picked":"Singing Bowl","floor":36},{"not_picked":["Crippling Poison+1","Deadly Poison+1"],"picked":"Singing Bowl","floor":39},{"not_picked":["Tactician+1","Nirvana+1"],"picked":"Singing Bowl","floor":39},{"not_picked":["Intimidate+1","BowlingBash+1"],"picked":"Singing Bowl","floor":40},{"not_picked":["Turbo+1","Seeing Red+1"],"picked":"Singing Bowl","floor":42},{"not_picked":["True Grit+1","Infernal Blade+1"],"picked":"Singing Bowl","floor":42},{"not_picked":["Coolheaded+1","Go for the Eyes+1"],"picked":"Singing Bowl","floor":44},{"not_picked":["Beam Cell+1","Conserve Battery+1"],"picked":"Singing Bowl","floor":45},{"not_picked":["FlurryOfBlows+1","Sweeping Beam+1"],"picked":"Singing Bowl","floor":45},{"not_picked":["Blind+1","Dark Shackles+1"],"picked":"Singing Bowl","floor":46},{"not_picked":["Pummel+1","Outmaneuver+1"],"picked":"Singing Bowl","floor":54}],"player_experience":148551,"relics_obtained":[{"floor":9,"key":"Potion Belt"},{"floor":10,"key":"Gremlin Horn"},{"floor":14,"key":"Singing Bowl"},{"floor":15,"key":"Gambling Chip"},{"floor":23,"key":"Eternal Feather"},{"floor":24,"key":"Bag of Marbles"},{"floor":24,"key":"Charon\u0027s Ashes"},{"floor":26,"key":"Meat on the Bone"},{"floor":27,"key":"Pen Nib"},{"floor":28,"key":"Question Card"},{"floor":29,"key":"Enchiridion"},{"floor":40,"key":"Omamori"},{"floor":41,"key":"Lantern"},{"floor":43,"key":"Bottled Lightning"},{"floor":44,"key":"InkBottle"},{"floor":49,"key":"Thread and Needle"},{"floor":52,"key":"Pantograph"},{"floor":54,"key":"Orichalcum"}],"event_choices":[{"damage_healed":107,"gold_gain":0,"player_choice":"Leave","damage_taken":0,"max_hp_gain":0,"max_hp_loss":107,"event_name":"betterThird:BetterShining","floor":2,"gold_loss":0},{"damage_healed":0,"gold_gain":0,"player_choice":"Leave","damage_taken":0,"max_hp_gain":0,"max_hp_loss":0,"event_name":"The Cleric","floor":4,"gold_loss":0},{"damage_healed":0,"gold_gain":78,"player_choice":"Gained Gold","damage_taken":0,"max_hp_gain":0,"max_hp_loss":0,"event_name":"Golden Wing","floor":7,"gold_loss":0},{"damage_healed":0,"gold_gain":175,"player_choice":"AGREE","damage_taken":276,"max_hp_gain":0,"max_hp_loss":0,"event_name":"betterThird:BetterSerpent","floor":12,"gold_loss":0},{"damage_healed":0,"gold_gain":99,"player_choice":"Steal","damage_taken":0,"max_hp_gain":0,"max_hp_loss":0,"event_name":"betterThird:BetterNest","floor":21,"gold_loss":0},{"damage_healed":44,"gold_gain":0,"player_choice":"Heal","damage_taken":0,"max_hp_gain":0,"max_hp_loss":0,"event_name":"The Library","floor":22,"gold_loss":0},{"damage_healed":0,"gold_gain":0,"player_choice":"Obtained Book","damage_taken":16,"max_hp_gain":0,"max_hp_loss":0,"event_name":"Cursed Tome","floor":29,"gold_loss":0},{"damage_healed":0,"gold_gain":0,"player_choice":"Embrace Madness","damage_taken":21,"max_hp_gain":0,"max_hp_loss":0,"event_name":"Winding Halls","floor":37,"gold_loss":0,"cards_obtained":["Madness","Madness"]},{"damage_healed":0,"gold_gain":0,"player_choice":"Rummage","damage_taken":0,"relics_obtained":["WarpedTongs"],"max_hp_gain":0,"max_hp_loss":0,"event_name":"Accursed Blacksmith","floor":38,"gold_loss":0,"cards_obtained":["Pain"]},{"damage_healed":0,"gold_gain":0,"player_choice":"Memory 1","damage_taken":0,"max_hp_gain":0,"max_hp_loss":0,"event_name":"SensoryStone","floor":46,"gold_loss":0},{"damage_healed":0,"gold_gain":0,"player_choice":"Bought 0 Potions","damage_taken":0,"max_hp_gain":0,"max_hp_loss":0,"event_name":"The Woman in Blue","floor":48,"gold_loss":0}],"is_beta":false,"boss_relics":[{"not_picked":["Velvet Choker","Coffee Dripper"],"picked":"Busted Crown"},{"not_picked":["Empty Cage","Sozu"],"picked":"Tiny House"}],"items_purged_floors":[0,0,0,0,0,0,0,0,0,0,0,0,0,0,0,0,0,0,20],"is_endless":false,"potions_floor_spawned":[1,5,11,14,23,31,35,39,44,54],"ascension_level":4}}