{"host":"xpjtot4lypeyz0sz","time":1612886294,"event":{"mods":["Ascension Reborn","BaseMod","BetterRewards","CapriCore","Challenge The Spire","Colored Map","Colored Powertips","Conspire","Downfall","Infinite Spire","LagranYue(拉格朗・月)","Mimic Mod","Minty Spire (QoL Compilation)","Reliquary","Replay The Spire","Shop Mod","Spicy Shops","StSLib","SuperFastMode","The Immortal","The Jungle","The Saiyan","【功能Mod】混沌之环修复补丁"],"gold_per_floor":[97,117,157,157,157,157,87,98,123,136,150,99,99,118,118,223,223,236,259,270,288,288,288],"floor_reached":22,"language":"ZHS","playtime":1853,"items_purged":[],"score":213,"play_id":"6bd2452b-ade7-4e99-8955-09b2f9d4ca0c","local_time":"20210209235814","is_ascension_mode":true,"campfire_choices":[{"data":"Saiyan:EnergyBlast","floor":6,"key":"SMITH"},{"data":"infinitespire:SevenWalls","floor":13,"key":"SMITH"},{"floor":15,"key":"REST"}],"circlet_count":0,"master_deck":["Saiyan:SAIYA_Strike","Saiyan:SAIYA_Strike","Saiyan:SAIYA_Strike","Saiyan:SAIYA_Strike","Saiyan:SAIYA_Defend","Saiyan:SAIYA_Defend","Saiyan:SAIYA_Defend","Saiyan:SAIYA_Defend","Saiyan:EnergyBlast+1","Saiyan:KaioKen","Saiyan:RuthlessBlow+1","Saiyan:DoubleMasenko","Saiyan:ExpandingShockwave","Saiyan:KiStrike","infinitespire:SevenWalls+1","Saiyan:SpiritSword+1","Saiyan:DragonFist","Saiyan:Quickening","Saiyan:DragonFist","Saiyan:KiExplosion","Saiyan:KiExplosion","Saiyan:PlotArmor","Saiyan:HyperTimeChamber","Saiyan:KameHameHa","Saiyan:CCCapsule","Saiyan:PressOn"],"relics":["SaiyanSoul","SaiyanHeart","LagranYue:RandomDrawCardRelic","Nunchaku","MealTicket","Whetstone","Black Star","PreservedInsect"],"acts_visited":["Exordium","Exordium"],"potions_floor_usage":[],"damage_taken":[{"damage":2,"enemies":"Cultist","floor":1,"turns":3},{"damage":12,"enemies":"Jaw Worm","floor":2,"turns":3},{"damage":15,"enemies":"conspire:RoseBush","floor":3,"turns":7},{"damage":16,"enemies":"Gremlin Nob","floor":7,"turns":5},{"damage":10,"enemies":"conspire:RoseBush","floor":8,"turns":2},{"damage":6,"enemies":"Looter","floor":10,"turns":3},{"damage":4,"enemies":"Red Slaver","floor":11,"turns":2},{"damage":0,"enemies":"2 Fungi Beasts","floor":14,"turns":2},{"damage":14,"enemies":"Hexaghost","floor":16,"turns":9},{"damage":20,"enemies":"Shell Parasite","floor":18,"turns":8},{"damage":39,"enemies":"theJungle:GiantWrat","floor":20,"turns":6},{"damage":17,"enemies":"theJungle:Snecko_Cultist_And_Trap","floor":21,"turns":5},{"damage":21,"enemies":"theJungle:SlimyTreeVines","floor":22,"turns":2}],"seed_played":"1144343359563441456","potions_obtained":[{"floor":2,"key":"Death Potion"},{"floor":7,"key":"SkillPotion"},{"floor":8,"key":"Strength Potion"}],"is_trial":false,"path_per_floor":["M","M","MIM","?","?","R","E","M","T","M","M","$","R","M","R","B",null,"M","T","M","M","M"],"character_chosen":"SAIYAJIN","items_purchased":["Saiyan:KiExplosion"],"campfire_rested":1,"item_purchase_floors":[12],"current_hp_per_floor":[65,54,41,41,41,41,26,16,16,11,8,23,23,24,46,33,75,56,56,18,4,0,0],"gold":288,"neow_bonus":"TEN_PERCENT_HP_BONUS","is_daily":false,"chose_seed":false,"campfire_upgraded":2,"win_rate":0.0,"timestamp":1612886294,"path_taken":["M","M","?","?","?","R","E","M","T","M","M","$","R","M","R","BOSS","M","?","M","M","M"],"items_purchased_type":["Card"],"build_version":"2020-12-22","purchased_purges":0,"victory":false,"max_hp_per_floor":[67,68,70,70,70,70,71,71,71,72,73,73,73,74,74,75,75,76,76,77,80,80,80],"card_choices":[{"not_picked":["Saiyan:Scouter","Saiyan:Twize"],"picked":"Saiyan:DoubleMasenko","floor":1},{"not_picked":["Saiyan:DoubleMasenko","Saiyan:PlotArmor"],"picked":"Saiyan:ExpandingShockwave","floor":2},{"not_picked":["Saiyan:Scouter","Saiyan:Overexert"],"picked":"Saiyan:KiStrike","floor":3},{"not_picked":["infinitespire:Oblivion","infinitespire:DeathsTouch"],"picked":"infinitespire:SevenWalls","floor":4},{"not_picked":["Saiyan:PlotArmor","Saiyan:Overexert"],"picked":"Saiyan:SpiritSword","floor":7},{"not_picked":["Saiyan:RemoveWeights","Saiyan:SolarFlare"],"picked":"Saiyan:DragonFist","floor":8},{"not_picked":["Saiyan:Flurry","Saiyan:Overexert"],"picked":"Saiyan:Quickening","floor":10},{"not_picked":["Saiyan:Afterimage","Saiyan:Teleport"],"picked":"Saiyan:DragonFist","floor":11},{"not_picked":["Saiyan:FinalFlash","Saiyan:Planning"],"picked":"Saiyan:PlotArmor","floor":14},{"not_picked":["Saiyan:SolarFlare","Saiyan:MonkeyTail"],"picked":"Saiyan:HyperTimeChamber","floor":16},{"not_picked":["Saiyan:TurtleShell","Saiyan:Quickening+1"],"picked":"Saiyan:KameHameHa","floor":18},{"not_picked":["Saiyan:Reset","Saiyan:ConcussiveBlow"],"picked":"Saiyan:CCCapsule","floor":20},{"not_picked":["Saiyan:Taunt+1","Saiyan:Twize"],"picked":"Saiyan:PressOn","floor":21}],"player_experience":5617,"relics_obtained":[{"floor":3,"key":"Nunchaku"},{"floor":7,"key":"MealTicket"},{"floor":9,"key":"Whetstone"},{"floor":19,"key":"PreservedInsect"}],"event_choices":[{"cards_removed":["ReplayTheSpireMod:IOU","Voices"],"damage_healed":0,"gold_gain":0,"player_choice":"Removed Curses","damage_taken":0,"max_hp_gain":0,"max_hp_loss":0,"event_name":"Fountain of Cleansing","floor":5,"gold_loss":0}],"is_beta":false,"boss_relics":[{"not_picked":["bronze:MakeshiftBattery","Astrolabe"],"picked":"Black Star"}],"items_purged_floors":[],"is_endless":false,"potions_floor_spawned":[2,7,8,14,16,21],"killed_by":"theJungle:SlimyTreeVines","ascension_level":0}}