{"host":"bakf0s4odzu8z5xt","time":1612840399,"event":{"mods":["2.2 Compatiblity","BaseMod","Downfall","Friendly Minions","Minty Spire (QoL Compilation)","StSLib"],"gold_per_floor":[99,115,131,131,141,17,42,42,52,70,102,132,132,132,144,245,245,45,62,74,74,84,84,84,84,169,169,239,124,124,157,180,276,276,176,190,61,72,122,147,147,147,158,158,33,33,49,66,81,81,81,114,46,46,46,46],"floor_reached":57,"language":"ENG","playtime":5145,"items_purged":["hexamod:Strike","hexamod:Strike","hexamod:Sear"],"score":1272,"play_id":"4dae965f-5d00-499b-914f-38aa184464b2","local_time":"20210208211319","is_ascension_mode":true,"campfire_choices":[{"data":"hexamod:TurnItUp","floor":1,"key":"SMITH"},{"data":"hexamod:RadiantFlame","floor":8,"key":"SMITH"},{"data":"hexamod:FastForward","floor":13,"key":"SMITH"},{"data":"hexamod:HeatShield","floor":18,"key":"SMITH"},{"floor":23,"key":"RECALL"},{"data":"hexamod:FlameSwitch","floor":25,"key":"SMITH"},{"floor":27,"key":"REST"},{"data":"hexamod:Float","floor":35,"key":"SMITH"},{"data":"hexamod:RadiantFlame","floor":42,"key":"SMITH"},{"data":"hexamod:EmpoweredFlame","floor":46,"key":"SMITH"},{"data":"hexamod:FastForward","floor":54,"key":"SMITH"}],"circlet_count":0,"master_deck":["hexamod:Strike+1","hexamod:Defend","hexamod:Defend+1","hexamod:Defend+1","hexamod:Defend+1","hexamod:Float+1","hexamod:TurnItUp+1","hexamod:InspiringFlames","hexamod:HauntingEcho+1","hexamod:ExtraCrispy","hexamod:RadiantFlame+1","hexamod:HeatShield+1","hexamod:FastForward+1","hexamod:PhantomFireball","hexamod:FlameSwitch+1","hexamod:StepThrough+1","hexamod:ShieldOfDarkness+1","hexamod:FastForward+1","hexamod:ShieldOfDarkness+1","hexamod:RadiantFlame+1","hexamod:PhantomCloak","hexamod:TimeWarp","hexamod:Incineration+1","hexamod:ChargedBarrage","hexamod:EmpoweredFlame+1","hexamod:UnlimitedPower","hexamod:ShieldOfDarkness","Parasite","hexamod:StepThrough+1","hexamod:VolcanoVisage"],"relics":["hexamod:SpiritBrand","downfall:ShatteredFragment","StrikeDummy","Odd Mushroom","Sozu","downfall:HeartBlessingBlue","downfall:HeartBlessingGreen","Mango","Pantograph","InkBottle","hexamod:TheBrokenSeal","Runic Dome","downfall:HeartBlessingRed","Kunai","OrangePellets","hexamod:SoulConsumer","TungstenRod","Whetstone","Vajra"],"acts_visited":["Exordium","TheCity","TheBeyond","TheEnding"],"potions_floor_usage":[11,12,15,20,22],"damage_taken":[{"damage":0,"enemies":"2 Louse","floor":2,"turns":4},{"damage":1,"enemies":"Jaw Worm","floor":3,"turns":5},{"damage":0,"enemies":"Small Slimes","floor":5,"turns":2},{"damage":0,"enemies":"downfall:FleeingMerchant","floor":6,"turns":4},{"damage":10,"enemies":"Exordium Thugs","floor":9,"turns":4},{"damage":0,"enemies":"Exordium Wildlife","floor":10,"turns":5},{"damage":1,"enemies":"Lagavulin","floor":11,"turns":4},{"damage":5,"enemies":"The Mushroom Lair","floor":12,"turns":4},{"damage":0,"enemies":"Lots of Slimes","floor":15,"turns":5},{"damage":20,"enemies":"SI_SHIV_ARCHETYPE","floor":16,"turns":9},{"damage":2,"enemies":"Shell Parasite","floor":19,"turns":5},{"damage":1,"enemies":"Snake Plant","floor":20,"turns":4},{"damage":18,"enemies":"3 Cultists","floor":22,"turns":6},{"damage":0,"enemies":"downfall:FleeingMerchant","floor":29,"turns":4},{"damage":28,"enemies":"Book of Stabbing","floor":31,"turns":6},{"damage":26,"enemies":"Chosen and Byrds","floor":32,"turns":8},{"damage":69,"enemies":"IC_MUSHROOM_ARCHETYPE","floor":33,"turns":9},{"damage":0,"enemies":"Orb Walker","floor":36,"turns":3},{"damage":0,"enemies":"downfall:FleeingMerchant","floor":37,"turns":3},{"damage":0,"enemies":"3 Shapes","floor":38,"turns":3},{"damage":36,"enemies":"3 Shapes","floor":39,"turns":5},{"damage":30,"enemies":"Reptomancer","floor":40,"turns":4},{"damage":0,"enemies":"Transient","floor":43,"turns":5},{"damage":6,"enemies":"Jaw Worm Horde","floor":47,"turns":3},{"damage":0,"enemies":"Maw","floor":48,"turns":4},{"damage":14,"enemies":"Writhing Mass","floor":49,"turns":5},{"damage":37,"enemies":"DF_ARCHETYPE_ORBS","floor":50,"turns":7},{"damage":19,"enemies":"downfall:CharBossMerchant","floor":52,"turns":8},{"damage":7,"enemies":"downfall:NeowBoss","floor":55,"turns":13},{"damage":75,"enemies":"downfall:NeowBossFinal","floor":56,"turns":10}],"seed_played":"1070970899304429986","potions_obtained":[{"floor":5,"key":"hexamod:EctoCoolerPotion"},{"floor":6,"key":"LiquidBronze"},{"floor":9,"key":"SpeedPotion"},{"floor":10,"key":"hexamod:EctoCoolerPotion"},{"floor":11,"key":"SpeedPotion"},{"floor":16,"key":"hexamod:DoubleChargePotion"}],"is_trial":false,"path_per_floor":["R","M","M","?","M","$","T","R","M","M","E","?","R","?","M","B",null,"R","M","M","?","M","R","T","R","?","R","T","$","?","E","M","B",null,"R","M","$","M","?","E","T","R","M","?","$","R","M","M","M","B",null,"E","$","R","B","B",null],"character_chosen":"THE_SPIRIT","items_purchased":["hexamod:RadiantFlame","Kunai","hexamod:EmpoweredFlame","OrangePellets","hexamod:VolcanoVisage"],"campfire_rested":1,"item_purchase_floors":[6,37,37,37,53],"current_hp_per_floor":[70,70,69,48,48,48,48,48,38,38,37,32,32,32,32,12,70,80,78,77,62,44,44,58,58,44,73,73,73,73,45,109,40,109,109,109,109,109,73,47,47,47,51,51,51,51,49,53,43,35,109,94,94,94,106,38],"gold":46,"neow_bonus":"ONE_RANDOM_RARE_CARD","is_daily":false,"chose_seed":false,"campfire_upgraded":9,"win_rate":0.0,"timestamp":1612840399,"path_taken":["R","M","M","?","M","$","T","R","M","M","E","?","R","?","M","BOSS","R","M","M","?","M","R","T","R","?","R","?","$","?","E","M","BOSS","R","M","$","M","?","E","T","R","M","?","$","R","M","?","M","BOSS","E","$","R","BOSS","BOSS"],"items_purchased_type":["Card","Relic","Card","Relic","Card"],"build_version":"2020-12-22","purchased_purges":3,"victory":true,"max_hp_per_floor":[70,70,70,70,70,70,70,70,70,70,70,70,70,70,70,70,70,80,80,80,85,85,85,99,99,99,99,99,99,99,99,109,109,109,109,109,109,109,109,109,109,109,109,109,109,109,109,109,109,109,109,109,109,109,109,109],"card_choices":[{"not_picked":["hexamod:GhostShield","hexamod:SuperheatedStrike"],"picked":"hexamod:InspiringFlames","floor":2},{"not_picked":["hexamod:ThermalTransfer","hexamod:DynamicBlow"],"picked":"hexamod:HauntingEcho","floor":3},{"not_picked":["hexamod:NightmareStrike","hexamod:RainOfEmbers"],"picked":"hexamod:FourthSeal","floor":5},{"not_picked":["hexamod:ParanormalForm","hexamod:FourthSeal"],"picked":"hexamod:ExtraCrispy","floor":6},{"not_picked":["hexamod:InspiringFlames","hexamod:Firestarter"],"picked":"hexamod:HeatShield","floor":9},{"not_picked":["hexamod:GhostLash","hexamod:SpectralAdrenaline"],"picked":"hexamod:FastForward","floor":10},{"not_picked":["hexamod:InspiringFlames","hexamod:FirstSeal"],"picked":"hexamod:PhantomFireball","floor":11},{"not_picked":["hexamod:GhostShield","hexamod:FirstSeal"],"picked":"hexamod:FlameSwitch","floor":15},{"not_picked":["hexamod:GhostflameInferno","hexamod:UnleashSpirits"],"picked":"hexamod:FifthSeal","floor":16},{"not_picked":["hexamod:FirstSeal","hexamod:SecondSeal"],"picked":"hexamod:SixthSeal","floor":19},{"not_picked":["hexamod:Haunt","hexamod:AdvancingGuard"],"picked":"hexamod:StepThrough+1","floor":19},{"not_picked":["hexamod:FirstSeal","hexamod:SixthSeal"],"picked":"hexamod:ThirdSeal","floor":20},{"not_picked":["hexamod:PhantomFireball","hexamod:SpectralAdrenaline"],"picked":"hexamod:ShieldOfDarkness+1","floor":20},{"not_picked":["hexamod:BurningTouch","hexamod:TimeOfNeed"],"picked":"hexamod:FastForward","floor":22},{"not_picked":["hexamod:PhantomFireball","hexamod:GhostLash"],"picked":"hexamod:ShieldOfDarkness+1","floor":22},{"not_picked":["hexamod:ThirdSeal","hexamod:FourthSeal"],"picked":"hexamod:FirstSeal","floor":29},{"not_picked":["hexamod:EtherealExpedition+1","hexamod:ShieldOfDarkness","hexamod:FourthSeal"],"picked":"SKIP","floor":29},{"not_picked":["hexamod:SixthSeal","hexamod:ThirdSeal"],"picked":"hexamod:SecondSeal","floor":31},{"not_picked":["hexamod:FirstSeal","hexamod:AdvancingGuard"],"picked":"hexamod:PhantomCloak","floor":31},{"not_picked":["hexamod:SuperheatedStrike","hexamod:NightmareGuise+1","hexamod:RecurringNightmare"],"picked":"SKIP","floor":31},{"not_picked":["hexamod:NightmareGuise","hexamod:SuperheatedStrike","hexamod:RetreatToShadows"],"picked":"SKIP","floor":32},{"not_picked":["hexamod:TurnItUp","hexamod:VolcanoVisage"],"picked":"hexamod:TimeWarp","floor":33},{"not_picked":["hexamod:ShieldOfDarkness","hexamod:RadiantFlame"],"picked":"hexamod:Incineration+1","floor":36},{"not_picked":["hexamod:FastForward+1","hexamod:GhostShield+1"],"picked":"hexamod:ChargedBarrage","floor":37},{"not_picked":["hexamod:NightmareStrike+1","hexamod:InspiringFlames"],"picked":"hexamod:UnlimitedPower","floor":38},{"not_picked":["hexamod:Incineration","hexamod:GhostOfSpirePresent","hexamod:HauntingEcho"],"picked":"SKIP","floor":40},{"not_picked":["hexamod:GhostflameBarrier","hexamod:FlamesFromBeyond","hexamod:SuperheatedStrike"],"picked":"SKIP","floor":43},{"not_picked":["hexamod:NightmareStrike","hexamod:SpectersWail+1","hexamod:CatchUp"],"picked":"SKIP","floor":47},{"not_picked":["hexamod:NightmareStrike+1","hexamod:GhostflameBarrier+1"],"picked":"hexamod:ShieldOfDarkness","floor":48},{"not_picked":["hexamod:FastForward","hexamod:GhostflameBarrier"],"picked":"hexamod:StepThrough+1","floor":49},{"not_picked":["hexamod:NightmareGuise","hexamod:SpectersWail","hexamod:HauntingEcho+1"],"picked":"SKIP","floor":52}],"player_experience":2115518,"relics_obtained":[{"floor":11,"key":"StrikeDummy"},{"floor":12,"key":"Odd Mushroom"},{"floor":24,"key":"Mango"},{"floor":28,"key":"Pantograph"},{"floor":31,"key":"InkBottle"},{"floor":39,"key":"hexamod:SoulConsumer"},{"floor":40,"key":"TungstenRod"},{"floor":41,"key":"Whetstone"},{"floor":52,"key":"Vajra"}],"event_choices":[{"damage_healed":0,"gold_gain":0,"player_choice":"Fought Mushrooms","damage_taken":0,"max_hp_gain":0,"max_hp_loss":0,"event_name":"Mushrooms","floor":12,"gold_loss":0},{"damage_healed":0,"gold_gain":0,"player_choice":"Read","damage_taken":0,"max_hp_gain":0,"max_hp_loss":0,"event_name":"The Library","floor":30,"gold_loss":0,"cards_obtained":["hexamod:RadiantFlame"]},{"damage_healed":0,"gold_gain":0,"player_choice":"Got Potions","damage_taken":0,"max_hp_gain":0,"max_hp_loss":0,"event_name":"Lab","floor":44,"gold_loss":0}],"is_beta":false,"boss_relics":[{"not_picked":["Tiny House","SlaversCollar"],"picked":"Sozu"},{"not_picked":["bronze:MakeshiftBattery","expansioncontent:StudyCardRelic"],"picked":"Runic Dome"}],"items_purged_floors":[6,29,45],"is_endless":false,"potions_floor_spawned":[5,10,11,19,20,32,33,38,39,47,48,49,52],"ascension_level":1}}