{"host":"8rgpnls124hwjv5t","time":1612906028,"event":{"mods":["BaseMod","Colored Map","Colored Powertips","DeckTracker","Highlight Path","Minty Spire (QoL Compilation)","Permanent Neow","Quick Restart","Relic Stats","Shop Mod","StSLib"],"gold_per_floor":[114,124,140,156,156,156,190,190,217,217,45,45,58,90,90,161,161,161,161,161,161,161,161,161,161,161,161,161,161,161,161,161,161,161,161,161,161,6,6,6,6,6,6,0,0,0,0,0,0,0,0,0],"floor_reached":51,"language":"ENG","playtime":3504,"items_purged":["Strike_G"],"score":1638,"play_id":"9bf03bae-9c1a-4f6b-97e7-359fa5e621b4","local_time":"20210209162708","is_ascension_mode":true,"campfire_choices":[{"data":"Dagger Throw","floor":6,"key":"SMITH"},{"floor":10,"key":"REST"},{"floor":15,"key":"REST"},{"data":"After Image","floor":24,"key":"SMITH"},{"data":"Infinite Blades","floor":27,"key":"SMITH"},{"data":"After Image","floor":30,"key":"SMITH"},{"floor":32,"key":"REST"},{"data":"J.A.X.","floor":40,"key":"SMITH"},{"data":"Accuracy","floor":42,"key":"SMITH"},{"data":"Accuracy","floor":47,"key":"SMITH"},{"data":"Finisher","floor":49,"key":"SMITH"}],"circlet_count":0,"master_deck":["AscendersBane","Strike_G","Strike_G","Defend_G","Defend_G","Defend_G","Defend_G","Defend_G","Survivor","Neutralize+1","Blade Dance","Blade Dance","Quick Slash","Dagger Throw+1","Malaise","Accuracy+1","After Image+1","After Image+1","Backflip","Storm of Steel","Backflip","Dash","Infinite Blades+1","Accuracy+1","J.A.X.+1","Storm of Steel","Cloak And Dagger+1","Blade Dance","Caltrops+1","Finisher+1"],"relics":["Ring of the Snake","Centennial Puzzle","Vajra","Potion Belt","Toy Ornithopter","Ectoplasm","Tough Bandages","CeramicFish","Kunai","Ancient Tea Set","SacredBark","Letter Opener","Orichalcum","Red Mask","Juzu Bracelet"],"acts_visited":["Exordium","TheCity","TheBeyond"],"potions_floor_usage":[7,14,16,23,23,25,41,50,51],"damage_taken":[{"damage":0,"enemies":"Cultist","floor":1,"turns":4},{"damage":6,"enemies":"Small Slimes","floor":2,"turns":4},{"damage":1,"enemies":"2 Louse","floor":3,"turns":3},{"damage":4,"enemies":"Looter","floor":4,"turns":3},{"damage":19,"enemies":"3 Sentries","floor":7,"turns":12},{"damage":8,"enemies":"Large Slime","floor":13,"turns":4},{"damage":1,"enemies":"Lagavulin","floor":14,"turns":6},{"damage":29,"enemies":"Hexaghost","floor":16,"turns":12},{"damage":2,"enemies":"Chosen","floor":18,"turns":5},{"damage":2,"enemies":"Shell Parasite","floor":20,"turns":4},{"damage":12,"enemies":"Shelled Parasite and Fungi","floor":22,"turns":5},{"damage":10,"enemies":"Gremlin Leader","floor":23,"turns":4},{"damage":0,"enemies":"Slavers","floor":25,"turns":7},{"damage":0,"enemies":"Gremlin Leader","floor":28,"turns":8},{"damage":4,"enemies":"Centurion and Healer","floor":29,"turns":4},{"damage":9,"enemies":"Champ","floor":33,"turns":7},{"damage":3,"enemies":"3 Shapes","floor":35,"turns":4},{"damage":23,"enemies":"3 Darklings","floor":36,"turns":7},{"damage":3,"enemies":"Spire Growth","floor":37,"turns":4},{"damage":11,"enemies":"Nemesis","floor":41,"turns":7},{"damage":14,"enemies":"Giant Head","floor":48,"turns":6},{"damage":27,"enemies":"Awakened One","floor":50,"turns":10},{"damage":48,"enemies":"Donu and Deca","floor":51,"turns":7}],"seed_played":"-3007838666148751204","potions_obtained":[{"floor":4,"key":"PowerPotion"},{"floor":7,"key":"Swift Potion"},{"floor":13,"key":"Poison Potion"},{"floor":14,"key":"BlessingOfTheForge"},{"floor":18,"key":"SneckoOil"},{"floor":23,"key":"Explosive Potion"},{"floor":33,"key":"SpeedPotion"},{"floor":37,"key":"GhostInAJar"}],"is_trial":false,"path_per_floor":["M","M","M","M","?","R","E","?","T","R","$","?","M","E","R","B",null,"M","?","M","?","M","E","R","E","T","R","E","M","R","?","R","B",null,"M","M","M","$","?","R","E","R","T","?","?","$","R","E","R","B","B"],"character_chosen":"THE_SILENT","items_purchased":["After Image","Regen Potion"],"campfire_rested":3,"item_purchase_floors":[11,38],"current_hp_per_floor":[59,53,52,48,48,48,29,24,24,43,43,43,35,34,53,29,57,55,55,53,53,41,41,41,46,46,46,46,42,42,42,61,52,63,60,37,34,34,34,34,66,66,66,66,63,63,63,49,49,27,0,0],"gold":0,"neow_bonus":"UPGRADE_CARD","is_daily":false,"chose_seed":false,"campfire_upgraded":8,"win_rate":0.0,"timestamp":1612906028,"path_taken":["M","M","M","M","?","R","E","?","T","R","$","?","M","E","R","BOSS","M","?","M","?","M","E","R","E","T","R","E","?","R","?","R","BOSS","M","M","M","$","?","R","E","R","T","?","?","$","R","E","R","BOSS","BOSS"],"items_purchased_type":["Card","Potion"],"build_version":"2020-12-22","purchased_purges":1,"victory":false,"max_hp_per_floor":[66,66,66,66,66,66,66,66,66,66,66,66,66,66,66,66,66,66,66,66,66,66,66,66,66,66,66,66,66,66,66,66,66,66,66,66,66,66,66,66,66,66,66,66,63,63,63,63,63,63,63,63],"relic_stats":{"Centennial Puzzle":[48],"Tough Bandages":[255],"counters":[23,137],"CeramicFish":0,"Ectoplasm":388,"Juzu Bracelet":0,"Kunai":[76],"Letter Opener":[65],"Orichalcum":[0],"obtain_stats":[{"Potion Belt":9,"CeramicFish":25,"SacredBark":34,"Vajra":8,"Juzu Bracelet":48,"Letter Opener":41,"Orichalcum":43,"Ancient Tea Set":28,"Centennial Puzzle":7,"Tough Bandages":23,"Ectoplasm":17,"Red Mask":44,"Kunai":26,"Toy Ornithopter":14,"Ring of the Snake":0},{"Potion Belt":5,"CeramicFish":13,"SacredBark":16,"Vajra":5,"Juzu Bracelet":21,"Letter Opener":20,"Orichalcum":20,"Ancient Tea Set":14,"Centennial Puzzle":5,"Tough Bandages":12,"Ectoplasm":8,"Red Mask":20,"Kunai":13,"Toy Ornithopter":7,"Ring of the Snake":0},{"Potion Belt":26,"CeramicFish":73,"SacredBark":92,"Vajra":26,"Juzu Bracelet":120,"Letter Opener":114,"Orichalcum":114,"Ancient Tea Set":81,"Centennial Puzzle":26,"Tough Bandages":66,"Ectoplasm":48,"Red Mask":114,"Kunai":73,"Toy Ornithopter":36,"Ring of the Snake":0}],"Toy Ornithopter":35,"Ring of the Snake":[46]},"card_choices":[{"not_picked":["Cloak And Dagger","Acrobatics"],"picked":"Blade Dance","floor":1},{"not_picked":["Dodge and Roll","Bane"],"picked":"Blade Dance","floor":2},{"not_picked":["Deadly Poison","Flechettes"],"picked":"Quick Slash","floor":3},{"not_picked":["Flechettes","Deadly Poison"],"picked":"Dagger Throw","floor":4},{"not_picked":["Quick Slash","Flechettes"],"picked":"Accuracy","floor":7},{"not_picked":["Bane","Deflect"],"picked":"After Image","floor":13},{"not_picked":["Dodge and Roll","Acrobatics"],"picked":"Backflip","floor":14},{"not_picked":["Bullet Time","Malaise"],"picked":"Storm of Steel","floor":16},{"not_picked":["Poisoned Stab","Sucker Punch","Concentrate"],"picked":"SKIP","floor":18},{"not_picked":["Distraction","Acrobatics"],"picked":"Backflip","floor":20},{"not_picked":["Finisher","Deadly Poison+1"],"picked":"Dash","floor":22},{"not_picked":["Cloak And Dagger","Eviscerate"],"picked":"Infinite Blades","floor":23},{"not_picked":["Unload","Underhanded Strike"],"picked":"Accuracy","floor":25},{"not_picked":["Deflect","Dagger Spray"],"picked":"Accuracy","floor":28},{"not_picked":["Masterful Stab","Prepared","Escape Plan"],"picked":"SKIP","floor":29},{"not_picked":["Adrenaline","Night Terror"],"picked":"Storm of Steel","floor":33},{"not_picked":["Bane","Sucker Punch"],"picked":"Cloak And Dagger+1","floor":35},{"not_picked":["Backflip","Acrobatics+1"],"picked":"Blade Dance","floor":36},{"not_picked":["Deadly Poison","Catalyst","Envenom"],"picked":"SKIP","floor":37},{"not_picked":["Concentrate+1","Backflip"],"picked":"Caltrops+1","floor":41},{"not_picked":["Sucker Punch","Dagger Spray"],"picked":"Finisher","floor":48}],"player_experience":538842,"relics_obtained":[{"floor":7,"key":"Centennial Puzzle"},{"floor":9,"key":"Potion Belt"},{"floor":14,"key":"Toy Ornithopter"},{"floor":23,"key":"Tough Bandages"},{"floor":25,"key":"CeramicFish"},{"floor":26,"key":"Kunai"},{"floor":28,"key":"Ancient Tea Set"},{"floor":41,"key":"Letter Opener"},{"floor":43,"key":"Orichalcum"},{"floor":48,"key":"Juzu Bracelet"}],"event_choices":[{"damage_healed":0,"gold_gain":0,"cards_transformed":["Strike_G"],"player_choice":"Change","damage_taken":0,"max_hp_gain":0,"max_hp_loss":0,"event_name":"Living Wall","floor":5,"gold_loss":0,"cards_obtained":["Malaise"]},{"damage_healed":0,"gold_gain":0,"player_choice":"Success","damage_taken":5,"relics_obtained":["Vajra"],"max_hp_gain":0,"max_hp_loss":0,"event_name":"Scrap Ooze","floor":8,"gold_loss":0},{"damage_healed":0,"gold_gain":0,"player_choice":"Ignored","damage_taken":0,"max_hp_gain":0,"max_hp_loss":0,"event_name":"Liars Game","floor":12,"gold_loss":0},{"damage_healed":0,"gold_gain":0,"player_choice":"Ignored","damage_taken":0,"max_hp_gain":0,"max_hp_loss":0,"event_name":"Vampires","floor":19,"gold_loss":0},{"cards_removed":["Strike_G"],"damage_healed":0,"gold_gain":0,"player_choice":"Purged","damage_taken":0,"max_hp_gain":0,"max_hp_loss":0,"event_name":"Purifier","floor":21,"gold_loss":0},{"damage_healed":0,"gold_gain":0,"player_choice":"Obtain J.A.X.","damage_taken":0,"max_hp_gain":0,"max_hp_loss":0,"event_name":"Drug Dealer","floor":31,"gold_loss":0,"cards_obtained":["J.A.X."]},{"cards_removed":["Accuracy"],"damage_healed":0,"gold_gain":0,"player_choice":"Removed Power","damage_taken":0,"max_hp_gain":0,"max_hp_loss":0,"event_name":"Falling","floor":39,"gold_loss":0},{"damage_healed":0,"gold_gain":0,"player_choice":"Paid","damage_taken":0,"relics_obtained":["Red Mask"],"max_hp_gain":0,"max_hp_loss":0,"event_name":"Tomb of Lord Red Mask","floor":44,"gold_loss":6},{"damage_healed":0,"gold_gain":0,"player_choice":"Max HP","damage_taken":0,"max_hp_gain":0,"max_hp_loss":3,"event_name":"Winding Halls","floor":45,"gold_loss":0}],"is_beta":false,"boss_relics":[{"not_picked":["Empty Cage","Calling Bell"],"picked":"Ectoplasm"},{"not_picked":["Pandora\u0027s Box","HoveringKite"],"picked":"SacredBark"}],"items_purged_floors":[38],"is_endless":false,"potions_floor_spawned":[4,7,13,14,18,23,33,37],"killed_by":"Donu and Deca","ascension_level":20}}