{"host":"x5w9zppki4gdwvc7","time":1612906386,"event":{"mods":["AchievementEnabler","BaseMod","Colored Powertips","DeckTracker","Minty Spire (QoL Compilation)","SuperFastMode"],"gold_per_floor":[114,131,148,166,166,166,197,210,210,210,235,235,246,259,259,362,362,372,382,382,392,412,443,443,443,467,467,494,11,43,60,60,164,164,183,202,202,214,514,514,514],"floor_reached":40,"language":"ENG","playtime":1929,"items_purged":["Shame"],"score":657,"play_id":"e718e16e-9fc9-480a-87e5-98acba6556ce","local_time":"20210209223306","is_ascension_mode":true,"campfire_choices":[{"data":"Redo","floor":6,"key":"SMITH"},{"floor":10,"key":"REST"},{"data":"Zap","floor":15,"key":"SMITH"},{"floor":24,"key":"REST"},{"data":"Mind Blast","floor":32,"key":"SMITH"}],"circlet_count":0,"master_deck":["Strike_B","Strike_B","Strike_B","Strike_B","Defend_B","Defend_B","Defend_B","Defend_B+1","Zap+1","Dualcast","Dramatic Entrance","Barrage+1","Rebound","Redo+1","Coolheaded","Conserve Battery","Reinforced Body","Meteor Strike","Gash","Defragment","Ghostly","Ghostly","Ghostly","Ghostly","Gash","Conserve Battery+1","Core Surge","Necronomicurse","Gash","Defragment","Mind Blast+1","Swift Strike","Go for the Eyes","Streamline","Go for the Eyes","Gash","Beam Cell","Gash","Melter+1","All For One","Defragment+1","Madness","Madness","Gash+1"],"relics":["Cracked Core","White Beast Statue","Meat on the Bone","The Courier","Nuclear Battery","Blue Candle","Necronomicon","Bag of Preparation","Calipers","Lantern","Akabeko","Inserter","Old Coin"],"acts_visited":["Exordium","TheCity","TheBeyond"],"potions_floor_usage":[11,16,16,16,21,22,23,28,30,33,38,38],"damage_taken":[{"damage":0,"enemies":"Small Slimes","floor":1,"turns":2},{"damage":2,"enemies":"Jaw Worm","floor":2,"turns":3},{"damage":3,"enemies":"2 Louse","floor":3,"turns":2},{"damage":14,"enemies":"Exordium Wildlife","floor":4,"turns":5},{"damage":14,"enemies":"Gremlin Nob","floor":7,"turns":3},{"damage":12,"enemies":"Large Slime","floor":8,"turns":4},{"damage":25,"enemies":"Lagavulin","floor":11,"turns":6},{"damage":0,"enemies":"Gremlin Gang","floor":13,"turns":4},{"damage":4,"enemies":"Blue Slaver","floor":14,"turns":3},{"damage":23,"enemies":"Slime Boss","floor":16,"turns":11},{"damage":19,"enemies":"Shell Parasite","floor":18,"turns":7},{"damage":19,"enemies":"Spheric Guardian","floor":19,"turns":4},{"damage":22,"enemies":"Cultist and Chosen","floor":21,"turns":10},{"damage":0,"enemies":"Snecko","floor":22,"turns":5},{"damage":29,"enemies":"Book of Stabbing","floor":23,"turns":7},{"damage":6,"enemies":"Slavers","floor":28,"turns":7},{"damage":0,"enemies":"Gremlin Leader","floor":30,"turns":8},{"damage":0,"enemies":"Chosen and Byrds","floor":31,"turns":2},{"damage":4,"enemies":"Collector","floor":33,"turns":9},{"damage":0,"enemies":"3 Shapes","floor":35,"turns":2},{"damage":0,"enemies":"Orb Walker","floor":36,"turns":1},{"damage":38,"enemies":"Maw","floor":38,"turns":10},{"damage":35,"enemies":"Giant Head","floor":40,"turns":5}],"seed_played":"8201781708760870005","potions_obtained":[{"floor":7,"key":"FearPotion"},{"floor":8,"key":"GamblersBrew"},{"floor":11,"key":"Explosive Potion"},{"floor":13,"key":"Weak Potion"},{"floor":14,"key":"Swift Potion"},{"floor":16,"key":"DuplicationPotion"},{"floor":18,"key":"FairyPotion"},{"floor":19,"key":"FocusPotion"},{"floor":21,"key":"Strength Potion"},{"floor":22,"key":"Dexterity Potion"},{"floor":23,"key":"Energy Potion"},{"floor":28,"key":"Strength Potion"},{"floor":30,"key":"GamblersBrew"},{"floor":33,"key":"Ancient Potion"},{"floor":36,"key":"BlessingOfTheForge"},{"floor":38,"key":"Dexterity Potion"}],"is_trial":false,"path_per_floor":["M","M","M","M","?","R","E","M","T","R","E","?","M","M","R","B",null,"M","M","?","M","M","E","R","?","T","?","E","$","E","M","R","B",null,"M","M","?","M","?","E"],"character_chosen":"DEFECT","items_purchased":["Gash","Defragment","Mind Blast","Swift Strike","Go for the Eyes","Streamline","Go for the Eyes","Gash","Beam Cell"],"campfire_rested":2,"item_purchase_floors":[29,29,29,29,29,29,29,29,29],"current_hp_per_floor":[75,73,70,56,41,41,27,15,15,37,24,29,41,49,49,38,80,61,42,40,30,30,13,25,9,9,9,15,15,27,27,27,23,40,40,40,35,22,22,0,0],"gold":514,"neow_bonus":"RANDOM_COLORLESS","is_daily":false,"chose_seed":false,"campfire_upgraded":3,"win_rate":0.0,"timestamp":1612906386,"path_taken":["M","M","M","M","?","R","E","M","T","R","E","?","M","M","R","BOSS","M","M","?","M","M","E","R","?","T","?","E","$","E","?","R","BOSS","M","M","?","M","?","E"],"items_purchased_type":["Card","Card","Card","Card","Card","Card","Card","Card","Card"],"build_version":"2020-12-22","purchased_purges":1,"victory":false,"max_hp_per_floor":[75,75,75,75,75,75,75,75,75,75,75,80,80,80,80,80,80,80,80,40,40,40,40,40,40,40,40,40,40,40,40,40,40,40,40,40,40,40,40,40,40],"card_choices":[{"not_picked":["Purity","Dark Shackles"],"picked":"Dramatic Entrance","floor":0},{"not_picked":["Go for the Eyes","Stack"],"picked":"Barrage","floor":1},{"not_picked":["Machine Learning","Stack"],"picked":"Rebound","floor":2},{"not_picked":["Leap","Conserve Battery"],"picked":"Redo","floor":3},{"not_picked":["Go for the Eyes","Hologram"],"picked":"Coolheaded","floor":4},{"not_picked":["Darkness","Auto Shields"],"picked":"Conserve Battery","floor":7},{"not_picked":["Gash","Fusion"],"picked":"Reinforced Body","floor":8},{"not_picked":["Rebound","Turbo","Rip and Tear"],"picked":"SKIP","floor":11},{"not_picked":["Machine Learning","Beam Cell","Rip and Tear"],"picked":"SKIP","floor":13},{"not_picked":["Turbo","Consume","Doom and Gloom"],"picked":"SKIP","floor":14},{"not_picked":["Buffer","Amplify"],"picked":"Meteor Strike","floor":16},{"not_picked":["Go for the Eyes","Rebound"],"picked":"Gash","floor":18},{"not_picked":["Streamline","Stack+1"],"picked":"Defragment","floor":19},{"not_picked":["FTL","Barrage"],"picked":"Gash","floor":21},{"not_picked":["Rebound","Ball Lightning"],"picked":"Conserve Battery+1","floor":22},{"not_picked":["Redo","Go for the Eyes"],"picked":"Core Surge","floor":23},{"not_picked":["Stack","Steam Power","Buffer"],"picked":"SKIP","floor":28},{"not_picked":["Chill","Steam"],"picked":"Gash","floor":30},{"not_picked":["Cold Snap","Streamline"],"picked":"Melter+1","floor":31},{"not_picked":["Machine Learning","Buffer"],"picked":"All For One","floor":33},{"not_picked":["Beam Cell","Coolheaded","Darkness+1"],"picked":"SKIP","floor":35},{"not_picked":["Beam Cell+1","Darkness"],"picked":"Defragment+1","floor":36},{"not_picked":["Rebound","Reprogram+1"],"picked":"Gash+1","floor":38}],"player_experience":575186,"relics_obtained":[{"floor":7,"key":"White Beast Statue"},{"floor":9,"key":"Meat on the Bone"},{"floor":11,"key":"The Courier"},{"floor":23,"key":"Blue Candle"},{"floor":25,"key":"Necronomicon"},{"floor":26,"key":"Bag of Preparation"},{"floor":28,"key":"Lantern"},{"floor":30,"key":"Akabeko"}],"event_choices":[{"damage_healed":0,"gold_gain":0,"player_choice":"Entered Light","damage_taken":15,"max_hp_gain":0,"max_hp_loss":0,"event_name":"Shining Light","floor":5,"gold_loss":0,"cards_upgraded":["Barrage","Defend_B"]},{"damage_healed":0,"gold_gain":0,"player_choice":"Donut","damage_taken":0,"max_hp_gain":5,"max_hp_loss":0,"event_name":"Big Fish","floor":12,"gold_loss":0},{"damage_healed":0,"gold_gain":0,"player_choice":"Became a Ghost","damage_taken":0,"max_hp_gain":0,"max_hp_loss":40,"event_name":"Ghosts","floor":20,"gold_loss":0,"cards_obtained":["Ghostly","Ghostly","Ghostly","Ghostly","Ghostly"]},{"damage_healed":0,"gold_gain":0,"player_choice":"Obtained Book","damage_taken":16,"max_hp_gain":0,"max_hp_loss":0,"event_name":"Cursed Tome","floor":25,"gold_loss":0},{"damage_healed":0,"gold_gain":0,"player_choice":"Stole Relic","damage_taken":0,"relics_obtained":["Calipers"],"max_hp_gain":0,"max_hp_loss":0,"event_name":"Addict","floor":27,"gold_loss":0,"cards_obtained":["Shame"]},{"damage_healed":0,"gold_gain":0,"player_choice":"Embrace Madness","damage_taken":5,"max_hp_gain":0,"max_hp_loss":0,"event_name":"Winding Halls","floor":37,"gold_loss":0,"cards_obtained":["Madness","Madness"]},{"cards_removed":["Ghostly"],"damage_healed":0,"gold_gain":0,"player_choice":"Gave Card","damage_taken":0,"relics_obtained":["Old Coin"],"max_hp_gain":0,"max_hp_loss":0,"event_name":"WeMeetAgain","floor":39,"gold_loss":0}],"is_beta":false,"boss_relics":[{"not_picked":["Ectoplasm","Astrolabe"],"picked":"Nuclear Battery"},{"not_picked":["Sozu","Black Star"],"picked":"Inserter"}],"items_purged_floors":[29],"is_endless":false,"potions_floor_spawned":[7,8,11,13,14,16,18,19,21,22,23,28,30,31,33,35,36,38],"killed_by":"Giant Head","ascension_level":4}}