{"host":"52lujqhsyicpcskq","time":1612887788,"event":{"mods":["BaseMod","Colored Map","Minty Spire (QoL Compilation)","Permanent Neow","StSLib","SuperFastMode","everything is the same but u backflip on backflip"],"gold_per_floor":[110,121,140,158,171,190,190,219,219,219,219,219,219,231,231,305,305,323,323,323,5,23,23,50,50,103,120,120,120,50,79,79,79,79],"floor_reached":33,"language":"KOR","playtime":940,"items_purged":["Defend_G"],"score":495,"play_id":"87f44c39-469c-48b9-a01d-022193606529","local_time":"20210210012308","is_ascension_mode":true,"campfire_choices":[{"data":"Glass Knife","floor":7.0,"key":"SMITH"},{"data":"Neutralize","floor":10.0,"key":"SMITH"},{"data":"Dagger Spray","floor":12,"key":"SMITH"},{"data":"Endless Agony","floor":15,"key":"SMITH"},{"data":"Dagger Spray","floor":23,"key":"SMITH"},{"data":"PiercingWail","floor":25,"key":"SMITH"},{"data":"Venomology","floor":32,"key":"SMITH"}],"circlet_count":0,"master_deck":["AscendersBane","Defend_G","Defend_G","Defend_G","Defend_G","Survivor","Neutralize+1","Quick Slash+1","PiercingWail+1","Glass Knife+1","Dagger Spray+1","Dagger Spray+1","Slice","Dash","Endless Agony+1","Corpse Explosion","Expertise","Bite","Bite","Bite","Bite","Bite","PiercingWail","Backstab","Footwork","Footwork","Venomology+1"],"relics":["Ring of the Snake","Juzu Bracelet","Akabeko","InkBottle","SacredBark","Eternal Feather","Bag of Marbles","Nloth\u0027s Gift","Mummified Hand"],"acts_visited":["Exordium","TheCity"],"potions_floor_usage":[16,22,24,31,33],"damage_taken":[{"damage":1.0,"enemies":"Small Slimes","floor":1.0,"turns":4.0},{"damage":1.0,"enemies":"2 Louse","floor":2.0,"turns":2.0},{"damage":0.0,"enemies":"Cultist","floor":3.0,"turns":4.0},{"damage":11.0,"enemies":"Large Slime","floor":4.0,"turns":8.0},{"damage":12.0,"enemies":"Exordium Thugs","floor":5.0,"turns":6.0},{"damage":0.0,"enemies":"3 Louse","floor":6.0,"turns":2.0},{"damage":2.0,"enemies":"3 Sentries","floor":8.0,"turns":4.0},{"damage":0,"enemies":"Exordium Wildlife","floor":14,"turns":2},{"damage":4,"enemies":"Slime Boss","floor":16,"turns":7},{"damage":0,"enemies":"Chosen","floor":18,"turns":4},{"damage":0,"enemies":"2 Thieves","floor":22,"turns":2},{"damage":9,"enemies":"Gremlin Leader","floor":24,"turns":4},{"damage":0,"enemies":"Snake Plant","floor":27,"turns":1},{"damage":26,"enemies":"Book of Stabbing","floor":31,"turns":7},{"damage":28,"enemies":"Champ","floor":33,"turns":6}],"seed_played":"-2462686169840062219","potions_obtained":[{"floor":3.0,"key":"PowerPotion"},{"floor":4.0,"key":"Strength Potion"},{"floor":8.0,"key":"Energy Potion"},{"floor":16,"key":"Strength Potion"},{"floor":24,"key":"ColorlessPotion"},{"floor":27,"key":"SkillPotion"}],"is_trial":false,"path_per_floor":["M","M","M","M","M","M","R","E","T","R","?","R","?","M","R","B",null,"M","?","?","$","M","R","E","R","T","M","?","?","$","E","R","B"],"character_chosen":"THE_SILENT","items_purchased":["Eternal Feather","Footwork"],"campfire_rested":0,"item_purchase_floors":[21,30],"current_hp_per_floor":[62,61,61,50,38,38,38,36,36,36,36,36,36,36,36,32,61,61,49,49,49,49,49,40,49,49,49,49,49,49,27,42,24,24],"gold":79,"neow_bonus":"RANDOM_COMMON_RELIC","is_daily":false,"chose_seed":false,"campfire_upgraded":7,"win_rate":0.0,"timestamp":1612887788,"path_taken":["M","M","M","M","M","M","R","E","T","R","?","R","?","M","R","BOSS","M","?","?","$","M","R","E","R","T","M","?","?","$","E","R","BOSS"],"items_purchased_type":["Relic","Card"],"build_version":"2020-12-22","purchased_purges":1,"victory":false,"max_hp_per_floor":[70,70,70,70,70,70,70,70,70,70,70,70,70,70,70,70,70,70,49,49,49,49,49,49,49,49,49,49,49,49,49,49,49,49],"card_choices":[{"not_picked":["Backflip","Reflex"],"picked":"Quick Slash","floor":1.0},{"not_picked":["Setup","Prepared"],"picked":"PiercingWail","floor":2.0},{"not_picked":["Sucker Punch","Setup"],"picked":"Glass Knife","floor":3.0},{"not_picked":["Calculated Gamble","Sucker Punch"],"picked":"Dagger Spray","floor":4.0},{"not_picked":["Choke","Deflect"],"picked":"Dagger Spray","floor":5.0},{"not_picked":["Acrobatics","Riddle With Holes"],"picked":"Slice","floor":6.0},{"not_picked":["Deadly Poison","Dodge and Roll"],"picked":"Dash","floor":8.0},{"not_picked":["Underhanded Strike","Flechettes"],"picked":"Endless Agony","floor":14},{"not_picked":["Storm of Steel","Grand Finale"],"picked":"Corpse Explosion","floor":16},{"not_picked":["Quick Slash","Calculated Gamble"],"picked":"Expertise","floor":18},{"not_picked":["Cloak And Dagger","Deadly Poison"],"picked":"Backstab","floor":22},{"not_picked":["Riddle With Holes","Tactician","Endless Agony"],"picked":"SKIP","floor":24},{"not_picked":["Backstab","Acrobatics"],"picked":"Footwork","floor":27},{"not_picked":["PiercingWail","Predator"],"picked":"Venomology","floor":31}],"player_experience":775443,"relics_obtained":[{"floor":8.0,"key":"Akabeko"},{"floor":9.0,"key":"InkBottle"},{"floor":24,"key":"Blue Candle"},{"floor":26,"key":"Bag of Marbles"},{"floor":31,"key":"Mummified Hand"}],"event_choices":[{"damage_healed":0,"gold_gain":0,"player_choice":"Fled","damage_taken":0,"max_hp_gain":0,"max_hp_loss":0,"event_name":"Scrap Ooze","floor":11,"gold_loss":0},{"damage_healed":0,"gold_gain":0,"player_choice":"Grow","damage_taken":0,"max_hp_gain":0,"max_hp_loss":0,"event_name":"Living Wall","floor":13,"gold_loss":0,"cards_upgraded":["Quick Slash"]},{"damage_healed":0,"gold_gain":0,"player_choice":"Became a vampire","damage_taken":0,"max_hp_gain":0,"max_hp_loss":21,"event_name":"Vampires","floor":19,"gold_loss":0,"cards_obtained":["Bite","Bite","Bite","Bite","Bite"]},{"damage_healed":0,"gold_gain":0,"player_choice":"Copied","damage_taken":0,"max_hp_gain":0,"max_hp_loss":0,"event_name":"Duplicator","floor":20,"gold_loss":0,"cards_obtained":["PiercingWail"]},{"damage_healed":0,"gold_gain":0,"player_choice":"Ignored","damage_taken":0,"max_hp_gain":0,"max_hp_loss":0,"event_name":"Ghosts","floor":28,"gold_loss":0},{"damage_healed":0,"gold_gain":0,"player_choice":"Traded Relic","damage_taken":0,"relics_obtained":["Nloth\u0027s Gift"],"max_hp_gain":0,"max_hp_loss":0,"event_name":"N\u0027loth","floor":29,"relics_lost":["Blue Candle"],"gold_loss":0}],"is_beta":false,"boss_relics":[{"not_picked":["Astrolabe","Runic Pyramid"],"picked":"SacredBark"}],"items_purged_floors":[21],"is_endless":false,"potions_floor_spawned":[3,4,5,8,16,24,27],"killed_by":"Champ","ascension_level":13}}