{"host":"onjcd8pn3ar4eq0z","time":1612852179,"event":{"mods":["2.2 Compatiblity","AchievementEnabler","Act Like it!","Aspiration","BaseMod","Bestiary","Better Note","Better Third Choice","BetterRewards","CapriCore","ChefMod","Colored Map","Colored Powertips","Conspire","Curses Come First","Downfall","Friendly Minions","Gensokyo","GifTheSpireLib","Gremlin Mod","Hallownest","Hermit","Highlight Path","Hubris","Infinite Spire","Jorbs\u0027s Wanderer Trilogy","Koishi","Lobotomy","LobotomyExtend","Marisa????????","Mimic Mod","Minty Spire (QoL Compilation)","Pale of the Ancients","Potionbrewer","Practice Mode","Relic Sorter","Reliquary","Remilia??????","Replay The Spire","Shop Mod","Spicy Shops","StSLib","Synergy Search","The Administrix","The Animator","The Blue Laboratory","The Bug Knight","The Construct","The Cursed","The Disciple","The Gatherer","The Hierophant","The Immortal","The Mystic","The Necromancer","The Runesmith","The Sage","The Servant 0.9.4","TheBandit","TheSwordswoman","Waifu the Spire","Wandering Minibosses","Yuyuko","noobMod"],"gold_per_floor":[99,112,127,127,227,257,282,292,311,311,342,112,131,146,146,241,241,241,256,19,19,35,55,55,55,55,75,75,93,93,106,125,229,229,229,62,80,80,117,117,117,117,151,165,52,52,52,52,52,69,87,87],"floor_reached":53,"language":"ENG","playtime":6566,"items_purged":["downfall:Haunted"],"score":874,"play_id":"cfe38937-d66a-4d2e-9a69-3c38f996630e","local_time":"20210209002939","is_ascension_mode":false,"campfire_choices":[{"floor":18,"key":"DIG"},{"data":"ReplayTheSpireMod:Book of Names","floor":35,"key":"SMITH"},{"data":"champ:GladiatorStyle","floor":46,"key":"SMITH"},{"data":"Rampage","floor":49,"key":"SMITH"}],"circlet_count":0,"master_deck":["champ:Strike","champ:Strike","champ:Strike","champ:Strike","champ:Defend","champ:Defend+1","champ:Defend","champ:Defend","champ:Execute","champ:Taunt","champ:Parry","champ:CrownThrow","downfall:Haunted","stsjorbsmod:Withering","champ:UltimateStance","Languid","ReplayTheSpireMod:Restless Dread","champ:SkillfulDodge","champ:EnGarde","champ:GutPunch","champ:StrikeOfGenius+1","champ:FanOfKnives","champ:StanceDance","champ:PreciseThrust","champ:DefensiveShout+1","champ:Backstep","champ:PerfectedStrike","champ:CheapShot","champ:FlashCut","ReplayTheSpireMod:Limb From Limb","champ:FancyFootwork","champ:Duel","ReplayTheSpireMod:Stacked","hexamod:Sear+1","Gluttony_TH","champ:SetATrap","downfall:Bewildered","ReplayTheSpireMod:Strike From Hell","Thunderclap","hubris:SharpeningStone+1","Reaper","Rampage+1","hubris:DuctTapeCard","champ:CrownThrow+1","champ:PerfectedStrike+1","champ:DeathBlow+1","Sever Soul+1","Thunderclap","champ:GladiatorStyle+1","Parasite","Headbutt+1","Fire Breathing+1"],"relics":["champ:ChampionCrown","hubris:Icosahedron","ice","LetterFromLob","Du-Vu Doll","PreservedInsect","reliquary:Knoch","champ:LiftRelic","Ice Cream","aspiration:IroncladSkillbook","HollowMod:PaleOreRelic","Potion Belt","potionbrewer:WarMedal","sneckomod:BabySnecko","wanderingMiniBosses:OtherGremlinHorn","aspiration:PoetsPen_weak","hubris:DuctTape","Bottled Tornado","Pondfish Scales","Chameleon Ring","infinitespire:Beetle Shell"],"acts_visited":["Exordium","TheCity","TheBeyond"],"potions_floor_usage":[16,29,31,33,52],"damage_taken":[{"damage":13,"enemies":"2 Louse","floor":2,"turns":3},{"damage":20,"enemies":"Small Slimes","floor":3,"turns":4},{"damage":42,"enemies":"Lagavulin","floor":6,"turns":6},{"damage":4,"enemies":"Jaw Worm","floor":8,"turns":4},{"damage":7,"enemies":"Blue Slaver","floor":9,"turns":3},{"damage":26,"enemies":"3 Sentries","floor":11,"turns":6},{"damage":15,"enemies":"downfall:FleeingMerchant","floor":12,"turns":4},{"damage":17,"enemies":"Large Slime","floor":13,"turns":4},{"damage":5,"enemies":"Gremlin Gang","floor":14,"turns":3},{"damage":24,"enemies":"SI_SHIV_ARCHETYPE","floor":16,"turns":8},{"damage":17,"enemies":"Spheric Guardian","floor":19,"turns":3},{"damage":13,"enemies":"downfall:FleeingMerchant","floor":20,"turns":5},{"damage":41,"enemies":"Shell Parasite","floor":22,"turns":6},{"damage":15,"enemies":"Snake Plant","floor":23,"turns":4},{"damage":25,"enemies":"Shelled Parasite and Fungi","floor":27,"turns":5},{"damage":24,"enemies":"Snecko","floor":29,"turns":6},{"damage":2,"enemies":"Centurion and Healer","floor":31,"turns":3},{"damage":0,"enemies":"Sentry and Sphere","floor":32,"turns":1},{"damage":20,"enemies":"DF_ARCHETYPE_CLAW","floor":33,"turns":6},{"damage":0,"enemies":"downfall:FleeingMerchant","floor":36,"turns":1},{"damage":7,"enemies":"Orb Walker","floor":37,"turns":2},{"damage":0,"enemies":"3 Darklings","floor":39,"turns":3},{"damage":7,"enemies":"Reptomancer","floor":43,"turns":2},{"damage":0,"enemies":"3 Darklings","floor":44,"turns":2},{"damage":25,"enemies":"Writhing Mass","floor":50,"turns":3},{"damage":13,"enemies":"Jaw Worm Horde","floor":51,"turns":2},{"damage":43,"enemies":"WA_ARCHETYPE_DIVINITY","floor":52,"turns":6}],"seed_played":"4364689240948379874","potions_obtained":[{"floor":1,"key":"Elixir"},{"floor":1,"key":"SmokeBomb"},{"floor":2,"key":"Swift Potion"},{"floor":11,"key":"Dexterity Potion"},{"floor":13,"key":"potionbrewer:AcidPotion"},{"floor":27,"key":"potionbrewer:BlacksmithPotion"},{"floor":29,"key":"potionbrewer:CleansingPotion"},{"floor":32,"key":"champ:TechniquePotion"},{"floor":33,"key":"Guardian:BlockOnCardUsePotion"},{"floor":43,"key":"Block Potion"},{"floor":44,"key":"EntropicBrew"}],"is_trial":false,"path_per_floor":["R_BF","M","M","?","?","E","T","M","M","?","E","$","M","M","M","B",null,"R_BF","M","$","?","M","M","T","?","?","M","?","M","AVR","M","M","B",null,"R","$","M","?","MIM","?","T","?","E","M","$","R","PTL","PTL","R","M","M","B",null],"character_chosen":"THE_CHAMP","items_purchased":["champ:StanceDance","champ:PreciseThrust","champ:DefensiveShout+1","ReplayTheSpireMod:Limb From Limb","Potion Belt","hubris:DuctTape","Bottled Tornado","Thunderclap","champ:GladiatorStyle"],"campfire_rested":0,"item_purchase_floors":[12,12,12,20,20,36,36,45,45],"current_hp_per_floor":[99,96,86,86,91,64,64,70,63,63,52,47,45,45,45,46,104,104,104,104,104,67,61,61,61,76,60,60,50,50,52,56,40,119,119,119,119,119,119,119,119,119,116,119,119,119,119,119,119,119,119,85],"gold":87,"neow_bonus":"TEN_PERCENT_HP_BONUS","is_daily":false,"chose_seed":false,"campfire_upgraded":3,"win_rate":0.0,"timestamp":1612852179,"path_taken":["R_BF","M","M","?","?","E","T","M","M","?","E","?","M","M","M","BOSS","R_BF","M","$","?","?","M","T","?","?","M","?","M","AVR","M","M","BOSS","R","$","M","?","?","?","T","?","E","M","?","R","PTL","PTL","R","?","M","BOSS"],"items_purchased_type":["Card","Card","Card","Card","Relic","Relic","Relic","Card","Card"],"build_version":"2020-12-22","purchased_purges":1,"victory":true,"max_hp_per_floor":[99,99,99,99,104,104,104,104,104,104,104,104,104,104,104,104,104,104,104,104,104,104,104,104,104,119,119,119,119,119,119,119,119,119,119,119,119,119,119,119,119,119,119,119,119,119,119,119,119,119,119,119],"card_choices":[{"not_picked":["champ:DeathBlow","champ:RapidStrikes"],"picked":"champ:Parry","floor":2},{"not_picked":["champ:Encircle","champ:Haymaker"],"picked":"champ:CrownThrow","floor":3},{"not_picked":["champ:GladiatorForm","champ:RapidStrikes"],"picked":"champ:SkillfulDodge","floor":6},{"not_picked":["champ:AdrenalArmor","champ:SetATrap"],"picked":"champ:EnGarde","floor":8},{"not_picked":["champ:PerfectedStrike","champ:CrookedStrike"],"picked":"champ:GutPunch","floor":9},{"not_picked":["champ:FocusedBerserking","champ:DefensiveShout"],"picked":"champ:StrikeOfGenius","floor":11},{"not_picked":["champ:Haymaker","champ:DefensiveShout"],"picked":"champ:FanOfKnives","floor":12},{"not_picked":["champ:Haymaker","champ:Shatter"],"picked":"champ:Backstep","floor":13},{"not_picked":["champ:SetATrap","champ:BladeFlurry"],"picked":"champ:PerfectedStrike","floor":14},{"not_picked":["champ:MurderStrike","champ:SwordThrow"],"picked":"champ:CheapShot","floor":16},{"not_picked":["champ:Circumvent","champ:CrownThrow","Infernal Blade"],"picked":"champ:FlashCut","floor":19},{"not_picked":["Disarm","Intimidate","Headbutt"],"picked":"Life Link+1","floor":20},{"not_picked":["Clothesline+1","champ:FocusedBerserking+1","hubris:CleavingFinish+1"],"picked":"champ:Duel","floor":22},{"not_picked":["Flex","Pommel Strike","Entrench"],"picked":"ReplayTheSpireMod:Stacked","floor":23},{"not_picked":["Carnage","champ:TornadoPunch","champ:AdrenalArmor"],"picked":"champ:SetATrap","floor":27},{"not_picked":["Havoc","champ:CrownThrow","champ:BringItOn"],"picked":"ReplayTheSpireMod:Strike From Hell","floor":29},{"not_picked":["champ:Haymaker","Searing Blow","champ:Encircle"],"picked":"Thunderclap","floor":31},{"not_picked":["Armaments","Power Through","champ:AdrenalArmor"],"picked":"hubris:SharpeningStone","floor":32},{"not_picked":["champ:DancingMaster","Corruption","Juggernaut"],"picked":"Reaper","floor":33},{"not_picked":["Thunderclap+1","champ:PerfectedStrike","champ:BringItOn"],"picked":"Rampage","floor":36},{"not_picked":["Wild Strike+1","champ:BerserkersShout+1","champ:Lariat+1"],"picked":"champ:CrownThrow+1","floor":37},{"not_picked":["Fire Breathing","champ:BerserkersShout+1","Blood for Blood+1"],"picked":"champ:PerfectedStrike+1","floor":39},{"not_picked":["Ghostly Armor","Whirlwind+1","champ:FancyFootwork+1"],"picked":"champ:DeathBlow+1","floor":43},{"not_picked":["champ:GutPunch+1","champ:EnragedBash","Thunderclap+1"],"picked":"Sever Soul+1","floor":44},{"not_picked":["champ:EndlessRage+1","champ:ShieldSlam+1","Wild Strike"],"picked":"Headbutt+1","floor":50},{"not_picked":["Shrug It Off","champ:TornadoPunch","Carnage"],"picked":"Fire Breathing+1","floor":51}],"player_experience":515450,"relics_obtained":[{"floor":2,"key":"LetterFromLob"},{"floor":6,"key":"PreservedInsect"},{"floor":7,"key":"reliquary:Knoch"},{"floor":11,"key":"Ice Cream"},{"floor":18,"key":"HollowMod:PaleOreRelic"},{"floor":24,"key":"potionbrewer:WarMedal"},{"floor":29,"key":"wanderingMiniBosses:OtherGremlinHorn"},{"floor":39,"key":"Pondfish Scales"},{"floor":41,"key":"Chameleon Ring"},{"floor":43,"key":"infinitespire:Beetle Shell"}],"event_choices":[{"cards_removed":["Life Link"],"damage_healed":0,"gold_gain":0,"player_choice":"Take \u0026 Give","damage_taken":0,"max_hp_gain":0,"max_hp_loss":0,"event_name":"betterNote:BetterNote","floor":25,"gold_loss":0,"cards_obtained":["hexamod:Sear"]}],"is_beta":false,"boss_relics":[{"not_picked":["hubris:GrandSneckoEye","Coffee Dripper"],"picked":"aspiration:IroncladSkillbook"},{"not_picked":["SlaversCollar","reliquary:KinkedSpring"],"picked":"aspiration:PoetsPen_weak"}],"items_purged_floors":[12],"is_endless":false,"potions_floor_spawned":[2,11,13,14,27,29,32,33,43,44,50],"ascension_level":0}}