{"host":"vc9y6l13pl00cmhf","time":1612871857,"event":{"mods":["Act Like it!","BaseMod","Colored Map","Colored Powertips","DeckTracker","Energized Spire","Filter the Spire","Hallownest","Hermit","Hubris","Infinite Spire","Minty Spire (QoL Compilation)","Quick Restart","Replay The Spire","Shop Mod","StSLib","The Animator","The Bug Knight","The Forsaken","The Jungle"],"gold_per_floor":[112,123,123,48,48,75,85,119,119,119,19,19,19,19,19,122,122,133,133,144,144,144,175,190,190,190,37,51,89,89,103,103,216,228,254,280,280,280,295,71,71,96,144,144,171,171,171,195,195,239,239,424,424,424,439,447,447,396,403,403,367,367],"floor_reached":61,"language":"ENG","playtime":5159,"items_purged":["HollowMod:QuickDashStart","HollowMod:NailStrikeStart","animator:Curse_Greed","animator:Curse_GriefSeed","Injury","HollowMod:QuickDashStart","Hallownest:curseDreamersLament","HollowMod:DoubleDash+1"],"score":915,"play_id":"519ac20e-a5f5-46ec-ae68-d87d8ced5560","local_time":"20210209045737","is_ascension_mode":false,"campfire_choices":[{"floor":10,"key":"RECALL"},{"data":"HollowMod:LifebloodCocoon","floor":12,"key":"SMITH"},{"floor":15,"key":"DIG"},{"data":"ReplayTheSpireMod:Restless Dread","floor":25,"key":"PURGE"},{"floor":32,"key":"DIG"},{"data":"HollowMod:QuickDashStart","floor":44,"key":"PURGE"},{"data":"HollowMod:NailStrikeStart","floor":60,"key":"PURGE"}],"circlet_count":0,"master_deck":["HollowMod:NailStrikeStart","HollowMod:NailStrikeStart","HollowMod:FocusHealStart","HollowMod:PogoStrike+1","HollowMod:SoulSplash","HollowMod:CloakDash+1","HollowMod:LifebloodCocoon+1","HollowMod:SiblingsSouls","HollowMod:MothsMistake+1","HollowMod:Weaversong","Replay:Fractal Strike","HollowMod:ChannelNail+1","HollowMod:SlysStrikes","HollowMod:Grubsong","HollowMod:CloakDash","HollowMod:SlysStrikes","HollowMod:BrokenVessel","HollowMod:NewGlowingWomb+1","infinitespire:Collect","HollowMod:Weaversong","HollowMod:HuntersJournal"],"relics":["HollowMod:VesselMask","Potion Belt","ReplayTheSpireMod:Ninjato","Replay:Ancient Bell","Orichalcum","Iron Hammer","Thread and Needle","Peace Pipe","FossilizedHelix","ReplayTheSpireMod:Ring of Sloth","Ring of Peace","hubris:Icosahedron","Regal Pillow","Dream Catcher","MerchantsRug","Strawberry","Juzu Bracelet","infinitespire:Bottled Soul","Gremlin Food","Hallownest:KingsIdolRelic","Hallownest:BeastSealRelic","Replay:Bandana","Busted Crown","Centennial Puzzle","infinitespire:CursedDice","Bag of Marbles"],"acts_visited":["Exordium","TheCity","Hallownest:KingdomsEdge","Hallownest:Greenpath"],"potions_floor_usage":[31],"damage_taken":[{"damage":0,"enemies":"Jaw Worm","floor":1,"turns":4},{"damage":0,"enemies":"Cultist","floor":2,"turns":3},{"damage":25,"enemies":"3 Sentries","floor":6,"turns":7},{"damage":0,"enemies":"Small Slimes","floor":7,"turns":3},{"damage":26,"enemies":"Lagavulin","floor":8,"turns":7},{"damage":20,"enemies":"HollowMod:FalseKnight","floor":16,"turns":7},{"damage":0,"enemies":"Chosen","floor":18,"turns":3},{"damage":0,"enemies":"Shell Parasite","floor":20,"turns":4},{"damage":10,"enemies":"Nightmare","floor":23,"turns":8},{"damage":0,"enemies":"Centurion and Healer","floor":24,"turns":6},{"damage":0,"enemies":"Cultist and Chosen","floor":28,"turns":4},{"damage":0,"enemies":"Snecko","floor":31,"turns":4},{"damage":0,"enemies":"Automaton","floor":33,"turns":3},{"damage":0,"enemies":"Hallownest:Shield_Heavy","floor":35,"turns":4},{"damage":0,"enemies":"Hallownest:2_Littles","floor":39,"turns":5},{"damage":0,"enemies":"Hallownest:eliteHiveKnight","floor":42,"turns":3},{"damage":0,"enemies":"Hallownest:monsterPrimalAspid","floor":50,"turns":2},{"damage":10,"enemies":"Hallownest:BossGreyPrinceZote","floor":52,"turns":1},{"damage":2,"enemies":"Hallownest:2_Tiktiks_and_1_Crawlid","floor":54,"turns":2},{"damage":0,"enemies":"Hallownest:monsterHuskWarrior","floor":55,"turns":1},{"damage":0,"enemies":"Hallownest:2_MossCreeps","floor":56,"turns":1},{"damage":0,"enemies":"Hallownest:MossCreep_and_Mosskin","floor":58,"turns":3},{"damage":0,"enemies":"Hallownest:eliteCrystalGuardian","floor":59,"turns":2},{"damage":79,"enemies":"Nightmare","floor":61,"turns":6}],"seed_played":"4433975730656832463","potions_obtained":[{"floor":7,"key":"LifebloodPotion"},{"floor":8,"key":"BlessingOfTheForge"},{"floor":20,"key":"BlessingOfTheForge"},{"floor":24,"key":"PowerPotion"},{"floor":28,"key":"DuplicationPotion"},{"floor":39,"key":"Elixir"},{"floor":54,"key":"Explosive Potion"},{"floor":55,"key":"Energy Potion"}],"is_trial":false,"path_per_floor":["M","M","?","$","?","E","M","E","T","R","$","R","?","$","R_BF","B",null,"M","AVR","M","?","?","NM","M","R","T","$","M","$","?","M","R_BF","B",null,"M","$","PTL","PTL","M","$","?","E","?","R","T","?","?","T","AVR","M","R_BF","B",null,"M","M","M","AVR","M","E","R","NM"],"character_chosen":"THE_BUGKNIGHT","items_purchased":["MerchantsRug","HollowMod:CloakDash"],"campfire_rested":0,"item_purchase_floors":[27,40],"current_hp_per_floor":[75,75,75,75,75,60,66,52,52,52,52,52,52,52,52,44,75,75,75,75,75,75,65,71,71,71,71,75,75,82,82,82,82,82,82,82,82,82,82,82,82,82,62,62,62,62,62,62,62,74,74,76,77,75,75,77,77,77,77,77,0,0],"gold":367,"neow_bonus":"REMOVE_CARD","is_daily":false,"chose_seed":false,"campfire_upgraded":1,"win_rate":0.0,"timestamp":1612871857,"path_taken":["M","M","?","$","?","E","?","E","T","R","$","R","?","$","R_BF","BOSS","M","AVR","M","?","?","NM","M","R","T","$","M","?","?","?","R_BF","BOSS","M","$","PTL","PTL","M","$","?","E","?","R","T","?","?","?","AVR","M","R_BF","BOSS","M","M","M","AVR","M","E","R","NM"],"items_purchased_type":["Relic","Card"],"build_version":"2020-12-22","purchased_purges":8,"victory":false,"max_hp_per_floor":[75,75,75,75,75,75,75,75,75,75,75,75,75,75,75,75,75,75,75,75,75,75,75,75,75,75,75,75,75,82,82,82,82,82,82,82,82,82,82,82,82,82,82,82,82,82,82,82,82,82,77,77,77,77,77,77,77,77,77,77,77,77],"card_choices":[{"not_picked":["HollowMod:CornifersMapStart","HollowMod:SoulStrike"],"picked":"HollowMod:SoulSplash","floor":1},{"not_picked":["HollowMod:ChannelNail","HollowMod:FastStrike"],"picked":"HollowMod:CloakDash","floor":2},{"not_picked":["HollowMod:FallenFury","HollowMod:LifebloodCore"],"picked":"HollowMod:LifebloodCocoon","floor":6},{"not_picked":["HollowMod:CrystalDash","HollowMod:SharpenedNail"],"picked":"HollowMod:SiblingsSouls","floor":7},{"not_picked":["HollowMod:CloakDash","HollowMod:LifebloodCocoon"],"picked":"HollowMod:MothsMistake","floor":8},{"not_picked":["HollowMod:Hiveblood","HollowMod:AwokenDreamNail"],"picked":"HollowMod:Weaversong","floor":16},{"not_picked":["Regret","infinitespire:Pacifist"],"picked":"animator:Curse_GriefSeed","floor":17},{"not_picked":["hubris:Gluttony","ReplayTheSpireMod:Doomed"],"picked":"animator:Curse_Greed","floor":17},{"not_picked":["hubris:Despair","hubris:Compulsion"],"picked":"Injury","floor":17},{"not_picked":["HollowMod:VengefulSpirit+1","HollowMod:DungDefenderAura"],"picked":"HollowMod:DoubleDash+1","floor":18},{"not_picked":["HollowMod:DoubleDash","HollowMod:InfectedAttack+1"],"picked":"HollowMod:ChannelNail+1","floor":20},{"not_picked":["HollowMod:VengefulVoid+1","HollowMod:GoodIntentions","HollowMod:SoulSplash"],"picked":"SKIP","floor":23},{"not_picked":["HollowMod:HeavyBlow","HollowMod:NewLittleFool+1","HollowMod:CornifersMapStart+1"],"picked":"SKIP","floor":24},{"not_picked":["HollowMod:DashSlash","HollowMod:VengefulVoid","HollowMod:DoubleDash+1"],"picked":"SKIP","floor":28},{"not_picked":["HollowMod:InfectedAttack+1","HollowMod:GoodIntentions+1","HollowMod:HeavyBlow"],"picked":"SKIP","floor":31},{"not_picked":["HollowMod:LordofShades","HollowMod:LifebloodCore"],"picked":"HollowMod:SlysStrikes","floor":33},{"not_picked":["HollowMod:InfectedCysts","HollowMod:GreatSlash+1","HollowMod:SoulStrike"],"picked":"SKIP","floor":35},{"not_picked":["HollowMod:CornifersMapStart","HollowMod:CycloneSlash"],"picked":"HollowMod:Grubsong","floor":39},{"not_picked":["HollowMod:QuirrelsAssistance+1","HollowMod:HeavyBlow"],"picked":"HollowMod:SlysStrikes","floor":42},{"not_picked":["HollowMod:CornifersMapStart+1","HollowMod:GrimmsGift+1"],"picked":"HollowMod:BrokenVessel","floor":43},{"not_picked":["HollowMod:SiblingsSouls","HollowMod:WraithStrike"],"picked":"HollowMod:NewGlowingWomb+1","floor":43},{"not_picked":["HollowMod:MawleksShell"],"picked":"SKIP","floor":50},{"not_picked":[],"picked":"HollowMod:Weaversong","floor":52},{"not_picked":[],"picked":"HollowMod:HuntersJournal","floor":54},{"not_picked":["HollowMod:TaintedHusks"],"picked":"SKIP","floor":55},{"not_picked":["HollowMod:SoulSplash"],"picked":"SKIP","floor":56},{"not_picked":["HollowMod:DoubleDash"],"picked":"SKIP","floor":58},{"not_picked":["HollowMod:CycloneSlash"],"picked":"SKIP","floor":59}],"player_experience":52379,"relics_obtained":[{"floor":6,"key":"Potion Belt"},{"floor":8,"key":"ReplayTheSpireMod:Ninjato"},{"floor":15,"key":"infinitespire:Satchel"},{"floor":21,"key":"ReplayTheSpireMod:Ring of Sloth"},{"floor":21,"key":"Ring of Peace"},{"floor":23,"key":"Regal Pillow"},{"floor":26,"key":"Dream Catcher"},{"floor":32,"key":"MawBank"},{"floor":42,"key":"Juzu Bracelet"},{"floor":43,"key":"infinitespire:Bottled Soul"},{"floor":45,"key":"Gremlin Food"},{"floor":48,"key":"Replay:Bandana"},{"floor":59,"key":"Bag of Marbles"}],"event_choices":[{"damage_healed":0,"gold_gain":0,"player_choice":"Upgraded","damage_taken":0,"max_hp_gain":0,"max_hp_loss":0,"event_name":"Upgrade Shrine","floor":5,"gold_loss":0,"cards_upgraded":["HollowMod:PogoStrike"]},{"damage_healed":0,"gold_gain":0,"player_choice":"Grow","damage_taken":0,"max_hp_gain":0,"max_hp_loss":0,"event_name":"Living Wall","floor":13,"gold_loss":0,"cards_upgraded":["HollowMod:MothsMistake"]},{"damage_healed":0,"gold_gain":0,"player_choice":"Gave Potion","damage_taken":0,"relics_obtained":["Strawberry"],"max_hp_gain":0,"max_hp_loss":0,"event_name":"WeMeetAgain","floor":30,"gold_loss":0}],"is_beta":false,"boss_relics":[{"not_picked":["Philosopher\u0027s Stone","hubris:HollowSoul"],"picked":"Replay:Ancient Bell"},{"not_picked":["hubris:SlimyHat","War Paint"],"picked":"Orichalcum"},{"not_picked":["Mummified Hand","hubris:TinFlute"],"picked":"Iron Hammer"},{"not_picked":["WingedGreaves","Replay:PocketPolymizer"],"picked":"Thread and Needle"},{"not_picked":["Honey Jar","hubris:GrandSneckoEye"],"picked":"Cursed Key"},{"not_picked":["hubris:TerracottaHorce","ChewingGum","Tiny House"]}],"items_purged_floors":[4,11,19,27,36,40,49,57],"is_endless":true,"potions_floor_spawned":[7,8,20,24,28,39,54,55,59],"killed_by":"Nightmare","ascension_level":0}}