{"host":"am551fa6890rb9vo","time":1612872840,"event":{"mods":["BaseMod","DeckTracker","Minty Spire (QoL Compilation)","Morshu Shopkeeper - ENHANCED","Rare Cards Sparkle","Relic Stats","Smile Girya","StSLib","The IronCluck","everything is the same but u backflip on backflip","slay the spire mod where everything is the same but ironclad has a cowboy hat"],"gold_per_floor":[15,15,15,15,90,129,129,164,190,215,252,264,307,339,351,482,494,525,555,567,592,529,529,560,585,585,684,707,722,637,294,294,294,294],"floor_reached":33,"language":"ENG","playtime":1829,"items_purged":["Strike_R","Strike_R"],"score":369,"play_id":"d5970e28-8147-447d-9e58-0ac6c1f0cb03","local_time":"20210209121400","is_ascension_mode":true,"campfire_choices":[{"floor":7,"key":"REST"},{"data":"True Grit","floor":12,"key":"SMITH"},{"data":"Immolate","floor":15,"key":"SMITH"},{"data":"True Grit","floor":23,"key":"SMITH"},{"data":"Immolate","floor":32,"key":"SMITH"}],"circlet_count":0,"master_deck":["Strike_R","Strike_R","Defend_R","Defend_R","Defend_R","Defend_R","Bash","Immolate+1","Wild Strike","Hemokinesis","Reckless Charge","True Grit+1","Feel No Pain","Armaments","Impervious","Immolate+1","Dual Wield","True Grit+1","Combust+1","Impervious"],"relics":["Burning Blood","Golden Idol","Oddly Smooth Stone","Meat on the Bone","MawBank","Juzu Bracelet","Runic Cube","Shuriken","Molten Egg 2","Strawberry","Self Forming Clay"],"acts_visited":["Exordium","TheCity"],"potions_floor_usage":[6,16,18,19,24,25,28],"damage_taken":[{"damage":7,"enemies":"Small Slimes","floor":1,"turns":2},{"damage":34,"enemies":"Lagavulin","floor":6,"turns":6},{"damage":18,"enemies":"3 Sentries","floor":8,"turns":5},{"damage":0,"enemies":"2 Louse","floor":10,"turns":2},{"damage":0,"enemies":"Jaw Worm","floor":11,"turns":3},{"damage":20,"enemies":"Gremlin Nob","floor":13,"turns":4},{"damage":6,"enemies":"2 Fungi Beasts","floor":14,"turns":2},{"damage":4,"enemies":"Slime Boss","floor":16,"turns":7},{"damage":29,"enemies":"Shell Parasite","floor":18,"turns":6},{"damage":18,"enemies":"2 Thieves","floor":19,"turns":3},{"damage":0,"enemies":"3 Cultists","floor":21,"turns":2},{"damage":30,"enemies":"Slavers","floor":24,"turns":3},{"damage":8,"enemies":"Cultist and Chosen","floor":25,"turns":4},{"damage":14,"enemies":"Shelled Parasite and Fungi","floor":28,"turns":7},{"damage":29,"enemies":"Chosen and Byrds","floor":29,"turns":6},{"damage":50,"enemies":"Champ","floor":33,"turns":10}],"seed_played":"-6259496124054021733","potions_obtained":[{"floor":1,"key":"PowerPotion"},{"floor":8,"key":"LiquidBronze"},{"floor":13,"key":"Strength Potion"},{"floor":16,"key":"Fire Potion"},{"floor":19,"key":"AttackPotion"},{"floor":21,"key":"Block Potion"},{"floor":25,"key":"SkillPotion"}],"is_trial":false,"path_per_floor":["M","?","?","$","?","E","R","E","T","M","M","R","E","M","R","B",null,"M","M","?","M","$","R","E","M","T","?","M","M","?","$","R","B"],"character_chosen":"IRONCLAD","items_purchased":["Self Forming Clay"],"campfire_rested":1,"item_purchase_floors":[31],"current_hp_per_floor":[79,59,52,52,41,13,37,25,25,43,49,49,47,47,47,49,80,57,57,57,63,63,63,51,49,49,49,53,42,49,49,49,0,0],"gold":294,"neow_bonus":"THREE_RARE_CARDS","is_daily":false,"chose_seed":false,"campfire_upgraded":4,"win_rate":0.0,"timestamp":1612872840,"path_taken":["M","?","?","?","?","E","R","E","T","M","M","R","E","M","R","BOSS","M","M","?","M","$","R","E","M","T","?","M","M","?","$","R","BOSS"],"items_purchased_type":["Relic"],"build_version":"2020-12-22","purchased_purges":2,"victory":false,"max_hp_per_floor":[80,80,80,80,80,80,80,80,80,80,80,80,80,80,80,80,80,80,80,80,80,80,80,80,80,80,80,80,80,87,87,87,87,87],"relic_stats":{"counters":[16,72],"Golden Idol":87,"Shuriken":[6],"Self Forming Clay":[39],"Juzu Bracelet":0,"MawBank":156,"obtain_stats":[{"Golden Idol":2,"Shuriken":24,"Self Forming Clay":31,"Strawberry":30,"Oddly Smooth Stone":6,"Molten Egg 2":26,"Juzu Bracelet":13,"MawBank":9,"Burning Blood":0,"Meat on the Bone":8,"Runic Cube":17},{"Golden Idol":1,"Shuriken":12,"Self Forming Clay":15,"Strawberry":15,"Oddly Smooth Stone":2,"Molten Egg 2":13,"Juzu Bracelet":6,"MawBank":3,"Burning Blood":0,"Meat on the Bone":3,"Runic Cube":8},{"Golden Idol":2,"Shuriken":45,"Self Forming Clay":62,"Strawberry":62,"Oddly Smooth Stone":8,"Molten Egg 2":49,"Juzu Bracelet":22,"MawBank":13,"Burning Blood":0,"Meat on the Bone":13,"Runic Cube":31}],"Burning Blood":90,"Meat on the Bone":72,"Runic Cube":[40]},"card_choices":[{"not_picked":["Berserk","Demon Form"],"picked":"Immolate","floor":0},{"not_picked":["Uppercut","Rage"],"picked":"Wild Strike","floor":1},{"not_picked":["Twin Strike","Rampage"],"picked":"Hemokinesis","floor":6},{"not_picked":["Anger","Body Slam"],"picked":"Reckless Charge","floor":8},{"not_picked":["Iron Wave","Anger"],"picked":"True Grit","floor":10},{"not_picked":["Disarm","Inflame"],"picked":"Feel No Pain","floor":11},{"not_picked":["Cleave","Heavy Blade"],"picked":"Armaments","floor":13},{"not_picked":["Anger","Pummel"],"picked":"Impervious","floor":14},{"not_picked":["Feed","Bludgeon"],"picked":"Immolate","floor":16},{"not_picked":["Perfected Strike","Thunderclap","Twin Strike+1"],"picked":"SKIP","floor":18},{"not_picked":["Iron Wave+1","Pummel+1"],"picked":"Dual Wield","floor":19},{"not_picked":["Entrench","Pommel Strike","Anger+1"],"picked":"SKIP","floor":21},{"not_picked":["Dropkick+1","Cleave","Carnage+1"],"picked":"SKIP","floor":24},{"not_picked":["Carnage+1","Sever Soul+1"],"picked":"Combust+1","floor":25},{"not_picked":["Thunderclap+1","Seeing Red","Heavy Blade+1"],"picked":"SKIP","floor":28},{"not_picked":["Clothesline+1","Shrug It Off+1"],"picked":"Impervious","floor":29}],"player_experience":54863,"relics_obtained":[{"floor":6,"key":"Oddly Smooth Stone"},{"floor":8,"key":"Meat on the Bone"},{"floor":9,"key":"MawBank"},{"floor":13,"key":"Juzu Bracelet"},{"floor":24,"key":"Shuriken"},{"floor":26,"key":"Molten Egg 2"}],"event_choices":[{"damage_healed":0,"gold_gain":0,"player_choice":"Take Damage","damage_taken":20,"relics_obtained":["Golden Idol"],"max_hp_gain":0,"max_hp_loss":0,"event_name":"Golden Idol","floor":2,"gold_loss":0},{"cards_removed":["Strike_R"],"damage_healed":0,"gold_gain":0,"player_choice":"Card Removal","damage_taken":7,"max_hp_gain":0,"max_hp_loss":0,"event_name":"Golden Wing","floor":3,"gold_loss":0},{"damage_healed":0,"gold_gain":75,"player_choice":"Gather Gold","damage_taken":11,"max_hp_gain":0,"max_hp_loss":0,"event_name":"World of Goop","floor":5,"gold_loss":0},{"damage_healed":0,"gold_gain":0,"player_choice":"Read","damage_taken":0,"max_hp_gain":0,"max_hp_loss":0,"event_name":"The Library","floor":20,"gold_loss":0,"cards_obtained":["True Grit"]},{"damage_healed":0,"gold_gain":99,"player_choice":"Stole From Cult","damage_taken":0,"max_hp_gain":0,"max_hp_loss":0,"event_name":"Nest","floor":27,"gold_loss":0},{"damage_healed":0,"gold_gain":0,"player_choice":"Obtained Relic","damage_taken":0,"relics_obtained":["Strawberry"],"max_hp_gain":0,"max_hp_loss":0,"event_name":"Addict","floor":30,"gold_loss":85}],"is_beta":false,"boss_relics":[{"not_picked":["SacredBark","Black Blood"],"picked":"Runic Cube"}],"items_purged_floors":[22,31],"is_endless":false,"potions_floor_spawned":[1,8,13,16,19,21,25],"killed_by":"Champ","ascension_level":2}}