{"host":"121m0oxswv9tg9hk","time":1612911922,"event":{"mods":["AchievementEnabler","BaseMod","Better Third Choice","Downfall","Minty Spire (QoL Compilation)","StSLib"],"gold_per_floor":[99,111,131,142,156,156,233,266,276,294,294,294,294,325,338,338,338,338],"floor_reached":16,"language":"ENG","playtime":2562,"items_purged":[],"score":154,"play_id":"55cd7d89-42eb-4f82-a7bb-65e7d4a0b8fc","local_time":"20210210000522","is_ascension_mode":true,"campfire_choices":[{"data":"sneckomod:TailWhip","floor":1,"key":"SMITH"},{"data":"sneckomod:Cheat","floor":11,"key":"SMITH"},{"floor":13,"key":"RECALL"}],"circlet_count":0,"master_deck":["sneckomod:Strike","sneckomod:Strike","sneckomod:Strike","sneckomod:Defend","sneckomod:Defend","sneckomod:Defend","sneckomod:TailWhip+1","sneckomod:SnekBite","sneckomod:Unknown","sneckomod:UnknownDraw","sneckomod:IronFang+1","sneckomod:SoulRoll+1","sneckomod:UnknownStrength","hexamod:ThirdSeal","sneckomod:UnknownUncommonPower","sneckomod:Cheat+1","sneckomod:DiceBlock","sneckomod:DiceBlock","sneckomod:QuickBite","sneckomod:UnknownBlock","sneckomod:UnknownStrength","sneckomod:DiceCrush","sneckomod:QuickMove"],"relics":["sneckomod:SneckoSoul","PreservedInsect","Matryoshka","hexamod:BolsterEngine","Toy Ornithopter"],"acts_visited":["Exordium"],"potions_floor_usage":[5,8,16,16],"damage_taken":[{"damage":0,"enemies":"Cultist","floor":2,"turns":2},{"damage":0,"enemies":"2 Louse","floor":3,"turns":2},{"damage":0,"enemies":"Small Slimes","floor":4,"turns":3},{"damage":1,"enemies":"Blue Slaver","floor":5,"turns":4},{"damage":6,"enemies":"3 Sentries","floor":8,"turns":7},{"damage":14,"enemies":"2 Fungi Beasts","floor":9,"turns":4},{"damage":5,"enemies":"Red Slaver","floor":10,"turns":5},{"damage":10,"enemies":"Lagavulin","floor":14,"turns":6},{"damage":12,"enemies":"Lots of Slimes","floor":15,"turns":3},{"damage":58,"enemies":"IC_STATUS_ARCHETYPE","floor":16,"turns":15}],"seed_played":"-3437241719672442807","potions_obtained":[{"floor":2,"key":"Block Potion"},{"floor":3,"key":"EssenceOfSteel"},{"floor":10,"key":"PowerPotion"},{"floor":15,"key":"Dexterity Potion"}],"is_trial":false,"path_per_floor":["R","M","M","M","M","R","T","E","M","M","R","?","R","E","M","B"],"character_chosen":"THE_SNECKO","items_purchased":[],"campfire_rested":0,"item_purchase_floors":[],"current_hp_per_floor":[81,81,81,81,83,83,83,77,63,58,58,58,58,48,36,0,0,0],"gold":338,"neow_bonus":"RANDOM_COMMON_RELIC","is_daily":false,"chose_seed":false,"campfire_upgraded":2,"win_rate":0.0,"timestamp":1612911922,"path_taken":["R","M","M","?","M","R","T","E","?","M","R","?","R","E","M","BOSS"],"items_purchased_type":[],"build_version":"2020-12-22","purchased_purges":0,"victory":false,"max_hp_per_floor":[90,90,90,90,93,93,93,93,93,93,93,93,93,93,93,93,93,93],"card_choices":[{"not_picked":["sneckomod:Unknown1Cost","sneckomod:RainOfDice"],"picked":"sneckomod:UnknownDraw","floor":2},{"not_picked":["sneckomod:DiceCrush","sneckomod:Unknown1Cost"],"picked":"sneckomod:IronFang","floor":3},{"not_picked":["sneckomod:UnknownVulnerable","sneckomod:IronFang"],"picked":"sneckomod:SoulRoll","floor":4},{"not_picked":["sneckomod:SlitherStrike","sneckomod:DiceBlock"],"picked":"sneckomod:UnknownStrength","floor":5},{"not_picked":["sneckomod:QuickMove","sneckomod:CheapStock"],"picked":"sneckomod:UnknownUncommonPower","floor":8},{"not_picked":["sneckomod:SoulDraw","sneckomod:DiceCrush"],"picked":"sneckomod:Cheat","floor":9},{"not_picked":["sneckomod:CheapStock","sneckomod:DiceCrush"],"picked":"sneckomod:DiceBlock","floor":9},{"not_picked":["sneckomod:SoulDraw","sneckomod:Unknown1Cost"],"picked":"sneckomod:DiceBlock","floor":10},{"not_picked":["sneckomod:ImprovisedAttack","sneckomod:DiceBlock"],"picked":"sneckomod:QuickBite","floor":10},{"not_picked":["sneckomod:WideSting","sneckomod:Unknown0Cost"],"picked":"sneckomod:UnknownBlock","floor":14},{"not_picked":["sneckomod:UnknownRarePower","sneckomod:UnknownUncommonSkill"],"picked":"sneckomod:UnknownStrength","floor":14},{"not_picked":["sneckomod:ImprovisedGuard","sneckomod:ImprovisedAttack"],"picked":"sneckomod:DiceCrush","floor":14},{"not_picked":["sneckomod:RainOfDice","sneckomod:UnknownCommonAttack"],"picked":"sneckomod:QuickMove","floor":15}],"player_experience":2663712,"relics_obtained":[{"floor":7,"key":"Matryoshka"},{"floor":8,"key":"hexamod:BolsterEngine"},{"floor":14,"key":"Toy Ornithopter"}],"event_choices":[{"damage_healed":0,"gold_gain":0,"player_choice":"Forge","damage_taken":0,"max_hp_gain":0,"max_hp_loss":0,"event_name":"Accursed Blacksmith","floor":12,"gold_loss":0,"cards_upgraded":["sneckomod:SoulRoll"]}],"is_beta":false,"boss_relics":[],"items_purged_floors":[],"is_endless":false,"potions_floor_spawned":[2,3,10,15],"killed_by":"IC_STATUS_ARCHETYPE","ascension_level":7}}