{"host":"o3n4et6u1y1w2h5j","time":1612861402,"event":{"mods":["AchievementEnabler","BaseMod","Block Reminder","Minty Spire (QoL Compilation)","Rare Cards Sparkle","Relic Stats","StSLib"],"gold_per_floor":[113,113,130,130,91,117,128,161,161,16,16,16,29,29,29,127,127,147,161,161,175,23,51,51,51,51,51,51,66,79,98,98,196,196,212,212,212,225,239,239,274,289,289,314,330,330,350,350,350,350,350,350,14,42,42],"floor_reached":56,"language":"ENG","playtime":4499,"items_purged":[],"score":1337,"play_id":"e2b1766e-6260-4891-8875-8adb78e9a573","local_time":"20210209010322","is_ascension_mode":false,"campfire_choices":[{"data":"Eruption","floor":15,"key":"SMITH"},{"floor":24,"key":"REST"},{"floor":28,"key":"REST"},{"floor":32,"key":"REST"},{"floor":40,"key":"RECALL"},{"data":"ThirdEye","floor":46,"key":"SMITH"},{"data":"BowlingBash","floor":49,"key":"SMITH"},{"data":"ThirdEye","floor":52,"key":"SMITH"}],"circlet_count":0,"master_deck":["Defend_P+1","Defend_P+1","Defend_P","Eruption+1","Vigilance","ThirdEye+1","ThirdEye+1","BowlingBash+1","Nirvana+1","Brilliance+1","Consecrate","DevaForm+1","TalkToTheHand+1","CutThroughFate+1","Ragnarok+1","Weave+1","CutThroughFate+1","ConjureBlade+1","ClearTheMind+1","JustLucky+1","TalkToTheHand+1","Evaluate+1","LessonLearned+1","SashWhip+1","Vault+1","Swivel+1","Omniscience+1","FollowUp+1","WreathOfFlame+1","Ragnarok+1","Crescendo+1","DeusExMachina+1","TalkToTheHand+1","Adaptation","ThirdEye+1"],"relics":["PureWater","NeowsBlessing","Potion Belt","Bag of Marbles","Molten Egg 2","Gremlin Horn","Vajra","Astrolabe","Meat on the Bone","Toxic Egg 2","White Beast Statue","Snecko Eye","The Courier","Shuriken","DollysMirror","Damaru","Nunchaku"],"acts_visited":["Exordium","TheCity","TheBeyond","TheEnding"],"potions_floor_usage":[8,13,29,29,30,33,33,33,45,45,50,54,55,55,55,55,55,55,55,55,55],"damage_taken":[{"damage":0,"enemies":"2 Louse","floor":1,"turns":1},{"damage":0,"enemies":"Jaw Worm","floor":3,"turns":1},{"damage":0,"enemies":"Gremlin Nob","floor":6,"turns":1},{"damage":1,"enemies":"Cultist","floor":7,"turns":4},{"damage":29,"enemies":"Lagavulin","floor":8,"turns":9},{"damage":0,"enemies":"3 Louse","floor":13,"turns":3},{"damage":4,"enemies":"The Guardian","floor":16,"turns":11},{"damage":0,"enemies":"Chosen","floor":18,"turns":5},{"damage":17,"enemies":"Shell Parasite","floor":19,"turns":4},{"damage":0,"enemies":"Snecko","floor":21,"turns":3},{"damage":48,"enemies":"Gremlin Leader","floor":23,"turns":6},{"damage":4,"enemies":"Centurion and Healer","floor":29,"turns":6},{"damage":3,"enemies":"Cultist and Chosen","floor":30,"turns":4},{"damage":4,"enemies":"Snake Plant","floor":31,"turns":5},{"damage":0,"enemies":"Collector","floor":33,"turns":6},{"damage":0,"enemies":"Orb Walker","floor":35,"turns":1},{"damage":0,"enemies":"3 Shapes","floor":38,"turns":2},{"damage":0,"enemies":"Spire Growth","floor":39,"turns":2},{"damage":0,"enemies":"Reptomancer","floor":41,"turns":1},{"damage":20,"enemies":"Sphere and 2 Shapes","floor":42,"turns":2},{"damage":0,"enemies":"Nemesis","floor":44,"turns":3},{"damage":22,"enemies":"Transient","floor":45,"turns":5},{"damage":0,"enemies":"Jaw Worm Horde","floor":47,"turns":3},{"damage":14,"enemies":"Awakened One","floor":50,"turns":11},{"damage":3,"enemies":"Shield and Spear","floor":54,"turns":3},{"damage":84,"enemies":"The Heart","floor":55,"turns":9}],"seed_played":"-5404886917792903836","potions_obtained":[{"floor":3,"key":"Weak Potion"},{"floor":7,"key":"DistilledChaos"},{"floor":8,"key":"Block Potion"},{"floor":18,"key":"Fire Potion"},{"floor":19,"key":"DuplicationPotion"},{"floor":21,"key":"Dexterity Potion"},{"floor":29,"key":"Explosive Potion"},{"floor":30,"key":"Explosive Potion"},{"floor":31,"key":"LiquidMemories"},{"floor":33,"key":"FairyPotion"},{"floor":35,"key":"Dexterity Potion"},{"floor":38,"key":"Weak Potion"},{"floor":39,"key":"EntropicBrew"},{"floor":41,"key":"Block Potion"},{"floor":42,"key":"SpeedPotion"},{"floor":45,"key":"Block Potion"},{"floor":47,"key":"Fire Potion"},{"floor":54,"key":"EntropicBrew"}],"is_trial":false,"path_per_floor":["M","?","M","T","$","E","M","E","T","$","?","$","M","?","R","B",null,"M","M","?","M","$","E","R","?","T","T","R","M","M","M","R","B",null,"M","?","$","M","M","R","E","M","T","E","M","R","M","?","R","B",null,"R","$","E","B",null],"character_chosen":"WATCHER","items_purchased":["Nirvana","Vajra","LessonLearned+1","DollysMirror","Damaru","Adaptation","BottledMiracle"],"campfire_rested":3,"item_purchase_floors":[5,10,22,53,53,53,53],"current_hp_per_floor":[72,72,72,72,72,72,71,42,42,42,42,42,42,42,42,38,72,72,55,55,55,55,7,28,15,15,15,38,46,43,39,62,62,77,77,74,74,74,74,74,74,54,54,54,44,44,44,44,44,42,77,77,77,74,25],"gold":42,"neow_bonus":"THREE_ENEMY_KILL","is_daily":false,"chose_seed":false,"campfire_upgraded":4,"win_rate":0.0,"timestamp":1612861402,"path_taken":["M","?","M","?","?","E","?","E","T","$","?","?","?","?","R","BOSS","M","M","?","M","?","E","R","?","T","?","R","M","?","M","R","BOSS","M","?","$","M","M","R","E","M","T","E","M","R","?","?","R","BOSS","R","$","E","BOSS"],"items_purchased_type":["Card","Relic","Card","Relic","Relic","Card","Potion"],"build_version":"2020-12-22","purchased_purges":0,"victory":true,"max_hp_per_floor":[72,72,72,72,72,72,72,72,72,72,72,72,72,72,72,72,72,72,72,72,72,72,72,72,77,77,77,77,77,77,77,77,77,77,77,77,77,77,77,77,77,77,77,77,77,77,77,77,77,77,77,77,77,77,77],"relic_stats":{"Nunchaku":[2],"Gremlin Horn":[19,19],"counters":[26,111],"Shuriken":[19],"Astrolabe":["Weave","CutThroughFate","ConjureBlade"],"Snecko Eye":[71,96,70,72],"obtain_stats":[{"Potion Belt":4,"NeowsBlessing":0,"Gremlin Horn":9,"Astrolabe":17,"Vajra":10,"Damaru":53,"The Courier":41,"White Beast Statue":27,"Nunchaku":54,"Shuriken":44,"DollysMirror":53,"Snecko Eye":34,"Molten Egg 2":8,"Bag of Marbles":6,"PureWater":0,"Toxic Egg 2":26,"Meat on the Bone":23},{"Potion Belt":2,"NeowsBlessing":0,"Gremlin Horn":5,"Astrolabe":7,"Vajra":5,"Damaru":24,"The Courier":19,"White Beast Statue":11,"Nunchaku":25,"Shuriken":21,"DollysMirror":24,"Snecko Eye":15,"Molten Egg 2":5,"Bag of Marbles":3,"PureWater":0,"Toxic Egg 2":11,"Meat on the Bone":11},{"Potion Belt":2,"NeowsBlessing":0,"Gremlin Horn":16,"Astrolabe":30,"Vajra":16,"Damaru":99,"The Courier":75,"White Beast Statue":48,"Nunchaku":102,"Shuriken":80,"DollysMirror":99,"Snecko Eye":69,"Molten Egg 2":16,"Bag of Marbles":3,"PureWater":0,"Toxic Egg 2":48,"Meat on the Bone":48}],"Meat on the Bone":48},"card_choices":[{"not_picked":["Evaluate","Perseverance"],"picked":"ThirdEye","floor":1},{"not_picked":["ClearTheMind","Halt"],"picked":"BowlingBash","floor":3},{"not_picked":["FlyingSleeves","BowlingBash"],"picked":"Brilliance","floor":6},{"not_picked":["ClearTheMind","Study"],"picked":"Consecrate","floor":7},{"not_picked":["Sanctity","WreathOfFlame"],"picked":"DevaForm","floor":8},{"not_picked":["EmptyFist+1","FlurryOfBlows+1"],"picked":"CutThroughFate+1","floor":13},{"not_picked":["ConjureBlade","Vault"],"picked":"Ragnarok+1","floor":16},{"not_picked":["SandsOfTime+1","BowlingBash+1"],"picked":"ClearTheMind+1","floor":18},{"not_picked":["CrushJoints+1","ClearTheMind"],"picked":"JustLucky+1","floor":19},{"not_picked":["CarveReality+1","ThirdEye"],"picked":"Evaluate+1","floor":21},{"not_picked":["FlyingSleeves+1","BowlingBash+1"],"picked":"SashWhip+1","floor":23},{"not_picked":["CrushJoints+1","SashWhip+1"],"picked":"Vault+1","floor":29},{"not_picked":["FlyingSleeves+1","Protect+1"],"picked":"Swivel+1","floor":30},{"not_picked":["ThirdEye+1","Sanctity+1","Evaluate+1"],"picked":"SKIP","floor":31},{"not_picked":["LessonLearned+1","DeusExMachina+1"],"picked":"Omniscience+1","floor":33},{"not_picked":["ReachHeaven+1","JustLucky+1"],"picked":"FollowUp+1","floor":35},{"not_picked":["ClearTheMind+1","CrushJoints+1"],"picked":"WreathOfFlame+1","floor":38},{"not_picked":["EmptyBody+1","ThirdEye+1"],"picked":"Ragnarok+1","floor":39},{"not_picked":["ClearTheMind+1","SignatureMove+1","LessonLearned+1"],"picked":"SKIP","floor":41},{"not_picked":["PathToVictory+1","FlyingSleeves+1","EmptyBody+1"],"picked":"SKIP","floor":42},{"not_picked":["CrushJoints+1","Protect+1","WindmillStrike+1"],"picked":"SKIP","floor":44},{"not_picked":["Protect+1","EmptyBody+1"],"picked":"Crescendo+1","floor":45},{"not_picked":["EmptyMind+1","EmptyBody+1"],"picked":"DeusExMachina+1","floor":47},{"not_picked":["ConjureBlade+1","FearNoEvil+1"],"picked":"ThirdEye+1","floor":54}],"player_experience":54653,"relics_obtained":[{"floor":4,"key":"Potion Belt"},{"floor":6,"key":"Bag of Marbles"},{"floor":8,"key":"Molten Egg 2"},{"floor":9,"key":"Gremlin Horn"},{"floor":23,"key":"Meat on the Bone"},{"floor":26,"key":"Toxic Egg 2"},{"floor":27,"key":"White Beast Statue"},{"floor":41,"key":"The Courier"},{"floor":44,"key":"Shuriken"},{"floor":54,"key":"Nunchaku"}],"event_choices":[{"damage_healed":0,"gold_gain":0,"cards_transformed":["Strike_P"],"player_choice":"Change","damage_taken":0,"max_hp_gain":0,"max_hp_loss":0,"event_name":"Living Wall","floor":2,"gold_loss":0,"cards_obtained":["ThirdEye"]},{"damage_healed":0,"gold_gain":0,"cards_transformed":["Strike_P"],"player_choice":"Transformed","damage_taken":0,"max_hp_gain":0,"max_hp_loss":0,"event_name":"Transmorgrifier","floor":11,"gold_loss":0,"cards_obtained":["TalkToTheHand"]},{"damage_healed":0,"gold_gain":0,"player_choice":"Upgraded","damage_taken":0,"max_hp_gain":0,"max_hp_loss":0,"event_name":"Upgrade Shrine","floor":14,"gold_loss":0,"cards_upgraded":["DevaForm"]},{"damage_healed":0,"gold_gain":0,"player_choice":"Copied","damage_taken":0,"max_hp_gain":0,"max_hp_loss":0,"event_name":"Duplicator","floor":20,"gold_loss":0,"cards_obtained":["TalkToTheHand"]},{"damage_healed":0,"gold_gain":0,"player_choice":"Shed Blood","damage_taken":18,"max_hp_gain":5,"max_hp_loss":0,"event_name":"Forgotten Altar","floor":25,"gold_loss":0},{"damage_healed":0,"gold_gain":0,"player_choice":"Punched","damage_taken":3,"max_hp_gain":0,"max_hp_loss":0,"event_name":"Designer","floor":36,"gold_loss":0},{"damage_healed":0,"gold_gain":0,"player_choice":"Ignored","damage_taken":0,"max_hp_gain":0,"max_hp_loss":0,"event_name":"Tomb of Lord Red Mask","floor":48,"gold_loss":0}],"is_beta":false,"boss_relics":[{"not_picked":["VioletLotus","Ectoplasm"],"picked":"Astrolabe"},{"not_picked":["Empty Cage","Black Star"],"picked":"Snecko Eye"}],"items_purged_floors":[],"is_endless":false,"potions_floor_spawned":[3,7,8,18,19,21,29,30,31,33,35,38,39,41,42,44,45,47,54],"ascension_level":0}}