{"host":"uv5ws9rdk87e8i5k","time":1612893924,"event":{"mods":["AchievementEnabler","BaseMod","Colored Map","Minty Spire (QoL Compilation)","Permanent Neow","Quick Restart","StSLib","SuperFastMode","The Necromancer"],"gold_per_floor":[110,120,120,138,152,191,191,209,236,30,53,67,86,117,117,241,241,262,285,200,200,200],"floor_reached":21,"language":"ENG","playtime":454,"items_purged":["Injury"],"score":293,"play_id":"286439ed-69cd-4905-acb9-9f76fb9a2755","local_time":"20210209120524","is_ascension_mode":true,"campfire_choices":[{"data":"Cleave","floor":7.0,"key":"SMITH"},{"data":"Flame Barrier","floor":15.0,"key":"SMITH"}],"circlet_count":0,"master_deck":["AscendersBane","Strike_R","Strike_R","Strike_R","Strike_R","Strike_R","Defend_R","Defend_R","Defend_R","Defend_R","Bash","Spot Weakness","Headbutt","Cleave+1","Flame Barrier+1","Spot Weakness","Headbutt","Inflame","Shrug It Off","Twin Strike","Uppercut","Uppercut","Burning Pact","Reaper"],"relics":["Cursed Key","Golden Idol","Pen Nib","Orichalcum","Lantern","SlaversCollar","Oddly Smooth Stone"],"acts_visited":["Exordium","TheCity"],"potions_floor_usage":[19],"damage_taken":[{"damage":0.0,"enemies":"Cultist","floor":1.0,"turns":3.0},{"damage":0.0,"enemies":"2 Louse","floor":2.0,"turns":2.0},{"damage":7.0,"enemies":"Jaw Worm","floor":4.0,"turns":2.0},{"damage":8.0,"enemies":"Red Slaver","floor":5.0,"turns":3.0},{"damage":4.0,"enemies":"Gremlin Nob","floor":6.0,"turns":3.0},{"damage":2.0,"enemies":"Exordium Thugs","floor":8.0,"turns":4.0},{"damage":8.0,"enemies":"Blue Slaver","floor":11.0,"turns":3.0},{"damage":0.0,"enemies":"3 Louse","floor":12.0,"turns":2.0},{"damage":6.0,"enemies":"Exordium Wildlife","floor":13.0,"turns":2.0},{"damage":20.0,"enemies":"Lagavulin","floor":14.0,"turns":5.0},{"damage":10.0,"enemies":"Hexaghost","floor":16.0,"turns":7.0},{"damage":6,"enemies":"3 Byrds","floor":18,"turns":4},{"damage":5,"enemies":"Spheric Guardian","floor":19,"turns":3},{"damage":14,"enemies":"Snake Plant","floor":21,"turns":3}],"seed_played":"-5243671143339513185","potions_obtained":[{"floor":1.0,"key":"AttackPotion"},{"floor":4.0,"key":"Explosive Potion"},{"floor":6.0,"key":"Regen Potion"},{"floor":14.0,"key":"BloodPotion"},{"floor":16.0,"key":"Weak Potion"},{"floor":19,"key":"Ancient Potion"}],"is_trial":false,"path_per_floor":["M","M","?","M","M","E","R","M","T","$","M","M","M","E","R","B",null,"M","M","?","M"],"character_chosen":"IRONCLAD","items_purchased":["Inflame","Shrug It Off","Twin Strike"],"campfire_rested":0,"item_purchase_floors":[10,10,10],"current_hp_per_floor":[72,72,72,65,57,53,53,51,51,51,43,43,37,31,31,21,61,62,57,57,43,43],"gold":200,"neow_bonus":"BOSS_RELIC","is_daily":false,"chose_seed":false,"campfire_upgraded":2,"win_rate":0.0,"timestamp":1612893924,"path_taken":["M","M","?","M","M","E","R","M","T","$","M","M","M","E","R","BOSS","M","M","?","M"],"items_purchased_type":["Card","Card","Card"],"build_version":"2020-12-22","purchased_purges":1,"victory":false,"max_hp_per_floor":[80,80,74,74,74,74,74,74,74,74,74,74,74,74,74,74,74,74,74,74,74,74],"card_choices":[{"not_picked":["Perfected Strike","Body Slam"],"picked":"Spot Weakness","floor":1.0},{"not_picked":["Body Slam","Perfected Strike"],"picked":"Headbutt","floor":2.0},{"not_picked":["Intimidate","Body Slam"],"picked":"Cleave","floor":4.0},{"not_picked":["Armaments","Flex"],"picked":"Flame Barrier","floor":5.0},{"not_picked":["Exhume","Pommel Strike"],"picked":"Spot Weakness","floor":6.0},{"not_picked":["Thunderclap","Clash"],"picked":"Headbutt","floor":8.0},{"not_picked":["Headbutt","Shrug It Off"],"picked":"Uppercut","floor":11.0},{"not_picked":["Iron Wave","Clash"],"picked":"Uppercut","floor":12.0},{"not_picked":["Headbutt","Rampage","Wild Strike"],"picked":"SKIP","floor":13.0},{"not_picked":["Dual Wield","Body Slam"],"picked":"Burning Pact","floor":14.0},{"not_picked":["Barricade","Fiend Fire"],"picked":"Reaper","floor":16.0},{"not_picked":["Armaments","Burning Pact","Havoc"],"picked":"SKIP","floor":18},{"not_picked":["Clothesline","Wild Strike+1","Iron Wave"],"picked":"SKIP","floor":19}],"player_experience":287845,"relics_obtained":[{"floor":6.0,"key":"Pen Nib"},{"floor":9.0,"key":"Orichalcum"},{"floor":14.0,"key":"Lantern"}],"event_choices":[{"damage_healed":0.0,"max_hp_gain":0.0,"max_hp_loss":6.0,"gold_gain":0.0,"event_name":"Golden Idol","player_choice":"Lose Max HP","floor":3.0,"gold_loss":0.0,"damage_taken":0.0,"relics_obtained":["Golden Idol"]},{"damage_healed":0,"gold_gain":0,"player_choice":"Obtained Relic","damage_taken":0,"relics_obtained":["Oddly Smooth Stone"],"max_hp_gain":0,"max_hp_loss":0,"event_name":"Addict","floor":20,"gold_loss":85}],"is_beta":false,"boss_relics":[{"not_picked":["Busted Crown","Tiny House"],"picked":"SlaversCollar"}],"items_purged_floors":[10],"is_endless":false,"potions_floor_spawned":[1,4,6,14,16,19],"killed_by":"Snake Plant","ascension_level":10}}