{"host":"zoyu9oa60f8m99tp","time":1612891357,"event":{"mods":["Act Like it!","Arknights","BaseMod","Colored Map","Gensokyo","Good Game Mod","Luminous","Minty Spire (QoL Compilation)","Shop Mod","StSLib"],"gold_per_floor":[119,49,60,6,6,6,6,22,46,59,59,59,59,74,74,74,74],"floor_reached":16,"language":"ZHS","playtime":407,"items_purged":[],"score":90,"play_id":"efc58c97-c1aa-478e-985b-382d73315b62","local_time":"20210210012237","is_ascension_mode":false,"campfire_choices":[{"data":"ats:Emotion Absorption","floor":6,"key":"SMITH"},{"data":"ats:Ignite","floor":12,"key":"SMITH"},{"data":"ats:Cat Scratch","floor":15,"key":"SMITH"}],"circlet_count":0,"master_deck":["ats:Strike C+1","ats:Strike G","ats:Strike S","ats:Strike V","ats:Armor Crushing Shot","ats:Defend","ats:Defend","ats:Defend","ats:Defend","ats:Emotion Absorption+1","ats:Curse Doll+1","ats:Explosion Area Strengthen","ats:Apocalypse","Injury","ats:Ignite+1","ats:Poison Spread+1","ats:Cat Scratch+1"],"relics":["ats:Sanity","REME:ComplimentaryCards","NeowsBlessing","Vajra","PreservedInsect","Potion Belt"],"acts_visited":["Exordium"],"potions_floor_usage":[16,16],"damage_taken":[{"damage":0,"enemies":"Gensokyo:3_Fairies","floor":1,"turns":2},{"damage":4,"enemies":"Gensokyo:2_Kodama","floor":3,"turns":2},{"damage":0,"enemies":"Gensokyo:Python","floor":8,"turns":1},{"damage":13,"enemies":"Gensokyo:2_Rabbits","floor":10,"turns":5},{"damage":0,"enemies":"Gensokyo:LivingMonolith","floor":14,"turns":3},{"damage":84,"enemies":"Gensokyo:Yukari","floor":16,"turns":9}],"seed_played":"5735100417313480867","potions_obtained":[{"floor":10,"key":"ats:Burn Small Potion"},{"floor":14,"key":"Fire Potion"}],"is_trial":false,"path_per_floor":["M","?","M","$","?","R","COS","M","T","M","?","R","T","M","R","B"],"character_chosen":"DOCTOR_CLASS","items_purchased":["ats:Apocalypse"],"campfire_rested":0,"item_purchase_floors":[4],"current_hp_per_floor":[72,72,68,68,68,68,68,68,68,63,63,63,63,67,67,0,0],"gold":74,"neow_bonus":"THREE_ENEMY_KILL","is_daily":false,"chose_seed":false,"campfire_upgraded":3,"win_rate":0.0,"timestamp":1612891357,"path_taken":["M","?","M","?","?","R","COS","M","T","?","?","R","?","?","R","BOSS"],"items_purchased_type":["Card"],"build_version":"2020-12-22","purchased_purges":0,"victory":false,"max_hp_per_floor":[72,72,72,72,72,72,72,72,72,72,72,72,72,72,72,72,72],"card_choices":[{"not_picked":["ats:Blood Oath","ats:Spore Proliferation"],"picked":"ats:Curse Doll","floor":1},{"not_picked":["ats:Neurotoxin","ats:Powerful Strike"],"picked":"ats:Explosion Area Strengthen","floor":3},{"not_picked":["ats:Assault Order","ats:Ambush"],"picked":"ats:Ignite","floor":8},{"not_picked":["ats:Flexible Camouflage","ats:Revitalization"],"picked":"ats:Poison Spread","floor":10},{"not_picked":["ats:Ignite","ats:Curse Doll"],"picked":"ats:Cat Scratch","floor":14}],"player_experience":6214,"relics_obtained":[{"floor":9,"key":"PreservedInsect"},{"floor":13,"key":"Potion Belt"}],"event_choices":[],"is_beta":false,"boss_relics":[],"items_purged_floors":[],"is_endless":false,"potions_floor_spawned":[10,14],"killed_by":"Gensokyo:Yukari","ascension_level":0}}