{"host":"n9fx05aq4lr38byd","time":1612898326,"event":{"mods":["BaseMod","Bestiary","Minty Spire (QoL Compilation)","Permanent Neow","Relic Stats"],"gold_per_floor":[118,133,146,20,36,36,64,64,64,64,83,83,83,83,83,182,182,197,213,229,244,259,259,259,259],"floor_reached":24,"language":"ENG","playtime":1142,"items_purged":["Strike_P"],"score":350,"play_id":"ded2ad3e-115e-49d3-8779-421aa60fc1b6","local_time":"20210209191846","is_ascension_mode":true,"campfire_choices":[{"data":"BowlingBash","floor":6,"key":"SMITH"},{"floor":8,"key":"REST"},{"data":"FlurryOfBlows","floor":10,"key":"SMITH"},{"data":"Conclude","floor":13,"key":"SMITH"},{"data":"Vigilance","floor":15,"key":"SMITH"},{"data":"Ragnarok","floor":23,"key":"SMITH"}],"circlet_count":0,"master_deck":["AscendersBane","Strike_P","Strike_P","Strike_P+1","Defend_P","Defend_P","Defend_P","Defend_P","Eruption+1","Vigilance+1","CutThroughFate","JustLucky","EmptyBody","BowlingBash+1","Crescendo","FlurryOfBlows+1","Conclude+1","Ragnarok+1","EmptyBody","Consecrate+1","WindmillStrike+1","CutThroughFate"],"relics":["PureWater","Turnip","Whetstone","The Courier","Golden Idol","Thread and Needle","VioletLotus"],"acts_visited":["Exordium","TheCity"],"potions_floor_usage":[5,7,16,16,19,21,24,24],"damage_taken":[{"damage":1,"enemies":"2 Louse","floor":1,"turns":2},{"damage":6,"enemies":"Jaw Worm","floor":2,"turns":5},{"damage":1,"enemies":"Cultist","floor":3,"turns":3},{"damage":7,"enemies":"Lots of Slimes","floor":5,"turns":5},{"damage":15,"enemies":"3 Sentries","floor":7,"turns":7},{"damage":0,"enemies":"Large Slime","floor":11,"turns":2},{"damage":10,"enemies":"Hexaghost","floor":16,"turns":11},{"damage":2,"enemies":"Shell Parasite","floor":18,"turns":4},{"damage":0,"enemies":"3 Byrds","floor":19,"turns":2},{"damage":0,"enemies":"3 Cultists","floor":20,"turns":2},{"damage":13,"enemies":"Sentry and Sphere","floor":21,"turns":4},{"damage":0,"enemies":"Cultist and Chosen","floor":22,"turns":3},{"damage":36,"enemies":"Book of Stabbing","floor":24,"turns":4}],"seed_played":"1040134582829050380","potions_obtained":[{"floor":2,"key":"SpeedPotion"},{"floor":3,"key":"Swift Potion"},{"floor":5,"key":"SkillPotion"},{"floor":7,"key":"FearPotion"},{"floor":18,"key":"Explosive Potion"},{"floor":19,"key":"Energy Potion"},{"floor":20,"key":"BottledMiracle"},{"floor":22,"key":"Swift Potion"}],"is_trial":false,"path_per_floor":["M","M","M","$","M","R","E","R","T","R","M","?","R","?","R","B",null,"M","M","M","M","M","R","E"],"character_chosen":"WATCHER","items_purchased":["BowlingBash"],"campfire_rested":1,"item_purchase_floors":[4],"current_hp_per_floor":[42,36,35,35,28,28,13,33,33,33,33,33,33,15,15,5,48,46,46,46,33,33,33,0,0],"gold":259,"neow_bonus":"ONE_RARE_RELIC","is_daily":false,"chose_seed":false,"campfire_upgraded":5,"win_rate":0.0,"timestamp":1612898326,"path_taken":["M","M","M","$","M","R","E","R","T","R","M","?","R","?","R","BOSS","M","M","M","M","M","R","E"],"items_purchased_type":["Card"],"build_version":"2020-12-22","purchased_purges":1,"victory":false,"max_hp_per_floor":[68,68,68,68,68,68,68,68,68,68,68,62,62,62,62,62,62,62,62,62,62,62,62,62,62],"relic_stats":{"counters":[13,54],"Golden Idol":35,"Turnip":[7],"VioletLotus":[5],"Whetstone":["Strike_P","Eruption"],"obtain_stats":[{"Golden Idol":12,"Thread and Needle":14,"Turnip":0,"The Courier":9,"VioletLotus":17,"Whetstone":7,"PureWater":0},{"Golden Idol":6,"Thread and Needle":6,"Turnip":0,"The Courier":5,"VioletLotus":7,"Whetstone":5,"PureWater":0},{"Golden Idol":24,"Thread and Needle":24,"Turnip":0,"The Courier":22,"VioletLotus":35,"Whetstone":22,"PureWater":0}]},"card_choices":[{"not_picked":["Study","WheelKick"],"picked":"CutThroughFate","floor":1},{"not_picked":["CrushJoints","Prostrate"],"picked":"JustLucky","floor":2},{"not_picked":["ThirdEye","Fasting2"],"picked":"EmptyBody","floor":3},{"not_picked":["ClearTheMind","JustLucky"],"picked":"Crescendo","floor":5},{"not_picked":["InnerPeace","SignatureMove"],"picked":"FlurryOfBlows","floor":7},{"not_picked":["ReachHeaven","FlurryOfBlows"],"picked":"Conclude","floor":11},{"not_picked":["Brilliance","Judgement"],"picked":"Ragnarok","floor":16},{"not_picked":["Conclude","WaveOfTheHand"],"picked":"EmptyBody","floor":18},{"not_picked":["Evaluate","FlyingSleeves"],"picked":"Consecrate+1","floor":19},{"not_picked":["Halt","ThirdEye"],"picked":"WindmillStrike+1","floor":20},{"not_picked":["JustLucky","Evaluate"],"picked":"CutThroughFate","floor":21},{"not_picked":["Evaluate","Worship","FollowUp"],"picked":"SKIP","floor":22}],"player_experience":849298,"relics_obtained":[{"floor":7,"key":"Whetstone"},{"floor":9,"key":"The Courier"}],"event_choices":[{"damage_healed":0,"gold_gain":0,"player_choice":"Lose Max HP","damage_taken":0,"relics_obtained":["Golden Idol"],"max_hp_gain":0,"max_hp_loss":6,"event_name":"Golden Idol","floor":12,"gold_loss":0},{"damage_healed":0,"gold_gain":0,"player_choice":"Success","damage_taken":18,"relics_obtained":["Thread and Needle"],"max_hp_gain":0,"max_hp_loss":0,"event_name":"Scrap Ooze","floor":14,"gold_loss":0}],"is_beta":false,"boss_relics":[{"not_picked":["Black Star","Coffee Dripper"],"picked":"VioletLotus"}],"items_purged_floors":[4],"is_endless":false,"potions_floor_spawned":[2,3,5,7,18,19,20,22],"killed_by":"Book of Stabbing","ascension_level":15}}