{"host":"mw3dmj42qtkbha4b","time":1612855100,"event":{"mods":["BaseMod","Colored Map","Colored Powertips","DeckTracker","Minty Spire (QoL Compilation)","StSLib","SuperFastMode"],"gold_per_floor":[114,133,133,133,146,146,158,191,214,214,227,377,406,430,430,504,504,522,522,533,209,221,221,221],"floor_reached":23,"language":"KOR","playtime":723,"items_purged":["Strike_P"],"score":452,"play_id":"0cefb637-51a4-43e0-ba0c-61d883026ea6","local_time":"20210209161820","is_ascension_mode":true,"campfire_choices":[{"data":"Eruption","floor":6.0,"key":"SMITH"},{"data":"Consecrate","floor":10.0,"key":"SMITH"},{"data":"ReachHeaven","floor":15.0,"key":"SMITH"}],"circlet_count":0,"master_deck":["AscendersBane","Strike_P","Strike_P","Strike_P","Defend_P","Defend_P+1","Defend_P+1","Eruption+1","Vigilance","BattleHymn","Consecrate+1","ReachHeaven+1","Ragnarok","Indignation"],"relics":["PureWater","NeowsBlessing","Happy Flower","War Paint","Incense Burner","Odd Mushroom","Empty Cage","Strawberry"],"acts_visited":["Exordium","TheCity"],"potions_floor_usage":[23,23],"damage_taken":[{"damage":0.0,"enemies":"Cultist","floor":1.0,"turns":1.0},{"damage":0.0,"enemies":"Jaw Worm","floor":2.0,"turns":1.0},{"damage":0.0,"enemies":"2 Louse","floor":5.0,"turns":1.0},{"damage":0.0,"enemies":"Lots of Slimes","floor":7.0,"turns":2.0},{"damage":8.0,"enemies":"3 Sentries","floor":8.0,"turns":4.0},{"damage":0.0,"enemies":"2 Fungi Beasts","floor":11.0,"turns":2.0},{"damage":0.0,"enemies":"Lagavulin","floor":13.0,"turns":3.0},{"damage":0.0,"enemies":"The Mushroom Lair","floor":14.0,"turns":2.0},{"damage":48.0,"enemies":"Hexaghost","floor":16.0,"turns":8.0},{"damage":14.0,"enemies":"2 Thieves","floor":18.0,"turns":3.0},{"damage":26.0,"enemies":"3 Byrds","floor":20.0,"turns":4.0},{"damage":14.0,"enemies":"Sentry and Sphere","floor":22.0,"turns":3.0},{"damage":15,"enemies":"Book of Stabbing","floor":23,"turns":2}],"seed_played":"-1408889147121531508","potions_obtained":[{"floor":1.0,"key":"FairyPotion"},{"floor":4.0,"key":"Dexterity Potion"},{"floor":4.0,"key":"Fruit Juice"},{"floor":7.0,"key":"Explosive Potion"},{"floor":8.0,"key":"FearPotion"},{"floor":13.0,"key":"LiquidMemories"},{"floor":16.0,"key":"Swift Potion"},{"floor":20.0,"key":"SpeedPotion"}],"is_trial":false,"path_per_floor":["M","M","?","?","M","R","M","E","T","R","M","?","E","?","R","B",null,"M","?","M","$","M","E"],"character_chosen":"WATCHER","items_purchased":["Strawberry","DistilledChaos"],"campfire_rested":0,"item_purchase_floors":[21,21],"current_hp_per_floor":[61,61,56,56,61,61,61,53,53,53,53,53,53,53,53,5,56,42,42,16,23,9,0,0],"gold":221,"neow_bonus":"THREE_ENEMY_KILL","is_daily":false,"chose_seed":false,"campfire_upgraded":3,"win_rate":0.0,"timestamp":1612855100,"path_taken":["M","?","?","?","?","R","M","E","T","R","M","?","E","?","R","BOSS","M","?","?","$","M","E"],"items_purchased_type":["Relic","Potion"],"build_version":"2020-12-22","purchased_purges":1,"victory":false,"max_hp_per_floor":[68,68,68,68,73,73,73,73,73,73,73,73,73,73,73,73,73,73,73,73,80,80,80,80],"card_choices":[{"not_picked":["FlurryOfBlows","Meditate"],"picked":"BattleHymn","floor":1.0},{"not_picked":["MentalFortress","CutThroughFate","Protect"],"picked":"SKIP","floor":2.0},{"not_picked":["Nirvana","Weave"],"picked":"Consecrate","floor":5.0},{"not_picked":["Conclude","FlyingSleeves","Protect"],"picked":"SKIP","floor":7.0},{"not_picked":["JustLucky","InnerPeace","Consecrate"],"picked":"SKIP","floor":8.0},{"not_picked":["ThirdEye","Conclude","FollowUp"],"picked":"SKIP","floor":11.0},{"not_picked":["LikeWater","FlurryOfBlows","Pray"],"picked":"SKIP","floor":13.0},{"not_picked":["Wish","EmptyBody"],"picked":"ReachHeaven","floor":14.0},{"not_picked":["DeusExMachina","Establishment"],"picked":"Ragnarok","floor":16.0},{"not_picked":["Pray","PathToVictory","Halt"],"picked":"SKIP","floor":18.0},{"not_picked":["PathToVictory","ThirdEye","TalkToTheHand"],"picked":"SKIP","floor":20.0},{"not_picked":["LikeWater","CutThroughFate","ForeignInfluence"],"picked":"SKIP","floor":22.0}],"player_experience":1805236,"relics_obtained":[{"floor":8.0,"key":"War Paint"},{"floor":13.0,"key":"Incense Burner"},{"floor":14.0,"key":"Odd Mushroom"}],"event_choices":[{"damage_healed":0.0,"max_hp_gain":0.0,"max_hp_loss":0.0,"gold_gain":0.0,"event_name":"Scrap Ooze","player_choice":"Success","floor":3.0,"gold_loss":0.0,"damage_taken":5.0,"relics_obtained":["Happy Flower"]},{"damage_healed":0.0,"max_hp_gain":0.0,"max_hp_loss":0.0,"gold_gain":0.0,"event_name":"Lab","player_choice":"Got Potions","floor":4.0,"gold_loss":0.0,"damage_taken":0.0},{"damage_healed":0.0,"max_hp_gain":0.0,"max_hp_loss":0.0,"gold_gain":150.0,"event_name":"Liars Game","player_choice":"AGREE","floor":12.0,"gold_loss":0.0,"damage_taken":0.0,"cards_obtained":["Doubt"]},{"damage_healed":0.0,"max_hp_gain":0.0,"max_hp_loss":0.0,"gold_gain":0.0,"event_name":"Mushrooms","player_choice":"Fought Mushrooms","floor":14.0,"gold_loss":0.0,"damage_taken":0.0},{"damage_healed":0.0,"max_hp_gain":0.0,"max_hp_loss":0.0,"gold_gain":0.0,"event_name":"Match and Keep!","player_choice":"1 cards matched","floor":19.0,"gold_loss":0.0,"damage_taken":0.0,"cards_obtained":["Indignation"]}],"is_beta":false,"boss_relics":[{"not_picked":["Coffee Dripper","Sozu"],"picked":"Empty Cage"}],"items_purged_floors":[21],"is_endless":false,"potions_floor_spawned":[1,7,8,13,16,20],"killed_by":"Book of Stabbing","ascension_level":20}}