{"host":"37ccm3d17clopct7","time":1612882413,"event":{"mods":["BaseMod","GungeonMod","Hermit","Lobotomy","Minty Spire (QoL Compilation)","StSLib","The Bug Knight","The Cursed","The Hierophant","The Jungle","The Runesmith"],"gold_per_floor":[112,112,287,562,575,615,615,163,163,176,192,223,223,263,263,386,386,407,421,174,188,188,203,203,203,203,228,228,271,221,237,237,366,366,387,35,100,115,448,482,482,502,576,586,601,628,28,40,40,40,40],"floor_reached":52,"language":"KOR","playtime":3473,"items_purged":["TheCursedMod:Defend_TheCursed","TheCursedMod:Strike_TheCursed","TheCursedMod:Defend_TheCursed","TheCursedMod:Strike_TheCursed"],"score":988,"play_id":"5804966c-a3b1-436d-a811-948c269ecbac","local_time":"20210209235333","is_ascension_mode":true,"campfire_choices":[{"data":"TheCursedMod:DemonicPact","floor":7.0,"key":"SMITH"},{"floor":13.0,"key":"REST"},{"floor":15.0,"key":"REST"},{"floor":25.0,"key":"REST"},{"data":"TheCursedMod:Hemoplague","floor":28.0,"key":"SMITH"},{"floor":32.0,"key":"REST"},{"floor":41.0,"key":"REST"},{"floor":49,"key":"REST"}],"circlet_count":0,"master_deck":["TheCursedMod:Strike_TheCursed","TheCursedMod:Defend_TheCursed","TheCursedMod:CursedWand","TheCursedMod:CleanUpWorkshop","TheCursedMod:Dregs","TheCursedMod:SmokeScreen","Injury","Doubt","Regret","TheCursedMod:Hemoplague+1","TheCursedMod:DemonicPact+1","TheCursedMod:HellfireBreathing","TheCursedMod:SurpriseAttack","TheCursedMod:CursedShiv","TheCursedMod:CircleOfCorruption","TheCursedMod:Obscuration+1","TheCursedMod:Obscuration","TheCursedMod:CircleOfFlame","TheCursedMod:CircleOfAmplification","TheCursedMod:StunningStrike","TheCursedMod:EmpowerCircles+1","TheCursedMod:CursedBlade+1","TheCursedMod:Mangle","TheCursedMod:FleshFromBone","TheCursedMod:SpitefulPray","TheCursedMod:FleshFromBone+1","TheCursedMod:WearCloak","Shame","TheCursedMod:Stretching","TheCursedMod:SurpriseAttack","TheCursedMod:Evocation+1","TheCursedMod:TacticalStrike+1","TheCursedMod:CursedAmulet","TheCursedMod:Hemoplague","TheCursedMod:CursedSpellbook+1","TheCursedMod:SpitefulPray+1","TheCursedMod:HellfireBreathing+1","TheCursedMod:VitalStrike+1","TheCursedMod:Grudge+1","TheCursedMod:CollectTribute","TheCursedMod:LuckyCharm","TheCursedMod:SpitefulStrike+1"],"relics":["TheCursedMod:BlackMagicAdvanced","NeowsBlessing","Meat on the Bone","Happy Flower","Prayer Wheel","Ginger","DemoMod:ClearGuonStone","Bag of Marbles","Shovel","Regal Pillow","War Paint","Empty Cage","Lee\u0027s Waffle","Peace Pipe","Pen Nib","Pear","HollowMod:PaleOreRelic","Membership Card","DemoMod:BlueGuonStone","Incense Burner"],"acts_visited":["Exordium","TheCity","TheBeyond"],"potions_floor_usage":[],"damage_taken":[{"damage":0.0,"enemies":"Jaw Worm","floor":1.0,"turns":1.0},{"damage":0.0,"enemies":"Small Slimes","floor":5.0,"turns":1.0},{"damage":0.0,"enemies":"3 Sentries","floor":6.0,"turns":1.0},{"damage":3.0,"enemies":"Cultist","floor":10.0,"turns":3.0},{"damage":7.0,"enemies":"Blue Slaver","floor":11.0,"turns":4.0},{"damage":12.0,"enemies":"Lagavulin","floor":12.0,"turns":7.0},{"damage":17.0,"enemies":"HollowMod:MossKnight","floor":14.0,"turns":5.0},{"damage":46.0,"enemies":"The Guardian","floor":16.0,"turns":10.0},{"damage":28.0,"enemies":"3 Byrds","floor":18.0,"turns":6.0},{"damage":11.0,"enemies":"2 Thieves","floor":19.0,"turns":4.0},{"damage":7.0,"enemies":"Centurion and Healer","floor":21.0,"turns":10.0},{"damage":19.0,"enemies":"Snecko","floor":23.0,"turns":7.0},{"damage":0.0,"enemies":"Book of Stabbing","floor":29.0,"turns":8.0},{"damage":0.0,"enemies":"Snake Plant","floor":31.0,"turns":5.0},{"damage":14.0,"enemies":"Collector","floor":33.0,"turns":16.0},{"damage":19.0,"enemies":"Orb Walker","floor":35.0,"turns":5.0},{"damage":13.0,"enemies":"2 Orb Walkers","floor":37.0,"turns":6.0},{"damage":12.0,"enemies":"3 Shapes","floor":38.0,"turns":7.0},{"damage":18.0,"enemies":"Giant Head","floor":40.0,"turns":10.0},{"damage":8.0,"enemies":"Writhing Mass","floor":42.0,"turns":6.0},{"damage":12.0,"enemies":"Jaw Worm Horde","floor":44.0,"turns":5.0},{"damage":8.0,"enemies":"Transient","floor":45.0,"turns":5.0},{"damage":24.0,"enemies":"Reptomancer","floor":46.0,"turns":6.0},{"damage":8,"enemies":"Sphere and 2 Shapes","floor":48,"turns":6},{"damage":10,"enemies":"Donu and Deca","floor":50,"turns":10}],"seed_played":"6233087205400533791","potions_obtained":[{"floor":10.0,"key":"BlessingOfTheForge"},{"floor":11.0,"key":"ColorlessPotion"},{"floor":12.0,"key":"SteroidPotion"},{"floor":19.0,"key":"Energy Potion"},{"floor":33.0,"key":"Regen Potion"},{"floor":42.0,"key":"AttackPotion"},{"floor":44.0,"key":"TheCursedMod:DregsPotion"}],"is_trial":false,"path_per_floor":["M","?","?","?","M","E","R","$","T","M","M","E","R","E","R","B",null,"M","M","$","M","?","M","?","R","T","T","R","E","?","M","R","B",null,"M","$","?","M","?","E","R","M","T","M","M","E","$","M","R","B",null,null],"character_chosen":"THE_CURSED","items_purchased":["Happy Flower","TheCursedMod:HellfireBreathing","TheCursedMod:SurpriseAttack","TheCursedMod:CursedShiv","TheCursedMod:CircleOfCorruption","DemoMod:ClearGuonStone","Lee\u0027s Waffle","TheCursedMod:Hemoplague","Membership Card","DemoMod:BlueGuonStone","Incense Burner","TheCursedMod:LuckyCharm","DemoMod:BlankPotion"],"campfire_rested":6,"item_purchase_floors":[8,8,8,8,8,20,36,36,47,47,47,47,47],"current_hp_per_floor":[75,75,75,75,75,75,75,75,75,72,65,53,75,58,75,41,75,47,48,48,41,41,34,34,56,56,56,56,56,56,56,75,61,75,56,82,69,57,57,54,82,74,84,72,64,52,52,56,92,82,82],"gold":40,"neow_bonus":"THREE_ENEMY_KILL","is_daily":false,"chose_seed":false,"campfire_upgraded":2,"win_rate":0.0,"timestamp":1612882413,"path_taken":["M","?","?","?","?","E","R","$","T","?","M","E","R","E","R","BOSS","M","M","$","M","?","M","?","R","T","?","R","E","?","M","R","BOSS","M","$","?","M","?","E","R","M","T","M","M","E","$","M","R","BOSS"],"items_purchased_type":["Relic","Card","Card","Card","Card","Relic","Relic","Card","Relic","Relic","Relic","Card","Undefined"],"build_version":"2020-12-22","purchased_purges":4,"victory":true,"max_hp_per_floor":[75,75,75,75,75,75,75,75,75,75,75,75,75,75,75,75,75,75,75,75,75,75,75,75,75,75,75,75,75,75,75,75,75,75,75,82,82,82,82,82,82,82,92,92,92,92,92,92,92,92,92],"card_choices":[{"not_picked":["TheCursedMod:Stigma","TheCursedMod:Mangle"],"picked":"TheCursedMod:SmokeScreen","floor":1.0},{"not_picked":["TheCursedMod:DoubleShield","TheCursedMod:TroublousMinions"],"picked":"TheCursedMod:Hemoplague","floor":5.0},{"not_picked":["TheCursedMod:CursedBoomerang","TheCursedMod:PrepareRite"],"picked":"TheCursedMod:DemonicPact","floor":6.0},{"not_picked":["TheCursedMod:EmpowerCircles","TheCursedMod:Stretching"],"picked":"TheCursedMod:Obscuration","floor":10.0},{"not_picked":["TheCursedMod:RavingStaff","TheCursedMod:RapidMovement","TheCursedMod:CircleOfCorruption"],"picked":"SKIP","floor":10.0},{"not_picked":["TheCursedMod:CircleOfCorruption","TheCursedMod:SoulReap"],"picked":"TheCursedMod:Obscuration","floor":11.0},{"not_picked":["TheCursedMod:BlessingInDisguise","TheCursedMod:Stigma"],"picked":"TheCursedMod:CircleOfFlame","floor":11.0},{"not_picked":["TheCursedMod:TroublousMinions","TheCursedMod:SoulReap"],"picked":"TheCursedMod:CircleOfAmplification","floor":12.0},{"not_picked":["TheCursedMod:SoulCrush","TheCursedMod:CircleOfCorruption","TheCursedMod:ManaBullet"],"picked":"SKIP","floor":14.0},{"not_picked":["TheCursedMod:CircleOfAbyss","TheCursedMod:CursedRelics"],"picked":"TheCursedMod:StunningStrike","floor":16.0},{"not_picked":["TheCursedMod:SoulCrush","TheCursedMod:CursedSpellbook"],"picked":"TheCursedMod:EmpowerCircles+1","floor":18.0},{"not_picked":["TheCursedMod:CircleOfFlame+1","TheCursedMod:RapidMovement"],"picked":"TheCursedMod:CursedBlade+1","floor":18.0},{"not_picked":["TheCursedMod:SaltUponWound","TheCursedMod:VitalStrike"],"picked":"TheCursedMod:Mangle","floor":19.0},{"not_picked":["TheCursedMod:Hemoplague","TheCursedMod:ReleasedStrength+1"],"picked":"TheCursedMod:FleshFromBone","floor":19.0},{"not_picked":["TheCursedMod:SaltUponWound","TheCursedMod:AshesToAshes+1"],"picked":"TheCursedMod:SpitefulPray","floor":21.0},{"not_picked":["TheCursedMod:DarkBarrier","TheCursedMod:EmpowerCircles","TheCursedMod:Hemoplague"],"picked":"SKIP","floor":21.0},{"not_picked":["TheCursedMod:HellsGateOpen","TheCursedMod:Obscuration"],"picked":"TheCursedMod:FleshFromBone","floor":23.0},{"not_picked":["TheCursedMod:SurpriseAttack","TheCursedMod:Grudge+1"],"picked":"TheCursedMod:WearCloak","floor":23.0},{"not_picked":["TheCursedMod:Stigma","TheCursedMod:FuryStrike"],"picked":"TheCursedMod:Stretching","floor":29.0},{"not_picked":["TheCursedMod:Obscuration","TheCursedMod:VitalStrike"],"picked":"TheCursedMod:SurpriseAttack","floor":31.0},{"not_picked":["TheCursedMod:RavingStaff","TheCursedMod:CircleOfCorruption"],"picked":"TheCursedMod:Evocation+1","floor":31.0},{"not_picked":["TheCursedMod:CursedMace","TheCursedMod:CursedStaff+1"],"picked":"TheCursedMod:TacticalStrike+1","floor":35.0},{"not_picked":["TheCursedMod:SoulReap+1","TheCursedMod:CursedArmor"],"picked":"TheCursedMod:CursedAmulet","floor":35.0},{"not_picked":["TheCursedMod:CursedBlade+1","TheCursedMod:SoulCrush+1"],"picked":"TheCursedMod:CursedSpellbook+1","floor":38.0},{"not_picked":["TheCursedMod:CursedMace","TheCursedMod:Obscuration","TheCursedMod:PrepareRite+1"],"picked":"SKIP","floor":38.0},{"not_picked":["TheCursedMod:Stretching+1","TheCursedMod:Obscuration"],"picked":"TheCursedMod:SpitefulPray+1","floor":40.0},{"not_picked":["TheCursedMod:WearCloak","TheCursedMod:BloodBarrier+1","TheCursedMod:Stigma+1"],"picked":"SKIP","floor":42.0},{"not_picked":["TheCursedMod:Grudge","TheCursedMod:RapidMovement+1","TheCursedMod:AshesToAshes+1"],"picked":"SKIP","floor":42.0},{"not_picked":["TheCursedMod:WearCloak+1","TheCursedMod:AbyssShockwave+1"],"picked":"TheCursedMod:HellfireBreathing+1","floor":44.0},{"not_picked":["TheCursedMod:SpitefulPlan+1","TheCursedMod:CircleOfWindfury+1"],"picked":"TheCursedMod:VitalStrike+1","floor":44.0},{"not_picked":["TheCursedMod:AshesToAshes+1","TheCursedMod:SaltUponWound+1"],"picked":"TheCursedMod:Grudge+1","floor":45.0},{"not_picked":["TheCursedMod:CursedAmulet+1","TheCursedMod:CircleOfAmplification","TheCursedMod:HellsGateOpen+1"],"picked":"SKIP","floor":45.0},{"not_picked":["TheCursedMod:RavingStaff","TheCursedMod:WearCloak+1"],"picked":"TheCursedMod:CollectTribute","floor":46.0},{"not_picked":["TheCursedMod:CircleOfCorruption","TheCursedMod:ReleasedKnowledge+1"],"picked":"TheCursedMod:SpitefulStrike+1","floor":48},{"not_picked":["TheCursedMod:AbyssShockwave","TheCursedMod:Stretching","TheCursedMod:Wield+1"],"picked":"SKIP","floor":48}],"player_experience":145383,"relics_obtained":[{"floor":6.0,"key":"Meat on the Bone"},{"floor":9.0,"key":"Prayer Wheel"},{"floor":14.0,"key":"Ginger"},{"floor":26.0,"key":"Shovel"},{"floor":27.0,"key":"Regal Pillow"},{"floor":29.0,"key":"War Paint"},{"floor":37.0,"key":"Peace Pipe"},{"floor":40.0,"key":"Pen Nib"},{"floor":43.0,"key":"Pear"},{"floor":46.0,"key":"HollowMod:PaleOreRelic"}],"event_choices":[{"damage_healed":0.0,"max_hp_gain":0.0,"max_hp_loss":0.0,"gold_gain":0.0,"event_name":"Golden Idol","player_choice":"Take Wound","floor":2.0,"gold_loss":0.0,"damage_taken":0.0,"relics_obtained":["Golden Idol"],"cards_obtained":["Injury"]},{"damage_healed":0.0,"max_hp_gain":0.0,"max_hp_loss":0.0,"gold_gain":175.0,"event_name":"Liars Game","player_choice":"AGREE","floor":3.0,"gold_loss":0.0,"damage_taken":0.0,"cards_obtained":["Doubt"]},{"damage_healed":0.0,"max_hp_gain":0.0,"max_hp_loss":0.0,"gold_gain":275.0,"event_name":"Golden Shrine","player_choice":"Desecrate","floor":4.0,"gold_loss":0.0,"damage_taken":0.0,"cards_obtained":["Regret"]},{"damage_healed":0.0,"max_hp_gain":0.0,"max_hp_loss":0.0,"gold_gain":0.0,"event_name":"Vampires","player_choice":"Ignored","floor":22.0,"gold_loss":0.0,"damage_taken":0.0},{"damage_healed":0.0,"max_hp_gain":0.0,"max_hp_loss":0.0,"gold_gain":0.0,"event_name":"Addict","player_choice":"Stole Relic","floor":24.0,"gold_loss":0.0,"damage_taken":0.0,"relics_obtained":["Bag of Marbles"],"cards_obtained":["Shame"]},{"damage_healed":0.0,"max_hp_gain":0.0,"max_hp_loss":0.0,"gold_gain":0.0,"event_name":"The Joust","player_choice":"Bet on Owner","floor":30.0,"gold_loss":50.0,"damage_taken":0.0},{"damage_healed":0.0,"max_hp_gain":0.0,"max_hp_loss":0.0,"gold_gain":0.0,"event_name":"Mysterious Sphere","player_choice":"Fight","floor":37.0,"gold_loss":0.0,"damage_taken":0.0},{"damage_healed":0.0,"max_hp_gain":0.0,"max_hp_loss":0.0,"gold_gain":333.0,"event_name":"The Moai Head","player_choice":"Gave Idol","floor":39.0,"relics_lost":["Golden Idol"],"gold_loss":0.0,"damage_taken":0.0}],"is_beta":false,"boss_relics":[{"not_picked":["Coffee Dripper","Runic Dome"],"picked":"TheCursedMod:BlackMagicAdvanced"},{"not_picked":["Sozu","Cursed Key"],"picked":"Empty Cage"}],"items_purged_floors":[8,20,36,47],"is_endless":false,"potions_floor_spawned":[10,11,12,14,19,21,33,35,42,44,45,48],"ascension_level":1}}