{"host":"fzjk61lpi4bwj033","time":1612841319,"event":{"mods":["BaseMod","Downfall","Hermit","Jorbs\u0027s Wanderer Trilogy","Minty Spire (QoL Compilation)","Rare Cards Sparkle","Relic Stats","StSLib"],"gold_per_floor":[114,126,126,126,126,162,186,166,166,199,223,223,223,243,243,243,243],"floor_reached":16,"language":"ENG","playtime":529,"items_purged":[],"score":270,"play_id":"ee5784b7-2cc9-4225-9f49-92b0ee4775b9","local_time":"20210208212839","is_ascension_mode":true,"campfire_choices":[{"floor":12,"key":"REST"},{"data":"hermit:Brawl","floor":15,"key":"SMITH"}],"circlet_count":0,"master_deck":["AscendersBane","hermit:Strike_Hermit","hermit:Strike_Hermit","hermit:Strike_Hermit","hermit:Strike_Hermit","hermit:Defend_Hermit","hermit:Defend_Hermit","hermit:Defend_Hermit","hermit:Defend_Hermit","hermit:Snapshot","hermit:Covet","hermit:Snipe","hermit:Glare+1","CurseOfTheBell","CurseOfTheBell","hermit:Brawl+1","hermit:HighCaliber","hermit:FinalCanter","hermit:Dive","hermit:Gestalt"],"relics":["hermit:Momento","NeowsBlessing","Golden Idol","downfall:ExtraCursedBell","sneckomod:BlankCard","Darkstone Periapt","Dead Branch","Turnip","hermit:CharredGlove","Meat on the Bone"],"acts_visited":["Exordium"],"potions_floor_usage":[14,16,16],"damage_taken":[{"damage":0,"enemies":"Cultist","floor":1,"turns":1},{"damage":0,"enemies":"Small Slimes","floor":2,"turns":2},{"damage":0,"enemies":"Lagavulin","floor":6,"turns":1},{"damage":0,"enemies":"2 Louse","floor":7,"turns":3},{"damage":65,"enemies":"Gremlin Nob","floor":10,"turns":5},{"damage":4,"enemies":"2 Fungi Beasts","floor":11,"turns":3},{"damage":4,"enemies":"Lots of Slimes","floor":14,"turns":4},{"damage":45,"enemies":"The Guardian","floor":16,"turns":9}],"seed_played":"-1431935781136675825","potions_obtained":[{"floor":2,"key":"FairyPotion"},{"floor":8,"key":"SteroidPotion"},{"floor":13,"key":"DistilledChaos"},{"floor":14,"key":"GamblersBrew"}],"is_trial":false,"path_per_floor":["M","M","?","?","?","E","M","?","T","E","M","R","?","M","R","B"],"character_chosen":"HERMIT","items_purchased":[],"campfire_rested":1,"item_purchase_floors":[],"current_hp_per_floor":[64,64,64,64,64,64,64,64,64,19,27,46,46,42,42,0,0],"gold":243,"neow_bonus":"THREE_ENEMY_KILL","is_daily":false,"chose_seed":false,"campfire_upgraded":1,"win_rate":0.0,"timestamp":1612841319,"path_taken":["M","M","?","?","?","E","M","?","T","E","?","R","?","M","R","BOSS"],"items_purchased_type":[],"build_version":"2020-12-22","purchased_purges":0,"victory":false,"max_hp_per_floor":[71,71,71,64,64,64,64,64,64,64,64,64,64,64,64,64,64],"relic_stats":{"Darkstone Periapt":0,"counters":[8,28],"Golden Idol":28,"Dead Branch":[19],"Turnip":[0],"obtain_stats":[{"Darkstone Periapt":5,"NeowsBlessing":0,"Golden Idol":4,"sneckomod:BlankCard":5,"Dead Branch":5,"hermit:CharredGlove":9,"Turnip":6,"downfall:ExtraCursedBell":5,"hermit:Momento":0,"Meat on the Bone":10},{"Darkstone Periapt":2,"NeowsBlessing":0,"Golden Idol":2,"sneckomod:BlankCard":2,"Dead Branch":2,"hermit:CharredGlove":4,"Turnip":3,"downfall:ExtraCursedBell":2,"hermit:Momento":0,"Meat on the Bone":5},{"Darkstone Periapt":3,"NeowsBlessing":0,"Golden Idol":3,"sneckomod:BlankCard":3,"Dead Branch":3,"hermit:CharredGlove":7,"Turnip":4,"downfall:ExtraCursedBell":3,"hermit:Momento":0,"Meat on the Bone":12}],"Meat on the Bone":12},"card_choices":[{"not_picked":["hermit:HighCaliber","hermit:ItchyTrigger"],"picked":"hermit:Snipe","floor":1},{"not_picked":["hermit:WideOpen","hermit:Coalescence"],"picked":"hermit:Glare","floor":2},{"not_picked":["hermit:TakeCover","hermit:TrackingShot"],"picked":"hermit:Brawl","floor":6},{"not_picked":["hermit:Showdown","hermit:Dive"],"picked":"hermit:HighCaliber","floor":7},{"not_picked":["hermit:LowProfile","hermit:CalledShot"],"picked":"hermit:FinalCanter","floor":10},{"not_picked":["hermit:Manifest","hermit:CalledShot"],"picked":"hermit:Dive","floor":11},{"not_picked":["hermit:LowProfile","hermit:TrackingShot"],"picked":"hermit:Gestalt","floor":14}],"player_experience":845328,"relics_obtained":[{"floor":5,"key":"sneckomod:BlankCard"},{"floor":5,"key":"Darkstone Periapt"},{"floor":5,"key":"Dead Branch"},{"floor":6,"key":"Turnip"},{"floor":9,"key":"hermit:CharredGlove"},{"floor":10,"key":"Meat on the Bone"}],"event_choices":[{"damage_healed":0,"gold_gain":0,"player_choice":"Grow","damage_taken":0,"max_hp_gain":0,"max_hp_loss":0,"event_name":"Living Wall","floor":3,"gold_loss":0,"cards_upgraded":["hermit:Glare"]},{"damage_healed":0,"gold_gain":0,"player_choice":"Lose Max HP","damage_taken":0,"relics_obtained":["Golden Idol"],"max_hp_gain":0,"max_hp_loss":7,"event_name":"Golden Idol","floor":4,"gold_loss":0},{"damage_healed":0,"gold_gain":0,"player_choice":"Bought 1 Potion","damage_taken":0,"max_hp_gain":0,"max_hp_loss":0,"event_name":"The Woman in Blue","floor":8,"gold_loss":0},{"damage_healed":0,"gold_gain":0,"player_choice":"Got Potions","damage_taken":0,"max_hp_gain":0,"max_hp_loss":0,"event_name":"Lab","floor":13,"gold_loss":0}],"is_beta":false,"boss_relics":[],"items_purged_floors":[],"is_endless":false,"potions_floor_spawned":[2,14],"killed_by":"The Guardian","ascension_level":20}}