{"host":"mo4d2vii2wc3uyp7","time":1612862748,"event":{"mods":["AchievementEnabler","BaseMod","Colored Map","Highlight Path","Keyboard Shortcuts","Minty Spire (QoL Compilation)","Permanent Neow","Quick Restart","Shop Mod","StSLib","SuperFastMode","everything is the same but u backflip on backflip"],"gold_per_floor":[115,133,145,158,174,174,186,206,253,253,284,296,326,353,353,353,353],"floor_reached":16,"language":"KOR","playtime":572,"items_purged":[],"score":212,"play_id":"833ef90d-f1a6-4da0-8759-79ef73546d7b","local_time":"20210209182548","is_ascension_mode":true,"campfire_choices":[{"data":"Storm of Steel","floor":6.0,"key":"SMITH"},{"floor":10.0,"key":"REST"},{"floor":15,"key":"REST"}],"circlet_count":0,"master_deck":["AscendersBane","Strike_G","Strike_G","Strike_G","Strike_G","Strike_G","Defend_G","Defend_G","Defend_G","Defend_G","Defend_G","Survivor","Neutralize","Dagger Spray","Dodge and Roll","Storm of Steel+1","Calculated Gamble","Tactician","Acrobatics","Underhanded Strike","Backstab"],"relics":["Ring of the Snake","Art of War","Akabeko","Pantograph","Bag of Marbles"],"acts_visited":["Exordium"],"potions_floor_usage":[11,11,14,16],"damage_taken":[{"damage":2.0,"enemies":"Jaw Worm","floor":1.0,"turns":5.0},{"damage":6.0,"enemies":"2 Louse","floor":2.0,"turns":4.0},{"damage":12.0,"enemies":"Cultist","floor":3.0,"turns":5.0},{"damage":7.0,"enemies":"Large Slime","floor":4.0,"turns":10.0},{"damage":6.0,"enemies":"3 Louse","floor":5.0,"turns":3.0},{"damage":8.0,"enemies":"Gremlin Gang","floor":7.0,"turns":2.0},{"damage":9.0,"enemies":"Looter","floor":8.0,"turns":4.0},{"damage":0,"enemies":"Gremlin Nob","floor":11,"turns":2},{"damage":0,"enemies":"Blue Slaver","floor":12,"turns":5},{"damage":20,"enemies":"Lagavulin","floor":14,"turns":8},{"damage":62,"enemies":"The Guardian","floor":16,"turns":19}],"seed_played":"703626349805637305","potions_obtained":[{"floor":4.0,"key":"Weak Potion"},{"floor":7.0,"key":"SkillPotion"},{"floor":8.0,"key":"CunningPotion"},{"floor":14,"key":"Block Potion"}],"is_trial":false,"path_per_floor":["M","M","M","M","M","R","M","M","T","R","E","M","?","E","R","B"],"character_chosen":"THE_SILENT","items_purchased":[],"campfire_rested":2,"item_purchase_floors":[],"current_hp_per_floor":[61,55,43,36,30,30,22,13,13,34,34,34,34,14,35,0,0],"gold":353,"neow_bonus":"RANDOM_COMMON_RELIC","is_daily":false,"chose_seed":false,"campfire_upgraded":1,"win_rate":0.0,"timestamp":1612862748,"path_taken":["M","M","M","M","M","R","M","M","T","R","E","M","?","E","R","BOSS"],"items_purchased_type":[],"build_version":"2020-12-22","purchased_purges":0,"victory":false,"max_hp_per_floor":[70,70,70,70,70,70,70,70,70,70,70,70,70,70,70,70,70],"card_choices":[{"not_picked":["Blade Dance","Underhanded Strike","Catalyst"],"picked":"SKIP","floor":1.0},{"not_picked":["Escape Plan","Flying Knee"],"picked":"Dagger Spray","floor":2.0},{"not_picked":["Setup","Bane"],"picked":"Dodge and Roll","floor":3.0},{"not_picked":["Skewer","Flying Knee"],"picked":"Storm of Steel","floor":4.0},{"not_picked":["Outmaneuver","Skewer"],"picked":"Calculated Gamble","floor":5.0},{"not_picked":["Dodge and Roll","Well Laid Plans"],"picked":"Tactician","floor":7.0},{"not_picked":["Dagger Spray","Catalyst"],"picked":"Acrobatics","floor":8.0},{"not_picked":["Concentrate","Slice"],"picked":"Underhanded Strike","floor":11},{"not_picked":["Slice","Sucker Punch"],"picked":"Backstab","floor":12},{"not_picked":["Deadly Poison","Expertise","Heel Hook"],"picked":"SKIP","floor":14}],"player_experience":606833,"relics_obtained":[{"floor":9.0,"key":"Akabeko"},{"floor":11,"key":"Pantograph"},{"floor":14,"key":"Bag of Marbles"}],"event_choices":[{"damage_healed":0,"gold_gain":30,"player_choice":"Searched \u00272\u0027 times","damage_taken":0,"max_hp_gain":0,"max_hp_loss":0,"event_name":"Dead Adventurer","floor":13,"gold_loss":0}],"is_beta":false,"boss_relics":[],"items_purged_floors":[],"is_endless":false,"potions_floor_spawned":[4,7,8,14],"killed_by":"The Guardian","ascension_level":10}}