{"host":"onjcd8pn3ar4eq0z","time":1612859101,"event":{"mods":["2.2 Compatiblity","AchievementEnabler","Act Like it!","Aspiration","BaseMod","Bestiary","Better Note","Better Third Choice","BetterRewards","CapriCore","ChefMod","Colored Map","Colored Powertips","Conspire","Curses Come First","Downfall","Friendly Minions","Gensokyo","GifTheSpireLib","Gremlin Mod","Hallownest","Hermit","Highlight Path","Hubris","Infinite Spire","Jorbs\u0027s Wanderer Trilogy","Koishi","Lobotomy","LobotomyExtend","Marisa????????","Mimic Mod","Minty Spire (QoL Compilation)","Pale of the Ancients","Potionbrewer","Practice Mode","Relic Sorter","Reliquary","Remilia??????","Replay The Spire","Shop Mod","Spicy Shops","StSLib","Synergy Search","The Administrix","The Animator","The Blue Laboratory","The Bug Knight","The Construct","The Cursed","The Disciple","The Gatherer","The Hierophant","The Immortal","The Mystic","The Necromancer","The Runesmith","The Sage","The Servant 0.9.4","TheBandit","TheSwordswoman","Waifu the Spire","Wandering Minibosses","Yuyuko","noobMod"],"gold_per_floor":[99,110,110,110,127,160,160,179,218,232,232,243,277,277,289,385,385,385,399,416,416,13,13,37,49,49,74,74,74,74,104,139,151,171,271,271,271,286,302,316,366,33,33,47,47,76,76,102,136,136,156,156],"floor_reached":53,"language":"ENG","playtime":6379,"items_purged":[],"score":917,"play_id":"bdf67b1d-199f-4d91-85db-79dce1dbe249","local_time":"20210209022501","is_ascension_mode":false,"campfire_choices":[{"data":"bronze:Replicate","floor":1.0,"key":"SMITH"},{"data":"bronze:AlphaBuild","floor":18.0,"key":"SMITH"},{"data":"expansioncontent:QuickStudy","floor":26,"key":"SMITH"},{"floor":30,"key":"REST"},{"data":"1","floor":50,"key":"LIFT"}],"circlet_count":0,"master_deck":["bronze:Strike","bronze:Strike","bronze:Strike","bronze:Strike","bronze:Defend","bronze:Defend","bronze:Defend","bronze:Defend","bronze:Replicate+1","bronze:Goto","bronze:CutThrough","bronze:ForceShield","bronze:WhirlingStrike","bronze:BuggyMess","bronze:ChildClass","bronze:WhirlingStrike","bronze:Return","bronze:Overload","bronze:Virus","bronze:AlphaBuild+1","bronze:BronzeOrb","bronze:WhirlingStrike","Life Link+1","bronze:DelayedSlice","expansioncontent:QuickStudy+1","Wrath_TH","EndlessPower","bronze:BugBarrage","bronze:DelayedSlice","bronze:Boost","bronze:Branch","bronze:RecursiveStrike","bronze:WhirlingStrike+1","bronze:BurnOut","CurseOfTheBell","bronze:Shield+1","bronze:FineTuning","bronze:Frontload+1","bronze:Frontload","bronze:Invalidate+1","bronze:Iterate","bronze:BugBarrage","bronze:BronzeOrb"],"relics":["bronze:BronzeCore","ice","LetterFromLob","bronze:BottledCode","hubris:PeanutButter","Darkstone Periapt","HollowMod:PaleOreRelic","Painkiller Herb","conspire:RoyalGoblet","hubris:ScarierMask","MerchantsRug","Gremlin Horn","reliquary:Boomerang","hubris:SlimyHat","potionbrewer:AlchemistFlask","Calling Bell","aspiration:ArtOfWarUpgrade","potionbrewer:MortarAndPestle","hubris:BundleOfHerbs","CatCart","infinitespire:WardingShard","hubris:Towel","Girya","hubris:TenFootPole","hubris:MysteriousPyramids"],"acts_visited":["Exordium","TheCity","TheBeyond"],"potions_floor_usage":[31,32,35,40,51,51,51,52,52],"damage_taken":[{"damage":0.0,"enemies":"2 Louse","floor":2.0,"turns":2.0},{"damage":0.0,"enemies":"Small Slimes","floor":5.0,"turns":3.0},{"damage":33.0,"enemies":"3 Sentries","floor":6.0,"turns":9.0},{"damage":0.0,"enemies":"Cultist","floor":8.0,"turns":3.0},{"damage":60.0,"enemies":"conspire:MimicChest","floor":9.0,"turns":9.0},{"damage":0.0,"enemies":"Blue Slaver","floor":10.0,"turns":2.0},{"damage":0.0,"enemies":"3 Louse","floor":12.0,"turns":1.0},{"damage":6.0,"enemies":"Lagavulin","floor":13.0,"turns":4.0},{"damage":0.0,"enemies":"2 Fungi Beasts","floor":15.0,"turns":2.0},{"damage":0.0,"enemies":"WA_ARCHETYPE_RETAIN","floor":16.0,"turns":5.0},{"damage":0,"enemies":"3 Byrds","floor":19,"turns":3},{"damage":11,"enemies":"Shell Parasite","floor":20,"turns":3},{"damage":0,"enemies":"downfall:FleeingMerchant","floor":22,"turns":4},{"damage":13,"enemies":"Snake Plant","floor":25,"turns":3},{"damage":5,"enemies":"Book of Stabbing","floor":27,"turns":4},{"damage":6,"enemies":"Gremlin Leader","floor":31,"turns":4},{"damage":0,"enemies":"Cultist and Chosen","floor":32,"turns":7},{"damage":0,"enemies":"Cultist and Chosen","floor":33,"turns":3},{"damage":0,"enemies":"3 Cultists","floor":34,"turns":1},{"damage":35,"enemies":"SI_MIRROR_ARCHETYPE","floor":35,"turns":7},{"damage":0,"enemies":"Orb Walker","floor":38,"turns":2},{"damage":26,"enemies":"3 Shapes","floor":39,"turns":4},{"damage":29,"enemies":"Writhing Mass","floor":40,"turns":7},{"damage":49,"enemies":"Orin","floor":41,"turns":10},{"damage":6,"enemies":"3 Darklings","floor":44,"turns":3},{"damage":8,"enemies":"Nemesis","floor":46,"turns":7},{"damage":62,"enemies":"Reptomancer","floor":49,"turns":4},{"damage":6,"enemies":"Transient","floor":51,"turns":5},{"damage":79,"enemies":"DF_ARCHETYPE_ORBS","floor":52,"turns":9}],"seed_played":"7839413480483882716","potions_obtained":[{"floor":5.0,"key":"blueLaboratory:FrostheartPotion"},{"floor":9.0,"key":"potionbrewer:AcidPotion"},{"floor":10.0,"key":"Swift Potion"},{"floor":13.0,"key":"Explosive Potion"},{"floor":31,"key":"potionbrewer:AcidPotion"},{"floor":33,"key":"potionbrewer:ToxicPotion"},{"floor":35,"key":"DistilledChaos"},{"floor":39,"key":"potionbrewer:BoundlessPotion"},{"floor":41,"key":"construct:ShiftPotion"},{"floor":46,"key":"blueLaboratory:FruitPunch"},{"floor":49,"key":"potionbrewer:SplittingPotion"}],"is_trial":false,"path_per_floor":["R","M","?","?","M","E","T","M","?","M","?","M","E","?","M","B",null,"T","?","?","?","T","?","T","?","T","E","PTL","PTL","T","E","MIM","?","?","B",null,"T","?","?","?","?","?","T","?","?","E","T","T","E","T","?","B",null],"character_chosen":"THE_AUTOMATON","items_purchased":["MerchantsRug","expansioncontent:QuickStudy","Gremlin Horn"],"campfire_rested":1,"item_purchase_floors":[22,22,22],"current_hp_per_floor":[77,77,67,67,67,34,34,34,32,32,53,53,47,47,47,47,79,79,79,68,68,68,74,74,61,61,58,58,58,83,77,77,77,77,43,91,91,91,70,42,14,102,102,96,96,93,93,93,36,36,32,97],"gold":156,"neow_bonus":"TEN_PERCENT_HP_BONUS","is_daily":false,"chose_seed":false,"campfire_upgraded":3,"win_rate":0.0,"timestamp":1612859101,"path_taken":["R","M","?","?","M","E","T","M","?","?","?","M","E","?","M","BOSS","T","?","?","?","?","?","T","?","T","E","PTL","PTL","T","E","?","?","?","BOSS","T","?","?","?","?","?","T","?","?","E","T","?","E","T","?","BOSS"],"items_purchased_type":["Relic","Card","Relic"],"build_version":"2020-12-22","purchased_purges":0,"victory":true,"max_hp_per_floor":[77,77,67,67,67,67,67,67,72,73,73,73,74,74,75,79,79,79,79,79,79,79,85,85,85,85,85,85,85,85,85,85,85,85,85,91,91,91,91,91,91,102,102,102,102,102,102,102,102,102,104,105],"card_choices":[{"not_picked":["bronze:Turbo","bronze:DarkDash"],"picked":"bronze:CutThrough","floor":2.0},{"not_picked":["bronze:BugBarrage","bronze:Invalidate"],"picked":"bronze:ForceShield","floor":5.0},{"not_picked":["bronze:Format","bronze:FineTuning"],"picked":"bronze:WhirlingStrike","floor":6.0},{"not_picked":["bronze:WildBeam","bronze:Invalidate"],"picked":"bronze:BuggyMess","floor":8.0},{"not_picked":["bronze:CutThrough","bronze:Deprecate"],"picked":"bronze:ChildClass","floor":9.0},{"not_picked":["bronze:Overheat","bronze:BronzeOrb"],"picked":"bronze:WhirlingStrike","floor":10.0},{"not_picked":["bronze:BronzeArmor","bronze:BuggyMess"],"picked":"bronze:Return","floor":12.0},{"not_picked":["bronze:OilSpill","bronze:Invalidate"],"picked":"bronze:Overload","floor":13.0},{"not_picked":["bronze:WildBeam","bronze:Philosophize"],"picked":"bronze:Virus","floor":15.0},{"not_picked":["bronze:ShipIt","bronze:HardenedForm"],"picked":"bronze:AlphaBuild","floor":16.0},{"not_picked":["bronze:BuggyMess","bronze:Return+1"],"picked":"bronze:BronzeOrb","floor":19},{"not_picked":["bronze:ForceShield+1","bronze:FineTuning"],"picked":"bronze:WhirlingStrike","floor":20},{"not_picked":["bronze:Shell","bronze:DelayedGuard+1"],"picked":"bronze:DelayedSlice","floor":22},{"not_picked":["bronze:Safeguard","bronze:OilSpill"],"picked":"bronze:BugBarrage","floor":25},{"not_picked":["bronze:OilSpill+1","bronze:Shell"],"picked":"bronze:DelayedSlice","floor":27},{"not_picked":["bronze:DelayedSlice","bronze:DelayedGuard"],"picked":"bronze:Boost","floor":31},{"not_picked":["bronze:BronzeArmor","bronze:Deprecate"],"picked":"bronze:Branch","floor":32},{"not_picked":["bronze:ItsAFeature","bronze:CutThrough"],"picked":"bronze:RecursiveStrike","floor":33},{"not_picked":["bronze:Allocate","bronze:BitShift"],"picked":"bronze:WhirlingStrike+1","floor":34},{"not_picked":["bronze:SpaghettiCode","bronze:Format"],"picked":"bronze:BurnOut","floor":35},{"not_picked":["bronze:BitShift+1","bronze:BuggyMess+1"],"picked":"bronze:Shield+1","floor":38},{"not_picked":["bronze:Backtrace+1","bronze:BuggyMess+1"],"picked":"bronze:FineTuning","floor":39},{"not_picked":["bronze:ForLoop","bronze:Branch+1"],"picked":"bronze:Frontload+1","floor":40},{"not_picked":["bronze:ThunderWave","bronze:BitShift"],"picked":"bronze:Frontload","floor":41},{"not_picked":["bronze:BitShift+1","bronze:Repulsor"],"picked":"bronze:Invalidate+1","floor":44},{"not_picked":["bronze:Overload+1","bronze:DelayedSlice+1"],"picked":"bronze:Iterate","floor":46},{"not_picked":["bronze:OilSpill+1","bronze:SpaghettiCode"],"picked":"bronze:BugBarrage","floor":49},{"not_picked":["bronze:FollowUp","bronze:Allocate+1"],"picked":"bronze:BronzeOrb","floor":51}],"player_experience":522016,"relics_obtained":[{"floor":2.0,"key":"LetterFromLob"},{"floor":6.0,"key":"hubris:PeanutButter"},{"floor":7.0,"key":"conspire:InfiniteJournal"},{"floor":9.0,"key":"Darkstone Periapt"},{"floor":13.0,"key":"HollowMod:PaleOreRelic"},{"floor":24,"key":"reliquary:Boomerang"},{"floor":27,"key":"hubris:SlimyHat"},{"floor":31,"key":"potionbrewer:AlchemistFlask"},{"floor":36,"key":"Art of War"},{"floor":36,"key":"potionbrewer:MortarAndPestle"},{"floor":36,"key":"hubris:BundleOfHerbs"},{"floor":41,"key":"CatCart"},{"floor":43,"key":"infinitespire:WardingShard"},{"floor":46,"key":"Girya"},{"floor":48,"key":"hubris:TenFootPole"},{"floor":49,"key":"hubris:MysteriousPyramids"}],"event_choices":[{"cards_removed":["bronze:Return"],"damage_healed":0,"gold_gain":0,"player_choice":"Take \u0026 Give","damage_taken":0,"max_hp_gain":0,"max_hp_loss":0,"event_name":"betterNote:BetterNote","floor":21,"gold_loss":0,"cards_obtained":["Life Link"]},{"damage_healed":0,"gold_gain":0,"player_choice":"Fight","damage_taken":0,"max_hp_gain":0,"max_hp_loss":0,"event_name":"OrinTheCat","floor":41,"gold_loss":0}],"is_beta":false,"boss_relics":[{"not_picked":["conspire:RunicOctahedron","Cursed Key"],"picked":"Replay:Grab Bag"},{"not_picked":["Runesmith:UraniumAnvil","hubris:VirtuousBlindfold"],"picked":"Painkiller Herb"},{"not_picked":["Velvet Choker","ReplayTheSpireMod:DimensionalGlitch"],"picked":"conspire:RoyalGoblet"},{"not_picked":["Snecko Eye","hubris:HollowSoul"],"picked":"hubris:ScarierMask"},{"not_picked":["bronze:PlatinumCore","aspiration:MobileForge"],"picked":"Calling Bell"}],"items_purged_floors":[],"is_endless":false,"potions_floor_spawned":[5,9,10,13,15,19,31,33,34,35,39,41,46,49],"ascension_level":0}}