{"host":"zybdh2ue20qfjbiz","time":1613668049,"event":{"mods":["AchievementEnabler","BaseMod","Better Altar","Better Skull","BetterRewards","Friendly Minions","Koishi","Lobotomy","LobotomyExtend","Minty Spire (QoL Compilation)","RemiliaÅiÂQïƒ‰ª?Åj","StSLib"],"gold_per_floor":[114,125,125,141,141,141,156,231,255,122,122,134,167,180,180,258,258,274,274,292,312,312,312,341,341,341,354,387,401,429,304,304,378,378,378,69,85,5,5,15,47,47,47,57,82,82,102,147,147,147,147,147,147,147,36,65,65],"floor_reached":58,"language":"ENG","playtime":1448,"items_purged":["Koishi:BasicStrike","Koishi:BasicStrike","Koishi:BasicStrike+1","Koishi:BasicStrike","Koishi:HauntingSlash","Koishi:BasicDefend","Koishi:BasicDefend","Koishi:SpiritedAway","Koishi:PhilosophyOfTheDespised"],"score":4300,"play_id":"8b3fabbc-efac-4637-a7df-95403ac04956","local_time":"20210218200729","is_ascension_mode":true,"campfire_choices":[{"data":"Pain","floor":6,"key":"PURGE"},{"data":"Koishi:BasicDefend","floor":11,"key":"PURGE"},{"data":"Koishi:GeneticsOfTheUnconscious","floor":15,"key":"SMITH"},{"data":"1","floor":23,"key":"LIFT"},{"data":"2","floor":25,"key":"LIFT"},{"data":"3","floor":32,"key":"LIFT"},{"data":"Koishi:PhilosophyOfTheDespised","floor":42,"key":"PURGE"},{"data":"Master of Strategy","floor":46,"key":"PURGE"},{"floor":49,"key":"RECALL"},{"data":"Koishi:SubconsciousSweep+1","floor":54,"key":"PURGE"}],"circlet_count":0,"master_deck":["AscendersBane","Koishi:HeartAttack+1","Koishi:HeartAttack+1","Koishi:GeneticsOfTheUnconscious+1","Koishi:ReflexRadar","Koishi:ReflexRadar","Koishi:ReflexRadar","Koishi:ReflexRadar","Koishi:ReflexRadar"],"relics":["Koishi:ImaginaryFriend","Girya","Membership Card","Whetstone","Torii","Orrery","Calipers","Lee\u0027s Waffle","Ginger","ClockworkSouvenir","FossilizedHelix","Lizard Tail","Koishi:EchoesOfADeadGirl","Peace Pipe","Dead Branch","LetterFromLob","WarpedTongs","Centennial Puzzle","Bottled Flame","Bronze Scales","Empty Cage","Regal Pillow","Juzu Bracelet","WingedGreaves","ShedSkin_r","Strawberry","Strange Spoon","Pen Nib","PreservedInsect","Frozen Egg 2","MealTicket","Ice Cream","DollysMirror","Mercury Hourglass"],"acts_visited":["Exordium","TheCity","TheBeyond","TheEnding"],"potions_floor_usage":[0,16,57],"damage_taken":[{"damage":0,"enemies":"2 Louse","floor":1,"turns":1},{"damage":0,"enemies":"Cultist","floor":2,"turns":2},{"damage":0,"enemies":"Small Slimes","floor":4,"turns":1},{"damage":0,"enemies":"2 Fungi Beasts","floor":7,"turns":1},{"damage":0,"enemies":"Exordium Wildlife","floor":12,"turns":1},{"damage":0,"enemies":"3 Sentries","floor":13,"turns":2},{"damage":6,"enemies":"Lots of Slimes","floor":14,"turns":2},{"damage":0,"enemies":"Slime Boss","floor":16,"turns":1},{"damage":0,"enemies":"Shell Parasite","floor":18,"turns":1},{"damage":0,"enemies":"2 Thieves","floor":20,"turns":1},{"damage":0,"enemies":"Centurion and Healer","floor":21,"turns":1},{"damage":0,"enemies":"Gremlin Leader","floor":24,"turns":1},{"damage":0,"enemies":"Shelled Parasite and Fungi","floor":27,"turns":1},{"damage":0,"enemies":"Book of Stabbing","floor":28,"turns":1},{"damage":0,"enemies":"Snake Plant","floor":29,"turns":1},{"damage":0,"enemies":"Gremlin Leader","floor":30,"turns":1},{"damage":0,"enemies":"Automaton","floor":33,"turns":1},{"damage":21,"enemies":"3 Shapes","floor":37,"turns":1},{"damage":0,"enemies":"Orb Walker","floor":40,"turns":1},{"damage":0,"enemies":"Giant Head","floor":41,"turns":1},{"damage":0,"enemies":"Maw","floor":44,"turns":1},{"damage":0,"enemies":"Nemesis","floor":45,"turns":1},{"damage":0,"enemies":"3 Darklings","floor":47,"turns":1},{"damage":0,"enemies":"2 Orb Walkers","floor":48,"turns":1},{"damage":0,"enemies":"Awakened One","floor":50,"turns":2},{"damage":0,"enemies":"Time Eater","floor":51,"turns":2},{"damage":0,"enemies":"Shield and Spear","floor":56,"turns":1},{"damage":26,"enemies":"The Heart","floor":57,"turns":4}],"seed_played":"1442032224307882249","potions_obtained":[{"floor":2,"key":"FearPotion"},{"floor":33,"key":"Fire Potion"},{"floor":56,"key":"Block Potion"}],"is_trial":false,"path_per_floor":["M","M","?","M","?","R","M","?","T","$","R","M","E","M","R","B",null,"M","?","M","M","?","R","E","R","T","M","E","M","E","$","R","B",null,"M","$","M","$","?","M","E","R","T","M","E","R","M","?","R","B","B",null,null,"R","$","E","B",null],"character_chosen":"KOISHI","items_purchased":["Master of Strategy","Koishi:HeartAttack","Membership Card","Whetstone","Orrery","Lee\u0027s Waffle","Koishi:GeneticsOfTheUnconscious","ClockworkSouvenir","Fruit Juice","FossilizedHelix","Peace Pipe","DistilledChaos","Bottled Flame","Strawberry","Strange Spoon","Pen Nib","DollysMirror","SkillPotion"],"campfire_rested":0,"item_purchase_floors":[0,0,0,0,0,0,0,0,0,0,0,0,10,36,36,38,55,55],"current_hp_per_floor":[69,69,69,69,69,69,69,58,58,58,58,58,58,52,52,52,65,65,65,65,65,65,65,65,65,65,65,65,65,65,65,65,65,68,38,45,24,24,24,24,24,24,24,24,24,24,24,24,24,24,24,24,63,63,76,76,50],"gold":65,"neow_bonus":"","is_daily":false,"chose_seed":false,"campfire_upgraded":1,"win_rate":0.0,"timestamp":1613668049,"path_taken":["M","M","?","M","?","R","?","?","T","$","R","M","E","M","R","BOSS","M","?","M","M","?","R","E","R","T","M","E","M","E","?","R","BOSS","M","$","M","$","?","M","E","R","T","M","E","R","M","?","R","BOSS","BOSS","R","$","E","BOSS"],"items_purchased_type":["Card","Card","Relic","Relic","Relic","Relic","Card","Relic","Potion","Relic","Relic","Potion","Relic","Relic","Relic","Relic","Relic","Potion"],"build_version":"2020-12-22","purchased_purges":9,"victory":true,"max_hp_per_floor":[69,69,69,69,69,69,69,69,69,69,69,69,69,69,69,69,69,69,69,69,69,69,69,69,69,69,69,69,69,69,69,69,69,69,69,76,76,76,76,76,76,76,76,76,76,76,76,76,76,76,76,76,76,76,76,76,76],"card_choices":[{"not_picked":["Koishi:SubconsciousSweep","Koishi:MindNumbingTerror"],"picked":"Koishi:HeartAttack","floor":0},{"not_picked":["Koishi:FreudianInstinct","Koishi:Bloodlust"],"picked":"Koishi:PhilosophyOfTheDespised","floor":0},{"not_picked":["Koishi:PhilosophyOfTheDespised","Koishi:SubconsciousSweep"],"picked":"Koishi:SpiritedAway","floor":0},{"not_picked":["Koishi:RacingHeart","Koishi:ParalyzingFear","Koishi:TerrifyingSpectre"],"picked":"SKIP","floor":1},{"not_picked":["Koishi:CatchAndRose","Koishi:JumpScare","Koishi:DreadfulBlow"],"picked":"SKIP","floor":2},{"not_picked":["Koishi:BramblyRoseGarden","Koishi:CatchAndRose","Koishi:PhantomBarrier"],"picked":"SKIP","floor":4},{"not_picked":["Koishi:SubterraneanRose","Koishi:ParalyzingFear","Koishi:UnseenTerror"],"picked":"SKIP","floor":7},{"not_picked":["Koishi:CatchAndRose","Koishi:VengefulSpirit","Koishi:SprinkleStarAndHeart"],"picked":"SKIP","floor":12},{"not_picked":["Koishi:FormlessExistence","Koishi:PhilosophyOfTheDespised"],"picked":"Koishi:Bloodlust","floor":13},{"not_picked":["Koishi:MassHysteria","Koishi:UnconsciousUprising","Koishi:PhilosophyOfTheDespised"],"picked":"SKIP","floor":14},{"not_picked":["Koishi:TremblingHands","Koishi:StingingMind","Koishi:PhantomStrike"],"picked":"SKIP","floor":18},{"not_picked":["Koishi:HeartAttack","Koishi:StingingMind","Koishi:UnconsciousUprising"],"picked":"SKIP","floor":20},{"not_picked":["Koishi:RacingHeart","Koishi:IdleWhim","Koishi:DanmakuParanoia"],"picked":"SKIP","floor":21},{"not_picked":["Koishi:SprinkleStarAndHeart","Koishi:ImGoingToCallYouNow","Koishi:SubconsciousSweep"],"picked":"SKIP","floor":24},{"not_picked":["Koishi:PhantomBarrier","Koishi:SubconsciousSweep","Koishi:TraumaticStroke"],"picked":"SKIP","floor":27},{"not_picked":["Koishi:LastRemote","Koishi:Jaunt","Koishi:ParalyzingFear+1"],"picked":"SKIP","floor":28},{"not_picked":["Koishi:SubterraneanRose","Koishi:FleetingPhantom","Koishi:Ego"],"picked":"SKIP","floor":29},{"not_picked":["Koishi:PhantomBarrier","Koishi:PhantomStrike"],"picked":"Koishi:ReflexRadar","floor":30},{"not_picked":["Koishi:YoukaiPolygraph","Koishi:GeneticsOfTheUnconscious","Koishi:Prune"],"picked":"SKIP","floor":37},{"not_picked":["Koishi:JumpScare","Koishi:LastRemote","Koishi:DNAsFlaw"],"picked":"SKIP","floor":40},{"not_picked":["Koishi:Possession+1","Koishi:EmbryosDream","Koishi:RacingHeart+1"],"picked":"SKIP","floor":41},{"not_picked":["Koishi:Bloodlust","Koishi:FreudianInstinct+1"],"picked":"Koishi:ReflexRadar","floor":44},{"not_picked":["Koishi:FidgetySnatcher+1","Koishi:Vanish"],"picked":"Koishi:SubconsciousSweep+1","floor":45},{"not_picked":["Koishi:EmbryosDream","Koishi:TremblingHands","Koishi:StingingMind"],"picked":"SKIP","floor":47},{"not_picked":["Koishi:UnseenTerror","Koishi:BloodcurdlingScream"],"picked":"Koishi:ReflexRadar","floor":56}],"player_experience":425709,"relics_obtained":[{"floor":1,"key":"LetterFromLob"},{"floor":9,"key":"Centennial Puzzle"},{"floor":13,"key":"Bronze Scales"},{"floor":24,"key":"Regal Pillow"},{"floor":28,"key":"Juzu Bracelet"},{"floor":30,"key":"WingedGreaves"},{"floor":41,"key":"PreservedInsect"},{"floor":43,"key":"Frozen Egg 2"},{"floor":45,"key":"MealTicket"},{"floor":48,"key":"Ice Cream"},{"floor":56,"key":"Mercury Hourglass"}],"event_choices":[{"damage_healed":0,"gold_gain":0,"player_choice":"Grow","damage_taken":0,"max_hp_gain":0,"max_hp_loss":0,"event_name":"Living Wall","floor":3,"gold_loss":0,"cards_upgraded":["Koishi:HeartAttack"]},{"damage_healed":0,"gold_gain":0,"player_choice":"Rummage","damage_taken":0,"relics_obtained":["WarpedTongs"],"max_hp_gain":0,"max_hp_loss":0,"event_name":"Accursed Blacksmith","floor":5,"gold_loss":0,"cards_obtained":["Pain"]},{"damage_healed":0,"gold_gain":75,"player_choice":"Gather Gold","damage_taken":11,"max_hp_gain":0,"max_hp_loss":0,"event_name":"World of Goop","floor":8,"gold_loss":0},{"damage_healed":0,"gold_gain":0,"player_choice":"Ignored","damage_taken":0,"max_hp_gain":0,"max_hp_loss":0,"event_name":"Vampires","floor":19,"gold_loss":0},{"damage_healed":0,"gold_gain":0,"player_choice":"Read","damage_taken":0,"max_hp_gain":0,"max_hp_loss":0,"event_name":"The Library","floor":22,"gold_loss":0,"cards_obtained":["Koishi:ReflexRadar"]},{"damage_healed":0,"gold_gain":0,"cards_transformed":["Koishi:Bloodlust"],"player_choice":"Transformed","damage_taken":0,"max_hp_gain":0,"max_hp_loss":0,"event_name":"Transmorgrifier","floor":39,"gold_loss":0,"cards_obtained":["Koishi:PhilosophyOfTheDespised"]},{"damage_healed":0,"gold_gain":0,"player_choice":"Fight","damage_taken":0,"max_hp_gain":0,"max_hp_loss":0,"event_name":"Mysterious Sphere","floor":48,"gold_loss":0}],"is_beta":false,"boss_relics":[{"not_picked":["SlaversCollar","Fusion Hammer"],"picked":"Empty Cage"},{"not_picked":["Cursed Key","Sozu","Coffee Dripper"]}],"items_purged_floors":[0,0,0,0,0,0,0,31,36],"is_endless":false,"potions_floor_spawned":[2,7,14,20,24,27,33,37,41,56],"ascension_level":20}}