{"host":"y3h3n3f7seyagppx","time":1613624580,"event":{"mods":["AlwaysNeverKeys","BaseMod","Better Vampires","Colored Powertips","DeckTracker","Emptier Cage","Minty Spire (QoL Compilation)","Permanent Neow","Quick Restart","Rare Cards Sparkle","Relic Sorter","Relic Stats","StSLib","Transform Curses"],"gold_per_floor":[110,160,172,188,17,27,53,70,139,174,174,174,203,203,203,296,296,309,309,309,31,81,414,414,457,457,475,509,509,509,509,509,509,509],"floor_reached":33,"language":"ENG","playtime":1959,"items_purged":[],"score":663,"play_id":"0153d65e-fda1-4ed7-ae1a-5efde383ada8","local_time":"20210218000300","is_ascension_mode":true,"campfire_choices":[{"data":"Whirlwind","floor":11.0,"key":"SMITH"},{"data":"Fiend Fire","floor":15.0,"key":"SMITH"},{"data":"Spot Weakness","floor":24.0,"key":"SMITH"},{"data":"Body Slam","floor":30.0,"key":"SMITH"},{"data":"Corruption","floor":32.0,"key":"SMITH"}],"circlet_count":0,"master_deck":["AscendersBane","Defend_R","Defend_R","Defend_R","Defend_R","Bash+1","Twin Strike","Whirlwind+1","Fiend Fire+1","Disarm","Barricade","Spot Weakness+1","RitualDagger","Bite","Bite","Bite","Bite","Bite","Corruption+1","Body Slam+1"],"relics":["Burning Blood","Pen Nib","Magic Flower","Gremlin Horn","FossilizedHelix","Juzu Bracelet","Golden Idol","Runic Dome","Paper Frog","Old Coin","Singing Bowl","Mercury Hourglass","Smiling Mask","Enchiridion","MutagenicStrength"],"acts_visited":["TheCity"],"potions_floor_usage":[33,33],"damage_taken":[{"damage":4.0,"enemies":"2 Louse","floor":1.0,"turns":5.0},{"damage":1.0,"enemies":"Cultist","floor":3.0,"turns":4.0},{"damage":9.0,"enemies":"Jaw Worm","floor":4.0,"turns":3.0},{"damage":14.0,"enemies":"Red Slaver","floor":6.0,"turns":3.0},{"damage":34.0,"enemies":"Lagavulin","floor":7.0,"turns":7.0},{"damage":8.0,"enemies":"Blue Slaver","floor":8.0,"turns":2.0},{"damage":10.0,"enemies":"3 Sentries","floor":10.0,"turns":2.0},{"damage":15.0,"enemies":"Lagavulin","floor":13.0,"turns":5.0},{"damage":22.0,"enemies":"The Guardian","floor":16.0,"turns":10.0},{"damage":0.0,"enemies":"Chosen","floor":18.0,"turns":4.0},{"damage":15.0,"enemies":"Book of Stabbing","floor":23.0,"turns":3.0},{"damage":52.0,"enemies":"Gremlin Leader","floor":25.0,"turns":8.0},{"damage":0.0,"enemies":"Shell Parasite","floor":27.0,"turns":2.0},{"damage":28.0,"enemies":"Book of Stabbing","floor":28.0,"turns":3.0},{"damage":77,"enemies":"Automaton","floor":33,"turns":6}],"seed_played":"-1576156232863273669","potions_obtained":[{"floor":1.0,"key":"SpeedPotion"},{"floor":4.0,"key":"EntropicBrew"},{"floor":7.0,"key":"PowerPotion"},{"floor":10.0,"key":"Fruit Juice"},{"floor":13.0,"key":"Fruit Juice"},{"floor":18.0,"key":"Fruit Juice"}],"is_trial":false,"path_per_floor":["M","?","M","M","$","M","E","M","T","E","R","?","E","?","R","B",null,"M","?","?","$","?","E","R","E","T","M","E","?","R","?","R","B"],"character_chosen":"IRONCLAD","items_purchased":["Pen Nib","Paper Frog"],"campfire_rested":0,"item_purchase_floors":[5,21],"current_hp_per_floor":[70,63,68,65,65,57,29,30,30,29,29,85,79,50,50,37,73,87,81,62,62,62,56,56,52,52,61,45,24,24,24,24,0,0],"gold":509,"neow_bonus":"UPGRADE_CARD","is_daily":false,"chose_seed":false,"campfire_upgraded":5,"win_rate":0.0,"timestamp":1613624580,"path_taken":["M","?","?","?","$","M","E","M","T","E","R","?","E","?","R","BOSS","M","?","?","$","?","E","R","E","T","M","E","?","R","?","R","BOSS"],"items_purchased_type":["Relic","Relic"],"build_version":"2020-12-22","purchased_purges":0,"victory":false,"max_hp_per_floor":[75,75,75,75,75,75,75,75,75,75,75,85,85,85,85,85,85,90,90,62,62,62,62,62,62,62,62,64,64,64,64,64,74,74],"relic_stats":{"Gremlin Horn":[10,10],"Singing Bowl":2,"counters":[15,67],"Golden Idol":49,"Magic Flower":[54],"Pen Nib":[10],"Juzu Bracelet":2,"Smiling Mask":0,"obtain_stats":[{"Gremlin Horn":9,"Singing Bowl":25,"Golden Idol":14,"Magic Flower":7,"Enchiridion":29,"Pen Nib":5,"Juzu Bracelet":13,"Smiling Mask":28,"Burning Blood":0,"Old Coin":23,"Mercury Hourglass":26,"Runic Dome":17,"MutagenicStrength":31,"FossilizedHelix":10,"Paper Frog":21},{"Gremlin Horn":6,"Singing Bowl":12,"Golden Idol":8,"Magic Flower":5,"Enchiridion":14,"Pen Nib":3,"Juzu Bracelet":8,"Smiling Mask":14,"Burning Blood":0,"Old Coin":11,"Mercury Hourglass":12,"Runic Dome":9,"MutagenicStrength":14,"FossilizedHelix":7,"Paper Frog":10},{"Gremlin Horn":24,"Singing Bowl":56,"Golden Idol":31,"Magic Flower":22,"Enchiridion":61,"Pen Nib":12,"Juzu Bracelet":31,"Smiling Mask":61,"Burning Blood":0,"Old Coin":48,"Mercury Hourglass":56,"Runic Dome":41,"MutagenicStrength":61,"FossilizedHelix":26,"Paper Frog":45}],"Burning Blood":111,"Mercury Hourglass":[36]},"card_choices":[{"not_picked":["Sever Soul","Heavy Blade","Disarm"],"picked":"SKIP","floor":1.0},{"not_picked":["Perfected Strike","Clothesline"],"picked":"Twin Strike","floor":3.0},{"not_picked":["Burning Pact","Heavy Blade","Flex"],"picked":"SKIP","floor":4.0},{"not_picked":["Berserk","Sword Boomerang"],"picked":"Whirlwind","floor":6.0},{"not_picked":["Pummel","Wild Strike"],"picked":"Bludgeon","floor":7.0},{"not_picked":["Entrench","Heavy Blade","Wild Strike"],"picked":"SKIP","floor":8.0},{"not_picked":["Sever Soul","Havoc"],"picked":"Fiend Fire","floor":10.0},{"not_picked":["True Grit","Thunderclap"],"picked":"Disarm","floor":13.0},{"not_picked":["Bludgeon","Berserk"],"picked":"Barricade","floor":16.0},{"not_picked":["Pommel Strike","Thunderclap"],"picked":"Spot Weakness","floor":18.0},{"not_picked":["Perfected Strike","Clash","Wild Strike"],"picked":"SKIP","floor":23.0},{"not_picked":["Perfected Strike","Clash","Wild Strike"],"picked":"SKIP","floor":23.0},{"not_picked":["Exhume","Hemokinesis"],"picked":"Corruption","floor":25.0},{"not_picked":["Pommel Strike","Hemokinesis"],"picked":"Body Slam","floor":27.0},{"not_picked":["Perfected Strike","Cleave","Rage"],"picked":"Singing Bowl","floor":28.0}],"player_experience":22208513,"relics_obtained":[{"floor":7.0,"key":"Magic Flower"},{"floor":9.0,"key":"Gremlin Horn"},{"floor":10.0,"key":"FossilizedHelix"},{"floor":13.0,"key":"Juzu Bracelet"},{"floor":23.0,"key":"Old Coin"},{"floor":25.0,"key":"Singing Bowl"},{"floor":26.0,"key":"Mercury Hourglass"},{"floor":28.0,"key":"Smiling Mask"},{"floor":29.0,"key":"Enchiridion"}],"event_choices":[{"damage_healed":0.0,"max_hp_gain":0.0,"max_hp_loss":0.0,"gold_gain":50.0,"event_name":"FaceTrader","player_choice":"Touch","floor":2.0,"gold_loss":0.0,"damage_taken":7.0},{"cards_removed":["Bludgeon"],"damage_healed":46.0,"max_hp_gain":10.0,"max_hp_loss":0.0,"gold_gain":0.0,"event_name":"Bonfire Elementals","player_choice":"Offered Rare","floor":12.0,"gold_loss":0.0,"damage_taken":0.0},{"damage_healed":0.0,"max_hp_gain":0.0,"max_hp_loss":0.0,"gold_gain":0.0,"event_name":"Golden Idol","player_choice":"Take Damage","floor":14.0,"gold_loss":0.0,"damage_taken":29.0,"relics_obtained":["Golden Idol"]},{"damage_healed":0.0,"max_hp_gain":0.0,"max_hp_loss":0.0,"gold_gain":0.0,"event_name":"Nest","player_choice":"Joined the Cult","floor":19.0,"gold_loss":0.0,"damage_taken":6.0,"cards_obtained":["RitualDagger"]},{"damage_healed":0.0,"max_hp_gain":0.0,"max_hp_loss":28.0,"gold_gain":0.0,"event_name":"Vampires","player_choice":"Became a vampire","floor":20.0,"gold_loss":0.0,"damage_taken":0.0,"cards_obtained":["Bite","Bite","Bite","Bite","Bite"]},{"damage_healed":0.0,"max_hp_gain":0.0,"max_hp_loss":0.0,"gold_gain":50.0,"event_name":"Golden Shrine","player_choice":"Pray","floor":22.0,"gold_loss":0.0,"damage_taken":0.0},{"damage_healed":0.0,"max_hp_gain":0.0,"max_hp_loss":0.0,"gold_gain":0.0,"event_name":"Cursed Tome","player_choice":"Obtained Book","floor":29.0,"gold_loss":0.0,"damage_taken":21.0},{"damage_healed":0.0,"max_hp_gain":0.0,"max_hp_loss":0.0,"gold_gain":0.0,"event_name":"Drug Dealer","player_choice":"Inject Mutagens","floor":31.0,"gold_loss":0.0,"damage_taken":0.0,"relics_obtained":["MutagenicStrength"]}],"is_beta":false,"boss_relics":[{"not_picked":["Calling Bell","Sozu"],"picked":"Runic Dome"}],"items_purged_floors":[],"is_endless":false,"potions_floor_spawned":[1,4,7,10,13,18,25],"killed_by":"Automaton","ascension_level":20}}