{"host":"lzpp66udqthct9jv","time":1613619062,"event":{"mods":["Act Like it!","BaseMod","Better-Laid Plans","CapriCore","Chen","Emptier Cage","Gensokyo","Highlight Path","Koishi","Marisa£®ÏF”Í°°ƒß¿Ì…≥£©","Minty Spire (QoL Compilation)","Pale of the Ancients","Quick Restart","Reimu£®≤©¿ˆ¡È√Œ£©","Remilia£®¿Ÿ√◊¿Ú—«£©","Shop Mod","StSLib","The Administrix","The Immortal","The Servant 0.9.4","Yakumo Yukari mod","Youmu£®ªÍ∆«—˝√Œ£©","Yuyuko","ÛÙª÷∏ƒœ"],"gold_per_floor":[111,286,286,304,264,264,293,293,320,320,90,90,16,50,50,146,146,158,158,118,0,13,45,45,45,45],"floor_reached":24,"language":"ZHS","playtime":1126,"items_purged":["MokouMod:Strike"],"score":243,"play_id":"8aeb1bb1-8a8f-4da8-9ba7-9a6f06b12d45","local_time":"20210218113102","is_ascension_mode":false,"campfire_choices":[{"data":"MokouMod:ThermalPressure","floor":6.0,"key":"SMITH"},{"data":"MokouMod:WarmUp","floor":8.0,"key":"SMITH"},{"data":"MokouMod:HeatSpark","floor":10.0,"key":"SMITH"},{"data":"MokouMod:TemporalFireSeal","floor":12.0,"key":"SMITH"},{"data":"MokouMod:ResonanceReactor","floor":15.0,"key":"SMITH"}],"circlet_count":0,"master_deck":["MokouMod:Strike","MokouMod:Strike","MokouMod:Strike","MokouMod:Strike","MokouMod:Defend","MokouMod:Defend","MokouMod:Defend+1","MokouMod:Defend+1","MokouMod:HeatSpark+1","MokouMod:ThermalPressure+1","MokouMod:TemporalFireSeal+1","MokouMod:WarmUp+1","MokouMod:ResonanceReactor+1","MokouMod:Singe","MokouMod:SearingBlow+2","MokouMod:PhoenixFeathers+1","MokouMod:Overheat+1"],"relics":["MokouMod:PhoenixFeather","NeowsBlessing","PaintedHorse:ReiMu","Nunchaku","Akabeko","Lantern","Question Card","RedLine:ReiMu","Toxic Egg 2","HornCleat"],"acts_visited":["Exordium","Gensokyo:Gensokyoer"],"potions_floor_usage":[24],"damage_taken":[{"damage":0.0,"enemies":"Small Slimes","floor":1.0,"turns":1.0},{"damage":0.0,"enemies":"2 Louse","floor":4.0,"turns":1.0},{"damage":0.0,"enemies":"Lagavulin","floor":7.0,"turns":1.0},{"damage":9.0,"enemies":"3 Sentries","floor":14.0,"turns":7.0},{"damage":26.0,"enemies":"The Guardian","floor":16.0,"turns":9.0},{"damage":22.0,"enemies":"Gensokyo:CosmicMonolith","floor":18.0,"turns":4.0},{"damage":9.0,"enemies":"Gensokyo:Chomper","floor":22.0,"turns":4.0},{"damage":97,"enemies":"Gensokyo:Tenshi","floor":23,"turns":5},{"damage":25,"enemies":"Gensokyo:Slime_Group","floor":24,"turns":3}],"seed_played":"-1861890785778689442","potions_obtained":[{"floor":1.0,"key":"GamblersBrew"},{"floor":14.0,"key":"Explosive Potion"},{"floor":16.0,"key":"GamblersBrew"}],"is_trial":false,"path_per_floor":["M","?","?","M","?","R","E","R","T","R","$","R","$","E","R","B",null,"M","?","?","?","M","E","M"],"character_chosen":"MKU","items_purchased":["Lantern","MokouMod:ResonanceReactor"],"campfire_rested":0,"item_purchase_floors":[11,13],"current_hp_per_floor":[75,75,68,68,68,68,68,68,68,68,68,68,68,59,59,33,75,53,53,53,53,44,17,0,0,0],"gold":45,"neow_bonus":"THREE_ENEMY_KILL","is_daily":false,"chose_seed":false,"campfire_upgraded":5,"win_rate":0.0,"timestamp":1613619062,"path_taken":["M","?","?","M","?","R","E","R","T","R","$","R","$","E","R","BOSS","M","?","?","?","M","E","M"],"items_purchased_type":["Relic","Card"],"build_version":"2020-12-22","purchased_purges":1,"victory":false,"max_hp_per_floor":[75,75,75,75,75,75,75,75,75,75,75,75,75,75,75,75,75,75,69,69,69,69,69,69,69,69],"card_choices":[{"not_picked":["MokouMod:ControlledCombustion","MokouMod:Cataclysm"],"picked":"MokouMod:ThermalPressure","floor":1.0},{"not_picked":["MokouMod:AdaptivePyromancy","MokouMod:BurningDraft"],"picked":"MokouMod:TemporalFireSeal","floor":4.0},{"not_picked":["MokouMod:FlickeringFlame","MokouMod:BlazingComet"],"picked":"MokouMod:WarmUp","floor":7.0},{"not_picked":["MokouMod:AdaptivePyromancy","MokouMod:Overheat"],"picked":"MokouMod:Singe","floor":14.0},{"not_picked":["MokouMod:Rekindle","MokouMod:ResonatingAura","MokouMod:Geothermal"],"picked":"MokouMod:SearingBlow","floor":16.0},{"not_picked":["MokouMod:Singe+1","MokouMod:RoaringFlare+1","MokouMod:HeatCyclone+1"],"picked":"MokouMod:PhoenixFeathers+1","floor":18.0},{"not_picked":["MokouMod:Wildfire+1","MokouMod:ShiftIgnition+1","MokouMod:AdaptivePyromancy+1"],"picked":"MokouMod:Overheat+1","floor":22.0},{"not_picked":["MokouMod:RoaringFlare+1","MokouMod:FlickeringFlame","MokouMod:ResonanceReactor","MokouMod:Stoke+1"],"picked":"SKIP","floor":23}],"player_experience":1865370,"relics_obtained":[{"floor":7.0,"key":"Nunchaku"},{"floor":9.0,"key":"Akabeko"},{"floor":14.0,"key":"Question Card"},{"floor":23,"key":"HornCleat"}],"event_choices":[{"damage_healed":0.0,"max_hp_gain":0.0,"max_hp_loss":0.0,"gold_gain":175.0,"event_name":"Liars Game","player_choice":"AGREE","floor":2.0,"gold_loss":0.0,"damage_taken":0.0,"cards_obtained":["Doubt"]},{"cards_removed":["Doubt"],"damage_healed":0.0,"max_hp_gain":0.0,"max_hp_loss":0.0,"gold_gain":0.0,"event_name":"Golden Wing","player_choice":"Card Removal","floor":3.0,"gold_loss":0.0,"damage_taken":7.0},{"damage_healed":0.0,"max_hp_gain":0.0,"max_hp_loss":0.0,"gold_gain":0.0,"event_name":"yidonshenshe","player_choice":"»˚«Æ","floor":5.0,"gold_loss":40.0,"damage_taken":0.0,"relics_obtained":["PaintedHorse:ReiMu"]}],"is_beta":false,"boss_relics":[{"not_picked":["SlaversCollar","Tiny House"],"picked":"RedLine:ReiMu"}],"items_purged_floors":[11],"is_endless":false,"potions_floor_spawned":[1,14,16],"killed_by":"Gensokyo:Slime_Group","ascension_level":0}}