{"host":"6vtgmkkqqeew181q","time":1613621919,"event":{"mods":["BaseMod","Better Skull","Better Third Choice","BetterRewards","Colored Powertips","Downfall","Faster Ascension Climbing","Highlight Path","Minty Spire (QoL Compilation)","Reliquary","Replay The Spire","Spire Birthday Party","StSLib","The IronCluck","The Jungle"],"gold_per_floor":[112,128,139,174,186,215,215,15,41,41,61,61,96,114,114,214,214,232,246,28,39,59,59,94,94,143,143,32,49,74,74,74,172,172,183,83,133,144,156,156,176,176,203,203,255,267,278,305,305,305],"floor_reached":51,"language":"ENG","playtime":4011,"items_purged":["ReplayTheSpireMod:Splinters","ReplayTheSpireMod:Doomed"],"score":734,"play_id":"4a1fb1e3-b269-4d28-920a-16ad03099abb","local_time":"20210217201839","is_ascension_mode":false,"campfire_choices":[{"data":"Neutralize","floor":7,"key":"SMITH"},{"data":"Dagger Spray","floor":10,"key":"SMITH"},{"data":"Bouncing Flask","floor":12,"key":"SMITH"},{"floor":15,"key":"REST"},{"data":"Catalyst","floor":23,"key":"SMITH"},{"data":"ReplayTheSpireMod:From All Sides","floor":25,"key":"SMITH"},{"data":"Deadly Poison","floor":27,"key":"SMITH"},{"floor":32,"key":"REST"},{"data":"Poison Darts","floor":40,"key":"SMITH"},{"data":"Footwork","floor":40,"key":"SMITH"},{"data":"Crippling Poison","floor":42,"key":"SMITH"},{"data":"Survivor","floor":42,"key":"SMITH"},{"data":"Deflect","floor":44,"key":"SMITH"},{"data":"PiercingWail","floor":44,"key":"SMITH"},{"floor":49,"key":"REST"}],"circlet_count":0,"master_deck":["Defend_G","Defend_G","Defend_G","Defend_G","Defend_G","Survivor+1","Neutralize+1","Quick Slash","Dagger Throw","Bouncing Flask+1","Deflect+1","Dagger Spray+1","Deadly Poison+1","PiercingWail+1","Bane","Infinite Blades","ReplayTheSpireMod:From All Sides+1","Quick Slash+1","Catalyst+1","Backflip+1","Phantasmal Killer+1","Escape Plan","Crippling Poison+1","Slimebound:Tackle+1","Slimebound:Tackle+1","Slimebound:Tackle+1","Poison Darts+1","Pot Of Greed","Pot Of Greed","Pot Of Greed","Bouncing Flask+1","Dodge and Roll+1","Footwork+1","ReplayTheSpireMod:Tripwire+1","Distraction+1"],"relics":["Ring of the Snake","reliquary:RosewoodLute","reliquary:Stiletto","Art of War","Replay:Rubber Ducky","Omamori","sneckomod:SneckoTalon","bronze:DonusWashers","PreservedInsect","reliquary:Aerogel","Red Mask","Replay:Ancient Bell","Grinning Jar","Eternal Feather","Replay:Arrowhead","Replay:Towering Pillar of Hats","reliquary:ExpiredCoupon","Torii","ReplayTheSpireMod:Lightbulb"],"acts_visited":["Exordium","TheCity","TheBeyond"],"potions_floor_usage":[13,14,16,21,24,33,50,50,50],"damage_taken":[{"damage":0,"enemies":"2 Louse","floor":1,"turns":3},{"damage":8,"enemies":"Jaw Worm","floor":2,"turns":4},{"damage":0,"enemies":"Cultist","floor":3,"turns":3},{"damage":16,"enemies":"Gremlin Gang","floor":5,"turns":6},{"damage":15,"enemies":"Replay:BlueRogue","floor":6,"turns":5},{"damage":3,"enemies":"Looter","floor":11,"turns":3},{"damage":12,"enemies":"3 Sentries","floor":13,"turns":6},{"damage":0,"enemies":"2 Fungi Beasts","floor":14,"turns":3},{"damage":30,"enemies":"Fading Forest","floor":16,"turns":11},{"damage":0,"enemies":"Spheric Guardian","floor":18,"turns":3},{"damage":0,"enemies":"3 Byrds","floor":19,"turns":5},{"damage":9,"enemies":"Snecko","floor":21,"turns":4},{"damage":11,"enemies":"Snake Plant","floor":22,"turns":3},{"damage":0,"enemies":"Replay:Snechameleon","floor":24,"turns":5},{"damage":3,"enemies":"Centurion and Healer","floor":29,"turns":4},{"damage":35,"enemies":"Masked Bandits","floor":30,"turns":5},{"damage":31,"enemies":"Champ","floor":33,"turns":9},{"damage":18,"enemies":"3 Darklings","floor":35,"turns":9},{"damage":0,"enemies":"Mind Bloom Boss Battle","floor":37,"turns":6},{"damage":0,"enemies":"Orb Walker","floor":38,"turns":2},{"damage":12,"enemies":"Spire Growth","floor":39,"turns":4},{"damage":4,"enemies":"4 Shapes","floor":41,"turns":6},{"damage":41,"enemies":"2 Orb Walkers","floor":45,"turns":5},{"damage":1,"enemies":"Jaw Worm Horde","floor":46,"turns":4},{"damage":0,"enemies":"Spire Growth","floor":47,"turns":2},{"damage":5,"enemies":"Giant Head","floor":48,"turns":5},{"damage":13,"enemies":"Time Eater","floor":50,"turns":7}],"seed_played":"-2019806792461851773","potions_obtained":[{"floor":0,"key":"Energy Potion"},{"floor":0,"key":"ColorlessPotion"},{"floor":0,"key":"SneckoOil"},{"floor":4,"key":"Fire Potion"},{"floor":6,"key":"Fire Potion"},{"floor":16,"key":"BlessingOfTheForge"},{"floor":19,"key":"SneckoOil"},{"floor":22,"key":"ColorlessPotion"},{"floor":37,"key":"Languid Potion"},{"floor":41,"key":"Guardian:BlockOnCardUsePotion"},{"floor":46,"key":"Poison Potion"}],"is_trial":false,"path_per_floor":["M","M","M","?","M","E","R","$","T","R","M","R","E","M","R","B",null,"M","M","$","M","M","R","E","R","T","R","$","M","?","?","R","B",null,"M","$","?","M","M","R","M","R","T","R","?","M","M","E","R","B",null],"character_chosen":"THE_SILENT","items_purchased":["Art of War","Deadly Poison","bronze:DonusWashers","Phantasmal Killer+1"],"campfire_rested":3,"item_purchase_floors":[8,8,20,28],"current_hp_per_floor":[70,62,62,62,46,31,31,31,31,31,28,28,16,16,37,27,70,70,70,70,61,50,50,50,50,50,50,50,47,12,12,33,2,70,52,52,52,52,40,58,54,70,70,70,29,28,28,23,65,52],"gold":305,"neow_bonus":"THREE_SMALL_POTIONS","is_daily":false,"chose_seed":false,"campfire_upgraded":12,"win_rate":0.0,"timestamp":1613621919,"path_taken":["M","M","M","?","?","E","R","$","T","R","M","R","E","M","R","BOSS","M","M","$","?","M","R","E","R","T","R","$","M","?","?","R","BOSS","M","$","?","M","M","R","M","R","T","R","?","M","?","E","R","BOSS"],"items_purchased_type":["Relic","Card","Relic","Card"],"build_version":"2020-12-22","purchased_purges":2,"victory":true,"max_hp_per_floor":[70,70,70,70,70,70,70,70,70,70,70,70,70,70,70,70,70,70,70,70,70,70,70,70,70,70,70,70,70,70,70,70,70,70,70,70,70,70,70,70,70,70,70,70,70,70,70,70,70,70],"card_choices":[{"not_picked":["Backstab","Heel Hook"],"picked":"Quick Slash","floor":1},{"not_picked":["Calculated Gamble","Accuracy"],"picked":"Dagger Throw","floor":2},{"not_picked":["Flying Knee","Slice"],"picked":"Bouncing Flask","floor":3},{"not_picked":["Prepared","ReplayTheSpireMod:Necrosis"],"picked":"Deflect","floor":4},{"not_picked":["Deflect","Prepared"],"picked":"Dagger Spray","floor":5},{"not_picked":["Accuracy","Flying Knee","Hidden Blade"],"picked":"SKIP","floor":6},{"not_picked":["Sucker Punch","Backstab"],"picked":"PiercingWail","floor":11},{"not_picked":["Flying Knee","Reflex"],"picked":"Bane","floor":13},{"not_picked":["Dagger Spray","Predator"],"picked":"Infinite Blades","floor":14},{"not_picked":["Replay:Bag of Tricks","ReplayTheSpireMod:Necrosis"],"picked":"ReplayTheSpireMod:From All Sides","floor":16},{"not_picked":["Dagger Throw","Outmaneuver"],"picked":"Quick Slash+1","floor":18},{"not_picked":["Footwork","Prepared"],"picked":"Catalyst","floor":19},{"not_picked":["Flying Knee+1","Blade Dance+1","Poisoned Stab"],"picked":"SKIP","floor":21},{"not_picked":["Flying Knee","Hidden Blade","Sneak Up+1"],"picked":"SKIP","floor":22},{"not_picked":["Outmaneuver","Underhanded Strike"],"picked":"Backflip+1","floor":24},{"not_picked":["Dagger Throw+1","Skewer"],"picked":"Escape Plan","floor":29},{"not_picked":["Replay:Poison Smokescreen","Prepared"],"picked":"Crippling Poison","floor":30},{"not_picked":["After Image","Storm of Steel"],"picked":"Poison Darts","floor":33},{"not_picked":["Spreading Infection","downfall:Malfunctioning"],"picked":"Writhe","floor":34},{"not_picked":["CurseOfTheBell","downfall:Bewildered"],"picked":"Delirium","floor":34},{"not_picked":["CommonCold","Parasite"],"picked":"ReplayTheSpireMod:Doomed","floor":34},{"not_picked":["PiercingWail","Sucker Punch"],"picked":"Bouncing Flask+1","floor":35},{"not_picked":["Flying Knee+1","Quick Slash"],"picked":"Dodge and Roll+1","floor":38},{"not_picked":["Blur","Deadly Poison"],"picked":"Footwork","floor":39},{"not_picked":["Dagger Spray+1","Cloak And Dagger"],"picked":"ReplayTheSpireMod:Tripwire+1","floor":41},{"not_picked":["Deadly Poison+1","Hidden Blade+1"],"picked":"Distraction+1","floor":45},{"not_picked":["Slice","Dagger Spray","Accuracy"],"picked":"SKIP","floor":46},{"not_picked":["Quick Slash","Setup","Choke+1"],"picked":"SKIP","floor":47},{"not_picked":["Hidden Blade","Eviscerate+1","Reflex+1"],"picked":"SKIP","floor":48}],"player_experience":643410,"relics_obtained":[{"floor":4,"key":"reliquary:RosewoodLute"},{"floor":6,"key":"reliquary:Stiletto"},{"floor":9,"key":"Replay:Rubber Ducky"},{"floor":13,"key":"Omamori"},{"floor":24,"key":"PreservedInsect"},{"floor":26,"key":"reliquary:Aerogel"},{"floor":30,"key":"Red Mask"},{"floor":37,"key":"Replay:Towering Pillar of Hats"},{"floor":43,"key":"reliquary:ExpiredCoupon"},{"floor":45,"key":"Torii"},{"floor":48,"key":"ReplayTheSpireMod:Lightbulb"}],"event_choices":[{"damage_healed":0,"gold_gain":0,"player_choice":"Fought Bandits","damage_taken":0,"max_hp_gain":0,"max_hp_loss":0,"event_name":"Masked Bandits","floor":30,"gold_loss":0},{"damage_healed":0,"gold_gain":0,"player_choice":"Fight","damage_taken":0,"max_hp_gain":0,"max_hp_loss":0,"event_name":"MindBloom","floor":37,"gold_loss":0},{"damage_healed":0,"gold_gain":0,"player_choice":"Fight","damage_taken":0,"max_hp_gain":0,"max_hp_loss":0,"event_name":"Mysterious Sphere","floor":45,"gold_loss":0}],"is_beta":false,"boss_relics":[{"not_picked":["Replay:Bronze Core","SacredBark"],"picked":"sneckomod:SneckoTalon"},{"not_picked":["reliquary:RedCape","reliquary:KinkedSpring"],"picked":"Replay:Ancient Bell"},{"not_picked":["reliquary:Buckler","Akabeko"],"picked":"Grinning Jar"},{"not_picked":["Slimebound:PreparedRelic","Mummified Hand"],"picked":"Eternal Feather"},{"not_picked":["Byrd Skull","Du-Vu Doll"],"picked":"Replay:Arrowhead"}],"items_purged_floors":[20,36],"is_endless":false,"potions_floor_spawned":[3,6,16,19,22,37,41,46,48],"ascension_level":0}}