{"host":"miejrq8yypas90n2","time":1613610625,"event":{"mods":["Act Like it!","BaseMod","Colored Powertips","Gensokyo","Library of Ruina","Marisa£®ÏF”Í°°ƒß¿Ì…≥£©","Minty Spire (QoL Compilation)","StSLib"],"gold_per_floor":[116,136,136,146,157,192,192,267,267,267,35,35,35,64,64,162,162,173,73,73,73,89,89,89,89,89,118,132,149,149,183,183,287,287,301,301,176,186,200,200,227,227,227,239,239,254,254,266,266,266,266,266,15,47,47,47],"floor_reached":55,"language":"ZHS","playtime":2098,"items_purged":["LightAttack","LightAttack","LightDefense+1"],"score":943,"play_id":"c3caa2ed-7786-4c78-a6be-f083550f9cdb","local_time":"20210218091025","is_ascension_mode":false,"campfire_choices":[{"data":"FlamingDragonFist","floor":7.0,"key":"SMITH"},{"data":"UnavoidableGaze","floor":12.0,"key":"SMITH"},{"data":"SerpentSwordTechnique","floor":15.0,"key":"SMITH"},{"data":"FocusedStrikes","floor":23.0,"key":"SMITH"},{"floor":25,"key":"RECALL"},{"data":"LightDefense","floor":30,"key":"SMITH"},{"data":"LightDefense","floor":32,"key":"SMITH"},{"data":"BoundaryOfDeath","floor":40,"key":"SMITH"},{"floor":47,"key":"REST"},{"floor":49,"key":"REST"},{"floor":52,"key":"REST"}],"circlet_count":0,"master_deck":["Dodge+1","LightDefense+1","ChargeAndCover+1","FocusedStrikes+1","UnavoidableGaze+1","FlamingDragonFist+1","CutIn+1","BoundaryOfDeath+1","ForcefulGesture+1","StrongStrike+1","DeepDrag+1","SmokingPipe+1"],"relics":["PageOfLibrarian","Omamori","Blue Candle","WingedGreaves","War Paint","Frozen Egg 2","Snecko Eye","PageOfJudgementBird","Bag of Marbles","PageOfPorccubus","Runic Pyramid","PageOfMountain","PageOfNosferatu","Bottled Flame"],"acts_visited":["Exordium","Gensokyo:Gensokyoer","Gensokyo:Gensokyoest","TheEnding"],"potions_floor_usage":[45,54,55],"damage_taken":[{"damage":0.0,"enemies":"Small Slimes","floor":1.0,"turns":4.0},{"damage":1.0,"enemies":"Jaw Worm","floor":2.0,"turns":5.0},{"damage":0.0,"enemies":"2 Louse","floor":4.0,"turns":7.0},{"damage":0.0,"enemies":"Large Slime","floor":5.0,"turns":2.0},{"damage":8.0,"enemies":"Gremlin Nob","floor":6.0,"turns":3.0},{"damage":0.0,"enemies":"Lagavulin","floor":14.0,"turns":4.0},{"damage":4.0,"enemies":"The Guardian","floor":16.0,"turns":5.0},{"damage":0.0,"enemies":"Gensokyo:Chomper","floor":18.0,"turns":2.0},{"damage":0.0,"enemies":"Gensokyo:CosmicMonolith","floor":22.0,"turns":1.0},{"damage":5,"enemies":"Gensokyo:Koishi","floor":27,"turns":3},{"damage":4,"enemies":"Gensokyo:Wraith","floor":28,"turns":3},{"damage":0,"enemies":"Gensokyo:3_Gloops","floor":29,"turns":1},{"damage":0,"enemies":"Gensokyo:Reisen","floor":31,"turns":2},{"damage":0,"enemies":"Gensokyo:Eiki","floor":33,"turns":3},{"damage":0,"enemies":"Gensokyo:3_Boulders","floor":35,"turns":3},{"damage":0,"enemies":"Gensokyo:AncientGuardian","floor":38,"turns":1},{"damage":0,"enemies":"Gensokyo:4_Bats","floor":39,"turns":2},{"damage":18,"enemies":"Gensokyo:Kasen","floor":41,"turns":2},{"damage":0,"enemies":"Gensokyo:Sharpion","floor":44,"turns":1},{"damage":72,"enemies":"Gensokyo:Sharpion","floor":45,"turns":4},{"damage":4,"enemies":"Gensokyo:Rafflesia","floor":46,"turns":1},{"damage":1,"enemies":"Gensokyo:3_Boulders","floor":48,"turns":1},{"damage":0,"enemies":"Gensokyo:Scarlet_Devils","floor":50,"turns":4},{"damage":1,"enemies":"Shield and Spear","floor":54,"turns":2},{"damage":106,"enemies":"The Heart","floor":55,"turns":3}],"seed_played":"1494935724528703513","potions_obtained":[{"floor":1.0,"key":"Swift Potion"},{"floor":2.0,"key":"Swift Potion"},{"floor":14.0,"key":"GamblersBrew"}],"is_trial":false,"path_per_floor":["M","M","?","M","M","E","R","?","T","?","$","R","?","E","R","B",null,"M","$","?","?","M","R","?","R","T","E","M","M","R","E","R","B",null,"M","?","$","M","M","R","E","?","T","M","?","M","R","M","R","B",null,"R","$","E","B"],"character_chosen":"Librarian","items_purchased":["War Paint","PageOfNosferatu"],"campfire_rested":3,"item_purchase_floors":[11,53],"current_hp_per_floor":[60,59,52,52,52,44,44,33,33,21,21,21,21,21,21,17,84,84,84,84,84,75,75,75,75,75,75,76,76,76,81,81,84,84,84,84,84,84,84,84,68,59,59,64,64,67,74,73,74,74,74,70,14,18,0,0],"gold":47,"neow_bonus":"UPGRADE_CARD","is_daily":false,"chose_seed":false,"campfire_upgraded":7,"win_rate":0.0,"timestamp":1613610625,"path_taken":["M","M","?","M","M","E","R","?","T","?","$","R","?","E","R","BOSS","M","$","?","?","?","R","?","R","T","E","M","M","R","E","R","BOSS","M","?","$","M","M","R","E","?","T","M","?","M","R","M","R","BOSS","R","$","E","BOSS"],"items_purchased_type":["Relic","Relic"],"build_version":"2020-12-22","purchased_purges":3,"victory":false,"max_hp_per_floor":[63,61,61,77,84,73,84,84,84,84,84,84,84,70,84,84,84,84,84,84,84,75,84,84,84,84,84,84,84,84,84,84,84,84,84,84,84,84,84,84,74,74,74,74,74,74,74,74,74,74,74,70,126,135,135,135],"card_choices":[{"not_picked":["HeavyPeaks","JiaoTu","YoureTooSlow","Bvapour","BackAttack","EnergyCycle","StructuralAnalysis","EndlessBattle"],"picked":"UnavoidableGaze","floor":1.0},{"not_picked":["NightInTheBackstreets","DesperateStruggle","EnergyCycle","Preparation","InhaleSmoke","PreemptiveStrike","Quickness","YouOnlyLiveOnce"],"picked":"SerpentSwordTechnique","floor":2.0},{"not_picked":["BiAn","Reload","QuickSuppression","SnakesPrey","BlowItUp","ClassAndRespect","StructuralAnalysis","Execute_lor"],"picked":"FlamingDragonFist","floor":4.0},{"not_picked":["FlyingSword","Rewind","MindCrush","NightInTheBackstreets","GrazeTheGrass","IngredientHunt","Thrust","FrontalAssault","PreemptiveStrike"],"picked":"SKIP","floor":5.0},{"not_picked":["SmokingPipe","DarkCloud","AsThePrescriptOrders","TheArtOfRapidSteps","Reload","DesperateStruggle","FierceCharge","ViolentFlame","FrontalAssault"],"picked":"SKIP","floor":6.0},{"not_picked":["JiaoTu","ConcentratedFire","AutonomousRush","TasteMyFlamingBat","NightInTheBackstreets","CrackOfDawn","Parry","HighKick","Parry2+1"],"picked":"SKIP","floor":14.0},{"not_picked":["SpearedSweep","Cruelty","EnergyStrike","Preparation","DeepDrag+1","WaitUp","Creak+1","ShockRound"],"picked":"CutIn+1","floor":18.0},{"not_picked":["Rewind","EnergyCycle+1","HighKick+1","Standoff","Reload","Collision+1","SunsetBlade+1","SerpentineBarrier+1","DriedUp"],"picked":"SKIP","floor":22.0},{"not_picked":["TheRedNotes","Parry2+1","FleetFootsteps","Faith","SharpenedBlade+1","Thrust","Parry","Unlock1","EnergyBeam"],"picked":"SKIP","floor":27},{"not_picked":["StrikeDown","CoordinatedAssault","GrazeTheGrass+1","Multislash","SilentMist+1","StrongStrike","EnergyConversion","Wallop_lor","Reload"],"picked":"SKIP","floor":28},{"not_picked":["Faith","FeelinGood+1","FierceCharge","BurningFlash","FaintMemories","ReadyUp","EnergyShield","ViolentFlame+1","HighKick+1"],"picked":"SKIP","floor":29},{"not_picked":["HighKick","DaringDecision","SnakeSlit","Parry2+1","BindingChains","Rewind","PinpointShot","SinglePointStab","Standoff"],"picked":"SKIP","floor":31},{"not_picked":["GroundSmash","Observe"],"picked":"BoundaryOfDeath","floor":33},{"not_picked":["Outburst+1","StayCalm","SunsetBlade+1","SinglePointStab","PreparedMind","DesperateStruggle+1","SnakesPrey+1","Ripple+1","Overpower"],"picked":"SKIP","floor":35},{"not_picked":["CookingPrep","ShockingBlow+1","BackAttack","Reload+1","SuppressingShot+1","GuidanceOfTheGears","SunsetBlade+1","Parry2+1"],"picked":"ForcefulGesture+1","floor":38},{"not_picked":["Standoff+1","HighSpeedStabbing+1","YoureAHindrance+1","FierceOnslaught","BizarreAttack+1","QuickAttack","TendonChords+1","GuidanceOfTheGears","VenomousFangs+1"],"picked":"SKIP","floor":39},{"not_picked":["EnergyConversion","Standoff+1","SnakeSlit+1","OpportunitySpotted","StrikeDown+1","ConcentratedFire+1","SparkingSpear+1","Reload","TieShanKao"],"picked":"SKIP","floor":41},{"not_picked":["UncannyStrike+1","CoordinatedAssault","Faith","SharpSwipe","Preparation+1","GuardingStance","InnerArdor+1","BattleCommand+1"],"picked":"StrongStrike+1","floor":44},{"not_picked":["Faith","Slice_lor","SunsetBlade+1","StructuralAnalysis","EnergyShield+1","QuickSuppression","GuidanceOfTheGears","CumulusWall"],"picked":"DeepDrag+1","floor":46},{"not_picked":["CombatPreparation+1","SteelKnuckles","SmokingPipe+1","GuidanceOfTheGears+1","CoordinatedAssault+1","Disposal","BiAn+1","IllEndYou+1","Parry2+1"],"picked":"SKIP","floor":48},{"not_picked":["QuickSuppression","FierceOnslaught+1","BackstreetsDash+1","NonstopAssault","HiddenBlade","GrazeTheGrass+1","FaintMemories","InhaleSmoke"],"picked":"SmokingPipe+1","floor":54}],"player_experience":369689,"relics_obtained":[{"floor":6.0,"key":"Omamori"},{"floor":9.0,"key":"Blue Candle"},{"floor":14.0,"key":"Frozen Egg 2"},{"floor":26,"key":"PageOfJudgementBird"},{"floor":27,"key":"Bag of Marbles"},{"floor":31,"key":"PageOfPorccubus"},{"floor":41,"key":"PageOfMountain"},{"floor":54,"key":"Bottled Flame"}],"event_choices":[{"cards_removed":["LightAttack"],"damage_healed":0.0,"max_hp_gain":0.0,"max_hp_loss":0.0,"gold_gain":0.0,"event_name":"Golden Wing","player_choice":"Card Removal","floor":3.0,"gold_loss":0.0,"damage_taken":7.0},{"damage_healed":0.0,"max_hp_gain":0.0,"max_hp_loss":0.0,"gold_gain":75.0,"event_name":"World of Goop","player_choice":"Gather Gold","floor":8.0,"gold_loss":0.0,"damage_taken":11.0},{"damage_healed":0.0,"max_hp_gain":0.0,"max_hp_loss":0.0,"gold_gain":0.0,"event_name":"Scrap Ooze","player_choice":"Success","floor":10.0,"gold_loss":0.0,"damage_taken":12.0,"relics_obtained":["WingedGreaves"]},{"damage_healed":0.0,"max_hp_gain":0.0,"max_hp_loss":0.0,"gold_gain":0.0,"event_name":"Liars Game","player_choice":"Ignored","floor":13.0,"gold_loss":0.0,"damage_taken":0.0}],"is_beta":false,"boss_relics":[{"not_picked":["SacredBark","Cursed Key"],"picked":"Snecko Eye"},{"not_picked":["Fusion Hammer","Velvet Choker"],"picked":"Runic Pyramid"}],"items_purged_floors":[11,19,37],"is_endless":false,"potions_floor_spawned":[1,2,14,18,28,29,31,39,41],"killed_by":"The Heart","ascension_level":0}}