{"host":"nuu0xlk1bpqu5s2n","time":1613683204,"event":{"mods":["AchievementEnabler","BaseMod","Minty Spire (QoL Compilation)","StSLib"],"gold_per_floor":[111,111,111,186,201,201,231,249,249,249,284,284,559,593,593,671,671,687,714,582,601,343,373,373,383,383,418,418,431,463,477,477,551,551,563,563,583,583,107,107,134,134,159,189,189,201,232,283,283,283,283],"floor_reached":50,"language":"ENG","playtime":3218,"items_purged":["Regret"],"score":1414,"play_id":"1a7ca882-265a-457e-98db-2e91eec6eb7c","local_time":"20210218232004","is_ascension_mode":true,"campfire_choices":[{"floor":6.0,"key":"REST"},{"data":"Neutralize","floor":10.0,"key":"SMITH"},{"floor":12.0,"key":"REST"},{"floor":15.0,"key":"REST"},{"data":"Noxious Fumes","floor":28.0,"key":"SMITH"},{"floor":32.0,"key":"REST"},{"floor":40.0,"key":"RECALL"},{"floor":45.0,"key":"REST"},{"data":"Acrobatics","floor":49,"key":"SMITH"}],"circlet_count":0,"master_deck":["AscendersBane","Survivor+1","Neutralize+1","Escape Plan+1","Quick Slash+1","Quick Slash+1","Heel Hook+1","Backstab+1","Dagger Spray+1","Malaise+1","Reflex+1","Bane+1","Dagger Throw+1","Poisoned Stab+1","PiercingWail+1","Night Terror+1","Footwork+1","Adrenaline+1","Bouncing Flask+1","Bouncing Flask+1","Backflip+1","Dash+1","Noxious Fumes+1","Bullet Time+1","Escape Plan+1","Dodge and Roll+1","Calculated Gamble+1","Dash+1","After Image+1","Skewer+1","Malaise+1","Bouncing Flask+1","Parasite","Heel Hook+1","Acrobatics+1"],"relics":["Ring of the Snake","NeowsBlessing","Du-Vu Doll","Question Card","War Paint","Ornamental Fan","Pandora\u0027s Box","Bag of Preparation","Chemical X","Mummified Hand","Lizard Tail","Snake Skull","Red Mask","Cursed Key","Mark of the Bloom","FossilizedHelix","DollysMirror","Ancient Tea Set","Pantograph","Art of War","Turnip"],"acts_visited":["Exordium","TheCity","TheBeyond"],"potions_floor_usage":[50,50],"damage_taken":[{"damage":0.0,"enemies":"Jaw Worm","floor":1.0,"turns":1.0},{"damage":0.0,"enemies":"2 Louse","floor":5.0,"turns":1.0},{"damage":0.0,"enemies":"3 Sentries","floor":7.0,"turns":2.0},{"damage":0.0,"enemies":"Small Slimes","floor":8.0,"turns":2.0},{"damage":22.0,"enemies":"Gremlin Nob","floor":11.0,"turns":4.0},{"damage":24.0,"enemies":"3 Sentries","floor":14.0,"turns":7.0},{"damage":15.0,"enemies":"Hexaghost","floor":16.0,"turns":9.0},{"damage":5.0,"enemies":"3 Byrds","floor":18.0,"turns":4.0},{"damage":0.0,"enemies":"Spheric Guardian","floor":21.0,"turns":1.0},{"damage":37.0,"enemies":"Slavers","floor":23.0,"turns":8.0},{"damage":14.0,"enemies":"Snake Plant","floor":25.0,"turns":3.0},{"damage":20.0,"enemies":"Book of Stabbing","floor":27.0,"turns":6.0},{"damage":6.0,"enemies":"Centurion and Healer","floor":29.0,"turns":5.0},{"damage":8.0,"enemies":"Masked Bandits","floor":30.0,"turns":3.0},{"damage":1.0,"enemies":"Cultist and Chosen","floor":31.0,"turns":5.0},{"damage":25.0,"enemies":"Automaton","floor":33.0,"turns":8.0},{"damage":4.0,"enemies":"3 Darklings","floor":35.0,"turns":3.0},{"damage":1.0,"enemies":"3 Shapes","floor":37.0,"turns":5.0},{"damage":0.0,"enemies":"Giant Head","floor":41.0,"turns":5.0},{"damage":0.0,"enemies":"Nemesis","floor":44.0,"turns":5.0},{"damage":0.0,"enemies":"Spire Growth","floor":46.0,"turns":3.0},{"damage":0.0,"enemies":"Reptomancer","floor":47.0,"turns":5.0},{"damage":0.0,"enemies":"2 Orb Walkers","floor":48.0,"turns":3.0},{"damage":54,"enemies":"Awakened One","floor":50,"turns":11}],"seed_played":"-4228983301442547035","potions_obtained":[{"floor":1.0,"key":"Strength Potion"},{"floor":5.0,"key":"Ancient Potion"},{"floor":16.0,"key":"DistilledChaos"},{"floor":21.0,"key":"SkillPotion"},{"floor":27.0,"key":"Poison Potion"},{"floor":29.0,"key":"Strength Potion"},{"floor":30.0,"key":"BlessingOfTheForge"},{"floor":37.0,"key":"Block Potion"},{"floor":44.0,"key":"SneckoOil"}],"is_trial":false,"path_per_floor":["M","?","?","?","M","R","E","M","T","R","E","R","?","E","R","B",null,"M","T","$","M","$","E","$","M","T","E","R","M","?","M","R","B",null,"M","?","M","?","$","R","E","?","T","E","R","M","E","?","R","B"],"character_chosen":"THE_SILENT","items_purchased":["Backflip","Noxious Fumes","Chemical X","FossilizedHelix","DollysMirror"],"campfire_rested":5,"item_purchase_floors":[20,22,22,39,39],"current_hp_per_floor":[59,64,43,32,32,53,53,53,53,53,31,52,52,28,49,34,62,57,57,57,57,57,20,20,6,6,35,35,29,21,20,41,16,57,53,53,52,52,52,52,52,52,52,52,52,52,52,52,52,0,0],"gold":283,"neow_bonus":"THREE_ENEMY_KILL","is_daily":false,"chose_seed":false,"campfire_upgraded":3,"win_rate":0.0,"timestamp":1613683204,"path_taken":["M","?","?","?","M","R","E","M","T","R","E","R","?","E","R","BOSS","M","?","$","M","$","E","$","?","T","E","R","M","?","M","R","BOSS","M","?","M","?","$","R","E","?","T","E","R","?","E","?","R","BOSS"],"items_purchased_type":["Card","Card","Relic","Relic","Relic"],"build_version":"2020-12-22","purchased_purges":1,"victory":false,"max_hp_per_floor":[66,71,71,71,71,71,71,71,71,71,71,71,71,71,71,71,71,71,71,71,71,71,71,71,71,71,71,71,71,71,71,71,71,71,71,71,71,71,71,71,71,71,71,71,71,71,71,71,71,71,71],"card_choices":[{"not_picked":["Masterful Stab","Setup"],"picked":"Escape Plan","floor":1.0},{"not_picked":["Blur","Prepared"],"picked":"Quick Slash","floor":5.0},{"not_picked":["Bane","Escape Plan"],"picked":"Quick Slash","floor":7.0},{"not_picked":["PiercingWail","Poisoned Stab"],"picked":"Heel Hook","floor":8.0},{"not_picked":["Blade Dance","Flying Knee","All Out Attack"],"picked":"Backstab","floor":11.0},{"not_picked":["Poisoned Stab","Acrobatics","Deflect"],"picked":"Dagger Spray","floor":14.0},{"not_picked":["Die Die Die","Glass Knife","Unload"],"picked":"Malaise","floor":16.0},{"not_picked":["Prepared","All Out Attack","Heel Hook"],"picked":"Bouncing Flask","floor":18.0},{"not_picked":["Dagger Throw","PiercingWail","Prepared"],"picked":"Dash","floor":21.0},{"not_picked":["Terror","Noxious Fumes","Dagger Spray"],"picked":"Bullet Time","floor":23.0},{"not_picked":["Blade Dance","Dagger Spray","Poisoned Stab","Outmaneuver+1"],"picked":"SKIP","floor":25.0},{"not_picked":["Poisoned Stab","Unload","Eviscerate+1"],"picked":"Escape Plan","floor":27.0},{"not_picked":["Deflect","Dagger Throw","Flying Knee"],"picked":"Dodge and Roll","floor":29.0},{"not_picked":["Deadly Poison","Terror+1","Prepared"],"picked":"Calculated Gamble","floor":30.0},{"not_picked":["Cloak And Dagger","Setup","Prepared+1"],"picked":"Dash","floor":31.0},{"not_picked":["Grand Finale","Malaise","Glass Knife"],"picked":"After Image","floor":33.0},{"not_picked":["Deadly Poison","Bane","Blade Dance","Dagger Spray"],"picked":"SKIP","floor":35.0},{"not_picked":["Deflect","All Out Attack+1","Riddle With Holes"],"picked":"Skewer","floor":37.0},{"not_picked":["Sucker Punch","Accuracy","Outmaneuver"],"picked":"Bouncing Flask+1","floor":41.0},{"not_picked":["Riddle With Holes","Expertise","Endless Agony"],"picked":"Heel Hook+1","floor":44.0},{"not_picked":["Slice+1","Crippling Poison","Backflip","Cloak And Dagger"],"picked":"SKIP","floor":46.0},{"not_picked":["Cloak And Dagger","Endless Agony+1","Crippling Poison","Blur"],"picked":"SKIP","floor":47.0},{"not_picked":["Dagger Throw","Slice","Deadly Poison"],"picked":"Acrobatics","floor":48.0}],"player_experience":558237,"relics_obtained":[{"floor":7.0,"key":"Du-Vu Doll"},{"floor":9.0,"key":"Question Card"},{"floor":11.0,"key":"War Paint"},{"floor":14.0,"key":"Ornamental Fan"},{"floor":19.0,"key":"Bag of Preparation"},{"floor":23.0,"key":"Mummified Hand"},{"floor":26.0,"key":"Lizard Tail"},{"floor":27.0,"key":"Snake Skull"},{"floor":30.0,"key":"Red Mask"},{"floor":41.0,"key":"Ancient Tea Set"},{"floor":44.0,"key":"Pantograph"},{"floor":47.0,"key":"Art of War"},{"floor":48.0,"key":"Turnip"}],"event_choices":[{"damage_healed":0.0,"max_hp_gain":5.0,"max_hp_loss":0.0,"gold_gain":0.0,"event_name":"Big Fish","player_choice":"Donut","floor":2.0,"gold_loss":0.0,"damage_taken":0.0},{"damage_healed":0.0,"max_hp_gain":0.0,"max_hp_loss":0.0,"gold_gain":0.0,"event_name":"Shining Light","player_choice":"Entered Light","floor":3.0,"gold_loss":0.0,"damage_taken":21.0,"cards_upgraded":["Defend_G","Defend_G"]},{"damage_healed":0.0,"max_hp_gain":0.0,"max_hp_loss":0.0,"gold_gain":75.0,"event_name":"World of Goop","player_choice":"Gather Gold","floor":4.0,"gold_loss":0.0,"damage_taken":11.0},{"damage_healed":0.0,"max_hp_gain":0.0,"max_hp_loss":0.0,"gold_gain":275.0,"event_name":"Golden Shrine","player_choice":"Desecrate","floor":13.0,"gold_loss":0.0,"damage_taken":0.0,"cards_obtained":["Regret"]},{"damage_healed":0.0,"max_hp_gain":0.0,"max_hp_loss":0.0,"gold_gain":0.0,"event_name":"Masked Bandits","player_choice":"Fought Bandits","floor":30.0,"gold_loss":0.0,"damage_taken":0.0},{"damage_healed":0.0,"max_hp_gain":0.0,"max_hp_loss":0.0,"gold_gain":0.0,"event_name":"Tomb of Lord Red Mask","player_choice":"Ignored","floor":36.0,"gold_loss":0.0,"damage_taken":0.0},{"damage_healed":0.0,"max_hp_gain":0.0,"max_hp_loss":0.0,"gold_gain":0.0,"event_name":"MindBloom","player_choice":"Upgrade","floor":38.0,"gold_loss":0.0,"damage_taken":0.0,"cards_upgraded":["Escape Plan","Quick Slash","Quick Slash","Heel Hook","Backstab","Dagger Spray","Malaise","Reflex","Bane","Dagger Throw","Masterful Stab","Poisoned Stab","PiercingWail","Night Terror","Footwork","Adrenaline","Bouncing Flask","Bouncing Flask","Backflip","Dash","Bullet Time","Escape Plan","Dodge and Roll","Calculated Gamble","Dash","After Image","Skewer"],"relics_obtained":["Mark of the Bloom"]},{"cards_removed":["Masterful Stab"],"damage_healed":19.0,"max_hp_gain":0.0,"max_hp_loss":0.0,"gold_gain":0.0,"event_name":"Bonfire Elementals","player_choice":"Offered Uncommon","floor":42.0,"gold_loss":0.0,"damage_taken":0.0},{"damage_healed":0.0,"max_hp_gain":0.0,"max_hp_loss":0.0,"gold_gain":0.0,"event_name":"Mysterious Sphere","player_choice":"Fight","floor":48.0,"gold_loss":0.0,"damage_taken":0.0}],"is_beta":false,"boss_relics":[{"not_picked":["Coffee Dripper","Runic Pyramid"],"picked":"Pandora\u0027s Box"},{"not_picked":["Calling Bell","Ring of the Serpent"],"picked":"Cursed Key"}],"items_purged_floors":[20],"is_endless":false,"potions_floor_spawned":[1,5,8,16,21,27,29,30,31,37,44,46],"killed_by":"Awakened One","ascension_level":20}}