{"host":"pv3sjfzbkjl0g4yo","time":1613668502,"event":{"mods":["BaseMod","Hubris","Minty Spire (QoL Compilation)","Reliquary","Replay The Spire","StSLib","The Marked"],"gold_per_floor":[119,294,346,346,58,58,72,98,98,98,113,143,154,178,178,178,178],"floor_reached":16,"language":"ENG","playtime":619,"items_purged":[],"score":107,"play_id":"3c5f534a-c98e-4af2-911e-a5ae32da733c","local_time":"20210218121502","is_ascension_mode":false,"campfire_choices":[{"data":"theMarked:SoldierOfQuellstein","floor":6.0,"key":"SMITH"},{"data":"theMarked:TwofoldDefense","floor":10.0,"key":"SMITH"},{"floor":15.0,"key":"DIG"}],"circlet_count":0,"master_deck":["theMarked:Strike","theMarked:Strike","theMarked:Strike","theMarked:Strike","theMarked:Strike","theMarked:Defend","theMarked:Defend","theMarked:Defend","theMarked:Defend","theMarked:SoldierOfQuellstein+1","theMarked:TwofoldDefense+1","theMarked:SwordAndMagic","theMarked:EmpowerWeapon"],"relics":["theMarked:ArtifactOfAir","Spirit Poop","Replay:Rubber Ducky","ClockworkSouvenir","hubris:TenFootPole","Ancient Tea Set","Replay:Mystery Machine","Vajra","Mummified Hand"],"acts_visited":["Exordium"],"potions_floor_usage":[16],"damage_taken":[{"damage":4.0,"enemies":"2 Louse","floor":1.0,"turns":3.0},{"damage":0.0,"enemies":"Jaw Worm","floor":7.0,"turns":4.0},{"damage":21.0,"enemies":"3 Sentries","floor":8.0,"turns":8.0},{"damage":0.0,"enemies":"Small Slimes","floor":11.0,"turns":2.0},{"damage":11.0,"enemies":"Gremlin Nob","floor":12.0,"turns":3.0},{"damage":6.0,"enemies":"Red Slaver","floor":13.0,"turns":3.0},{"damage":21,"enemies":"The Guardian","floor":16,"turns":10}],"seed_played":"-4347308647269718457","potions_obtained":[{"floor":3.0,"key":"DuplicationPotion"},{"floor":3.0,"key":"Doom Potion"},{"floor":3.0,"key":"Venom Potion"},{"floor":12.0,"key":"AttackPotion"}],"is_trial":false,"path_per_floor":["M","?","?","?","$","R","M","E","T","R","M","E","M","T","R","B"],"character_chosen":"THE_DEFAULT","items_purchased":["Replay:Rubber Ducky","ClockworkSouvenir"],"campfire_rested":0,"item_purchase_floors":[5,5],"current_hp_per_floor":[75,75,56,56,56,56,56,35,35,35,35,24,18,18,18,0,0],"gold":178,"neow_bonus":"TEN_PERCENT_HP_BONUS","is_daily":false,"chose_seed":false,"campfire_upgraded":2,"win_rate":0.0,"timestamp":1613668502,"path_taken":["M","?","?","?","$","R","?","E","T","R","M","E","M","?","R","BOSS"],"items_purchased_type":["Relic","Relic"],"build_version":"2020-12-22","purchased_purges":0,"victory":false,"max_hp_per_floor":[79,79,79,79,79,79,79,79,79,79,79,79,79,79,79,79,79],"card_choices":[{"not_picked":["theMarked:Aftermath","theMarked:WardOff","theMarked:Improvise"],"picked":"SKIP","floor":1.0},{"not_picked":["theMarked:Memento","theMarked:ChainLightning"],"picked":"theMarked:TwofoldDefense","floor":3.0},{"not_picked":["theMarked:TakeCover","theMarked:ElectricStrings"],"picked":"theMarked:SwordAndMagic","floor":7.0},{"not_picked":["theMarked:TakeCover","theMarked:ThrowWeapon","theMarked:ElectricStrings"],"picked":"SKIP","floor":8.0},{"not_picked":["theMarked:Standoff","theMarked:Convert","theMarked:TakeCover"],"picked":"SKIP","floor":11.0},{"not_picked":["theMarked:WardOff","theMarked:HeightenedSenses","theMarked:Parkour"],"picked":"SKIP","floor":12.0},{"not_picked":["theMarked:Determination","theMarked:ElectricStrings"],"picked":"theMarked:EmpowerWeapon","floor":13.0}],"player_experience":542925,"relics_obtained":[{"floor":8.0,"key":"hubris:TenFootPole"},{"floor":9.0,"key":"Ancient Tea Set"},{"floor":12.0,"key":"Replay:Mystery Machine"},{"floor":14.0,"key":"Vajra"},{"floor":15.0,"key":"Mummified Hand"}],"event_choices":[{"damage_healed":0.0,"max_hp_gain":0.0,"max_hp_loss":0.0,"gold_gain":175.0,"event_name":"Liars Game","player_choice":"AGREE","floor":2.0,"gold_loss":0.0,"damage_taken":0.0,"cards_obtained":["Doubt"]},{"cards_removed":["Doubt"],"damage_healed":0.0,"max_hp_gain":0.0,"max_hp_loss":0.0,"gold_gain":0.0,"event_name":"Bonfire Elementals","player_choice":"Offered Curse","floor":4.0,"gold_loss":0.0,"damage_taken":0.0,"relics_obtained":["Spirit Poop"]}],"is_beta":false,"boss_relics":[],"items_purged_floors":[],"is_endless":false,"potions_floor_spawned":[12,13],"killed_by":"The Guardian","ascension_level":0}}