{"host":"2hea6pl5vmah38iy","time":1613658544,"event":{"mods":["AchievementEnabler","BaseMod","Colored Map","DeckTracker","Keyboard Shortcuts","Minty Spire (QoL Compilation)","Rare Cards Sparkle","StSLib","SuperFastMode","everything is the same but u backflip on backflip"],"gold_per_floor":[359,359,165,184,234,234,12,40,40,59,59,59,75,85,105,105,105,105],"floor_reached":17,"language":"KOR","playtime":558,"items_purged":["Defend_B","Strike_B"],"score":209,"play_id":"1f554709-03c5-42cc-bdc4-5da5421f6ae7","local_time":"20210218232904","is_ascension_mode":true,"campfire_choices":[{"floor":6.0,"key":"REST"},{"floor":11.0,"key":"REST"},{"data":"Zap","floor":12.0,"key":"SMITH"},{"floor":16,"key":"REST"}],"circlet_count":0,"master_deck":["AscendersBane","Strike_B","Strike_B","Strike_B","Defend_B","Defend_B","Defend_B","Zap+1","Dualcast","Streamline","Finesse","Sweeping Beam","Glacier","Buffer","Turbo","Coolheaded"],"relics":["Cracked Core","Membership Card","Vajra","InkBottle"],"acts_visited":["Exordium"],"potions_floor_usage":[13,15,17],"damage_taken":[{"damage":16.0,"enemies":"Small Slimes","floor":1.0,"turns":3.0},{"damage":7.0,"enemies":"Jaw Worm","floor":4.0,"turns":2.0},{"damage":40.0,"enemies":"Lagavulin","floor":8.0,"turns":7.0},{"damage":1.0,"enemies":"Cultist","floor":10.0,"turns":3.0},{"damage":8,"enemies":"Gremlin Gang","floor":13,"turns":3},{"damage":9,"enemies":"Red Slaver","floor":14,"turns":3},{"damage":0,"enemies":"Lots of Slimes","floor":15,"turns":3},{"damage":16,"enemies":"Slime Boss","floor":17,"turns":7}],"seed_played":"-6445975332812281813","potions_obtained":[{"floor":10.0,"key":"EssenceOfSteel"},{"floor":14,"key":"LiquidMemories"},{"floor":15,"key":"Fire Potion"}],"is_trial":false,"path_per_floor":["M","?","$","M","?","R","$","E","T","M","R","R","M","M","M","R","B"],"character_chosen":"DEFECT","items_purchased":["Finesse","Sweeping Beam","Membership Card"],"campfire_rested":3,"item_purchase_floors":[3,3,7],"current_hp_per_floor":[30,35,35,28,21,43,43,3,3,2,24,24,16,7,7,29,13,13],"gold":105,"neow_bonus":"TWO_FIFTY_GOLD","is_daily":false,"chose_seed":false,"campfire_upgraded":1,"win_rate":0.0,"timestamp":1613658544,"path_taken":["M","?","$","M","?","R","$","E","T","?","R","R","R","M","M","M","R","BOSS"],"items_purchased_type":["Card","Card","Relic"],"build_version":"2020-12-22","purchased_purges":2,"victory":false,"max_hp_per_floor":[71,76,76,76,76,76,76,76,76,76,76,76,76,76,76,76,76,76],"card_choices":[{"not_picked":["Coolheaded","Conserve Battery"],"picked":"Streamline","floor":1.0},{"not_picked":["Coolheaded","Loop"],"picked":"Glacier","floor":4.0},{"not_picked":["Compile Driver","Loop"],"picked":"Buffer","floor":8.0},{"not_picked":["Rip and Tear","White Noise","Force Field"],"picked":"SKIP","floor":10.0},{"not_picked":["Cold Snap","Gash"],"picked":"Turbo","floor":13},{"not_picked":["Beam Cell","Capacitor"],"picked":"Coolheaded","floor":14},{"not_picked":["BootSequence","Stack","Turbo"],"picked":"SKIP","floor":15}],"player_experience":592345,"relics_obtained":[{"floor":8.0,"key":"Vajra"},{"floor":9.0,"key":"InkBottle"}],"event_choices":[{"damage_healed":0.0,"max_hp_gain":5.0,"max_hp_loss":0.0,"gold_gain":0.0,"event_name":"Big Fish","player_choice":"Donut","floor":2.0,"gold_loss":0.0,"damage_taken":0.0},{"damage_healed":0.0,"max_hp_gain":0.0,"max_hp_loss":0.0,"gold_gain":50.0,"event_name":"FaceTrader","player_choice":"Touch","floor":5.0,"gold_loss":0.0,"damage_taken":7.0}],"is_beta":false,"boss_relics":[],"items_purged_floors":[3,7],"is_endless":false,"potions_floor_spawned":[10,14,15],"killed_by":"Slime Boss","ascension_level":19}}