{"host":"nzc89rt2v0ulh15o","time":1613663627,"event":{"mods":["2.2 Compatiblity","BaseMod","Downfall","Hermit","Hubris","Jorbs\u0027s Wanderer Trilogy","Minty Spire (QoL Compilation)","Replay The Spire","Shade Mod","Shop Mod","StSLib","The Bug Knight","The Construct","The Cursed","The Disciple","The Hierophant","The Runesmith","The Servant 0.9.4"],"gold_per_floor":[99,119,135,152,166,185,208,208,222,222,234,234,234,253,270,370,370,370,384,402,413,427,427,427,427,427,427,427,443,462,481,494,599,599,599,616,632,680,750,750,750,764,784,795,810,828,828,828,845,845,845,845],"floor_reached":50,"language":"SPA","playtime":3064,"items_purged":[],"score":549,"play_id":"98279227-ed0a-4446-adce-253ae7217129","local_time":"20210218095347","is_ascension_mode":true,"campfire_choices":[{"data":"Slimebound:Split","floor":1.0,"key":"SMITH"},{"data":"Slimebound:LivingWall","floor":10.0,"key":"SMITH"},{"data":"Slimebound:SlimeBarrage","floor":13.0,"key":"SMITH"},{"data":"Slimebound:SelfFormingGoo","floor":23.0,"key":"SMITH"},{"data":"Slimebound:SplitBruiser","floor":26.0,"key":"SMITH"},{"data":"Slimebound:Prepare","floor":28.0,"key":"SMITH"},{"data":"Slimebound:DouseInSlime","floor":35,"key":"SMITH"},{"data":"Slimebound:Overexert","floor":40,"key":"SMITH"},{"floor":47,"key":"REST"}],"circlet_count":0,"master_deck":["Slimebound:Strike_Slimebound","Slimebound:Strike_Slimebound","Slimebound:Strike_Slimebound","Slimebound:Tackle","Slimebound:Defend_Slimebound","Slimebound:Defend_Slimebound","Slimebound:Defend_Slimebound","Slimebound:Defend_Slimebound","Slimebound:Split+1","Slimebound:CorrosiveSpit+1","Slimebound:SlimeTap","Slimebound:Prepare+1","Slimebound:HauntingLick","Slimebound:LivingWall+1","Slimebound:SlimeBarrage+1","Slimebound:PressTheAttack","Slimebound:FormOfPuddle","Slimebound:SelfFormingGoo+1","Slimebound:PressTheAttack","Slimebound:PressTheAttack+1","Slimebound:SplitBruiser+1","Slimebound:Overexert+1","Slimebound:PressTheAttack","Slimebound:DouseInSlime+1","Slimebound:SplitSpecialist","Replay:SS_fish_1","Parasite"],"relics":["Slimebound:AbsorbEndCombat","Oddly Smooth Stone","Blue Doll","Strawberry","hubris:Backtick","Replay:WaspNest","Meat on the Bone","hubris:ScarierMask","Singing Bowl","HornCleat","InkBottle"],"acts_visited":["Exordium","TheCity","TheBeyond"],"potions_floor_usage":[42,46,50],"damage_taken":[{"damage":6.0,"enemies":"Cultist","floor":2.0,"turns":4.0},{"damage":5.0,"enemies":"Small Slimes","floor":3.0,"turns":4.0},{"damage":0.0,"enemies":"Jaw Worm","floor":4.0,"turns":3.0},{"damage":9.0,"enemies":"Exordium Thugs","floor":5.0,"turns":5.0},{"damage":9.0,"enemies":"3 Louse","floor":6.0,"turns":4.0},{"damage":10.0,"enemies":"Gremlin Gang","floor":9.0,"turns":6.0},{"damage":2.0,"enemies":"Blue Slaver","floor":11.0,"turns":4.0},{"damage":4.0,"enemies":"2 Fungi Beasts","floor":14.0,"turns":4.0},{"damage":5.0,"enemies":"Exordium Thugs","floor":15.0,"turns":4.0},{"damage":38.0,"enemies":"SI_SHIV_ARCHETYPE","floor":16.0,"turns":13.0},{"damage":0.0,"enemies":"Shell Parasite","floor":19.0,"turns":4.0},{"damage":12.0,"enemies":"Spheric Guardian","floor":20.0,"turns":6.0},{"damage":23.0,"enemies":"3 Cultists","floor":21.0,"turns":5.0},{"damage":2.0,"enemies":"Snecko","floor":22.0,"turns":5.0},{"damage":20.0,"enemies":"Snake Plant","floor":29.0,"turns":3.0},{"damage":7.0,"enemies":"Centurion and Healer","floor":30.0,"turns":6.0},{"damage":22.0,"enemies":"Snecko","floor":31.0,"turns":5.0},{"damage":10.0,"enemies":"Cultist and Chosen","floor":32.0,"turns":4.0},{"damage":39.0,"enemies":"WA_ARCHETYPE_CALM","floor":33.0,"turns":10.0},{"damage":14,"enemies":"3 Darklings","floor":36,"turns":5},{"damage":7,"enemies":"3 Shapes","floor":37,"turns":4},{"damage":51,"enemies":"Maw","floor":42,"turns":7},{"damage":6,"enemies":"3 Darklings","floor":43,"turns":6},{"damage":3,"enemies":"Transient","floor":44,"turns":5},{"damage":11,"enemies":"Jaw Worm Horde","floor":45,"turns":4},{"damage":36,"enemies":"Spire Growth","floor":46,"turns":5},{"damage":4,"enemies":"Writhing Mass","floor":49,"turns":5},{"damage":163,"enemies":"IC_BLOCK_ARCHETYPE","floor":50,"turns":4}],"seed_played":"1649632038122288085","potions_obtained":[{"floor":4.0,"key":"SpeedPotion"},{"floor":5.0,"key":"SteroidPotion"},{"floor":6.0,"key":"Doom Potion"},{"floor":15.0,"key":"Flashbang"},{"floor":20.0,"key":"construct:ShiftPotion"},{"floor":29.0,"key":"sneckomod:MuddlingPotion"},{"floor":36,"key":"PowerPotion"},{"floor":44,"key":"DuplicationPotion"},{"floor":45,"key":"DuplicationPotion"},{"floor":46,"key":"Dexterity Potion"}],"is_trial":false,"path_per_floor":["R","M","M","M","M","M","T","?","M","R","M","?","R","M","M","B",null,"R","M","M","M","M","R","T","?","R","?","R","M","M","M","M","B",null,"R","M","M","?","T","R","T","M","M","M","M","M","R","?","M","B"],"character_chosen":"SLIMEBOUND","items_purchased":[],"campfire_rested":1,"item_purchase_floors":[],"current_hp_per_floor":[65,59,58,62,59,56,56,63,61,61,61,61,61,59,58,28,72,72,72,68,53,57,57,57,57,57,57,57,39,38,30,36,17,72,72,66,63,49,49,49,49,35,49,56,55,37,62,62,66,0,0,0],"gold":845,"neow_bonus":"RANDOM_COMMON_RELIC","is_daily":false,"chose_seed":false,"campfire_upgraded":8,"win_rate":0.0,"timestamp":1613663627,"path_taken":["R","M","?","?","M","M","T","?","M","R","M","?","R","?","M","BOSS","R","M","M","?","M","R","T","?","R","?","R","M","?","M","M","BOSS","R","M","M","?","?","R","T","?","M","M","M","M","R","?","M","BOSS"],"items_purchased_type":[],"build_version":"2020-12-22","purchased_purges":0,"victory":false,"max_hp_per_floor":[65,65,65,65,65,65,65,72,72,72,72,72,72,72,72,72,72,72,72,72,72,72,72,72,72,72,72,72,72,72,72,72,72,72,72,72,72,76,76,76,76,78,80,82,84,86,86,86,88,88,88,88],"card_choices":[{"not_picked":["Slimebound:GoopSpray","Slimebound:ForwardTackle"],"picked":"Slimebound:SlimeTap","floor":2.0},{"not_picked":["Slimebound:RollThrough","Slimebound:SpikyOuterGoop"],"picked":"Slimebound:Prepare","floor":3.0},{"not_picked":["Slimebound:ItLooksTasty","Slimebound:ProtectTheBoss"],"picked":"Slimebound:HauntingLick","floor":4.0},{"not_picked":["Slimebound:DisruptingSlam","Slimebound:Gluttony","Slimebound:LeechEnergy"],"picked":"SKIP","floor":5.0},{"not_picked":["Slimebound:SplitMire","Slimebound:SlimeSpikes"],"picked":"Slimebound:LivingWall","floor":6.0},{"not_picked":["Slimebound:ComboTackle","Slimebound:Prepare"],"picked":"Slimebound:SlimeBarrage","floor":9.0},{"not_picked":["Slimebound:SplitLeeching","Slimebound:ProtectTheBoss","Slimebound:SpikyOuterGoop"],"picked":"SKIP","floor":11.0},{"not_picked":["Slimebound:ComboTackle","Slimebound:BestDefense"],"picked":"Slimebound:PressTheAttack","floor":14.0},{"not_picked":["Slimebound:SplitMire","Slimebound:SlimeTap"],"picked":"Slimebound:FormOfPuddle","floor":15.0},{"not_picked":["Slimebound:RallyTheTroops","Slimebound:MassFeed"],"picked":"Slimebound:SelfFormingGoo","floor":16.0},{"not_picked":["Slimebound:Schlurp","Slimebound:SamplingLick"],"picked":"Slimebound:PressTheAttack","floor":19.0},{"not_picked":["Slimebound:Prepare","Slimebound:GoopTackle"],"picked":"Slimebound:PressTheAttack+1","floor":20.0},{"not_picked":["Slimebound:PressTheAttack","Slimebound:Recollect"],"picked":"Slimebound:SplitBruiser","floor":21.0},{"not_picked":["Slimebound:RollThrough","Slimebound:SplitAcid+1","Slimebound:SplitLeeching"],"picked":"SKIP","floor":22.0},{"not_picked":["Slimebound:SplitAcid","Slimebound:ProtectTheBoss","Slimebound:ViciousTackle"],"picked":"SKIP","floor":29.0},{"not_picked":["Slimebound:GoopTackle","Slimebound:ForwardTackle","Slimebound:FinishingTackle"],"picked":"SKIP","floor":30.0},{"not_picked":["Slimebound:FinishingTackle","Slimebound:LeechEnergy"],"picked":"Slimebound:Overexert","floor":31.0},{"not_picked":["Slimebound:SamplingLick","Slimebound:Prepare"],"picked":"Slimebound:PressTheAttack","floor":32.0},{"not_picked":["Slimebound:Teamwork","Slimebound:TagTeam"],"picked":"Slimebound:DouseInSlime","floor":33.0},{"not_picked":["Slimebound:ItLooksTasty","Slimebound:Recollect+1"],"picked":"Slimebound:SplitSpecialist","floor":36},{"not_picked":["Slimebound:Gluttony+1","Slimebound:BestDefense","Slimebound:ForwardTackle"],"picked":"SKIP","floor":37},{"not_picked":["Slimebound:ItLooksTasty","Slimebound:LivingWall","Slimebound:PressTheAttack+1"],"picked":"Singing Bowl","floor":38},{"not_picked":["Slimebound:RainOfGoop","Slimebound:SlimeBarrage+1","Slimebound:HauntingLick"],"picked":"Singing Bowl","floor":38},{"not_picked":["Slimebound:HauntingLick","Slimebound:LivingWall+1","Slimebound:Schlurp"],"picked":"Singing Bowl","floor":42},{"not_picked":["Slimebound:DouseInSlime","Slimebound:PressTheAttack+1","Slimebound:ForwardTackle"],"picked":"Singing Bowl","floor":43},{"not_picked":["Slimebound:ComboTackle","Slimebound:SplitAcid+1","Slimebound:LivingWall+1"],"picked":"Singing Bowl","floor":44},{"not_picked":["Slimebound:ComboTackle+1","Slimebound:Schlurp","Slimebound:GoopSpray+1"],"picked":"Singing Bowl","floor":45},{"not_picked":["Slimebound:LivingWall","Slimebound:HauntingLick+1","Slimebound:SplitAcid"],"picked":"Singing Bowl","floor":46},{"not_picked":["expansioncontent:GuardianWhirl","expansioncontent:YouAreMine"],"picked":"Replay:SS_fish_1","floor":48},{"not_picked":["Slimebound:HungryTackle","Slimebound:SplitSpecialist","Slimebound:Chomp+1"],"picked":"Singing Bowl","floor":49}],"player_experience":491089,"relics_obtained":[{"floor":7.0,"key":"Blue Doll"},{"floor":24.0,"key":"Meat on the Bone"},{"floor":38,"key":"Singing Bowl"},{"floor":39,"key":"HornCleat"},{"floor":41,"key":"InkBottle"}],"event_choices":[{"damage_healed":0.0,"max_hp_gain":0.0,"max_hp_loss":0.0,"gold_gain":0.0,"event_name":"Big Fish","player_choice":"Box","floor":8.0,"gold_loss":0.0,"damage_taken":0.0,"relics_obtained":["Strawberry"],"cards_obtained":["Regret"]},{"damage_healed":0.0,"max_hp_gain":0.0,"max_hp_loss":0.0,"gold_gain":0.0,"event_name":"Accursed Blacksmith","player_choice":"Forge","floor":12.0,"gold_loss":0.0,"damage_taken":0.0,"cards_upgraded":["Slimebound:CorrosiveSpit"]},{"damage_healed":0.0,"max_hp_gain":0.0,"max_hp_loss":0.0,"gold_gain":0.0,"event_name":"Ghosts","player_choice":"Ignored","floor":27.0,"gold_loss":0.0,"damage_taken":0.0}],"is_beta":false,"boss_relics":[{"not_picked":["Empty Cage","Pandora\u0027s Box"],"picked":"hubris:Backtick"},{"not_picked":["Tiny House","hubris:GrandSneckoEye"],"picked":"hubris:ScarierMask"}],"items_purged_floors":[],"is_endless":false,"potions_floor_spawned":[4,5,6,15,16,19,20,29,30,36,44,45,46],"killed_by":"IC_BLOCK_ARCHETYPE","ascension_level":1}}