{"host":"z7iqwv4hfwwvhc2n","time":1613691537,"event":{"mods":["2.2 Compatiblity","BaseMod","Better Third Choice","BetterRewards","Colored Powertips","Minty Spire (QoL Compilation)","Relic Filter","StSLib","The Cursed"],"gold_per_floor":[116,116,131,150,170,196,196,229,281,316,316,351,351,17,17,119,119,131,56,72,92,106,106,132,132,132,147,246,261,281,292,292,387,387,397,413,424,440,440,440,440],"floor_reached":40,"language":"JPN","playtime":2229,"items_purged":[],"score":620,"play_id":"3cfb279a-4632-4b80-bd67-f7ac543db4c7","local_time":"20210219083857","is_ascension_mode":true,"campfire_choices":[{"data":"Static Discharge","floor":7,"key":"SMITH"},{"data":"Loop","floor":11,"key":"SMITH"},{"data":"Zap","floor":13,"key":"SMITH"},{"floor":15,"key":"REST"},{"floor":23,"key":"REST"},{"data":"Creative AI","floor":32,"key":"SMITH"}],"circlet_count":0,"master_deck":["Strike_B+1","Strike_B+1","Strike_B+1","Strike_B+1","Defend_B+1","Defend_B+1","Defend_B+1","Defend_B+1","Zap+1","Dualcast","Redo","Cold Snap","Static Discharge+1","Loop+1","Gash","Conserve Battery","Go for the Eyes","Capacitor","Meteor Strike","Glacier","Streamline","Panacea","Creative AI+1","Blizzard","Defragment+1","Lockon","Beam Cell","White Noise+1","Self Repair","Ghostly Armor","Prepared","Violence","Metamorphosis","Flying Knee","Chill","Uppercut+1","Apotheosis","Flash of Steel","PanicButton"],"relics":["Cracked Core","Bird Faced Urn","Ice Cream","Thread and Needle","Ginger","Black Star","NeowsBlessing","Vajra","Nloth\u0027s Gift","Orichalcum","Lizard Tail","Pen Nib","Letter Opener","Unceasing Top","WarpedTongs","Red Mask","PrismaticShard"],"acts_visited":["Exordium","TheCity","TheBeyond"],"potions_floor_usage":[6,6,22,22,24,38,40],"damage_taken":[{"damage":2,"enemies":"Jaw Worm","floor":1,"turns":4},{"damage":0,"enemies":"Cultist","floor":3,"turns":4},{"damage":4,"enemies":"Small Slimes","floor":4,"turns":3},{"damage":3,"enemies":"2 Fungi Beasts","floor":5,"turns":5},{"damage":28,"enemies":"Gremlin Nob","floor":6,"turns":5},{"damage":0,"enemies":"Lagavulin","floor":8,"turns":8},{"damage":0,"enemies":"Gremlin Nob","floor":10,"turns":1},{"damage":0,"enemies":"Lagavulin","floor":12,"turns":1},{"damage":0,"enemies":"Hexaghost","floor":16,"turns":1},{"damage":17,"enemies":"3 Byrds","floor":18,"turns":5},{"damage":11,"enemies":"2 Thieves","floor":19,"turns":5},{"damage":23,"enemies":"Centurion and Healer","floor":20,"turns":7},{"damage":52,"enemies":"3 Cultists","floor":21,"turns":6},{"damage":13,"enemies":"Snake Plant","floor":22,"turns":4},{"damage":18,"enemies":"Book of Stabbing","floor":24,"turns":4},{"damage":14,"enemies":"Centurion and Healer","floor":27,"turns":5},{"damage":7,"enemies":"3 Cultists","floor":29,"turns":7},{"damage":0,"enemies":"Snake Plant","floor":30,"turns":7},{"damage":6,"enemies":"Centurion and Healer","floor":31,"turns":6},{"damage":10,"enemies":"Automaton","floor":33,"turns":10},{"damage":3,"enemies":"Orb Walker","floor":35,"turns":5},{"damage":46,"enemies":"3 Shapes","floor":36,"turns":4},{"damage":49,"enemies":"Sphere and 2 Shapes","floor":37,"turns":5},{"damage":23,"enemies":"Jaw Worm Horde","floor":38,"turns":4},{"damage":31,"enemies":"Nemesis","floor":40,"turns":2}],"seed_played":"2087307508609227130","potions_obtained":[{"floor":2,"key":"DuplicationPotion"},{"floor":2,"key":"LiquidBronze"},{"floor":2,"key":"Weak Potion"},{"floor":8,"key":"SpeedPotion"},{"floor":12,"key":"DuplicationPotion"},{"floor":16,"key":"Weak Potion"},{"floor":20,"key":"ColorlessPotion"},{"floor":31,"key":"Swift Potion"},{"floor":36,"key":"ColorlessPotion"}],"is_trial":false,"path_per_floor":["M","?","M","M","M","E","R","E","T","E","R","E","R","$","R","B",null,"M","M","M","M","M","R","E","?","T","M","?","M","M","M","R","B",null,"M","M","M","M","?","E"],"character_chosen":"DEFECT","items_purchased":["Ice Cream","Thread and Needle","Ginger","Redo","Cold Snap","Static Discharge","Letter Opener","Panacea"],"campfire_rested":2,"item_purchase_floors":[0,0,0,0,0,0,14,14],"current_hp_per_floor":[75,75,75,73,74,49,49,55,55,55,55,55,55,55,75,75,75,62,57,54,12,3,25,15,15,15,20,20,30,74,75,75,75,75,72,28,40,23,13,0,0],"gold":440,"neow_bonus":"","is_daily":false,"chose_seed":false,"campfire_upgraded":4,"win_rate":0.0,"timestamp":1613691537,"path_taken":["M","?","M","?","M","E","R","E","T","E","R","E","R","$","R","BOSS","M","M","M","M","M","R","E","?","T","M","?","M","M","M","R","BOSS","M","M","M","M","?","E"],"items_purchased_type":["Relic","Relic","Relic","Card","Card","Card","Relic","Card"],"build_version":"2020-12-22","purchased_purges":0,"victory":false,"max_hp_per_floor":[75,75,75,75,75,75,75,75,75,75,75,75,75,75,75,75,75,75,75,75,75,75,75,75,75,75,75,75,75,75,75,75,75,75,75,75,75,75,75,75,75],"card_choices":[{"not_picked":["Conserve Battery","Barrage"],"picked":"Loop","floor":1},{"not_picked":["Rebound","Turbo"],"picked":"Gash","floor":3},{"not_picked":["Sunder","Melter"],"picked":"Conserve Battery","floor":4},{"not_picked":["Multi-Cast","Rebound"],"picked":"Go for the Eyes","floor":5},{"not_picked":["Gash","Force Field"],"picked":"Capacitor","floor":6},{"not_picked":["Sweeping Beam","Recycle"],"picked":"Meteor Strike","floor":8},{"not_picked":["Gash","Doom and Gloom"],"picked":"Glacier","floor":10},{"not_picked":["Melter","Undo"],"picked":"Streamline","floor":12},{"not_picked":["Fission","Hyperbeam"],"picked":"Creative AI","floor":16},{"not_picked":["Melter+1","Darkness"],"picked":"Blizzard","floor":18},{"not_picked":["Ball Lightning","Chaos"],"picked":"Defragment+1","floor":19},{"not_picked":["Hologram","Stack"],"picked":"Lockon","floor":20},{"not_picked":["Skim+1","All For One"],"picked":"Beam Cell","floor":21},{"not_picked":["Undo","Hologram"],"picked":"White Noise+1","floor":22},{"not_picked":["Undo","Genetic Algorithm+1"],"picked":"Self Repair","floor":24},{"not_picked":["Perseverance","CutThroughFate+1"],"picked":"Ghostly Armor","floor":27},{"not_picked":["Enlightenment","Dash"],"picked":"Prepared","floor":29},{"not_picked":["Cleave","FollowUp","Twin Strike"],"picked":"SKIP","floor":30},{"not_picked":["Evaluate","Halt"],"picked":"Violence","floor":31},{"not_picked":["Corpse Explosion","Brilliance"],"picked":"Metamorphosis","floor":33},{"not_picked":["Footwork","TheCursedMod:Hemoplague"],"picked":"Flying Knee","floor":35},{"not_picked":["Barrage+1","Blizzard+1"],"picked":"Chill","floor":36},{"not_picked":["TheCursedMod:VitalStrike+1","EmptyFist","FlurryOfBlows"],"picked":"SKIP","floor":37},{"not_picked":["Bludgeon","Choke"],"picked":"Uppercut+1","floor":38},{"not_picked":["Dark Shackles","Violence"],"picked":"Apotheosis","floor":39},{"not_picked":["Dramatic Entrance","Discovery"],"picked":"Flash of Steel","floor":39},{"not_picked":["Good Instincts","Panacea"],"picked":"PanicButton","floor":39}],"player_experience":69136,"relics_obtained":[{"floor":6,"key":"Black Star"},{"floor":8,"key":"NeowsBlessing"},{"floor":8,"key":"Vajra"},{"floor":9,"key":"Nloth\u0027s Gift"},{"floor":10,"key":"Orichalcum"},{"floor":12,"key":"Lizard Tail"},{"floor":12,"key":"Pen Nib"},{"floor":24,"key":"WarpedTongs"},{"floor":24,"key":"Red Mask"},{"floor":26,"key":"PrismaticShard"}],"event_choices":[{"damage_healed":0,"gold_gain":0,"player_choice":"Got Potions","damage_taken":0,"max_hp_gain":0,"max_hp_loss":0,"event_name":"Lab","floor":2,"gold_loss":0},{"damage_healed":0,"gold_gain":0,"player_choice":"Simplicity","damage_taken":0,"max_hp_gain":0,"max_hp_loss":8,"event_name":"betterThird:BetterWriting","floor":25,"gold_loss":0},{"damage_healed":0,"gold_gain":99,"player_choice":"Steal","damage_taken":0,"max_hp_gain":0,"max_hp_loss":0,"event_name":"betterThird:BetterNest","floor":28,"gold_loss":0},{"damage_healed":0,"gold_gain":0,"player_choice":"Memory 3","damage_taken":10,"max_hp_gain":0,"max_hp_loss":0,"event_name":"SensoryStone","floor":39,"gold_loss":0}],"is_beta":false,"boss_relics":[{"not_picked":["Shuriken","Sundial"],"picked":"Unceasing Top"},{"not_picked":["Circlet","Circlet","Circlet"]}],"items_purged_floors":[],"is_endless":false,"potions_floor_spawned":[3,8,12,16,20,21,22,24,31,36],"killed_by":"Nemesis","ascension_level":1}}