{"host":"lx2ngef1mcpp0cnu","time":1613651048,"event":{"mods":["2.2 Compatiblity","Aspiration","Astrologer","BaseMod","Better Note","BetterRewards","Colored Map","Custom Start","Downfall","Googly Eyes","GungeonMod","Highlight Path","Mad Scientist","Marisa????????","Minty Spire (QoL Compilation)","Potionbrewer","READ ME - Guardian Mod","Shop Mod","Somnambulant","StSLib","SuperFastMode","Td1madao Mod","The Bug Knight","The Construct","The Cursed","The Disciple","The Hierophant","The Judge","The Necromancer","The Saiyan","The Servant 0.9.4","[IsaacMod]????","thorton"],"gold_per_floor":[99,110,124,141,141,183,183,237,237,275,275,300,323,344,344,368,388,439,364,392,510,578,62,12,32,59,59,59,59],"floor_reached":16,"language":"ENG","playtime":1337,"items_purged":["Slimebound:Strike_Slimebound"],"score":132,"play_id":"47f44d09-3505-43d8-bed9-59ed11cea430","local_time":"20210218072408","is_ascension_mode":false,"campfire_choices":[{"data":"BettingIsNotGood","floor":1,"key":"SMITH"},{"data":"Slimebound:PrepareCrush","floor":9,"key":"SMITH"},{"data":"Slimebound:DouseInSlime","floor":11,"key":"SMITH"},{"data":"Slimebound:Teamwork","floor":1,"key":"SMITH"},{"data":"expansioncontent:QuickStudy","floor":13,"key":"SMITH"}],"circlet_count":0,"master_deck":["Slimebound:Strike_Slimebound","Slimebound:Tackle","Slimebound:Defend_Slimebound","Slimebound:Defend_Slimebound","Slimebound:Defend_Slimebound","Slimebound:Split","Slimebound:CorrosiveSpit","BettingIsNotGood+1","Slimebound:ServeAndProtect","Slimebound:PrepareCrush+1","Slimebound:Prepare","Slimebound:Teamwork+1","Slimebound:GoopSpray","Slimebound:DouseInSlime+1","Slimebound:Chomp","Slimebound:SamplingLick","Slimebound:HauntingLick","Slimebound:SplitBruiser","Slimebound:Replication+1","Slimebound:WasteNot","Slimebound:RejuvenatingLick","Slimebound:ForwardTackle","Slimebound:LevelUp","expansioncontent:QuickStudy+1","Slimebound:Schlurp","Slimebound:MassFeed","Slimebound:TongueLash"],"relics":["Slimebound:AbsorbEndCombat","HushsDoor","DeathBook","CeramicFish","BookOfRevelations","NineVolt","Slimebound:GreedOozeRelic","Ornamental Fan","Shuriken"],"acts_visited":["Exordium"],"potions_floor_usage":[10,10,10,5,10,12,12],"damage_taken":[{"damage":0,"enemies":"2 Louse","floor":2,"turns":1},{"damage":3,"enemies":"Cultist","floor":3,"turns":2},{"damage":1,"enemies":"Jaw Worm","floor":4,"turns":3},{"damage":3,"enemies":"3 Sentries","floor":6,"turns":2},{"damage":5,"enemies":"Blue Slaver","floor":8,"turns":4},{"damage":17,"enemies":"Lagavulin","floor":10,"turns":4},{"damage":0,"enemies":"Small Slimes","floor":2,"turns":1},{"damage":3,"enemies":"Jaw Worm","floor":3,"turns":1},{"damage":0,"enemies":"2 Louse","floor":5,"turns":2},{"damage":0,"enemies":"Blue Slaver","floor":6,"turns":1},{"damage":0,"enemies":"3 Louse","floor":9,"turns":4},{"damage":0,"enemies":"downfall:Heads","floor":10,"turns":3},{"damage":18,"enemies":"Gremlin Nob","floor":11,"turns":5},{"damage":5,"enemies":"downfall:FleeingMerchant","floor":12,"turns":4},{"damage":0,"enemies":"downfall:LooterAlt","floor":14,"turns":3},{"damage":5,"enemies":"Gremlin Gang","floor":15,"turns":3},{"damage":74,"enemies":"WA_ARCHETYPE_CALM","floor":16,"turns":8}],"seed_played":"-8629383947956673409","potions_obtained":[{"floor":3,"key":"Energy Potion"},{"floor":8,"key":"PowerPotion"},{"floor":10,"key":"potionbrewer:SplittingPotion"},{"floor":2,"key":"hexamod:SoulburnPotion"},{"floor":3,"key":"Block Potion"},{"floor":11,"key":"PowerPotion"}],"is_trial":false,"path_per_floor":["R","M","M","M","?","E","T","M","R","E","R","E","R","M","M","?","M","M","T","?","M","?","E","$","R","M","M","B"],"character_chosen":"SLIMEBOUND","items_purchased":["Shuriken","expansioncontent:QuickStudy","Slimebound:Schlurp"],"campfire_rested":0,"item_purchase_floors":[12,12,12],"current_hp_per_floor":[71,71,68,69,54,51,51,56,56,41,41,71,71,71,71,71,71,71,71,71,71,53,56,56,60,57,0,0,0],"gold":59,"neow_bonus":"TEN_PERCENT_HP_BONUS","is_daily":false,"chose_seed":false,"campfire_upgraded":5,"win_rate":0.0,"timestamp":1613651048,"path_taken":["R","M","M","M","?","E","T","M","R","E","R","E","R","M","M","?","M","M","T","?","M","?","E","$","R","?","M","BOSS"],"items_purchased_type":["Relic","Card","Card"],"build_version":"2020-12-22","purchased_purges":1,"victory":false,"max_hp_per_floor":[71,71,71,71,71,71,71,71,71,71,71,71,71,71,71,71,71,71,71,71,71,71,71,71,71,71,71,71,71],"card_choices":[{"not_picked":[],"picked":"BettingIsNotGood","floor":0},{"not_picked":["Slimebound:SplitMire","Slimebound:ProtectTheBoss"],"picked":"Slimebound:ServeAndProtect","floor":2},{"not_picked":["Slimebound:PressTheAttack","Slimebound:SplitMire"],"picked":"Slimebound:PrepareCrush","floor":3},{"not_picked":["Slimebound:GoopTackle","Slimebound:RollThrough"],"picked":"Slimebound:Prepare","floor":4},{"not_picked":["Slimebound:ForwardTackle","Slimebound:HungryTackle"],"picked":"Slimebound:Teamwork","floor":6},{"not_picked":["Slimebound:SplitAcid","Slimebound:SplitBruiser"],"picked":"Slimebound:GoopSpray","floor":8},{"not_picked":["Slimebound:LivingWall","Slimebound:ForwardTackle"],"picked":"Slimebound:DouseInSlime","floor":10},{"not_picked":["Slimebound:ItLooksTasty","Slimebound:SpikyOuterGoop"],"picked":"Slimebound:Chomp","floor":2},{"not_picked":["Slimebound:SplitAcid","Slimebound:AcidTongue"],"picked":"Slimebound:SamplingLick","floor":3},{"not_picked":["Slimebound:HungryTackle","Slimebound:Recollect"],"picked":"Slimebound:HauntingLick","floor":5},{"not_picked":["Slimebound:RollThrough","Slimebound:FinishingTackle"],"picked":"Slimebound:SplitBruiser","floor":6},{"not_picked":["Slimebound:GoopSpray","Slimebound:SlimeSpikes"],"picked":"Slimebound:Replication","floor":9},{"not_picked":["Slimebound:Prepare","Slimebound:FormOfPuddle"],"picked":"Slimebound:RejuvenatingLick","floor":10},{"not_picked":["Slimebound:GrowthPunch","Slimebound:ComboTackle"],"picked":"Slimebound:ForwardTackle","floor":11},{"not_picked":["Slimebound:SplitBruiser","Slimebound:BestDefense"],"picked":"Slimebound:LevelUp","floor":12},{"not_picked":["Slimebound:SplitBruiser","Slimebound:LeechingTouch"],"picked":"Slimebound:MassFeed","floor":14},{"not_picked":["Slimebound:SplitMire","Slimebound:ItLooksTasty"],"picked":"Slimebound:TongueLash","floor":15}],"player_experience":594807,"relics_obtained":[{"floor":6,"key":"ForgetMeNow"},{"floor":10,"key":"BookOfRevelations"},{"floor":7,"key":"NineVolt"},{"floor":11,"key":"Ornamental Fan"}],"event_choices":[{"cards_removed":["Slimebound:Strike_Slimebound"],"damage_healed":0,"gold_gain":0,"player_choice":"Give","damage_taken":0,"max_hp_gain":0,"max_hp_loss":0,"event_name":"betterNote:BetterNote","floor":4,"gold_loss":0,"cards_obtained":["hierophant:Strike_Hierophant"]}],"is_beta":false,"boss_relics":[],"items_purged_floors":[12],"is_endless":false,"potions_floor_spawned":[3,8,10,2,3,11],"killed_by":"WA_ARCHETYPE_CALM","ascension_level":0}}