{"host":"6bsan6hkua32tfq7","time":1613643692,"event":{"mods":["BaseMod","Better Third Choice","Colored Map","Highlight Path","Minty Spire (QoL Compilation)","StSLib"],"gold_per_floor":[111,36,49,49,61,86,86,2,2,17,31,59,59,84,84,84,84],"floor_reached":16,"language":"ENG","playtime":309,"items_purged":["Defend_R"],"score":220,"play_id":"27e2e6f5-bdb2-4739-bc18-b84b4161229c","local_time":"20210218112132","is_ascension_mode":true,"campfire_choices":[{"data":"Uppercut","floor":7,"key":"SMITH"},{"floor":13,"key":"REST"},{"data":"Defend_R","floor":15,"key":"SMITH"}],"circlet_count":0,"master_deck":["AscendersBane","Strike_R","Strike_R","Strike_R","Strike_R","Strike_R","Defend_R","Defend_R+1","Bash","Perfected Strike","Uppercut+1","Fire Breathing","Feed","Inflame"],"relics":["Burning Blood","NeowsBlessing","Kunai","InkBottle","Odd Mushroom","Paper Frog"],"acts_visited":["Exordium"],"potions_floor_usage":[6,12],"damage_taken":[{"damage":0.0,"enemies":"Cultist","floor":1.0,"turns":1.0},{"damage":0.0,"enemies":"Jaw Worm","floor":3.0,"turns":1.0},{"damage":0.0,"enemies":"2 Louse","floor":5.0,"turns":1.0},{"damage":50,"enemies":"3 Sentries","floor":6,"turns":9},{"damage":15,"enemies":"Exordium Wildlife","floor":10,"turns":4},{"damage":7,"enemies":"Large Slime","floor":11,"turns":4},{"damage":16,"enemies":"The Mushroom Lair","floor":12,"turns":4},{"damage":26,"enemies":"Gremlin Nob","floor":14,"turns":4},{"damage":25,"enemies":"The Guardian","floor":16,"turns":5}],"seed_played":"-6293361647201414247","potions_obtained":[{"floor":3.0,"key":"FearPotion"},{"floor":11,"key":"SteroidPotion"},{"floor":14,"key":"LiquidMemories"}],"is_trial":false,"path_per_floor":["M","$","M","?","M","E","R","$","T","M","M","?","R","E","R","B"],"character_chosen":"IRONCLAD","items_purchased":["Feed"],"campfire_rested":1,"item_purchase_floors":[8],"current_hp_per_floor":[74,74,75,68,74,30,30,30,30,24,23,16,40,23,23,0,0],"gold":84,"neow_bonus":"THREE_ENEMY_KILL","is_daily":false,"chose_seed":false,"campfire_upgraded":2,"win_rate":0.0,"timestamp":1613643692,"path_taken":["M","$","?","?","M","E","R","$","T","M","M","?","R","E","R","BOSS"],"items_purchased_type":["Card"],"build_version":"2020-12-22","purchased_purges":1,"victory":false,"max_hp_per_floor":[75,75,75,75,75,75,75,75,75,78,78,81,81,84,84,84,84],"card_choices":[{"not_picked":["Iron Wave","Armaments"],"picked":"Perfected Strike","floor":1.0},{"not_picked":["Twin Strike","Perfected Strike"],"picked":"Uppercut","floor":3.0},{"not_picked":["Sword Boomerang","Anger","Infernal Blade"],"picked":"SKIP","floor":5},{"not_picked":["Clothesline","Feel No Pain"],"picked":"Fire Breathing","floor":6},{"not_picked":["Warcry","Perfected Strike","Bloodletting"],"picked":"SKIP","floor":10},{"not_picked":["Clash","Havoc","Warcry"],"picked":"SKIP","floor":11},{"not_picked":["Twin Strike","Warcry"],"picked":"Inflame","floor":12},{"not_picked":["Rampage","Infernal Blade","Heavy Blade"],"picked":"SKIP","floor":14}],"player_experience":5426958,"relics_obtained":[{"floor":6,"key":"Kunai"},{"floor":9,"key":"InkBottle"},{"floor":12,"key":"Odd Mushroom"},{"floor":14,"key":"Paper Frog"}],"event_choices":[{"cards_removed":["Defend_R"],"damage_healed":0.0,"max_hp_gain":0.0,"max_hp_loss":0.0,"gold_gain":0.0,"event_name":"Golden Wing","player_choice":"Card Removal","floor":4.0,"gold_loss":0.0,"damage_taken":7.0},{"damage_healed":0,"gold_gain":0,"player_choice":"Fought Mushrooms","damage_taken":0,"max_hp_gain":0,"max_hp_loss":0,"event_name":"Mushrooms","floor":12,"gold_loss":0}],"is_beta":false,"boss_relics":[],"items_purged_floors":[2],"is_endless":false,"potions_floor_spawned":[3,11,14],"killed_by":"The Guardian","ascension_level":20}}