{"host":"yfi73559mxreacvo","time":1613647603,"event":{"mods":["AchievementEnabler","Act Like it!","Aspiration","BaseMod","Better Third Choice","BetterRewards","Colored Map","Conspire","Evolution","GifTheSpireLib","Halation","HexUI Lib","Highlight Path","Hubris","Infinite Spire","Minty Spire (QoL Compilation)","Railgun Mod","Reliquary","Replay The Spire","StSLib","Stuff the Spire","The Animator","Wandering Minibosses"],"gold_per_floor":[131,160,160,183,213,262,262,316,316,360,360,88,84,138,138,258,258,287,310,310,360,360,360,387,455,455,487,536,446,446,491,491,650,650,678,709,709,709,750,793,817,1019,1019,1045,269,315,188,213,213,235,235,235,62,132,186],"floor_reached":56,"language":"ENG","playtime":5458,"items_purged":["animator:Defend","animator:Guren","animator:HiiragiShinya","animator:Strike","animator:Strike+1"],"score":1548,"play_id":"09fdcc80-f066-4c78-9d1d-fd1ba4706cca","local_time":"20210218062643","is_ascension_mode":true,"campfire_choices":[{"data":"animator:GuildGirl","floor":7,"key":"SMITH"},{"data":"animator:EmiyaShirou","floor":11,"key":"SMITH"},{"data":"animator:Defend","floor":15,"key":"PURGE"},{"floor":23,"key":"RECALL"},{"data":"ReplayTheSpireMod:Haul","floor":32,"key":"SMITH"},{"data":"hubris:Fate","floor":49,"key":"SMITH"},{"data":"animator:Kaijin","floor":52,"key":"SMITH"}],"circlet_count":0,"master_deck":["animator:Mikaela","animator:Defend_Konosuba","animator:Strike+1","animator:Defend","animator:Kazuma","animator:Aqua","animator:Yuuichirou","animator:Chris+1","animator:GuildGirl+1","animator:Mitsurugi","animator:Kazuma","animator:PandorasActor","animator:EmiyaShirou+1","animator:Verdia","animator:Entoma+14","animator:Demiurge","animator:Kaijin+1","infinitespire:Collect+1","ReplayTheSpireMod:Haul+1","animator:Shuna","hubris:Fate+1","animator:Darkness","animator:Rimuru","animator:Saber","infinitespire:Collect","animator:Chris"],"relics":["animator:LivingPicture","animator:TheMissingPiece","EVO:Axolotl","aspiration:Nostalgia","animator:PurgingStone","Toy Ornithopter","aspiration:StickyExplosives","Odd Mushroom","StuffTheSpire:Mouthbags","Replay:Kaleidoscope","reliquary:WritOfMandamus","halation:EternalFortune","animator:ShionDessert","Tiny House","Juzu Bracelet","conspire:DecoderRing","Gremlin Horn","Incense Burner","Blood Vial","Regal Pillow","aspiration:HatOfInfinitePower","StuffTheSpire:DarkSteelAnvil","Golden Egg","ReplayTheSpireMod:ShopPack","Toy Ornithopter","Smiling Mask","animator:CerealBox"],"acts_visited":["Exordium","TheCity","TheBeyond","TheEnding"],"potions_floor_usage":[5,14,28,28,33,33,44,55,55],"damage_taken":[{"damage":0,"enemies":"Jaw Worm","floor":1,"turns":6},{"damage":0,"enemies":"conspire:RoseBush","floor":2,"turns":4},{"damage":5,"enemies":"Small Slimes","floor":4,"turns":4},{"damage":0,"enemies":"3 Louse","floor":5,"turns":3},{"damage":29,"enemies":"3 Sentries","floor":6,"turns":13},{"damage":3,"enemies":"Replay:BlueRogue","floor":8,"turns":7},{"damage":7,"enemies":"The Mushroom Lair","floor":10,"turns":4},{"damage":0,"enemies":"Exordium Thugs","floor":13,"turns":5},{"damage":0,"enemies":"Lagavulin","floor":14,"turns":10},{"damage":24,"enemies":"Hexaghost","floor":16,"turns":9},{"damage":7,"enemies":"conspire:FuzzyDice","floor":18,"turns":5},{"damage":15,"enemies":"Spheric Guardian","floor":19,"turns":5},{"damage":17,"enemies":"conspire:HollyBat","floor":24,"turns":6},{"damage":19,"enemies":"Nightmare","floor":25,"turns":9},{"damage":7,"enemies":"3 Cultists","floor":27,"turns":4},{"damage":10,"enemies":"Slavers","floor":28,"turns":6},{"damage":5,"enemies":"Snake Plant","floor":31,"turns":6},{"damage":24,"enemies":"hubris:MusketHawk","floor":33,"turns":10},{"damage":30,"enemies":"3 Darklings","floor":35,"turns":8},{"damage":3,"enemies":"3 Shapes","floor":36,"turns":3},{"damage":12,"enemies":"Jaw Worm Horde","floor":39,"turns":4},{"damage":0,"enemies":"R_Hoarder","floor":40,"turns":7},{"damage":0,"enemies":"Maw","floor":41,"turns":7},{"damage":1,"enemies":"Transient","floor":44,"turns":3},{"damage":0,"enemies":"Reptomancer","floor":46,"turns":6},{"damage":1,"enemies":"3 Darklings","floor":48,"turns":4},{"damage":11,"enemies":"infinitespire:MassOfShapes","floor":50,"turns":9},{"damage":18,"enemies":"Shield and Spear","floor":54,"turns":6},{"damage":70,"enemies":"The Heart","floor":55,"turns":8}],"seed_played":"-1992627755716653612","potions_obtained":[{"floor":2,"key":"SpeedPotion"},{"floor":4,"key":"Fire Potion"},{"floor":8,"key":"Regen Potion"},{"floor":13,"key":"Swift Potion"},{"floor":14,"key":"Energy Potion"},{"floor":16,"key":"PowerPotion"},{"floor":31,"key":"AttackPotion"},{"floor":33,"key":"Strength Potion"},{"floor":36,"key":"Swift Potion"},{"floor":41,"key":"DistilledChaos"}],"is_trial":false,"path_per_floor":["M","M","?","M","M","E","R","E","T","?","R","$","M","E","R_BF","B",null,"M","M","?","AVR","?","R","M","NM","T","M","E","?","?","M","R","B",null,"M","M","AVR","?","M","E","M","?","T","M","$","E","?","M","R","B",null,"R","$","E","B",null],"character_chosen":"THE_ANIMATOR","items_purchased":["StuffTheSpire:Mouthbags","animator:Verdia","StuffTheSpire:DarkSteelAnvil","Golden Egg","ReplayTheSpireMod:ShopPack","animator:CerealBox"],"campfire_rested":0,"item_purchase_floors":[12,12,45,45,45,53],"current_hp_per_floor":[66,66,66,61,64,37,37,36,36,31,31,31,33,42,42,21,70,63,52,55,60,45,45,31,16,16,13,17,17,26,25,25,15,95,69,68,68,68,60,62,66,41,41,49,49,57,57,64,64,59,107,107,107,89,37],"gold":186,"neow_bonus":"NOSTALGIA","is_daily":false,"chose_seed":false,"campfire_upgraded":5,"win_rate":0.0,"timestamp":1613647603,"path_taken":["M","M","?","M","M","E","R","E","T","?","R","$","M","E","R_BF","BOSS","M","M","?","AVR","?","R","M","NM","T","M","E","?","?","M","R","BOSS","M","M","AVR","?","M","E","M","?","T","M","$","E","?","M","R","BOSS","R","$","E","BOSS"],"items_purchased_type":["Relic","Card","Relic","Relic","Relic","Relic"],"build_version":"2020-12-22","purchased_purges":5,"victory":true,"max_hp_per_floor":[66,66,66,66,67,67,67,67,67,67,67,67,67,69,69,70,70,70,72,75,80,85,85,85,87,87,89,91,91,91,93,93,95,95,97,99,99,99,101,101,101,101,101,101,101,103,103,105,105,107,107,107,107,107,107],"card_choices":[{"not_picked":["animator:Lancer","animator:Sebas"],"picked":"animator:Yuuichirou","floor":1},{"not_picked":["animator:IrohaTamaki","animator:Kazuma"],"picked":"animator:Chris","floor":2},{"not_picked":["animator:GazelDwargon","animator:LizardPriest"],"picked":"animator:GuildGirl","floor":4},{"not_picked":["animator:YunYun","animator:Aqua"],"picked":"animator:Mitsurugi","floor":5},{"not_picked":["animator:YuiTsuruno","animator:Shuna"],"picked":"animator:Kazuma","floor":6},{"not_picked":["animator:Chris","animator:Souei"],"picked":"animator:PandorasActor","floor":8},{"not_picked":["animator:Witch","animator:Alexander"],"picked":"animator:EmiyaShirou","floor":10},{"not_picked":["animator:Mikaela","animator:NagisaMomoe"],"picked":"animator:Entoma","floor":13},{"not_picked":["animator:PandorasActor","animator:Shalltear"],"picked":"animator:Demiurge","floor":14},{"not_picked":["animator:FeridBathory","animator:GoblinSlayer"],"picked":"animator:Guren","floor":16},{"not_picked":["animator:Kazuma","animator:Archer"],"picked":"animator:Kaijin","floor":18},{"not_picked":["animator:PandorasActor+1","animator:Yoichi+1"],"picked":"animator:Entoma","floor":19},{"not_picked":["animator:Witch","animator:Assassin"],"picked":"animator:Shuna","floor":24},{"not_picked":["Replay:Fractal Strike","ReplayTheSpireMod:Black Plague"],"picked":"hubris:Fate","floor":25},{"not_picked":["animator:Megumin","animator:Vanir"],"picked":"animator:Darkness","floor":25},{"not_picked":["animator:Berserker","animator:Vanir"],"picked":"animator:Kaijin","floor":27},{"not_picked":["animator:Mitsuba","animator:Lancer"],"picked":"animator:Rimuru","floor":28},{"not_picked":["animator:RinTohsaka","animator:Shuna+1"],"picked":"animator:HiiragiShinya","floor":31},{"not_picked":["animator:Eris","animator:Kyubey"],"picked":"animator:Saber","floor":33},{"not_picked":["animator:Vanir+1","animator:Shuna","animator:NagisaMomoe"],"picked":"SKIP","floor":36},{"not_picked":["animator:Kaijin+1","animator:Assassin","animator:Shinoa+1"],"picked":"SKIP","floor":39},{"not_picked":["animator:SakuraMatou+1","animator:Shuna","animator:YachiyoNanami"],"picked":"SKIP","floor":40},{"not_picked":["animator:Cocytus","animator:GuildGirl"],"picked":"animator:Chris","floor":44},{"not_picked":["animator:Rider","animator:Kaijin","animator:CowGirl"],"picked":"SKIP","floor":46},{"not_picked":["animator:Aqua+1","animator:Hakurou","animator:EmiyaShirou"],"picked":"SKIP","floor":48}],"player_experience":620809,"relics_obtained":[{"floor":6,"key":"Toy Ornithopter"},{"floor":8,"key":"aspiration:StickyExplosives"},{"floor":10,"key":"Odd Mushroom"},{"floor":14,"key":"Replay:Kaleidoscope"},{"floor":25,"key":"Juzu Bracelet"},{"floor":26,"key":"conspire:DecoderRing"},{"floor":28,"key":"Gremlin Horn"},{"floor":40,"key":"Blood Vial"},{"floor":40,"key":"Regal Pillow"},{"floor":43,"key":"aspiration:HatOfInfinitePower"},{"floor":46,"key":"reliquary:SculptingSteel"}],"event_choices":[{"damage_healed":0,"gold_gain":0,"player_choice":"Leave","damage_taken":0,"max_hp_gain":0,"max_hp_loss":0,"event_name":"conspire:Investor","floor":3,"gold_loss":0},{"damage_healed":0,"gold_gain":0,"player_choice":"Fought Mushrooms","damage_taken":0,"max_hp_gain":0,"max_hp_loss":0,"event_name":"Mushrooms","floor":10,"gold_loss":0},{"damage_healed":0,"gold_gain":0,"player_choice":"Shed Blood","damage_taken":20,"max_hp_gain":5,"max_hp_loss":0,"event_name":"Forgotten Altar","floor":22,"gold_loss":0},{"cards_removed":["animator:Kaijin"],"damage_healed":0,"gold_gain":0,"player_choice":"Upgrade and Remove","damage_taken":0,"max_hp_gain":0,"max_hp_loss":0,"event_name":"Designer","floor":29,"gold_loss":90,"cards_upgraded":["infinitespire:Collect"]},{"damage_healed":0,"gold_gain":0,"player_choice":"Ignored","damage_taken":0,"max_hp_gain":0,"max_hp_loss":0,"event_name":"NoteForYourself","floor":38,"gold_loss":0},{"damage_healed":0,"gold_gain":0,"player_choice":"Paid Gold","damage_taken":0,"relics_obtained":["Smiling Mask"],"max_hp_gain":0,"max_hp_loss":0,"event_name":"WeMeetAgain","floor":47,"gold_loss":127}],"is_beta":false,"boss_relics":[{"not_picked":["hubris:GrandSneckoEye","hubris:VirtuousBlindfold"],"picked":"reliquary:WritOfMandamus"},{"not_picked":["conspire:RoyalGoblet","Velvet Choker","Pandora\u0027s Box"]}],"items_purged_floors":[12,21,37,45,53],"is_endless":false,"potions_floor_spawned":[2,4,8,13,14,16,18,31,33,36,41],"ascension_level":1}}