{"host":"pj7egx7jkoz18hom","time":1613627498,"event":{"mods":["AchievementEnabler","BaseMod","Keyboard Shortcuts","Minty Spire (QoL Compilation)","SuperFastMode"],"gold_per_floor":[115,133,208,208,208,208,238,188,188,41,41,58,71,85,85,186,186,200,211,211,211,226,226,226],"floor_reached":23,"language":"KOR","playtime":796,"items_purged":["Defend_P"],"score":216,"play_id":"b069d489-ccb9-4177-b6fa-b349958f203f","local_time":"20210218145138","is_ascension_mode":false,"campfire_choices":[{"data":"Eruption","floor":6,"key":"SMITH"},{"data":"Adaptation","floor":11,"key":"SMITH"},{"data":"MentalFortress","floor":15,"key":"SMITH"}],"circlet_count":0,"master_deck":["Defend_P","Eruption+1","Vigilance","Adaptation+1","Tantrum","MentalFortress+1","Halt","CrushJoints","TalkToTheHand"],"relics":["PureWater","NeowsBlessing","Potion Belt","Bronze Scales","Empty Cage"],"acts_visited":["Exordium","TheCity"],"potions_floor_usage":[16,22,23,23],"damage_taken":[{"damage":0,"enemies":"2 Louse","floor":1,"turns":2},{"damage":0,"enemies":"Small Slimes","floor":2,"turns":1},{"damage":0,"enemies":"Gremlin Nob","floor":7,"turns":1},{"damage":6,"enemies":"Jaw Worm","floor":12,"turns":2},{"damage":0,"enemies":"Blue Slaver","floor":13,"turns":2},{"damage":6,"enemies":"3 Louse","floor":14,"turns":2},{"damage":25,"enemies":"Hexaghost","floor":16,"turns":7},{"damage":0,"enemies":"3 Byrds","floor":18,"turns":4},{"damage":2,"enemies":"Chosen","floor":19,"turns":4},{"damage":28,"enemies":"Centurion and Healer","floor":22,"turns":5},{"damage":31,"enemies":"Gremlin Leader","floor":23,"turns":5}],"seed_played":"5492824468171042276","potions_obtained":[{"floor":2,"key":"BlessingOfTheForge"},{"floor":7,"key":"Dexterity Potion"},{"floor":19,"key":"EssenceOfSteel"},{"floor":22,"key":"SneckoOil"}],"is_trial":false,"path_per_floor":["M","M","?","?","?","R","E","?","T","$","R","M","M","M","R","B",null,"M","M","?","?","M","E"],"character_chosen":"WATCHER","items_purchased":["MentalFortress"],"campfire_rested":0,"item_purchase_floors":[10],"current_hp_per_floor":[72,72,61,61,54,54,54,54,54,54,54,48,48,42,42,17,72,72,70,70,57,29,0,0],"gold":226,"neow_bonus":"THREE_ENEMY_KILL","is_daily":false,"chose_seed":false,"campfire_upgraded":3,"win_rate":0.0,"timestamp":1613627498,"path_taken":["M","M","?","?","?","R","E","?","T","$","R","M","M","M","R","BOSS","M","M","?","?","M","E"],"items_purchased_type":["Card"],"build_version":"2020-12-22","purchased_purges":1,"victory":false,"max_hp_per_floor":[72,72,72,72,72,72,72,72,72,72,72,72,72,72,72,72,72,72,72,72,77,77,77,77],"card_choices":[{"not_picked":["CrushJoints","BattleHymn","JustLucky"],"picked":"SKIP","floor":1},{"not_picked":["Vengeance","Consecrate"],"picked":"Adaptation","floor":2},{"not_picked":["EmptyBody","Protect"],"picked":"Tantrum","floor":7},{"not_picked":["Consecrate","Brilliance"],"picked":"Halt","floor":12},{"not_picked":["EmptyBody","Nirvana","ThirdEye"],"picked":"SKIP","floor":13},{"not_picked":["SashWhip","Halt"],"picked":"CrushJoints","floor":14},{"not_picked":["Prostrate+1","PathToVictory","CutThroughFate+1"],"picked":"SKIP","floor":18},{"not_picked":["JustLucky","Perseverance+1","Crescendo"],"picked":"SKIP","floor":19},{"not_picked":["Consecrate","BowlingBash"],"picked":"TalkToTheHand","floor":22}],"player_experience":154519,"relics_obtained":[{"floor":7,"key":"Potion Belt"},{"floor":9,"key":"Bronze Scales"}],"event_choices":[{"damage_healed":0,"gold_gain":75,"player_choice":"Gather Gold","damage_taken":11,"max_hp_gain":0,"max_hp_loss":0,"event_name":"World of Goop","floor":3,"gold_loss":0},{"cards_removed":["Defend_P"],"damage_healed":0,"gold_gain":0,"player_choice":"Forget","damage_taken":0,"max_hp_gain":0,"max_hp_loss":0,"event_name":"Living Wall","floor":4,"gold_loss":0},{"cards_removed":["Strike_P"],"damage_healed":0,"gold_gain":0,"player_choice":"Card Removal","damage_taken":7,"max_hp_gain":0,"max_hp_loss":0,"event_name":"Golden Wing","floor":5,"gold_loss":0},{"cards_removed":["Strike_P"],"damage_healed":0,"gold_gain":0,"player_choice":"Card Removal","damage_taken":0,"max_hp_gain":0,"max_hp_loss":0,"event_name":"The Cleric","floor":8,"gold_loss":50},{"cards_removed":["Defend_P"],"damage_healed":0,"gold_gain":0,"player_choice":"Elegance","damage_taken":0,"max_hp_gain":0,"max_hp_loss":0,"event_name":"Back to Basics","floor":20,"gold_loss":0},{"damage_healed":0,"gold_gain":0,"player_choice":"Shed Blood","damage_taken":18,"max_hp_gain":5,"max_hp_loss":0,"event_name":"Forgotten Altar","floor":21,"gold_loss":0}],"is_beta":false,"boss_relics":[{"not_picked":["Cursed Key","SlaversCollar"],"picked":"Empty Cage"}],"items_purged_floors":[10],"is_endless":false,"potions_floor_spawned":[2,7,19,22],"killed_by":"Gremlin Leader","ascension_level":0}}