{"host":"6406jj8da6015sxr","time":1613669470,"event":{"mods":["AchievementEnabler","BaseMod","Colored Map","DeckTracker","Keyboard Shortcuts","Minty Spire (QoL Compilation)","Permanent Neow","Relic Stats","SuperFastMode","everything is the same but u backflip on backflip"],"gold_per_floor":[119,138,138,153,168,168,187,187,212,212,212,287,321,321,321,418,418,435,435,448,448,466,466,646,646,646,657,657,676,130,155,155,155,155],"floor_reached":33,"language":"KOR","playtime":1235,"items_purged":["Writhe"],"score":424,"play_id":"254ce46f-03b0-4923-b4db-07de110e59a4","local_time":"20210219023110","is_ascension_mode":true,"campfire_choices":[{"data":"Dagger Spray","floor":6.0,"key":"SMITH"},{"data":"Dagger Spray","floor":8.0,"key":"SMITH"},{"data":"Neutralize","floor":10.0,"key":"SMITH"},{"floor":15.0,"key":"REST"},{"data":"Sucker Punch","floor":23.0,"key":"SMITH"},{"floor":25.0,"key":"REST"},{"floor":28.0,"key":"REST"},{"floor":32.0,"key":"REST"}],"circlet_count":0,"master_deck":["AscendersBane","Strike_G","Strike_G","Strike_G","Strike_G","Defend_G+1","Defend_G","Defend_G","Defend_G","Defend_G","Survivor+1","Neutralize+1","Sucker Punch+1","Dagger Spray+1","Quick Slash","Dagger Spray+1","Cloak And Dagger","Die Die Die","Cloak And Dagger","Flying Knee","Acrobatics","Parasite","Footwork+1","Infinite Blades","Heel Hook","Dagger Throw","Tactician","Flex"],"relics":["Ring of the Snake","Torii","Mummified Hand","Lantern","PreservedInsect","Cursed Key","Ancient Tea Set","Nloth\u0027s Gift","Kunai","PrismaticShard","Ornamental Fan"],"acts_visited":["TheCity"],"potions_floor_usage":[33],"damage_taken":[{"damage":3.0,"enemies":"Jaw Worm","floor":1.0,"turns":5.0},{"damage":1.0,"enemies":"Small Slimes","floor":2.0,"turns":4.0},{"damage":0.0,"enemies":"2 Louse","floor":4.0,"turns":2.0},{"damage":2.0,"enemies":"2 Fungi Beasts","floor":5.0,"turns":3.0},{"damage":0.0,"enemies":"Large Slime","floor":7.0,"turns":4.0},{"damage":9.0,"enemies":"3 Sentries","floor":13.0,"turns":5.0},{"damage":31.0,"enemies":"The Guardian","floor":16.0,"turns":18.0},{"damage":6.0,"enemies":"2 Thieves","floor":18.0,"turns":3.0},{"damage":7.0,"enemies":"Shell Parasite","floor":20.0,"turns":6.0},{"damage":2.0,"enemies":"Shelled Parasite and Fungi","floor":22.0,"turns":4.0},{"damage":32.0,"enemies":"Snake Plant","floor":27.0,"turns":8.0},{"damage":7.0,"enemies":"Snecko","floor":29.0,"turns":7.0},{"damage":2.0,"enemies":"Book of Stabbing","floor":31.0,"turns":4.0},{"damage":65,"enemies":"Champ","floor":33,"turns":15}],"seed_played":"8988334258576648306","potions_obtained":[{"floor":2.0,"key":"Energy Potion"},{"floor":5.0,"key":"Swift Potion"},{"floor":13.0,"key":"Poison Potion"},{"floor":16.0,"key":"CunningPotion"},{"floor":20.0,"key":"BlessingOfTheForge"},{"floor":27.0,"key":"Regen Potion"},{"floor":31.0,"key":"Weak Potion"}],"is_trial":false,"path_per_floor":["M","M","?","M","M","R","M","R","T","R","T","?","E","?","R","B",null,"M","?","M","?","M","R","?","R","T","M","R","M","$","E","R","B"],"character_chosen":"THE_SILENT","items_purchased":["LiquidBronze","BlessingOfTheForge","PrismaticShard","Heel Hook","Dagger Throw","Tactician"],"campfire_rested":4,"item_purchase_floors":[30,30,30,30,30,30],"current_hp_per_floor":[60,59,52,52,50,50,50,50,50,50,50,39,30,30,48,17,52,46,46,39,39,37,37,18,36,36,4,22,30,30,28,46,0,0],"gold":155,"neow_bonus":"ONE_RARE_RELIC","is_daily":false,"chose_seed":false,"campfire_upgraded":4,"win_rate":0.0,"timestamp":1613669470,"path_taken":["M","M","?","M","M","R","M","R","T","R","?","?","E","?","R","BOSS","M","?","M","?","?","R","?","R","T","?","R","M","$","E","R","BOSS"],"items_purchased_type":["Potion","Potion","Relic","Card","Card","Card"],"build_version":"2020-12-22","purchased_purges":1,"victory":false,"max_hp_per_floor":[63,63,63,63,63,63,63,63,63,63,63,63,63,63,63,63,63,63,63,63,63,63,63,63,63,63,63,63,63,63,63,63,63,63],"relic_stats":{"Torii":45,"counters":[14,88],"Mummified Hand":[5],"Ornamental Fan":[68],"PreservedInsect":42,"Nloth\u0027s Gift":0,"Kunai":[30],"Cursed Key":1,"obtain_stats":[{"Lantern":13,"Torii":0,"Mummified Hand":11,"Ornamental Fan":31,"PreservedInsect":14,"Nloth\u0027s Gift":21,"Kunai":26,"War Paint":9,"Cursed Key":17,"Ancient Tea Set":19,"PrismaticShard":30,"Ring of the Snake":0},{"Lantern":6,"Torii":0,"Mummified Hand":5,"Ornamental Fan":13,"PreservedInsect":6,"Nloth\u0027s Gift":9,"Kunai":10,"War Paint":5,"Cursed Key":7,"Ancient Tea Set":8,"PrismaticShard":12,"Ring of the Snake":0},{"Lantern":23,"Torii":0,"Mummified Hand":18,"Ornamental Fan":73,"PreservedInsect":23,"Nloth\u0027s Gift":50,"Kunai":54,"War Paint":18,"Cursed Key":41,"Ancient Tea Set":44,"PrismaticShard":69,"Ring of the Snake":0}],"Ring of the Snake":[28]},"card_choices":[{"not_picked":["Underhanded Strike","Acrobatics"],"picked":"Sucker Punch","floor":1.0},{"not_picked":["Bane","Sucker Punch"],"picked":"Dagger Spray","floor":2.0},{"not_picked":["Distraction","Dodge and Roll"],"picked":"Quick Slash","floor":4.0},{"not_picked":["Quick Slash","Backflip"],"picked":"Dagger Spray","floor":5.0},{"not_picked":["Quick Slash","Escape Plan"],"picked":"Cloak And Dagger","floor":7.0},{"not_picked":["Bullet Time","Deflect","Riddle With Holes"],"picked":"SKIP","floor":13.0},{"not_picked":["Wraith Form v2","Storm of Steel"],"picked":"Die Die Die","floor":16.0},{"not_picked":["Quick Slash","Dodge and Roll"],"picked":"Cloak And Dagger","floor":18.0},{"not_picked":["Poisoned Stab","Riddle With Holes"],"picked":"Flying Knee","floor":20.0},{"not_picked":["Underhanded Strike","Eviscerate"],"picked":"Acrobatics","floor":22.0},{"not_picked":["Acrobatics","Poisoned Stab"],"picked":"Footwork+1","floor":27.0},{"not_picked":["Deadly Poison","Slice"],"picked":"Infinite Blades","floor":29.0},{"not_picked":["EmptyFist","Flying Knee"],"picked":"Flex","floor":31.0}],"player_experience":48275,"relics_obtained":[{"floor":9.0,"key":"War Paint"},{"floor":11.0,"key":"Mummified Hand"},{"floor":13.0,"key":"Lantern"},{"floor":26.0,"key":"Kunai"},{"floor":31.0,"key":"Ornamental Fan"}],"event_choices":[{"cards_removed":["Strike_G"],"damage_healed":0.0,"max_hp_gain":0.0,"max_hp_loss":0.0,"gold_gain":0.0,"event_name":"Golden Wing","player_choice":"Card Removal","floor":3.0,"gold_loss":0.0,"damage_taken":7.0},{"damage_healed":0.0,"max_hp_gain":0.0,"max_hp_loss":0.0,"gold_gain":75.0,"event_name":"World of Goop","player_choice":"Gather Gold","floor":12.0,"gold_loss":0.0,"damage_taken":11.0},{"damage_healed":0.0,"max_hp_gain":0.0,"max_hp_loss":0.0,"gold_gain":0.0,"event_name":"Dead Adventurer","player_choice":"Searched \u00271\u0027 times","floor":14.0,"gold_loss":0.0,"damage_taken":0.0,"relics_obtained":["PreservedInsect"]},{"damage_healed":0.0,"max_hp_gain":0.0,"max_hp_loss":0.0,"gold_gain":0.0,"event_name":"The Mausoleum","player_choice":"Opened","floor":19.0,"gold_loss":0.0,"damage_taken":0.0,"relics_obtained":["Ancient Tea Set"],"cards_obtained":["Writhe"]},{"damage_healed":0.0,"max_hp_gain":0.0,"max_hp_loss":0.0,"gold_gain":0.0,"event_name":"N\u0027loth","player_choice":"Traded Relic","floor":21.0,"relics_lost":["War Paint"],"gold_loss":0.0,"damage_taken":0.0,"relics_obtained":["Nloth\u0027s Gift"]},{"damage_healed":0.0,"max_hp_gain":0.0,"max_hp_loss":0.0,"gold_gain":180.0,"event_name":"Knowing Skull","player_choice":"GOLD GOLD ","floor":24.0,"potions_obtained":[],"gold_loss":0.0,"damage_taken":19.0,"cards_obtained":[]}],"is_beta":false,"boss_relics":[{"not_picked":["Astrolabe","Sozu"],"picked":"Cursed Key"}],"items_purged_floors":[30],"is_endless":false,"potions_floor_spawned":[2,5,13,16,20,27,31],"killed_by":"Champ","ascension_level":12}}