{"host":"rq7gz685gkaokql0","time":1613687740,"event":{"mods":["BaseMod","Infinite Spire","Minty Spire (QoL Compilation)","Replay The Spire","StSLib"],"gold_per_floor":[110,110,260,269,285,285,360,391,469,524,524,549,549,561,561,638,638,653,669,669,669],"floor_reached":20,"language":"ENG","playtime":440,"items_purged":[],"score":340,"play_id":"fa95a9b4-5fb8-4e94-8444-b6f38a6f800d","local_time":"20210218123540","is_ascension_mode":true,"campfire_choices":[{"data":"1","floor":6,"key":"LIFT"},{"floor":11,"key":"REST"},{"floor":13,"key":"REST"}],"circlet_count":0,"master_deck":["AscendersBane","Strike_B","Strike_B","Strike_B+1","Strike_B+1","Defend_B","Defend_B","Defend_B","Defend_B","Zap","Dualcast","ReplaySolidLightProjector","Doubt","Loop","Sweeping Beam+1","Ball Lightning","Steam","Leap","Hyperbeam+1","Reinforced Body+1","Loop+1"],"relics":["Cracked Core","PreservedInsect","Girya","Golden Egg","infinitespire:FocusingShard","Simple Rune","Bronze Scales","Painkiller Herb"],"acts_visited":["Exordium","TheCity"],"potions_floor_usage":[10,19],"damage_taken":[{"damage":0,"enemies":"2 Louse","floor":1,"turns":2},{"damage":14,"enemies":"Jaw Worm","floor":5,"turns":4},{"damage":32,"enemies":"Gremlin Nob","floor":8,"turns":4},{"damage":5,"enemies":"3 Sentries","floor":10,"turns":4},{"damage":6,"enemies":"Small Slimes","floor":14,"turns":3},{"damage":27,"enemies":"Hexaghost","floor":16,"turns":9},{"damage":9,"enemies":"2 Thieves","floor":18,"turns":2},{"damage":13,"enemies":"Spheric Guardian","floor":19,"turns":4},{"damage":36,"enemies":"Shelled Parasite and Fungi","floor":20,"turns":3}],"seed_played":"-1307064792021000296","potions_obtained":[{"floor":8,"key":"Strength Potion"},{"floor":10,"key":"Adrenaline Potion"},{"floor":18,"key":"BlessingOfTheForge"}],"is_trial":false,"path_per_floor":["M","$","?","?","M","R","?","E","T","?","R","T","R","M","R","B",null,"?","?","?"],"character_chosen":"DEFECT","items_purchased":[],"campfire_rested":2,"item_purchase_floors":[],"current_hp_per_floor":[64,64,64,64,50,50,39,7,7,2,23,23,44,38,59,32,61,52,39,3,3],"gold":669,"neow_bonus":"RANDOM_COMMON_RELIC","is_daily":false,"chose_seed":false,"campfire_upgraded":0,"win_rate":0.0,"timestamp":1613687740,"path_taken":["M","$","?","?","M","R","?","E","T","?","R","?","R","?","R","BOSS","?","?","?"],"items_purchased_type":[],"build_version":"2020-12-22","purchased_purges":0,"victory":false,"max_hp_per_floor":[71,71,71,71,71,71,71,71,71,71,71,71,71,71,71,71,71,71,71,71,71],"card_choices":[{"not_picked":["Skim","Turbo"],"picked":"ReplaySolidLightProjector","floor":1},{"not_picked":["Coolheaded","Steam Power"],"picked":"Loop","floor":4},{"not_picked":["Self Repair","Conserve Battery"],"picked":"Sweeping Beam","floor":5},{"not_picked":["ReplayTheSpireMod:GoodbyeWorld","Turbo"],"picked":"Ball Lightning","floor":8},{"not_picked":["Turbo","Hologram"],"picked":"Steam","floor":10},{"not_picked":["ReplayTheSpireMod:Reroute Power","Rebound"],"picked":"Leap","floor":14},{"not_picked":["Amplify","Biased Cognition"],"picked":"Hyperbeam","floor":16},{"not_picked":["Genetic Algorithm","Chaos"],"picked":"Reinforced Body+1","floor":18},{"not_picked":["ReplayTheSpireMod:Repulse","Skim"],"picked":"Loop+1","floor":19}],"player_experience":1317023,"relics_obtained":[{"floor":4,"key":"Girya"},{"floor":8,"key":"Golden Egg"},{"floor":9,"key":"infinitespire:FocusingShard"},{"floor":10,"key":"Simple Rune"},{"floor":12,"key":"Bronze Scales"}],"event_choices":[{"damage_healed":0,"gold_gain":150,"player_choice":"AGREE","damage_taken":0,"max_hp_gain":0,"max_hp_loss":0,"event_name":"Liars Game","floor":3,"gold_loss":0,"cards_obtained":["Doubt"]},{"damage_healed":0,"gold_gain":75,"player_choice":"Gather Gold","damage_taken":11,"max_hp_gain":0,"max_hp_loss":0,"event_name":"World of Goop","floor":7,"gold_loss":0},{"damage_healed":0,"gold_gain":0,"player_choice":"Searched \u00271\u0027 times","damage_taken":0,"max_hp_gain":0,"max_hp_loss":0,"event_name":"Dead Adventurer","floor":10,"gold_loss":0}],"is_beta":false,"boss_relics":[{"not_picked":["Empty Cage","ReplayTheSpireMod:DimensionalGlitch"],"picked":"Painkiller Herb"}],"items_purged_floors":[],"is_endless":false,"potions_floor_spawned":[8,10,18],"killed_by":"Shelled Parasite and Fungi","ascension_level":20}}