{"host":"ydg0vn0pu4pubmdt","time":1613675309,"event":{"mods":["AchievementEnabler","BaseMod","Colored Map","Minty Spire (QoL Compilation)","Quick Restart","SuperFastMode"],"gold_per_floor":[12,27,44,119,129,129,140,140,140,173,173,45,65,65,65,139,139,150,162,162,162,162,162,191,191,191,191,191],"floor_reached":27,"language":"KOR","playtime":589,"items_purged":["Strike_G"],"score":462,"play_id":"db48d43b-c489-4967-9f06-70eff4c21e50","local_time":"20210219040829","is_ascension_mode":true,"campfire_choices":[{"data":"Neutralize","floor":6,"key":"SMITH"},{"data":"Dodge and Roll","floor":8,"key":"SMITH"},{"floor":15,"key":"REST"},{"floor":23,"key":"REST"},{"floor":25,"key":"REST"}],"circlet_count":0,"master_deck":["AscendersBane","Strike_G+1","Strike_G+1","Strike_G+1","Defend_G+1","Defend_G+1","Defend_G+1","Survivor","Neutralize+1","Dodge and Roll+1","Flying Knee","Quick Slash","Corpse Explosion","Endless Agony","Dash","Die Die Die","Crippling Poison","Blade Dance","Cloak And Dagger"],"relics":["Ring of the Snake","Pear","Toy Ornithopter","StoneCalendar","SacredBark","Torii","Ginger"],"acts_visited":["Exordium","TheCity"],"potions_floor_usage":[10,16,19],"damage_taken":[{"damage":5,"enemies":"Jaw Worm","floor":1,"turns":4},{"damage":7,"enemies":"Small Slimes","floor":2,"turns":3},{"damage":3,"enemies":"2 Louse","floor":3,"turns":3},{"damage":4,"enemies":"2 Fungi Beasts","floor":5,"turns":2},{"damage":4,"enemies":"Exordium Wildlife","floor":7,"turns":5},{"damage":22,"enemies":"Gremlin Nob","floor":10,"turns":4},{"damage":2,"enemies":"Blue Slaver","floor":13,"turns":4},{"damage":15,"enemies":"The Guardian","floor":16,"turns":11},{"damage":4,"enemies":"Shell Parasite","floor":18,"turns":7},{"damage":28,"enemies":"Spheric Guardian","floor":19,"turns":7},{"damage":34,"enemies":"Gremlin Leader","floor":24,"turns":7},{"damage":0,"enemies":"Snake Plant","floor":27,"turns":1}],"seed_played":"8229525214741006537","potions_obtained":[{"floor":1,"key":"Fire Potion"},{"floor":5,"key":"FairyPotion"},{"floor":16,"key":"BlessingOfTheForge"},{"floor":18,"key":"AttackPotion"},{"floor":24,"key":"Dexterity Potion"}],"is_trial":false,"path_per_floor":["M","M","M","?","M","R","M","R","T","E","?","$","M","?","R","B",null,"M","M","?","?","?","R","E","R","T","M"],"character_chosen":"THE_SILENT","items_purchased":["AttackPotion"],"campfire_rested":3,"item_purchase_floors":[12],"current_hp_per_floor":[54,47,44,33,29,29,25,25,35,13,13,13,11,4,26,16,61,57,34,34,34,12,36,2,26,26,26,26],"gold":191,"neow_bonus":"TRANSFORM_TWO_CARDS","is_daily":false,"chose_seed":false,"campfire_upgraded":2,"win_rate":0.0,"timestamp":1613675309,"path_taken":["M","M","M","?","M","R","M","R","T","E","?","$","M","?","R","BOSS","M","M","?","?","?","R","E","R","T","M"],"items_purchased_type":["Potion"],"build_version":"2020-12-22","purchased_purges":1,"victory":false,"max_hp_per_floor":[66,66,66,66,66,66,66,66,76,76,76,76,76,76,76,76,76,76,76,76,76,81,81,81,81,81,81,81],"card_choices":[{"not_picked":["Choke","Slice"],"picked":"Quick Slash","floor":1},{"not_picked":["Quick Slash","Deflect","Sucker Punch"],"picked":"SKIP","floor":2},{"not_picked":["Dagger Spray","Underhanded Strike"],"picked":"Corpse Explosion","floor":3},{"not_picked":["Acrobatics","Dash","All Out Attack"],"picked":"SKIP","floor":5},{"not_picked":["Outmaneuver","Quick Slash","Bane"],"picked":"SKIP","floor":7},{"not_picked":["Deadly Poison","A Thousand Cuts"],"picked":"Endless Agony","floor":10},{"not_picked":["Accuracy","Poisoned Stab"],"picked":"Dash","floor":13},{"not_picked":["Corpse Explosion","Tools of the Trade"],"picked":"Die Die Die","floor":16},{"not_picked":["Sucker Punch","Poisoned Stab"],"picked":"Crippling Poison","floor":18},{"not_picked":["Quick Slash","Bane","Outmaneuver"],"picked":"SKIP","floor":19},{"not_picked":["Predator","Footwork"],"picked":"Cloak And Dagger","floor":24}],"player_experience":609048,"relics_obtained":[{"floor":9,"key":"Pear"},{"floor":10,"key":"Toy Ornithopter"},{"floor":24,"key":"Torii"},{"floor":26,"key":"Ginger"}],"event_choices":[{"damage_healed":0,"gold_gain":75,"player_choice":"Gather Gold","damage_taken":11,"max_hp_gain":0,"max_hp_loss":0,"event_name":"World of Goop","floor":4,"gold_loss":0},{"damage_healed":0,"gold_gain":0,"player_choice":"Searched \u00271\u0027 times","damage_taken":0,"relics_obtained":["StoneCalendar"],"max_hp_gain":0,"max_hp_loss":0,"event_name":"Dead Adventurer","floor":11,"gold_loss":0},{"cards_removed":["Defend_G"],"damage_healed":0,"gold_gain":0,"player_choice":"Card Removal","damage_taken":7,"max_hp_gain":0,"max_hp_loss":0,"event_name":"Golden Wing","floor":14,"gold_loss":0},{"damage_healed":0,"gold_gain":0,"player_choice":"Read","damage_taken":0,"max_hp_gain":0,"max_hp_loss":0,"event_name":"The Library","floor":20,"gold_loss":0,"cards_obtained":["Blade Dance"]},{"damage_healed":0,"gold_gain":0,"player_choice":"Simplicity","damage_taken":0,"max_hp_gain":0,"max_hp_loss":0,"event_name":"Back to Basics","floor":21,"gold_loss":0,"cards_upgraded":["Strike_G","Strike_G","Strike_G","Defend_G","Defend_G","Defend_G"]},{"damage_healed":0,"gold_gain":0,"player_choice":"Shed Blood","damage_taken":27,"max_hp_gain":5,"max_hp_loss":0,"event_name":"Forgotten Altar","floor":22,"gold_loss":0}],"is_beta":false,"boss_relics":[{"not_picked":["SlaversCollar","Black Star"],"picked":"SacredBark"}],"items_purged_floors":[12],"is_endless":false,"potions_floor_spawned":[1,5,13,16,18,24],"killed_by":"Snake Plant","ascension_level":20}}