{"host":"iovigr651ajk16h5","time":1613667175,"event":{"mods":["2.2 Compatiblity","AchievementEnabler","Aspiration","BaseMod","Better Altar","Better Match","Better Note","Better Sensory Stone","Better Skull","Better Third Choice","Block Reminder","Colored Map","Ekko","Energized Spire","GifTheSpireLib","GungeonMod","Halation","Hermit","Highlight Path","Hubris","Infinite Spire","Koishi","Luminous","Marisa????????","Minty Spire (QoL Compilation)","Nova Terra(??·??)","Onozuka Komachi Mod","Permanent Neow","Prisma Mod","Quick Restart","Railgun Mod","Remilia??????","Replay The Spire","StSLib","Stuff the Spire","Td1madao Mod","The Administrix","The Bladedancer","The Bug Knight","The Construct","The Marked","TheSwordswoman","Trackpad","Waifu the Spire","WarShipGirlsR/????R mod","everything is the same but u backflip on backflip"],"gold_per_floor":[12,31,31,31,51,51,66,91,117,117,117],"floor_reached":10,"language":"ENG","playtime":416,"items_purged":[],"score":68,"play_id":"6e40117e-b87b-4bcf-ace8-3f587ac7833e","local_time":"20210218115255","is_ascension_mode":false,"campfire_choices":[{"data":"hermit:Manifest","floor":6,"key":"SMITH"}],"circlet_count":0,"master_deck":["hermit:Strike_Hermit","hermit:Strike_Hermit","hermit:Strike_Hermit","hermit:Strike_Hermit","hermit:Defend_Hermit","hermit:Defend_Hermit","hermit:Defend_Hermit","hermit:Defend_Hermit","hermit:Snapshot","hermit:Covet","hermit:FinalCanter","hermit:Manifest+1","hermit:SprayPray","Regret","hermit:Spite","hermit:Malice"],"relics":["hermit:Momento","StuffTheSpire:RedRose","Replay:Mystery Machine","Happy Flower"],"acts_visited":["Exordium"],"potions_floor_usage":[7],"damage_taken":[{"damage":0,"enemies":"2 Louse","floor":1,"turns":2},{"damage":0,"enemies":"Small Slimes","floor":2,"turns":4},{"damage":0,"enemies":"Cultist","floor":5,"turns":2},{"damage":5,"enemies":"Looter","floor":7,"turns":2},{"damage":43,"enemies":"Gremlin Nob","floor":8,"turns":5},{"damage":17,"enemies":"3 Sentries","floor":10,"turns":4}],"seed_played":"-6079046831113734407","potions_obtained":[{"floor":5,"key":"Explosive Potion"},{"floor":8,"key":"hermit:Tonic"}],"is_trial":false,"path_per_floor":["M","M","$","?","M","R","M","E","T","E"],"character_chosen":"HERMIT","items_purchased":[],"campfire_rested":0,"item_purchase_floors":[],"current_hp_per_floor":[75,75,75,75,75,75,70,27,27,10,10],"gold":117,"neow_bonus":"THREE_RARE_CARDS","is_daily":false,"chose_seed":false,"campfire_upgraded":1,"win_rate":0.0,"timestamp":1613667175,"path_taken":["M","M","$","?","M","R","M","E","T","E"],"items_purchased_type":[],"build_version":"2020-12-22","purchased_purges":0,"victory":false,"max_hp_per_floor":[75,75,75,75,75,75,75,75,75,75,75],"card_choices":[{"not_picked":["hermit:Adapt","hermit:FatalDesire"],"picked":"hermit:FinalCanter","floor":0},{"not_picked":["hermit:Glare","hermit:Quickdraw"],"picked":"hermit:Manifest","floor":1},{"not_picked":["hermit:LuckOfTheDraw","hermit:TakeAim"],"picked":"hermit:SprayPray","floor":2},{"not_picked":["hermit:ItchyTrigger","hermit:LowProfile"],"picked":"hermit:Spite","floor":5},{"not_picked":["hermit:HighNoon","hermit:Deadeye","hermit:Roulette"],"picked":"SKIP","floor":7},{"not_picked":["hermit:TrackingShot","hermit:GoldenBullet"],"picked":"hermit:Malice","floor":8}],"player_experience":368667,"relics_obtained":[{"floor":8,"key":"Replay:Mystery Machine"},{"floor":9,"key":"Happy Flower"}],"event_choices":[],"is_beta":false,"boss_relics":[],"items_purged_floors":[],"is_endless":false,"potions_floor_spawned":[5,8],"killed_by":"3 Sentries","ascension_level":0}}