{"host":"bjzqjr1ycgj8gt55","time":1613610081,"event":{"mods":["100% Spire Juice","BaseMod","Better Altar","Better Match","Better Sensory Stone","Better Skull","Better Third Choice","Better Vampires","Block Reminder","Colored Map","Colored Powertips","GifTheSpireLib","Hermit","Infinite Spire","Minty Spire (QoL Compilation)","Rare Cards Sparkle","Red Circlet Mod","Shade Mod","Shop Mod","Spicy Shops","StSLib","The Cursed","The Jungle","The Marked","The Necromancer","Waifu the Spire","everything is the same but u backflip on backflip","slay the spire mod where everything is the same but ironclad has a cowboy hat"],"gold_per_floor":[116,116,128,143,143,156,188,153,153,153,178,178,178,213,213,311,311,326,342,21,21,36,36,36,48,74,36,69,69,69,81,81,179,179,197,197,209,34,34,34,68,68,68,68,32,32,47,58,58,58,58],"floor_reached":50,"language":"ENG","playtime":2081,"items_purged":["hermit:Defend_Hermit","hermit:Strike_Hermit"],"score":658,"play_id":"e0287dd1-2ca7-4f13-9958-84b0d5558ce4","local_time":"20210217190121","is_ascension_mode":true,"campfire_choices":[{"floor":10.0,"key":"REST"},{"floor":13.0,"key":"REST"},{"data":"1","floor":15.0,"key":"LIFT"},{"floor":23,"key":"REST"},{"floor":24,"key":"REST"},{"floor":29,"key":"REST"},{"floor":32,"key":"REST"},{"data":"2","floor":40,"key":"LIFT"},{"floor":42,"key":"REST"},{"data":"3","floor":46,"key":"LIFT"},{"floor":49,"key":"REST"}],"circlet_count":0,"master_deck":["hermit:Strike_Hermit+1","hermit:Strike_Hermit+1","hermit:Defend_Hermit+1","hermit:Defend_Hermit+1","hermit:Snapshot","hermit:Covet+1","hermit:TrackingShot","hermit:Glare","hermit:Glare","hermit:GhostlyPresence","hermit:Determination","hermit:GhostlyPresence+1","hermit:BlackWind","hermit:HoleUp+1","hermit:HoleUp+1","hermit:Misfire","hermit:FatalDesire","hermit:Virtue+1","hermit:GhostlyPresence+1","hermit:Malice","hermit:Virtue+1","hermit:Determination","hermit:ShadowCloak+1","hermit:FinalCanter","CurseOfTheBell","hermit:Glare+1","Blind+1","Bandage Up+1","hermit:GhostlyPresence+1","hermit:Grudge","hermit:GhostlyPresence+1","hermit:ShadowCloak","hermit:Reprieve+1","hermit:Coalescence+1"],"relics":["hermit:ClaspedLocket","Dream Catcher","Girya","Toxic Egg 2","infinitespire:ShieldingShard","WingedGreaves","Membership Card","MutagenicStrength","Juzu Bracelet","Peace Pipe","Calling Bell","infinitespire:PuzzleCube","Letter Opener","StoneCalendar","DollysMirror","infinitespire:FocusingShard","Centennial Puzzle"],"acts_visited":["Exordium","TheCity","TheBeyond"],"potions_floor_usage":[28,28,41,41,41,48,50],"damage_taken":[{"damage":4.0,"enemies":"Jaw Worm","floor":1.0,"turns":4.0},{"damage":0.0,"enemies":"Small Slimes","floor":3.0,"turns":3.0},{"damage":14.0,"enemies":"infinitespire:Voidling","floor":4.0,"turns":3.0},{"damage":5.0,"enemies":"Red Slaver","floor":6.0,"turns":3.0},{"damage":32.0,"enemies":"Lagavulin","floor":7.0,"turns":9.0},{"damage":31.0,"enemies":"Gremlin Nob","floor":11.0,"turns":6.0},{"damage":4.0,"enemies":"Lagavulin","floor":14.0,"turns":10.0},{"damage":44.0,"enemies":"Hexaghost","floor":16.0,"turns":15.0},{"damage":14.0,"enemies":"Shell Parasite","floor":18.0,"turns":6.0},{"damage":0.0,"enemies":"Spheric Guardian","floor":19.0,"turns":4.0},{"damage":27,"enemies":"Centurion and Healer","floor":22,"turns":8},{"damage":5,"enemies":"Snake Plant","floor":25,"turns":5},{"damage":35,"enemies":"Slavers","floor":28,"turns":5},{"damage":0,"enemies":"Snecko","floor":31,"turns":6},{"damage":21,"enemies":"Champ","floor":33,"turns":12},{"damage":11,"enemies":"3 Shapes","floor":35,"turns":4},{"damage":0,"enemies":"Orb Walker","floor":37,"turns":4},{"damage":45,"enemies":"Reptomancer","floor":41,"turns":9},{"damage":28,"enemies":"Sphere and 2 Shapes","floor":47,"turns":7},{"damage":8,"enemies":"Writhing Mass","floor":48,"turns":5},{"damage":44,"enemies":"Awakened One","floor":50,"turns":4}],"seed_played":"4922996753943087914","potions_obtained":[{"floor":3.0,"key":"Explosive Potion"},{"floor":4.0,"key":"Weak Potion"},{"floor":6.0,"key":"Strength Potion"},{"floor":14.0,"key":"EssenceOfSteel"},{"floor":16.0,"key":"EssenceOfSteel"},{"floor":18.0,"key":"Energy Potion"},{"floor":25,"key":"Fire Potion"},{"floor":28,"key":"PowerPotion"},{"floor":37,"key":"EssenceOfSteel"},{"floor":47,"key":"DistilledChaos"},{"floor":48,"key":"Strength Potion"}],"is_trial":false,"path_per_floor":["M","?","M","M","$","M","E","?","T","R","E","?","R","E","R","B",null,"M","M","$","?","M","R","R","M","T","$","E","R","?","M","R","B",null,"M","?","M","$","?","R","E","R","T","AVR","$","R","M","M","R","B"],"character_chosen":"HERMIT","items_purchased":["hermit:Virtue+1","Membership Card","hermit:Determination","hermit:GhostlyPresence+1","hermit:Grudge","DollysMirror","hermit:Reprieve+1"],"campfire_rested":8,"item_purchase_floors":[20,20,27,38,38,38,45],"current_hp_per_floor":[71,71,71,62,62,57,25,43,43,65,34,34,56,52,52,8,58,44,44,44,44,17,39,61,56,56,56,21,43,43,43,65,44,67,56,56,62,62,62,62,23,45,45,45,45,45,23,21,43,0,0],"gold":58,"neow_bonus":"RANDOM_COMMON_RELIC","is_daily":false,"chose_seed":false,"campfire_upgraded":0,"win_rate":0.0,"timestamp":1613610081,"path_taken":["M","?","M","M","$","M","E","?","T","R","E","?","R","E","R","BOSS","M","?","$","?","M","R","R","M","T","?","E","R","?","M","R","BOSS","M","?","M","$","?","R","E","R","T","AVR","?","R","M","M","R","BOSS"],"items_purchased_type":["Card","Relic","Card","Card","Card","Relic","Card"],"build_version":"2020-12-22","purchased_purges":2,"victory":false,"max_hp_per_floor":[75,75,75,75,75,75,75,75,75,75,75,75,75,75,75,75,75,75,75,75,75,75,75,75,75,75,75,75,75,75,75,75,75,75,75,75,75,75,75,75,75,75,75,75,75,75,75,75,75,75,75],"card_choices":[{"not_picked":["hermit:Ricochet","hermit:LoneWolf"],"picked":"hermit:TrackingShot","floor":1.0},{"not_picked":["hermit:Midnight","hermit:Showdown"],"picked":"hermit:Glare","floor":3.0},{"not_picked":["hermit:TrackingShot","hermit:LuckOfTheDraw"],"picked":"hermit:Glare","floor":4.0},{"not_picked":["hermit:Ricochet","hermit:Quickdraw"],"picked":"hermit:GhostlyPresence","floor":6.0},{"not_picked":["hermit:DeadMansHand","hermit:Misfire"],"picked":"hermit:Determination","floor":7.0},{"not_picked":["hermit:Manifest+1","hermit:Quickdraw"],"picked":"hermit:GhostlyPresence+1","floor":10.0},{"not_picked":["hermit:FlashPowder+1","hermit:Showdown"],"picked":"hermit:BlackWind","floor":11.0},{"not_picked":["hermit:TakeCover+1","hermit:Maintenance+1"],"picked":"hermit:HoleUp+1","floor":13.0},{"not_picked":["hermit:Combo","hermit:Desperado"],"picked":"hermit:HoleUp+1","floor":14.0},{"not_picked":["hermit:DeadMansHand+1","hermit:Ricochet"],"picked":"hermit:Misfire","floor":18.0},{"not_picked":["hermit:Malice","hermit:Glare+1"],"picked":"hermit:FatalDesire","floor":19.0},{"not_picked":["hermit:Coalescence+1","hermit:CursedWeapon"],"picked":"hermit:GhostlyPresence+1","floor":22},{"not_picked":["hermit:Enervate","hermit:TakeCover+1"],"picked":"hermit:Malice","floor":23},{"not_picked":["hermit:HoleUp+1","hermit:Roulette"],"picked":"hermit:Virtue+1","floor":24},{"not_picked":["hermit:FullyLoaded+1","hermit:Combo","hermit:Manifest+1"],"picked":"SKIP","floor":25},{"not_picked":["hermit:SprayPray","hermit:Coalescence+1"],"picked":"hermit:ShadowCloak+1","floor":28},{"not_picked":["hermit:Spite","hermit:EyeOfTheStorm+1","hermit:Quickdraw"],"picked":"SKIP","floor":31},{"not_picked":["hermit:DeadOrAlive","hermit:Gambit+1"],"picked":"hermit:FinalCanter","floor":33},{"not_picked":["hermit:FullyLoaded+1","hermit:CursedWeapon+1"],"picked":"hermit:Glare+1","floor":35},{"not_picked":["Madness+1","Secret Weapon+1"],"picked":"Blind+1","floor":36},{"not_picked":["Magnetism","Good Instincts+1"],"picked":"Bandage Up+1","floor":36},{"not_picked":["hermit:Headshot","hermit:CalledShot+1","hermit:Quickdraw+1"],"picked":"SKIP","floor":37},{"not_picked":["hermit:Virtue+1","hermit:Feint+1"],"picked":"hermit:ShadowCloak","floor":41},{"not_picked":["hermit:Showdown+1","hermit:Midnight+1","hermit:NoHoldsBarred"],"picked":"SKIP","floor":47},{"not_picked":["hermit:Dive+1","hermit:Quickdraw+1"],"picked":"hermit:Coalescence+1","floor":48}],"player_experience":166036,"relics_obtained":[{"floor":7.0,"key":"Girya"},{"floor":9.0,"key":"Toxic Egg 2"},{"floor":11.0,"key":"infinitespire:ShieldingShard"},{"floor":14.0,"key":"WingedGreaves"},{"floor":26,"key":"Juzu Bracelet"},{"floor":28,"key":"Peace Pipe"},{"floor":34,"key":"infinitespire:PuzzleCube"},{"floor":34,"key":"Letter Opener"},{"floor":34,"key":"StoneCalendar"},{"floor":41,"key":"infinitespire:FocusingShard"},{"floor":43,"key":"Centennial Puzzle"}],"event_choices":[{"damage_healed":18.0,"max_hp_gain":0.0,"max_hp_loss":0.0,"gold_gain":0.0,"event_name":"The Cleric","player_choice":"Healed","floor":8.0,"gold_loss":35.0,"damage_taken":0.0},{"cards_removed":["hermit:Defend_Hermit"],"damage_healed":0.0,"max_hp_gain":0.0,"max_hp_loss":0.0,"gold_gain":0.0,"event_name":"Purifier","player_choice":"Purged","floor":12.0,"gold_loss":0.0,"damage_taken":0.0},{"damage_healed":0.0,"max_hp_gain":0.0,"max_hp_loss":0.0,"gold_gain":0.0,"event_name":"Drug Dealer","player_choice":"Inject Mutagens","floor":21.0,"gold_loss":0.0,"damage_taken":0.0,"relics_obtained":["MutagenicStrength"]},{"damage_healed":0,"gold_gain":0,"player_choice":"Simplicity","damage_taken":0,"max_hp_gain":0,"max_hp_loss":5,"event_name":"betterThird:BetterWriting","floor":30,"gold_loss":0},{"damage_healed":0,"gold_gain":3,"player_choice":"1","damage_taken":0,"max_hp_gain":0,"max_hp_loss":0,"event_name":"betterStone:BetterStone","floor":36,"gold_loss":0},{"cards_removed":["hermit:Strike_Hermit"],"damage_healed":0,"gold_gain":0,"player_choice":"Removed Attack","damage_taken":0,"max_hp_gain":0,"max_hp_loss":0,"event_name":"Falling","floor":39,"gold_loss":0}],"is_beta":false,"boss_relics":[{"not_picked":["Tiny House","Empty Cage"],"picked":"hermit:ClaspedLocket"},{"not_picked":["SlaversCollar","Velvet Choker"],"picked":"Calling Bell"}],"items_purged_floors":[20,20],"is_endless":false,"potions_floor_spawned":[3,4,6,14,16,18,25,28,37,47,48],"killed_by":"Awakened One","ascension_level":5}}