{"host":"sav7uxregyirlf69","time":1613625414,"event":{"mods":["AchievementEnabler","BaseMod","Colored Map","DeckTracker","Keyboard Shortcuts","Minty Spire (QoL Compilation)","READ ME - Guardian Mod","StSLib","SuperFastMode"],"gold_per_floor":[111,111,130,149,149,149,176,251,251,311,340,340,375,115,115,115,115],"floor_reached":16,"language":"KOR","playtime":215,"items_purged":["Strike_R"],"score":212,"play_id":"249c38ea-1d46-4ff7-924a-f69409555156","local_time":"20210218141654","is_ascension_mode":true,"campfire_choices":[{"data":"Wild Strike","floor":6,"key":"SMITH"},{"data":"Fire Breathing","floor":12,"key":"SMITH"},{"data":"Jack Of All Trades","floor":15,"key":"SMITH"}],"circlet_count":0,"master_deck":["AscendersBane","Strike_R","Strike_R","Strike_R","Strike_R","Defend_R","Defend_R+1","Defend_R","Defend_R","Bash","Wild Strike+1","Shrug It Off+1","Wild Strike","Reaper","Fire Breathing+1","Impervious","Reckless Charge","Jack Of All Trades+1"],"relics":["Burning Blood","Juzu Bracelet","Mercury Hourglass","White Beast Statue","HornCleat","Odd Mushroom","Question Card"],"acts_visited":["Exordium"],"potions_floor_usage":[10,16],"damage_taken":[{"damage":6,"enemies":"2 Louse","floor":1,"turns":3},{"damage":2,"enemies":"Jaw Worm","floor":3,"turns":3},{"damage":1,"enemies":"Cultist","floor":4,"turns":3},{"damage":15,"enemies":"3 Sentries","floor":7,"turns":5},{"damage":18,"enemies":"Gremlin Nob","floor":10,"turns":4},{"damage":4,"enemies":"The Mushroom Lair","floor":11,"turns":5},{"damage":20,"enemies":"Gremlin Nob","floor":13,"turns":4},{"damage":25,"enemies":"Hexaghost","floor":16,"turns":7}],"seed_played":"-2469677384751753565","potions_obtained":[{"floor":3,"key":"PowerPotion"},{"floor":10,"key":"DuplicationPotion"},{"floor":11,"key":"LiquidBronze"}],"is_trial":false,"path_per_floor":["M","?","M","M","?","R","E","?","T","?","?","R","E","$","R","B"],"character_chosen":"IRONCLAD","items_purchased":["Reckless Charge","Jack Of All Trades"],"campfire_rested":0,"item_purchase_floors":[14,14],"current_hp_per_floor":[68,63,67,72,49,49,40,29,29,17,31,31,21,21,21,0,0],"gold":115,"neow_bonus":"RANDOM_COMMON_RELIC","is_daily":false,"chose_seed":false,"campfire_upgraded":3,"win_rate":0.0,"timestamp":1613625414,"path_taken":["M","?","M","M","?","R","E","?","T","?","?","R","E","$","R","BOSS"],"items_purchased_type":["Card","Card"],"build_version":"2020-12-22","purchased_purges":1,"victory":false,"max_hp_per_floor":[75,75,75,75,75,75,75,75,75,75,75,75,75,75,75,75,75],"card_choices":[{"not_picked":["Headbutt","Power Through"],"picked":"Wild Strike","floor":1},{"not_picked":["Dual Wield","Clash"],"picked":"Shrug It Off","floor":3},{"not_picked":["Warcry","Perfected Strike"],"picked":"Wild Strike","floor":4},{"not_picked":["Perfected Strike","Clash","Anger"],"picked":"SKIP","floor":7},{"not_picked":["Combust","Clothesline"],"picked":"Reaper","floor":10},{"not_picked":["True Grit","Reckless Charge"],"picked":"Fire Breathing","floor":11},{"not_picked":["Clothesline","Bloodletting"],"picked":"Impervious","floor":13}],"player_experience":1607044,"relics_obtained":[{"floor":7,"key":"White Beast Statue"},{"floor":9,"key":"HornCleat"},{"floor":11,"key":"Odd Mushroom"},{"floor":13,"key":"Question Card"}],"event_choices":[{"damage_healed":0,"gold_gain":0,"player_choice":"Success","damage_taken":5,"relics_obtained":["Mercury Hourglass"],"max_hp_gain":0,"max_hp_loss":0,"event_name":"Scrap Ooze","floor":2,"gold_loss":0},{"damage_healed":0,"gold_gain":0,"player_choice":"Entered Light","damage_taken":23,"max_hp_gain":0,"max_hp_loss":0,"event_name":"Shining Light","floor":5,"gold_loss":0,"cards_upgraded":["Shrug It Off","Defend_R"]},{"damage_healed":0,"gold_gain":75,"player_choice":"Gather Gold","damage_taken":11,"max_hp_gain":0,"max_hp_loss":0,"event_name":"World of Goop","floor":8,"gold_loss":0},{"damage_healed":0,"gold_gain":0,"player_choice":"Searched \u00272\u0027 times","damage_taken":0,"max_hp_gain":0,"max_hp_loss":0,"event_name":"Dead Adventurer","floor":10,"gold_loss":0},{"damage_healed":0,"gold_gain":0,"player_choice":"Fought Mushrooms","damage_taken":0,"max_hp_gain":0,"max_hp_loss":0,"event_name":"Mushrooms","floor":11,"gold_loss":0}],"is_beta":false,"boss_relics":[],"items_purged_floors":[14],"is_endless":false,"potions_floor_spawned":[3,10,11,13],"killed_by":"Hexaghost","ascension_level":20}}