{"host":"nhhqxetgwwd7qseb","time":1613616590,"event":{"mods":["ATMod(阿瑾Mod)","Act Like it!","BaseMod","Chen","Dota2Spire","Downfall","Energized Spire","Gensokyo","GungeonMod","Hallownest","Hermit","Koishi","LagranYue(拉格朗・月)","Marisa（F雨　魔理沙）","Minty Spire (QoL Compilation)","Quick Restart","Rare Cards Sparkle","Reimu（博丽灵梦）","Remilia（蕾米莉亚）","Replay The Spire","SOS（斯巴达之子）","StSLib","The Alterego","The Bladedancer","The Bug Knight","The Senshi","The Servant 0.9.4","TheWitcher","UnlockEverythingMod","WarShipGirlsR/战舰少女R mod","Warlord Emblem","Yakumo Yukari mod","Youmu（魂魄妖梦）","【功能Mod】混沌之环修复补丁","【功能Mod】聪明的最终Boss","【遗物卡牌】REMEMod"],"gold_per_floor":[99,109,126,226,243,243,267,299,311,323,313,388,43,63,75,174,174,174,174,185,200,218,218,218,245,275,260,160,170,70,81,95,95,95,95],"floor_reached":33,"language":"ZHS","playtime":2637,"items_purged":[],"score":296,"play_id":"6d26dc2f-b546-49dc-95ce-a03ddadda488","local_time":"20210218104950","is_ascension_mode":false,"campfire_choices":[{"data":"Slimebound:CorrosiveSpit","floor":1.0,"key":"SMITH"},{"data":"Slimebound:SplitBruiser","floor":6.0,"key":"SMITH"},{"data":"expansioncontent:StudyTheSpire","floor":18.0,"key":"SMITH"},{"data":"Slimebound:GrowthPunch","floor":23.0,"key":"SMITH"},{"floor":28,"key":"RECALL"},{"floor":30,"key":"REST"}],"circlet_count":0,"master_deck":["Slimebound:Strike_Slimebound","Slimebound:Strike_Slimebound","Slimebound:Strike_Slimebound","Slimebound:Tackle","Slimebound:Defend_Slimebound","Slimebound:Defend_Slimebound","Slimebound:Defend_Slimebound","Slimebound:Defend_Slimebound","Slimebound:Split","Slimebound:CorrosiveSpit+1","Slimebound:SplitBruiser+1","Slimebound:RainOfGoop","Slimebound:SplitLeeching","Slimebound:SpikyOuterGoop","Slimebound:LivingWall","Slimebound:RallyTheTroops","expansioncontent:StudyTheSpire+1","Slimebound:RallyTheTroops","REME_MagicPocketWatch+1","Slimebound:SlimeSpikes+1","Slimebound:Equalize+1","Slimebound:Prepare","Slimebound:GrowthPunch+1","Slimebound:LeechEnergy+1","Slimebound:SplitMire","Slimebound:MegaLick+1"],"relics":["Slimebound:AbsorbEndCombat","REME_ComplimentaryCards","AT_ATBox","RuthlessExorcism:ReiMu","WarlordEmblem:MantleBaku","ReplayTheSpireMod:TigerMarble","Astrolabe","Dota2Spire:Desolator","Replay:Wax Seal","AT_ArchangelStaff","downfall:HeartBlessingGreen","downfall:HeartBlessingRed"],"acts_visited":["Exordium","TheCity"],"potions_floor_usage":[29,33,33,33],"damage_taken":[{"damage":2.0,"enemies":"2 Louse","floor":2.0,"turns":2.0},{"damage":9.0,"enemies":"Jaw Worm","floor":3.0,"turns":3.0},{"damage":0.0,"enemies":"Small Slimes","floor":5.0,"turns":2.0},{"damage":20.0,"enemies":"3 Sentries","floor":8.0,"turns":6.0},{"damage":5.0,"enemies":"Exordium Thugs","floor":9.0,"turns":3.0},{"damage":14.0,"enemies":"Exordium Wildlife","floor":10.0,"turns":4.0},{"damage":0.0,"enemies":"downfall:FleeingMerchant","floor":13.0,"turns":4.0},{"damage":15.0,"enemies":"Large Slime","floor":14.0,"turns":4.0},{"damage":0.0,"enemies":"3 Louse","floor":15.0,"turns":1.0},{"damage":10.0,"enemies":"WA_ARCHETYPE_RETAIN","floor":16.0,"turns":8.0},{"damage":32.0,"enemies":"downfall:LooterAlt2","floor":20.0,"turns":5.0},{"damage":4.0,"enemies":"Chosen","floor":21.0,"turns":4.0},{"damage":20.0,"enemies":"Sentry and Sphere","floor":22.0,"turns":6.0},{"damage":49,"enemies":"Slavers","floor":26,"turns":5},{"damage":1,"enemies":"downfall:FleeingMerchant","floor":27,"turns":4},{"damage":11,"enemies":"Centurion and Healer","floor":29,"turns":6},{"damage":9,"enemies":"3 Cultists","floor":31,"turns":5},{"damage":17,"enemies":"Cultist and Chosen","floor":32,"turns":5},{"damage":62,"enemies":"IC_MUSHROOM_ARCHETYPE","floor":33,"turns":7}],"seed_played":"3264453734550654101","potions_obtained":[{"floor":5.0,"key":"EssenceOfSteel"},{"floor":8.0,"key":"Fire Potion"},{"floor":14.0,"key":"DistilledChaos"},{"floor":26,"key":"GrandPatriotsElixir:ReiMu"},{"floor":29,"key":"LiquidMemories"},{"floor":32,"key":"DemoMod:LeadSkinPotion"}],"is_trial":false,"path_per_floor":["R","M","M","?","M","R","T","E","M","M","?","?","$","M","M","B",null,"R","?","M","M","M","R","T","T","E","$","R","M","R","M","M","B"],"character_chosen":"SLIMEBOUND","items_purchased":["ReplayTheSpireMod:TigerMarble","expansioncontent:StudyTheSpire"],"campfire_rested":1,"item_purchase_floors":[13,13],"current_hp_per_floor":[71,69,62,62,66,66,66,54,51,41,41,41,45,32,41,39,80,80,80,56,68,50,50,50,50,9,14,14,17,41,40,29,0,0,0],"gold":95,"neow_bonus":"TEN_PERCENT_HP_BONUS","is_daily":false,"chose_seed":false,"campfire_upgraded":4,"win_rate":0.0,"timestamp":1613616590,"path_taken":["R","M","M","?","M","R","T","E","M","M","?","?","$","?","M","BOSS","R","?","M","M","M","R","T","?","E","?","R","M","R","M","M","BOSS"],"items_purchased_type":["Relic","Card"],"build_version":"2020-12-22","purchased_purges":0,"victory":false,"max_hp_per_floor":[71,71,71,71,71,71,71,71,71,71,71,71,71,71,80,80,80,80,80,80,80,80,80,80,80,80,80,80,80,80,80,80,80,80,80],"card_choices":[{"not_picked":["Slimebound:Chomp","Slimebound:ForwardTackle"],"picked":"Slimebound:SplitBruiser","floor":2.0},{"not_picked":["Slimebound:GoopSpray","Slimebound:TongueLash"],"picked":"Slimebound:RainOfGoop","floor":3.0},{"not_picked":["Slimebound:LeechEnergy","Slimebound:SlimeBrawl"],"picked":"Slimebound:SplitLeeching","floor":5.0},{"not_picked":["Slimebound:Gluttony","Slimebound:RainOfGoop"],"picked":"Slimebound:SpikyOuterGoop","floor":8.0},{"not_picked":["Slimebound:OozeBath","Slimebound:RollThrough"],"picked":"Slimebound:LivingWall","floor":9.0},{"not_picked":["Slimebound:TongueLash","Slimebound:Grow","Slimebound:SlimeSpikes"],"picked":"SKIP","floor":10.0},{"not_picked":["Slimebound:ComboTackle","Slimebound:Equalize"],"picked":"Slimebound:RallyTheTroops","floor":13.0},{"not_picked":["Slimebound:LeechEnergy","Slimebound:Chomp"],"picked":"Slimebound:HauntingLick","floor":14.0},{"not_picked":["Slimebound:Chomp","Slimebound:ComboTackle"],"picked":"Slimebound:HauntingLick","floor":15.0},{"not_picked":["Slimebound:WasteNot","Slimebound:Overexert"],"picked":"Slimebound:RallyTheTroops","floor":16.0},{"not_picked":["Slimebound:LivingWall","Slimebound:Grow"],"picked":"Slimebound:Prepare","floor":20.0},{"not_picked":["Slimebound:SamplingLick+1","Slimebound:GoopTackle+1","Slimebound:FlameTackle"],"picked":"SKIP","floor":21.0},{"not_picked":["Slimebound:SlimeSpikes","Slimebound:ItLooksTasty+1"],"picked":"Slimebound:GrowthPunch","floor":22.0},{"not_picked":["Slimebound:SlimeSpikes+1","Slimebound:GrowthPunch"],"picked":"Slimebound:LeechEnergy+1","floor":26},{"not_picked":["Slimebound:LeechingTouch+1","Slimebound:HauntingLick+1"],"picked":"Slimebound:SplitMire","floor":27},{"not_picked":["Slimebound:SlimeBarrage","Slimebound:HauntingLick+1"],"picked":"Slimebound:MegaLick+1","floor":29},{"not_picked":["Slimebound:BestDefense","Slimebound:SlimeBarrage","Slimebound:LeadByExample+1"],"picked":"SKIP","floor":31},{"not_picked":["Slimebound:SlimeSpikes","Slimebound:LeechEnergy","Slimebound:ItLooksTasty"],"picked":"SKIP","floor":32}],"player_experience":80068,"relics_obtained":[{"floor":7.0,"key":"RuthlessExorcism:ReiMu"},{"floor":8.0,"key":"WarlordEmblem:MantleBaku"},{"floor":24.0,"key":"Dota2Spire:Desolator"},{"floor":25.0,"key":"Replay:Wax Seal"},{"floor":26,"key":"AT_ArchangelStaff"}],"event_choices":[{"damage_healed":0.0,"max_hp_gain":0.0,"max_hp_loss":0.0,"gold_gain":0.0,"event_name":"Ghosts","player_choice":"Ignored","floor":19.0,"gold_loss":0.0,"damage_taken":0.0}],"is_beta":false,"boss_relics":[{"not_picked":["Calling Bell","energizedSpire:NeverEndingSparkler"],"picked":"Astrolabe"}],"items_purged_floors":[],"is_endless":false,"potions_floor_spawned":[5,8,14,15,26,29,31,32],"killed_by":"IC_MUSHROOM_ARCHETYPE","ascension_level":0}}