{"host":"1dkd4flhdqbv9eyg","time":1613681984,"event":{"mods":["AchievementEnabler","Aspiration","BaseMod","Better Note","DeckTracker","Energized Spire","Evolution","Gold Saver","Minty Spire (QoL Compilation)","Spicy Shops","StSLib"],"gold_per_floor":[713,713,503,517,533,533,549,549,604,604,635,650,728,751,751,876,876,889,889,913,934,934,969,969,183,183,183,27,48,89,108,108,227,227,251,584,597,597,609,119,119,145,193,205,205,205,205],"floor_reached":46,"language":"ENG","playtime":3700,"items_purged":["FlyingSleeves","BowlingBash","Eruption+1"],"score":540,"play_id":"53fef423-055e-4bf2-8bbf-4b6208287532","local_time":"20210218125944","is_ascension_mode":false,"campfire_choices":[{"data":"Weave","floor":6,"key":"SMITH"},{"floor":15,"key":"REST"},{"floor":24,"key":"REST"},{"floor":32,"key":"REST"},{"floor":41,"key":"RECALL"}],"circlet_count":0,"master_deck":["Evaluate","ThirdEye","Evaluate","ThirdEye+1","Vigilance+1","Nirvana","Wireheading","ThirdEye+1","Weave+1","Weave","CutThroughFate","PathToVictory+1","Weave","Alpha+1","PathToVictory+1","Evaluate+1","Enlightenment+1","EmptyBody+1","Dash","Slice","Slice","Study"],"relics":["PureWater","EVO:Axolotl","aspiration:Nostalgia","Cracked Core","Toxic Egg 2","War Paint","Bottled Lightning","Shovel","Fusion Hammer","Whetstone","Torii","TheAbacus","Lantern","PreservedInsect","Oddly Smooth Stone","MealTicket","SacredBark","Melange","Art of War"],"acts_visited":["Exordium","TheCity","TheBeyond"],"potions_floor_usage":[13,16,16,23,30,33,33,42,44],"damage_taken":[{"damage":2,"enemies":"2 Louse","floor":1,"turns":3},{"damage":0,"enemies":"Small Slimes","floor":4,"turns":3},{"damage":0,"enemies":"Cultist","floor":5,"turns":4},{"damage":4,"enemies":"2 Fungi Beasts","floor":7,"turns":4},{"damage":0,"enemies":"Lagavulin","floor":11,"turns":4},{"damage":0,"enemies":"Blue Slaver","floor":12,"turns":4},{"damage":2,"enemies":"Lagavulin Event","floor":13,"turns":4},{"damage":2,"enemies":"Exordium Thugs","floor":14,"turns":4},{"damage":34,"enemies":"The Guardian","floor":16,"turns":8},{"damage":4,"enemies":"Spheric Guardian","floor":18,"turns":4},{"damage":7,"enemies":"Chosen","floor":20,"turns":4},{"damage":12,"enemies":"Snecko","floor":21,"turns":4},{"damage":27,"enemies":"Slavers","floor":23,"turns":4},{"damage":7,"enemies":"Shelled Parasite and Fungi","floor":29,"turns":3},{"damage":25,"enemies":"Book of Stabbing","floor":30,"turns":3},{"damage":0,"enemies":"3 Cultists","floor":31,"turns":5},{"damage":18,"enemies":"Collector","floor":33,"turns":6},{"damage":9,"enemies":"3 Darklings","floor":35,"turns":4},{"damage":2,"enemies":"3 Shapes","floor":37,"turns":5},{"damage":8,"enemies":"Spire Growth","floor":39,"turns":5},{"damage":54,"enemies":"Reptomancer","floor":42,"turns":5},{"damage":1,"enemies":"4 Shapes","floor":44,"turns":5},{"damage":14,"enemies":"Writhing Mass","floor":46,"turns":2}],"seed_played":"2313053699926303111","potions_obtained":[{"floor":4,"key":"BlessingOfTheForge"},{"floor":5,"key":"Swift Potion"},{"floor":7,"key":"AttackPotion"},{"floor":12,"key":"SkillPotion"},{"floor":14,"key":"Swift Potion"},{"floor":20,"key":"DistilledChaos"},{"floor":23,"key":"GamblersBrew"},{"floor":30,"key":"Strength Potion"},{"floor":31,"key":"Strength Potion"},{"floor":37,"key":"Strength Potion"},{"floor":39,"key":"GamblersBrew"}],"is_trial":false,"path_per_floor":["M","?","$","M","M","R","M","?","T","?","E","M","?","M","R","B",null,"M","?","M","M","?","E","R","$","T","?","$","M","E","M","R","B",null,"M","?","M","?","M","$","R","E","T","M","?","M"],"character_chosen":"WATCHER","items_purchased":["Wireheading","ThirdEye+1","CarveReality","Torii","TheAbacus","Lantern","Enlightenment+1","Oddly Smooth Stone","Study","Weak Potion","Melange"],"campfire_rested":3,"item_purchase_floors":[3,3,3,25,25,25,25,28,40,40,40],"current_hp_per_floor":[70,70,70,70,70,70,66,66,66,48,48,48,46,44,65,31,72,68,68,61,49,49,22,43,43,43,67,67,60,35,35,56,38,72,63,63,61,61,53,68,68,14,14,13,13,0,0],"gold":205,"neow_bonus":"NOSTALGIA","is_daily":false,"chose_seed":false,"campfire_upgraded":1,"win_rate":0.0,"timestamp":1613681984,"path_taken":["M","?","$","M","M","R","M","?","T","?","E","M","?","M","R","BOSS","M","?","M","M","?","E","R","$","T","?","?","M","E","?","R","BOSS","M","?","M","?","?","?","R","E","T","M","?","M"],"items_purchased_type":["Card","Card","Card","Relic","Relic","Relic","Card","Relic","Card","Potion","Relic"],"build_version":"2020-12-22","purchased_purges":3,"victory":false,"max_hp_per_floor":[72,72,72,72,72,72,72,72,72,72,72,72,72,72,72,72,72,72,72,72,72,72,72,72,72,72,72,72,72,72,72,72,72,72,72,72,72,72,72,72,72,72,72,72,72,72,72],"card_choices":[{"not_picked":["ThirdEye","FollowUp"],"picked":"Nirvana","floor":1},{"not_picked":["InnerPeace+1","WaveOfTheHand+1"],"picked":"Weave","floor":4},{"not_picked":["FlyingSleeves","ThirdEye+1","CrushJoints"],"picked":"SKIP","floor":5},{"not_picked":["EmptyBody+1","ReachHeaven"],"picked":"Weave","floor":7},{"not_picked":["Collect+1","Ragnarok","EmptyBody+1"],"picked":"SKIP","floor":11},{"not_picked":["Pray+1","Evaluate+1"],"picked":"CutThroughFate","floor":12},{"not_picked":["ThirdEye+1","Tantrum"],"picked":"PathToVictory+1","floor":14},{"not_picked":["FearNoEvil","Nirvana+1"],"picked":"Weave","floor":18},{"not_picked":["FlurryOfBlows+1","Consecrate+1","CrushJoints"],"picked":"SKIP","floor":20},{"not_picked":["Swivel+1","EmptyBody+1"],"picked":"PathToVictory+1","floor":21},{"not_picked":["Indignation+1","EmptyFist"],"picked":"Evaluate+1","floor":23},{"not_picked":["Indignation+1","FlurryOfBlows+1","CrushJoints"],"picked":"SKIP","floor":29},{"not_picked":["EmptyFist","Adaptation+1"],"picked":"EmptyBody+1","floor":30},{"not_picked":["BowlingBash","FollowUp","CarveReality"],"picked":"SKIP","floor":31},{"not_picked":["EmptyFist+1","Wireheading+1","FlyingSleeves+1"],"picked":"SKIP","floor":35},{"not_picked":["EmptyBody+1","Adaptation","BowlingBash+1"],"picked":"SKIP","floor":37},{"not_picked":["SandsOfTime","Nirvana+1","CutThroughFate"],"picked":"SKIP","floor":39},{"not_picked":["Fasting2+1","WheelKick+1"],"picked":"Weave","floor":42},{"not_picked":["FlyingSleeves+1","CutThroughFate+1","FearNoEvil+1"],"picked":"SKIP","floor":44}],"player_experience":118231,"relics_obtained":[{"floor":9,"key":"War Paint"},{"floor":11,"key":"Bottled Lightning"},{"floor":23,"key":"Whetstone"},{"floor":26,"key":"PreservedInsect"},{"floor":30,"key":"MealTicket"},{"floor":42,"key":"Art of War"}],"event_choices":[{"damage_healed":0,"gold_gain":0,"player_choice":"Ignored","damage_taken":0,"max_hp_gain":0,"max_hp_loss":0,"event_name":"Liars Game","floor":8,"gold_loss":0},{"damage_healed":0,"gold_gain":0,"player_choice":"Take Damage","damage_taken":18,"relics_obtained":["Golden Idol"],"max_hp_gain":0,"max_hp_loss":0,"event_name":"Golden Idol","floor":10,"gold_loss":0},{"damage_healed":0,"gold_gain":0,"player_choice":"Searched \u00272\u0027 times","damage_taken":0,"relics_obtained":["Shovel"],"max_hp_gain":0,"max_hp_loss":0,"event_name":"Dead Adventurer","floor":13,"gold_loss":0},{"cards_removed":["Injury"],"damage_healed":0,"gold_gain":0,"player_choice":"Take \u0026 Give","damage_taken":0,"max_hp_gain":0,"max_hp_loss":0,"event_name":"betterNote:BetterNote","floor":19,"gold_loss":0,"cards_obtained":["Alpha"]},{"cards_removed":["Injury"],"damage_healed":0,"gold_gain":0,"player_choice":"Elegance","damage_taken":0,"max_hp_gain":0,"max_hp_loss":0,"event_name":"Back to Basics","floor":22,"gold_loss":0},{"damage_healed":24,"gold_gain":0,"player_choice":"Heal","damage_taken":0,"max_hp_gain":0,"max_hp_loss":0,"event_name":"The Library","floor":27,"gold_loss":0},{"damage_healed":0,"gold_gain":333,"player_choice":"Gave Idol","damage_taken":0,"max_hp_gain":0,"max_hp_loss":0,"event_name":"The Moai Head","floor":36,"relics_lost":["Golden Idol"],"gold_loss":0},{"cards_removed":["Weave"],"damage_healed":0,"gold_gain":0,"player_choice":"Removed Attack","damage_taken":0,"max_hp_gain":0,"max_hp_loss":0,"event_name":"Falling","floor":45,"gold_loss":0}],"is_beta":false,"boss_relics":[{"not_picked":["energizedSpire:HugeHouse","Runic Pyramid"],"picked":"Fusion Hammer"},{"not_picked":["Coffee Dripper","energizedSpire:RedRose"],"picked":"SacredBark"}],"items_purged_floors":[25,40,40],"is_endless":false,"potions_floor_spawned":[4,5,7,12,14,20,23,30,31,37,39],"killed_by":"Writhing Mass","ascension_level":0}}