{"host":"188x3om7sf6mgxv1","time":1613630357,"event":{"mods":["BaseMod","Block Reminder","Jorbs\u0027s Wanderer Trilogy","Minty Spire (QoL Compilation)","Relic Stats","StSLib"],"gold_per_floor":[117,132,132,146,162,162,188,188,260,130,147,112,112,145,145,242,242,259,273,273,292,309,309,339,339,362,277,277,294,325,325,325,426,426,437,489,489,506,526,552,552,21,44,56,70,70,100,110,110,110,110,110,10,35,35],"floor_reached":56,"language":"ENG","playtime":2895,"items_purged":["Bouncing Flask","Decay"],"score":1578,"play_id":"f2dcc9b1-c51b-47c4-ae3f-d1774d2e7a0c","local_time":"20210218013917","is_ascension_mode":true,"campfire_choices":[{"data":"Noxious Fumes","floor":6,"key":"SMITH"},{"data":"Blade Dance","floor":8,"key":"SMITH"},{"data":"Blade Dance","floor":13,"key":"SMITH"},{"data":"Neutralize","floor":15,"key":"SMITH"},{"data":"Blade Dance","floor":23,"key":"SMITH"},{"data":"RitualDagger","floor":25,"key":"SMITH"},{"floor":32,"key":"REST"},{"floor":41,"key":"RECALL"},{"data":"Accuracy","floor":46,"key":"SMITH"},{"floor":49,"key":"REST"},{"data":"Finisher","floor":52,"key":"SMITH"}],"circlet_count":0,"master_deck":["Strike_G","Strike_G","Defend_G","Defend_G","Defend_G","Defend_G","Defend_G+1","Survivor","Neutralize+1","Quick Slash","Noxious Fumes+1","Dagger Throw","Blade Dance+1","Blade Dance+1","Deflect+1","Slice","Endless Agony","Venomology","Blade Dance+1","Caltrops","RitualDagger+1","Slice","Cloak And Dagger+1","Blade Dance+1","Deflect","Malaise","Prepared","Concentrate+1","Catalyst","Flash of Steel","Envenom","PiercingWail+1","Endless Agony+1","Accuracy+1","Finisher+1","Apotheosis","Escape Plan"],"relics":["Ring of the Snake","Ice Cream","Kunai","War Paint","Runic Pyramid","Strawberry","Bag of Preparation","Centennial Puzzle","Ninja Scroll","Enchiridion","Cursed Key","Turnip","Bag of Marbles","Lee\u0027s Waffle","Ornamental Fan","Pen Nib"],"acts_visited":["Exordium","TheCity","TheBeyond","TheEnding"],"potions_floor_usage":[21,24,29,30,33,40,47,50,54,55,55],"damage_taken":[{"damage":0,"enemies":"Small Slimes","floor":1,"turns":6},{"damage":0,"enemies":"Cultist","floor":2,"turns":5},{"damage":1,"enemies":"2 Louse","floor":4,"turns":4},{"damage":0,"enemies":"Blue Slaver","floor":5,"turns":4},{"damage":15,"enemies":"Lagavulin","floor":7,"turns":6},{"damage":0,"enemies":"2 Fungi Beasts","floor":11,"turns":2},{"damage":0,"enemies":"3 Sentries","floor":14,"turns":6},{"damage":3,"enemies":"The Guardian","floor":16,"turns":9},{"damage":0,"enemies":"3 Byrds","floor":18,"turns":4},{"damage":0,"enemies":"Shell Parasite","floor":19,"turns":4},{"damage":0,"enemies":"Cultist and Chosen","floor":21,"turns":6},{"damage":5,"enemies":"Chosen and Byrds","floor":22,"turns":6},{"damage":1,"enemies":"Slavers","floor":24,"turns":6},{"damage":4,"enemies":"3 Cultists","floor":29,"turns":6},{"damage":10,"enemies":"Book of Stabbing","floor":30,"turns":5},{"damage":38,"enemies":"Automaton","floor":33,"turns":8},{"damage":3,"enemies":"3 Shapes","floor":35,"turns":4},{"damage":20,"enemies":"2 Orb Walkers","floor":36,"turns":6},{"damage":0,"enemies":"Orb Walker","floor":38,"turns":1},{"damage":0,"enemies":"Maw","floor":39,"turns":6},{"damage":5,"enemies":"Giant Head","floor":40,"turns":9},{"damage":5,"enemies":"3 Darklings","floor":44,"turns":3},{"damage":0,"enemies":"Sphere and 2 Shapes","floor":45,"turns":2},{"damage":9,"enemies":"Reptomancer","floor":47,"turns":6},{"damage":24,"enemies":"Spire Growth","floor":48,"turns":3},{"damage":13,"enemies":"Time Eater","floor":50,"turns":11},{"damage":28,"enemies":"Shield and Spear","floor":54,"turns":5},{"damage":46,"enemies":"The Heart","floor":55,"turns":7}],"seed_played":"8965678464867472926","potions_obtained":[{"floor":4,"key":"AttackPotion"},{"floor":7,"key":"Strength Potion"},{"floor":14,"key":"CunningPotion"},{"floor":36,"key":"Block Potion"},{"floor":48,"key":"Fruit Juice"}],"is_trial":false,"path_per_floor":["M","M","?","M","M","R","E","R","T","$","M","?","R","E","R","B",null,"M","M","?","M","M","R","E","R","T","?","?","M","E","?","R","B",null,"M","?","?","M","M","E","R","$","T","M","M","R","E","M","R","B",null,"R","$","E","B",null],"character_chosen":"THE_SILENT","items_purchased":["Blade Dance","Deflect","Slice","Accuracy","Lee\u0027s Waffle","Finisher","Apotheosis"],"campfire_rested":2,"item_purchase_floors":[10,10,10,42,42,42,42],"current_hp_per_floor":[49,49,49,48,48,48,33,33,33,33,33,50,50,50,50,47,64,64,64,58,58,53,53,59,59,59,59,59,55,45,29,52,14,61,58,38,38,38,38,48,48,84,84,79,79,79,70,46,71,63,83,83,83,55,9],"gold":35,"neow_bonus":"REMOVE_TWO","is_daily":false,"chose_seed":false,"campfire_upgraded":8,"win_rate":0.0,"timestamp":1613630357,"path_taken":["M","M","?","?","M","R","E","R","T","$","M","?","R","E","R","BOSS","M","M","?","M","M","R","E","R","T","?","?","M","E","?","R","BOSS","M","?","?","?","?","E","R","?","T","M","M","R","E","M","R","BOSS","R","$","E","BOSS"],"items_purchased_type":["Card","Card","Card","Card","Relic","Card","Card"],"build_version":"2020-12-22","purchased_purges":2,"victory":true,"max_hp_per_floor":[70,70,70,70,70,70,70,70,70,70,70,70,70,70,70,70,70,70,70,70,70,70,70,77,77,77,77,77,77,77,77,77,77,77,77,77,77,77,77,77,77,84,84,84,84,84,84,84,84,89,89,89,89,89,89],"relic_stats":{"Centennial Puzzle":[37],"Lee\u0027s Waffle":36,"counters":[28,150],"Ornamental Fan":[120],"Turnip":[5],"Pen Nib":[3],"Bag of Preparation":[4],"Kunai":[152],"War Paint":["Deflect","Defend_G"],"Cursed Key":1,"obtain_stats":[{"Ice Cream":7,"Lee\u0027s Waffle":42,"Enchiridion":31,"Pen Nib":54,"Bag of Preparation":26,"War Paint":14,"Cursed Key":34,"Centennial Puzzle":27,"Ninja Scroll":30,"Ornamental Fan":47,"Strawberry":24,"Turnip":36,"Bag of Marbles":40,"Kunai":9,"Ring of the Snake":0,"Runic Pyramid":17},{"Ice Cream":5,"Lee\u0027s Waffle":21,"Enchiridion":15,"Pen Nib":27,"Bag of Preparation":13,"War Paint":7,"Cursed Key":16,"Centennial Puzzle":13,"Ninja Scroll":15,"Ornamental Fan":24,"Strawberry":13,"Turnip":18,"Bag of Marbles":21,"Kunai":5,"Ring of the Snake":0,"Runic Pyramid":8},{"Ice Cream":25,"Lee\u0027s Waffle":113,"Enchiridion":79,"Pen Nib":143,"Bag of Preparation":68,"War Paint":33,"Cursed Key":87,"Centennial Puzzle":68,"Ninja Scroll":79,"Ornamental Fan":124,"Strawberry":68,"Turnip":97,"Bag of Marbles":113,"Kunai":25,"Ring of the Snake":0,"Runic Pyramid":42}],"Ring of the Snake":[43]},"card_choices":[{"not_picked":["Prepared","Heel Hook"],"picked":"Quick Slash","floor":1},{"not_picked":["Sucker Punch","Flying Knee"],"picked":"Noxious Fumes","floor":2},{"not_picked":["Prepared","Backflip"],"picked":"Bouncing Flask","floor":4},{"not_picked":["Dagger Spray","Quick Slash"],"picked":"Dagger Throw","floor":5},{"not_picked":["Setup","Bullet Time"],"picked":"Blade Dance","floor":7},{"not_picked":["Dagger Spray","Bouncing Flask","Acrobatics"],"picked":"SKIP","floor":11},{"not_picked":["Underhanded Strike","Prepared"],"picked":"Endless Agony","floor":14},{"not_picked":["Envenom","Phantasmal Killer"],"picked":"Venomology","floor":16},{"not_picked":["Escape Plan","Deflect"],"picked":"Blade Dance","floor":18},{"not_picked":["Quick Slash+1","Setup"],"picked":"Caltrops","floor":19},{"not_picked":["Dagger Throw+1","Dagger Spray"],"picked":"Slice","floor":21},{"not_picked":["Flying Knee","Calculated Gamble"],"picked":"Cloak And Dagger+1","floor":22},{"not_picked":["Dash+1","Dagger Throw"],"picked":"Blade Dance+1","floor":24},{"not_picked":["Dash","Flying Knee"],"picked":"Deflect","floor":29},{"not_picked":["Setup","Noxious Fumes","All Out Attack+1"],"picked":"SKIP","floor":30},{"not_picked":["Phantasmal Killer","Tools of the Trade"],"picked":"Malaise","floor":33},{"not_picked":["Expertise","Dodge and Roll+1"],"picked":"Prepared","floor":35},{"not_picked":["Underhanded Strike+1","Predator+1"],"picked":"Concentrate+1","floor":36},{"not_picked":["Dagger Spray+1","Masterful Stab"],"picked":"PiercingWail+1","floor":38},{"not_picked":["Deadly Poison","Underhanded Strike+1","Sucker Punch"],"picked":"SKIP","floor":39},{"not_picked":["Die Die Die","Backflip+1"],"picked":"Endless Agony+1","floor":40},{"not_picked":["Dagger Throw+1","Deadly Poison","Expertise"],"picked":"SKIP","floor":44},{"not_picked":["Backflip+1","Eviscerate+1","Deflect"],"picked":"SKIP","floor":45},{"not_picked":["Dagger Throw+1","Flechettes+1","Deadly Poison+1"],"picked":"SKIP","floor":47},{"not_picked":["Terror+1","Dagger Throw+1"],"picked":"Escape Plan","floor":48},{"not_picked":["Reflex+1","All Out Attack","Grand Finale"],"picked":"SKIP","floor":54}],"player_experience":93920,"relics_obtained":[{"floor":7,"key":"Ice Cream"},{"floor":9,"key":"Kunai"},{"floor":14,"key":"War Paint"},{"floor":24,"key":"Strawberry"},{"floor":26,"key":"Bag of Preparation"},{"floor":30,"key":"Ninja Scroll"},{"floor":31,"key":"Enchiridion"},{"floor":36,"key":"Turnip"},{"floor":40,"key":"Bag of Marbles"},{"floor":47,"key":"Ornamental Fan"},{"floor":54,"key":"Pen Nib"}],"event_choices":[{"cards_removed":["Strike_G"],"damage_healed":0,"gold_gain":0,"player_choice":"Offered Basic","damage_taken":0,"max_hp_gain":0,"max_hp_loss":0,"event_name":"Bonfire Elementals","floor":3,"gold_loss":0},{"damage_healed":17,"gold_gain":0,"player_choice":"Healed","damage_taken":0,"max_hp_gain":0,"max_hp_loss":0,"event_name":"The Cleric","floor":12,"gold_loss":35},{"damage_healed":0,"gold_gain":0,"player_choice":"Joined the Cult","damage_taken":6,"max_hp_gain":0,"max_hp_loss":0,"event_name":"Nest","floor":20,"gold_loss":0,"cards_obtained":["RitualDagger"]},{"damage_healed":0,"gold_gain":0,"player_choice":"Obtained Relic","damage_taken":0,"relics_obtained":["Centennial Puzzle"],"max_hp_gain":0,"max_hp_loss":0,"event_name":"Addict","floor":27,"gold_loss":85},{"damage_healed":0,"gold_gain":0,"player_choice":"Ignored","damage_taken":0,"max_hp_gain":0,"max_hp_loss":0,"event_name":"The Mausoleum","floor":28,"gold_loss":0},{"damage_healed":0,"gold_gain":0,"player_choice":"Obtained Book","damage_taken":16,"max_hp_gain":0,"max_hp_loss":0,"event_name":"Cursed Tome","floor":31,"gold_loss":0},{"damage_healed":0,"gold_gain":0,"player_choice":"Fight","damage_taken":0,"max_hp_gain":0,"max_hp_loss":0,"event_name":"Mysterious Sphere","floor":36,"gold_loss":0},{"damage_healed":0,"gold_gain":0,"player_choice":"3 cards matched","damage_taken":0,"max_hp_gain":0,"max_hp_loss":0,"event_name":"Match and Keep!","floor":37,"gold_loss":0,"cards_obtained":["Catalyst","Flash of Steel","Envenom"]}],"is_beta":false,"boss_relics":[{"not_picked":["SacredBark","Calling Bell"],"picked":"Runic Pyramid"},{"not_picked":["Sozu","Velvet Choker"],"picked":"Cursed Key"}],"items_purged_floors":[42,53],"is_endless":false,"potions_floor_spawned":[4,7,14,16,18,22,36,39,40,44,45,48,54],"ascension_level":5}}