{"host":"c64dsqyrqv0ei9yn","time":1613643247,"event":{"mods":["BaseMod","Bestiary","Colored Map","Colored Powertips","Curses Come First","Koishi","LagranYue(ùfäiòNÅEåé)","MarisaÅiñ∂âJÅ@ñÇóùçπÅj","Minty Spire (QoL Compilation)","Prisma Mod","Random Character Button","ReimuÅiîé??öÎÅj","RemiliaÅiÂQïƒ‰ª?Åj","StSLib","The Alterego","The Marked","The Saiyan","The Senshi","The Servant 0.9.4","The Wild Card","slay the spire mod where everything is the same but ironclad has a cowboy hat"],"gold_per_floor":[111,130,141,160,33,33,67,67,113,129,144,144,144,178,178,282,282,297,43,62,62,72,72,104,64,64,79,79,99,111,130,130,226,226,243,262,276,276,276,304,304,324,349,363,363,378,411,63,63,63,63],"floor_reached":50,"language":"ENG","playtime":3408,"items_purged":["Strike_MRS","Decay"],"score":538,"play_id":"e881ee16-baa3-42e3-b012-586ad9018f98","local_time":"20210218101407","is_ascension_mode":false,"campfire_choices":[{"data":"MysteriousBeam","floor":6,"key":"SMITH"},{"data":"UpSweep","floor":8,"key":"SMITH"},{"floor":12,"key":"REST"},{"data":"DoubleSpark","floor":15,"key":"SMITH"},{"data":"CollectingQuirk","floor":23,"key":"SMITH"},{"floor":32,"key":"REST"},{"data":"MillisecondPulsars","floor":41,"key":"SMITH"},{"floor":45,"key":"REST"},{"data":"MachineGunSpark","floor":49,"key":"SMITH"}],"circlet_count":0,"master_deck":["Strike_MRS","Strike_MRS","Strike_MRS","Defend_MRS","Defend_MRS","Defend_MRS","Defend_MRS","MasterSpark","UpSweep+1","EventHorizon","MysteriousBeam+1","PowerUp","PulseMagic","DoubleSpark+1","6A","CollectingQuirk+1","FairyDestructionRay","OpenUniverse","UnstableBomb+1","DoubleSpark","Parasite","Parasite","GravityBeat+1","EnergyRecoil+1","MillisecondPulsars+1","AsteroidBelt+1","MachineGunSpark+1","EnergyFlow+1","Parasite"],"relics":["BewitchedHakkero","NeowsBlessing","Pantograph","Anchor","MealTicket","Shuriken","White Beast Statue","ZunR:ReiMu","ShroomBag","Cursed Key","Darkstone Periapt","RuthlessExorcism:ReiMu","AmplifyWand","Kunai","Letter Opener"],"acts_visited":["Exordium","TheCity","TheBeyond"],"potions_floor_usage":[14,16,24,24,29],"damage_taken":[{"damage":0,"enemies":"2 Louse","floor":1,"turns":1},{"damage":0,"enemies":"Jaw Worm","floor":2,"turns":1},{"damage":0,"enemies":"Small Slimes","floor":3,"turns":1},{"damage":0,"enemies":"3 Louse","floor":4,"turns":3},{"damage":16,"enemies":"3 Sentries","floor":7,"turns":7},{"damage":0,"enemies":"Exordium Wildlife","floor":10,"turns":3},{"damage":5,"enemies":"Exordium Thugs","floor":11,"turns":4},{"damage":3,"enemies":"Gremlin Nob","floor":14,"turns":3},{"damage":38,"enemies":"The Guardian","floor":16,"turns":9},{"damage":5,"enemies":"Spheric Guardian","floor":18,"turns":3},{"damage":0,"enemies":"Chosen","floor":20,"turns":2},{"damage":18,"enemies":"Shelled Parasite and Fungi","floor":22,"turns":5},{"damage":22,"enemies":"Slavers","floor":24,"turns":3},{"damage":11,"enemies":"Snecko","floor":27,"turns":4},{"damage":0,"enemies":"Cultist and Chosen","floor":29,"turns":2},{"damage":5,"enemies":"Shelled Parasite and Fungi","floor":30,"turns":3},{"damage":11,"enemies":"Snake Plant","floor":31,"turns":3},{"damage":64,"enemies":"Champ","floor":33,"turns":7},{"damage":36,"enemies":"3 Shapes","floor":35,"turns":4},{"damage":1,"enemies":"3 Darklings","floor":36,"turns":4},{"damage":1,"enemies":"Spire Growth","floor":37,"turns":4},{"damage":14,"enemies":"Giant Head","floor":40,"turns":6},{"damage":18,"enemies":"4 Shapes","floor":42,"turns":6},{"damage":15,"enemies":"Sphere and 2 Shapes","floor":44,"turns":4},{"damage":0,"enemies":"Writhing Mass","floor":46,"turns":4},{"damage":27,"enemies":"Nemesis","floor":47,"turns":7},{"damage":97,"enemies":"Time Eater","floor":50,"turns":6}],"seed_played":"-72151986513619009","potions_obtained":[{"floor":1,"key":"Regen Potion"},{"floor":3,"key":"Explosive Potion"},{"floor":11,"key":"Fire Potion"},{"floor":16,"key":"ZuzhouPotion:ReiMu"},{"floor":18,"key":"Explosive Potion"},{"floor":22,"key":"Energy Potion"},{"floor":24,"key":"BottledSpark"},{"floor":27,"key":"SteroidPotion"},{"floor":29,"key":"BlessingOfTheForge"},{"floor":36,"key":"Energy Potion"}],"is_trial":false,"path_per_floor":["M","M","M","M","$","R","E","R","T","M","M","R","?","E","R","B",null,"M","$","M","?","M","R","E","?","T","M","?","M","M","M","R","B",null,"M","M","M","?","$","E","R","M","T","M","R","M","E","$","R","B"],"character_chosen":"MARISA","items_purchased":["PowerUp","Shuriken","Kunai"],"campfire_rested":3,"item_purchase_floors":[5,19,48],"current_hp_per_floor":[75,75,75,75,75,75,59,59,59,59,54,75,75,72,72,52,75,70,75,75,75,57,57,35,35,35,26,26,26,25,14,36,1,75,39,42,43,48,63,53,53,39,45,34,58,68,47,62,62,0,0],"gold":63,"neow_bonus":"THREE_ENEMY_KILL","is_daily":false,"chose_seed":false,"campfire_upgraded":6,"win_rate":0.0,"timestamp":1613643247,"path_taken":["M","M","M","M","$","R","E","R","T","M","M","R","?","E","R","BOSS","M","$","M","?","M","R","E","?","T","M","?","M","M","M","R","BOSS","M","M","M","?","?","E","R","M","T","M","R","?","E","$","R","BOSS"],"items_purchased_type":["Card","Relic","Relic"],"build_version":"2020-12-22","purchased_purges":2,"victory":false,"max_hp_per_floor":[75,75,75,75,75,75,75,75,75,75,75,75,75,75,75,75,75,75,75,75,75,75,75,75,75,75,75,75,75,75,75,75,75,75,75,75,75,75,75,75,75,75,81,81,81,87,87,87,87,87,87],"card_choices":[{"not_picked":["DeepEcoloBomb","AsteroidBelt"],"picked":"EventHorizon","floor":1},{"not_picked":["GalacticHalo","WitchOfGreed"],"picked":"MysteriousBeam","floor":2},{"not_picked":["SuperPerseids","MeteoricShower"],"picked":"DC","floor":3},{"not_picked":["Robbery","ShootTheMoon","MagicAbsorber"],"picked":"SKIP","floor":4},{"not_picked":["PowerUp","UnstableBomb","MagicAbsorber"],"picked":"SKIP","floor":7},{"not_picked":["GrandCross","MachineGunSpark"],"picked":"PulseMagic","floor":10},{"not_picked":["EnergyFlow","LuminesStrike"],"picked":"DoubleSpark","floor":11},{"not_picked":["Orbital","Acceleration"],"picked":"6A","floor":14},{"not_picked":["StarDustReverie","MaximisePower"],"picked":"CollectingQuirk","floor":16},{"not_picked":["MachineGunSpark","PulseMagic"],"picked":"FairyDestructionRay","floor":18},{"not_picked":["UnstableBomb","SporeBomb"],"picked":"OpenUniverse","floor":20},{"not_picked":["SporeBomb+1","MysteriousBeam"],"picked":"UnstableBomb+1","floor":22},{"not_picked":["DC","GalacticHalo"],"picked":"DoubleSpark","floor":24},{"not_picked":["DragonMeteor","Occultation+1"],"picked":"GravityBeat+1","floor":27},{"not_picked":["DarkSpark","6A"],"picked":"EnergyRecoil+1","floor":29},{"not_picked":["EventHorizon","DarkSpark+1","ShootingEcho"],"picked":"SKIP","floor":30},{"not_picked":["EnergyRecoil+1","Singularity","WitchOfGreed"],"picked":"SKIP","floor":31},{"not_picked":["SatelliteIllusion","CollectingQuirk"],"picked":"MillisecondPulsars","floor":33},{"not_picked":["DoubleSpark","6A+1"],"picked":"AsteroidBelt+1","floor":35},{"not_picked":["PulseMagic","DoubleSpark+1"],"picked":"MachineGunSpark","floor":36},{"not_picked":["ChargeUpSpray+1","ChargingUp"],"picked":"EnergyFlow+1","floor":37},{"not_picked":["WitchLeyline+1","DoubleSpark","MagicAbsorber+1"],"picked":"SKIP","floor":40},{"not_picked":["DoubleSpark+1","CollectingQuirk","AsteroidBelt+1"],"picked":"SKIP","floor":42},{"not_picked":["DoubleSpark+1","MysteriousBeam+1","GravityBeat"],"picked":"SKIP","floor":44},{"not_picked":["ShootingEcho+1","6A","WitchOfGreed+1"],"picked":"SKIP","floor":46},{"not_picked":["Occultation+1","IllusionStar","BlazeAway+1"],"picked":"SKIP","floor":47}],"player_experience":91624,"relics_obtained":[{"floor":7,"key":"Pantograph"},{"floor":9,"key":"Anchor"},{"floor":14,"key":"MealTicket"},{"floor":24,"key":"White Beast Statue"},{"floor":26,"key":"ShroomBag"},{"floor":40,"key":"Darkstone Periapt"},{"floor":43,"key":"RuthlessExorcism:ReiMu"},{"floor":47,"key":"AmplifyWand"}],"event_choices":[{"damage_healed":0,"gold_gain":0,"player_choice":"Ignored","damage_taken":0,"max_hp_gain":0,"max_hp_loss":0,"event_name":"The Mausoleum","floor":21,"gold_loss":0},{"damage_healed":0,"gold_gain":0,"player_choice":"Keep O-miki","damage_taken":0,"relics_obtained":["ZunR:ReiMu"],"max_hp_gain":0,"max_hp_loss":0,"event_name":"ZunEvent","floor":25,"gold_loss":40},{"damage_healed":0,"gold_gain":0,"player_choice":"Ignored","damage_taken":0,"max_hp_gain":0,"max_hp_loss":0,"event_name":"Beggar","floor":28,"gold_loss":0},{"cards_removed":["DC"],"damage_healed":5,"gold_gain":0,"player_choice":"Offered Common","damage_taken":0,"max_hp_gain":0,"max_hp_loss":0,"event_name":"Bonfire Elementals","floor":38,"gold_loss":0},{"cards_removed":["DC"],"damage_healed":5,"gold_gain":0,"player_choice":"Offered Special","damage_taken":0,"max_hp_gain":0,"max_hp_loss":0,"event_name":"Bonfire Elementals","floor":38,"gold_loss":0}],"is_beta":false,"boss_relics":[{"not_picked":["Calling Bell","Fusion Hammer"],"picked":"BewitchedHakkero"},{"not_picked":["RedLine:ReiMu","Empty Cage"],"picked":"Cursed Key"}],"items_purged_floors":[5,48],"is_endless":false,"potions_floor_spawned":[1,3,11,16,18,22,24,27,29,30,31,33,35,36,37,40,42,44,46,47],"killed_by":"Time Eater","ascension_level":0}}