{"host":"zzgvnd5w85j1s2e6","time":1613667656,"event":{"mods":["Act Like it!","BaseMod","Hallownest","Minty Spire (QoL Compilation)","Replay The Spire","StSLib","The Bug Knight"],"gold_per_floor":[114,114,64,64,83,83,102,121,146,165,165,184,126,126,126,251,251,270,289,289,289,308,346,346,114,189,208,246,265,190,228,228,353,453,472,491,511,511,511,549,549,568,568,606,606,625,644,663,663,663],"floor_reached":51,"language":"ZHS","playtime":3523,"items_purged":[],"score":959,"play_id":"e44877e4-adb1-40c0-bd0f-7100a2d542a5","local_time":"20210219010056","daily_mods":["Cursed Run","ControlledChaos","Lethality"],"is_ascension_mode":false,"campfire_choices":[{"data":"Coolheaded","floor":6.0,"key":"SMITH"},{"data":"Crystallizer","floor":15.0,"key":"SMITH"},{"data":"Defragment","floor":24.0,"key":"SMITH"},{"data":"Storm","floor":32.0,"key":"SMITH"},{"data":"FIFO Queue","floor":41,"key":"SMITH"},{"data":"Seek","floor":49,"key":"SMITH"}],"circlet_count":0,"master_deck":["Strike_B","Strike_B","Strike_B","Defend_B","Defend_B","Zap","Dualcast","Self Repair","Injury","Rainbow","Coolheaded+1","Panic Button+1","Defragment+1","Loop","Crystallizer+1","FIFO Queue+1","ReplayTheSpireMod:Omega Cannon+1","Seek+1","Double Energy+1","Rebound+1","Ball Lightning+1","Coolheaded+1","Storm+1","Amnesia","Time Bomb","Barrage","Heatsinks+1","Hallucinations","Thunder Strike","Ball Lightning+1","Glacier+1","Compile Driver","ReplayTheSpireMod:Doomed","BasicCrystalCard+1","Pride","Electrodynamics","Conserve Battery+1","CommonCold"],"relics":["Cursed Key","Darkstone Periapt","Du-Vu Doll","Frozen Eye","Golden Idol","Centennial Puzzle","Black Star","HornCleat","ReplayTheSpireMod:TigerMarble","Geode","Meat on the Bone","Replay:Baseball","Gremlin Horn","Replay:Ringing Soul","Eternal Feather","Replay:Wanted Poster","White Beast Statue","War Paint","Potion Belt","Juzu Bracelet","Replay:Kaleidoscope"],"acts_visited":["Exordium","TheCity","Hallownest:KingdomsEdge"],"potions_floor_usage":[50],"damage_taken":[{"damage":9.0,"enemies":"Jaw Worm","floor":1.0,"turns":2.0},{"damage":14.0,"enemies":"2 Louse","floor":5.0,"turns":4.0},{"damage":0.0,"enemies":"Cultist","floor":7.0,"turns":2.0},{"damage":6.0,"enemies":"Looter","floor":8.0,"turns":3.0},{"damage":3.0,"enemies":"Blue Slaver","floor":10.0,"turns":2.0},{"damage":11.0,"enemies":"Exordium Wildlife","floor":12.0,"turns":5.0},{"damage":24.0,"enemies":"Slime Boss","floor":16.0,"turns":5.0},{"damage":0.0,"enemies":"3 Byrds","floor":18.0,"turns":2.0},{"damage":0.0,"enemies":"2 Thieves","floor":19.0,"turns":1.0},{"damage":0.0,"enemies":"3 Cultists","floor":22.0,"turns":2.0},{"damage":29.0,"enemies":"Book of Stabbing","floor":23.0,"turns":3.0},{"damage":0.0,"enemies":"Snecko","floor":27.0,"turns":3.0},{"damage":6.0,"enemies":"HollowMod:Nosk","floor":28.0,"turns":4.0},{"damage":1.0,"enemies":"Snake Plant","floor":29.0,"turns":4.0},{"damage":0.0,"enemies":"Slavers","floor":31.0,"turns":1.0},{"damage":28.0,"enemies":"Pondfish","floor":33.0,"turns":4.0},{"damage":0.0,"enemies":"Hallownest:Shield_Heavy","floor":35.0,"turns":2.0},{"damage":0.0,"enemies":"Hallownest:2_Littles","floor":36.0,"turns":1.0},{"damage":4,"enemies":"Hallownest:eliteCollector","floor":40,"turns":4},{"damage":13,"enemies":"Hallownest:2_Great","floor":42,"turns":3},{"damage":15,"enemies":"Hallownest:eliteHiveKnight","floor":44,"turns":4},{"damage":35,"enemies":"Hallownest:Xero_Hu_Marmu","floor":46,"turns":3},{"damage":0,"enemies":"Hallownest:2_Wandering_and_1_Horned","floor":47,"turns":2},{"damage":32,"enemies":"Hallownest:monsterPrimalAspid","floor":48,"turns":3},{"damage":47,"enemies":"Hallownest:Radiance","floor":50,"turns":5}],"seed_played":"-4060160915487772418","potions_obtained":[{"floor":1.0,"key":"SteroidPotion"},{"floor":5.0,"key":"PowerPotion"},{"floor":16.0,"key":"GamblersBrew"},{"floor":19.0,"key":"Weak Potion"},{"floor":28.0,"key":"SteroidPotion"},{"floor":31.0,"key":"FocusPotion"},{"floor":33.0,"key":"SkillPotion"},{"floor":42,"key":"CultistPotion"},{"floor":44,"key":"Block Potion"},{"floor":46,"key":"FairyPotion"},{"floor":47,"key":"Adrenaline Potion"}],"is_trial":false,"path_per_floor":["M","?","?","?","M","R","M","M","T","M","?","M","$","?","R","B",null,"M","M","?","$","M","E","R","$","T","M","E","M","?","E","R","B",null,"M","M","?","?","?","E","R","M","T","E","?","M","M","M","R","B",null],"character_chosen":"DEFECT","items_purchased":["FIFO Queue","Storm","Geode"],"campfire_rested":0,"item_purchase_floors":[13,25,25],"current_hp_per_floor":[66,72,72,72,65,65,65,66,72,76,69,65,65,65,65,54,93,93,93,93,93,93,64,64,64,70,70,74,80,80,83,98,86,111,114,117,117,117,117,116,120,107,116,111,120,88,88,78,99,80],"gold":663,"neow_bonus":"","is_daily":true,"chose_seed":false,"campfire_upgraded":6,"win_rate":0.0,"timestamp":1613667656,"path_taken":["M","?","?","?","M","R","M","M","T","?","?","M","?","?","R","BOSS","M","M","?","$","M","E","R","?","T","M","E","M","?","E","R","BOSS","M","M","?","?","?","E","R","M","T","E","?","M","M","M","R","BOSS"],"items_purchased_type":["Card","Card","Relic"],"build_version":"2020-12-22","purchased_purges":0,"victory":true,"max_hp_per_floor":[75,81,81,81,81,81,81,81,87,87,87,87,87,87,87,93,93,93,93,93,93,93,93,93,93,99,99,99,99,99,102,102,111,111,114,117,117,117,117,120,120,120,129,132,141,144,144,147,147,156],"card_choices":[{"not_picked":["Heatsinks","BasicCrystalCard"],"picked":"Self Repair","floor":1.0},{"not_picked":["Streamline","Recycle"],"picked":"Coolheaded","floor":5.0},{"not_picked":["Cold Snap","Sweeping Beam"],"picked":"Panic Button","floor":7.0},{"not_picked":["ReplaySolidLightProjector","Stack"],"picked":"Defragment","floor":8.0},{"not_picked":["Sweeping Beam","Consume"],"picked":"Loop","floor":10.0},{"not_picked":["Compile Driver","Rebound"],"picked":"Crystallizer","floor":12.0},{"not_picked":["Biased Cognition","Multi-Cast"],"picked":"Seek","floor":16.0},{"not_picked":["Lockon","Loop"],"picked":"Double Energy","floor":18.0},{"not_picked":["ReplayTheSpireMod:GoodbyeWorld","Coolheaded"],"picked":"Rebound+1","floor":19.0},{"not_picked":["Darkness","Doom and Gloom"],"picked":"Ball Lightning+1","floor":22.0},{"not_picked":["Hello World+1","Scrape+1"],"picked":"Coolheaded+1","floor":23.0},{"not_picked":["Aggregate","Reinforced Body+1"],"picked":"Time Bomb","floor":27.0},{"not_picked":["Beam Cell","Go for the Eyes+1","Sweeping Beam"],"picked":"SKIP","floor":28.0},{"not_picked":["Biased Cognition","Redo"],"picked":"Barrage","floor":29.0},{"not_picked":["Blizzard","Leap"],"picked":"Heatsinks+1","floor":31.0},{"not_picked":["ReplayRNGCard","ReplayTheSpireMod:Omega Cannon"],"picked":"Thunder Strike","floor":33.0},{"not_picked":["Hologram","Redo"],"picked":"Ball Lightning+1","floor":35.0},{"not_picked":["Conserve Battery+1","Lockon"],"picked":"Glacier+1","floor":36.0},{"not_picked":["Barrage","Sunder+1"],"picked":"Compile Driver","floor":40},{"not_picked":["Leap","Auto Shields","Rip and Tear+1"],"picked":"SKIP","floor":42},{"not_picked":["ReplayTheSpireMod:Repulse","Hologram+1"],"picked":"BasicCrystalCard+1","floor":44},{"not_picked":["BootSequence+1","Panic Button"],"picked":"Electrodynamics","floor":46},{"not_picked":["Go for the Eyes+1","Auto Shields","Barrage"],"picked":"SKIP","floor":47},{"not_picked":["Reinforced Body","Sunder"],"picked":"Conserve Battery+1","floor":48}],"player_experience":437015,"relics_obtained":[{"floor":9.0,"key":"Centennial Puzzle"},{"floor":23.0,"key":"HornCleat"},{"floor":23.0,"key":"ReplayTheSpireMod:TigerMarble"},{"floor":26.0,"key":"Meat on the Bone"},{"floor":28.0,"key":"Replay:Baseball"},{"floor":28.0,"key":"Gremlin Horn"},{"floor":31.0,"key":"Replay:Ringing Soul"},{"floor":31.0,"key":"Eternal Feather"},{"floor":40,"key":"White Beast Statue"},{"floor":40,"key":"War Paint"},{"floor":43,"key":"Potion Belt"},{"floor":44,"key":"Juzu Bracelet"},{"floor":44,"key":"Replay:Kaleidoscope"}],"event_choices":[{"damage_healed":0.0,"max_hp_gain":0.0,"max_hp_loss":0.0,"gold_gain":0.0,"event_name":"Golden Idol","player_choice":"Take Wound","floor":2.0,"gold_loss":0.0,"damage_taken":0.0,"relics_obtained":["Golden Idol"],"cards_obtained":["Injury"]},{"cards_removed":["Defend_B"],"damage_healed":0.0,"max_hp_gain":0.0,"max_hp_loss":0.0,"gold_gain":0.0,"event_name":"The Cleric","player_choice":"Card Removal","floor":3.0,"gold_loss":50.0,"damage_taken":0.0},{"damage_healed":0.0,"max_hp_gain":0.0,"max_hp_loss":0.0,"gold_gain":0.0,"cards_transformed":["Strike_B"],"event_name":"Living Wall","player_choice":"Change","floor":4.0,"gold_loss":0.0,"damage_taken":0.0,"cards_obtained":["Rainbow"]},{"cards_removed":["Overencumbered"],"damage_healed":0.0,"max_hp_gain":0.0,"max_hp_loss":0.0,"gold_gain":0.0,"event_name":"Golden Wing","player_choice":"Card Removal","floor":11.0,"gold_loss":0.0,"damage_taken":7.0},{"cards_removed":["Normality"],"damage_healed":0.0,"max_hp_gain":0.0,"max_hp_loss":0.0,"gold_gain":0.0,"event_name":"Purifier","player_choice":"Purged","floor":20.0,"gold_loss":0.0,"damage_taken":0.0},{"cards_removed":["Defend_B"],"damage_healed":0.0,"max_hp_gain":0.0,"max_hp_loss":0.0,"gold_gain":0.0,"event_name":"Beggar","player_choice":"Gave Gold","floor":30.0,"gold_loss":75.0,"damage_taken":0.0}],"is_beta":false,"boss_relics":[{"not_picked":["SacredBark","Astrolabe"],"picked":"Black Star"},{"not_picked":["Empty Cage","Honey Jar"],"picked":"Replay:Wanted Poster"}],"items_purged_floors":[],"is_endless":false,"potions_floor_spawned":[1,5,16,19,28,31,33,42,44,46,47,48],"ascension_level":0}}