{"host":"tlbbab9afexrkdtf","time":1613606843,"event":{"mods":["2.2 Compatiblity","AchievementEnabler","BaseMod","Colored Map","Colored Powertips","Minty Spire (QoL Compilation)","Rare Cards Sparkle","StSLib"],"gold_per_floor":[369,419,437,69,85,85,115,115,160,15,33,33,33,62,62,160,160,171,187,187,16,36,36,36,36,114,29,29,43,43,57,57,162,162,177,177,177,190,190,190,225,225,225],"floor_reached":42,"language":"ENG","playtime":1243,"items_purged":["Strike_R","Strike_R"],"score":596,"play_id":"0890e443-f750-434e-a336-1f5f5ca5a516","local_time":"20210217190723","is_ascension_mode":true,"campfire_choices":[{"floor":6,"key":"REST"},{"floor":13,"key":"REST"},{"floor":15,"key":"REST"},{"floor":23,"key":"RECALL"},{"data":"Demon Form","floor":25,"key":"SMITH"},{"data":"Feel No Pain","floor":30,"key":"SMITH"},{"floor":32,"key":"REST"},{"floor":40,"key":"REST"}],"circlet_count":0,"master_deck":["Strike_R","Defend_R","Defend_R","Defend_R+1","Defend_R+1","Bash","Clothesline","Disarm","Demon Form+1","Cleave","Havoc","Headbutt","Immolate","Twin Strike+1","Heavy Blade","Flex","Wild Strike","Bloodletting","Writhe","Feel No Pain+1","Pummel+1","Fiend Fire","Disarm","Second Wind+1","Anger","Bludgeon"],"relics":["Burning Blood","Charon\u0027s Ashes","Orichalcum","War Paint","MealTicket","Gremlin Horn","Mark of Pain","Tiny Chest","The Courier","Toy Ornithopter","Paper Frog","Black Star","HornCleat","Bottled Flame","Turnip"],"acts_visited":["Exordium","TheCity","TheBeyond"],"potions_floor_usage":[7,16,29,29,33,41],"damage_taken":[{"damage":19,"enemies":"Jaw Worm","floor":1,"turns":5},{"damage":3,"enemies":"2 Louse","floor":3,"turns":2},{"damage":0,"enemies":"Cultist","floor":5,"turns":3},{"damage":11,"enemies":"3 Sentries","floor":7,"turns":7},{"damage":12,"enemies":"Exordium Thugs","floor":11,"turns":5},{"damage":37,"enemies":"Lagavulin","floor":14,"turns":7},{"damage":14,"enemies":"Slime Boss","floor":16,"turns":8},{"damage":26,"enemies":"3 Byrds","floor":18,"turns":6},{"damage":5,"enemies":"Spheric Guardian","floor":19,"turns":3},{"damage":13,"enemies":"Chosen and Byrds","floor":22,"turns":4},{"damage":19,"enemies":"Centurion and Healer","floor":29,"turns":7},{"damage":36,"enemies":"Snake Plant","floor":31,"turns":4},{"damage":63,"enemies":"Champ","floor":33,"turns":8},{"damage":8,"enemies":"3 Darklings","floor":35,"turns":3},{"damage":49,"enemies":"3 Shapes","floor":38,"turns":3},{"damage":18,"enemies":"Reptomancer","floor":41,"turns":5},{"damage":46,"enemies":"Spire Growth","floor":42,"turns":4}],"seed_played":"-1223938073704702521","potions_obtained":[{"floor":5,"key":"EssenceOfSteel"},{"floor":14,"key":"FearPotion"},{"floor":18,"key":"Swift Potion"},{"floor":22,"key":"Regen Potion"},{"floor":29,"key":"Dexterity Potion"},{"floor":38,"key":"AttackPotion"}],"is_trial":false,"path_per_floor":["M","?","M","$","M","R","E","?","T","$","M","T","R","E","R","B",null,"M","M","?","$","M","R","?","R","T","?","T","M","R","M","R","B",null,"M","T","?","M","?","R","E","M"],"character_chosen":"IRONCLAD","items_purchased":["Charon\u0027s Ashes","MealTicket","Flex","Wild Strike"],"campfire_rested":5,"item_purchase_floors":[4,10,21,21],"current_hp_per_floor":[43,43,46,46,52,76,71,71,71,71,65,65,80,49,73,65,76,56,57,62,77,70,70,70,70,70,70,70,79,79,49,73,21,65,63,63,63,20,20,44,37,0,0],"gold":225,"neow_bonus":"TWO_FIFTY_GOLD","is_daily":false,"chose_seed":false,"campfire_upgraded":2,"win_rate":0.0,"timestamp":1613606843,"path_taken":["M","?","M","?","M","R","E","?","T","$","?","?","R","E","R","BOSS","M","M","?","$","?","R","?","R","T","?","?","M","R","?","R","BOSS","M","?","?","?","?","R","E","M"],"items_purchased_type":["Relic","Relic","Card","Card"],"build_version":"2020-12-22","purchased_purges":2,"victory":false,"max_hp_per_floor":[80,80,80,80,80,80,80,80,80,80,80,80,80,80,80,80,80,80,80,80,80,80,80,80,80,80,80,80,80,80,80,80,80,80,80,80,80,80,80,80,80,80,80],"card_choices":[{"not_picked":["Sword Boomerang","True Grit"],"picked":"Clash","floor":1},{"not_picked":["Wild Strike","Pommel Strike"],"picked":"Clothesline","floor":3},{"not_picked":["Iron Wave","Pummel"],"picked":"Disarm","floor":5},{"not_picked":["Uppercut","Corruption"],"picked":"Demon Form","floor":7},{"not_picked":["Anger","Cleave"],"picked":"Havoc","floor":11},{"not_picked":["Clothesline","Twin Strike"],"picked":"Headbutt","floor":14},{"not_picked":["Berserk","Juggernaut"],"picked":"Immolate","floor":16},{"not_picked":["Clothesline+1","Iron Wave"],"picked":"Twin Strike+1","floor":18},{"not_picked":["Body Slam","Fire Breathing"],"picked":"Heavy Blade","floor":19},{"not_picked":["Intimidate","Cleave"],"picked":"Bloodletting","floor":22},{"not_picked":["Wild Strike","Whirlwind"],"picked":"Feel No Pain","floor":29},{"not_picked":["Cleave+1","Body Slam"],"picked":"Pummel+1","floor":31},{"not_picked":["Barricade","Feed"],"picked":"Fiend Fire","floor":33},{"not_picked":["Burning Pact+1","Anger"],"picked":"Disarm","floor":35},{"not_picked":["Feel No Pain","Flame Barrier"],"picked":"Second Wind+1","floor":38},{"not_picked":["Pommel Strike","Perfected Strike+1"],"picked":"Bludgeon","floor":41}],"player_experience":322602,"relics_obtained":[{"floor":7,"key":"Orichalcum"},{"floor":9,"key":"War Paint"},{"floor":14,"key":"Gremlin Horn"},{"floor":26,"key":"The Courier"},{"floor":28,"key":"Paper Frog"},{"floor":36,"key":"HornCleat"},{"floor":41,"key":"Bottled Flame"},{"floor":41,"key":"Turnip"}],"event_choices":[{"damage_healed":0,"gold_gain":50,"player_choice":"Gained Gold","damage_taken":0,"max_hp_gain":0,"max_hp_loss":0,"event_name":"Golden Wing","floor":2,"gold_loss":0},{"damage_healed":0,"gold_gain":0,"player_choice":"1 cards matched","damage_taken":0,"max_hp_gain":0,"max_hp_loss":0,"event_name":"Match and Keep!","floor":8,"gold_loss":0,"cards_obtained":["Cleave"]},{"cards_removed":["Clash"],"damage_healed":5,"gold_gain":0,"player_choice":"Offered Common","damage_taken":0,"max_hp_gain":0,"max_hp_loss":0,"event_name":"Bonfire Elementals","floor":20,"gold_loss":0},{"cards_removed":["Clash"],"damage_healed":5,"gold_gain":0,"player_choice":"Offered Special","damage_taken":0,"max_hp_gain":0,"max_hp_loss":0,"event_name":"Bonfire Elementals","floor":20,"gold_loss":0},{"damage_healed":0,"gold_gain":0,"player_choice":"Opened","damage_taken":0,"relics_obtained":["Tiny Chest"],"max_hp_gain":0,"max_hp_loss":0,"event_name":"The Mausoleum","floor":24,"gold_loss":0,"cards_obtained":["Writhe"]},{"damage_healed":0,"gold_gain":0,"player_choice":"Obtained Relic","damage_taken":0,"relics_obtained":["Toy Ornithopter"],"max_hp_gain":0,"max_hp_loss":0,"event_name":"Addict","floor":27,"gold_loss":85},{"cards_removed":["Strike_R"],"damage_healed":0,"gold_gain":0,"player_choice":"Removed Attack","damage_taken":0,"max_hp_gain":0,"max_hp_loss":0,"event_name":"Falling","floor":37,"gold_loss":0},{"damage_healed":0,"gold_gain":0,"cards_transformed":["Strike_R"],"player_choice":"Transformed","damage_taken":0,"max_hp_gain":0,"max_hp_loss":0,"event_name":"Transmorgrifier","floor":39,"gold_loss":0,"cards_obtained":["Anger"]}],"is_beta":false,"boss_relics":[{"not_picked":["Runic Dome","Philosopher\u0027s Stone"],"picked":"Mark of Pain"},{"not_picked":["Runic Cube","Velvet Choker"],"picked":"Black Star"}],"items_purged_floors":[4,21],"is_endless":false,"potions_floor_spawned":[5,14,18,22,29,38],"killed_by":"Spire Growth","ascension_level":5}}