{"host":"6tclm4iu2bb2z3rt","time":1613675750,"event":{"mods":["BaseMod","Downfall","Minty Spire (QoL Compilation)","Quick Restart","Reliquary","StSLib"],"gold_per_floor":[11,11,24,43,43,43,43,43,67,17,28,28,28,28,28,126,126,143,157,176,176,101,101,101,101],"floor_reached":24,"language":"ZHS","playtime":660,"items_purged":["Strike_R"],"score":294,"play_id":"f439088d-8079-4755-9d7c-9d2759d748e2","local_time":"20210219031550","is_ascension_mode":true,"campfire_choices":[{"data":"Searing Blow","floor":6.0,"key":"SMITH"},{"data":"Searing Blow+1","floor":8.0,"key":"SMITH"},{"data":"Searing Blow+2","floor":13.0,"key":"SMITH"},{"data":"Searing Blow+3","floor":15.0,"key":"SMITH"},{"data":"Searing Blow+4","floor":23,"key":"SMITH"}],"circlet_count":0,"master_deck":["AscendersBane","Strike_R","Defend_R","Defend_R","Defend_R","Defend_R","Bash","Evolve","Searing Blow+5","Shrug It Off","Corruption"],"relics":["Burning Blood","Ginger","Juzu Bracelet","reliquary:ThirdArm"],"acts_visited":["Exordium","TheCity"],"potions_floor_usage":[20],"damage_taken":[{"damage":5.0,"enemies":"Small Slimes","floor":1.0,"turns":5.0},{"damage":10.0,"enemies":"Cultist","floor":3.0,"turns":4.0},{"damage":14.0,"enemies":"Jaw Worm","floor":4.0,"turns":4.0},{"damage":22.0,"enemies":"Lots of Slimes","floor":11.0,"turns":5.0},{"damage":38.0,"enemies":"Slime Boss","floor":16.0,"turns":7.0},{"damage":29.0,"enemies":"Chosen","floor":18.0,"turns":5.0},{"damage":31.0,"enemies":"2 Thieves","floor":19.0,"turns":5.0},{"damage":17,"enemies":"Snecko","floor":20,"turns":5},{"damage":20,"enemies":"Gremlin Leader","floor":24,"turns":2}],"seed_played":"5544103642665469555","potions_obtained":[{"floor":2.0,"key":"Swift Potion"},{"floor":2.0,"key":"CultistPotion"},{"floor":3.0,"key":"BloodPotion"},{"floor":4.0,"key":"Regen Potion"},{"floor":19.0,"key":"SkillPotion"}],"is_trial":false,"path_per_floor":["M","?","M","M","?","R","$","R","T","?","M","?","R","$","R","B",null,"M","M","M","?","$","R","E"],"character_chosen":"IRONCLAD","items_purchased":[],"campfire_rested":0,"item_purchase_floors":[],"current_hp_per_floor":[73,73,69,61,61,61,61,61,61,61,61,61,61,61,61,41,70,47,22,11,11,11,11,0,0],"gold":101,"neow_bonus":"ONE_RARE_RELIC","is_daily":false,"chose_seed":false,"campfire_upgraded":5,"win_rate":0.0,"timestamp":1613675750,"path_taken":["M","?","?","M","?","R","$","R","T","?","M","?","R","$","R","BOSS","M","M","M","?","$","R","E"],"items_purchased_type":[],"build_version":"2020-12-22","purchased_purges":1,"victory":false,"max_hp_per_floor":[80,80,80,80,80,80,80,80,80,80,80,80,80,80,80,80,80,80,80,80,80,80,80,80,80],"card_choices":[{"not_picked":["Sword Boomerang","Headbutt"],"picked":"Evolve","floor":1.0},{"not_picked":["Clash","Anger"],"picked":"Searing Blow","floor":3.0},{"not_picked":["Thunderclap","Havoc"],"picked":"Shrug It Off","floor":4.0},{"not_picked":["Entrench","Thunderclap","Flex"],"picked":"SKIP","floor":11.0},{"not_picked":["Brutality","Barricade"],"picked":"Corruption","floor":16.0},{"not_picked":["Clash","Heavy Blade","Fire Breathing"],"picked":"SKIP","floor":18.0},{"not_picked":["Thunderclap","Combust","Sever Soul"],"picked":"SKIP","floor":19.0},{"not_picked":["Shockwave","Havoc+1","Clothesline"],"picked":"SKIP","floor":20}],"player_experience":284606,"relics_obtained":[{"floor":9.0,"key":"Juzu Bracelet"}],"event_choices":[{"damage_healed":0.0,"max_hp_gain":0.0,"max_hp_loss":0.0,"gold_gain":0.0,"event_name":"Lab","player_choice":"Got Potions","floor":2.0,"gold_loss":0.0,"damage_taken":0.0},{"damage_healed":0.0,"max_hp_gain":0.0,"max_hp_loss":0.0,"gold_gain":0.0,"event_name":"Match and Keep!","player_choice":"0 cards matched","floor":5.0,"gold_loss":0.0,"damage_taken":0.0,"cards_obtained":[]},{"cards_removed":["Strike_R"],"damage_healed":0.0,"max_hp_gain":0.0,"max_hp_loss":0.0,"gold_gain":0.0,"event_name":"The Cleric","player_choice":"Card Removal","floor":10.0,"gold_loss":50.0,"damage_taken":0.0},{"cards_removed":["Strike_R"],"damage_healed":0.0,"max_hp_gain":0.0,"max_hp_loss":0.0,"gold_gain":0.0,"event_name":"Living Wall","player_choice":"Forget","floor":12.0,"gold_loss":0.0,"damage_taken":0.0},{"cards_removed":["Strike_R"],"damage_healed":0,"gold_gain":0,"player_choice":"Elegance","damage_taken":0,"max_hp_gain":0,"max_hp_loss":0,"event_name":"Back to Basics","floor":21,"gold_loss":0}],"is_beta":false,"boss_relics":[{"not_picked":["Coffee Dripper","Runic Cube"],"picked":"reliquary:ThirdArm"}],"items_purged_floors":[22],"is_endless":false,"potions_floor_spawned":[3,4,19],"killed_by":"Gremlin Leader","ascension_level":12}}