{"host":"x52zk6e1f2bye2h7","time":1613688184,"event":{"mods":["AchievementEnabler","BaseMod","Highlight Path","Minty Spire (QoL Compilation)","everything is the same but u backflip on backflip"],"gold_per_floor":[112,130,55,68,84,111,111,138,177,189,236,263,275,301,313,422,434,461,499,530,467,217,217,236,3,3,3,37,49,60,60,60,60,60],"floor_reached":33,"language":"ENG","playtime":1382,"items_purged":["Strike_B","Zap"],"score":316,"play_id":"ef35c2fd-d0d5-4246-8d1e-3eec682ea41a","local_time":"20210218224304","is_ascension_mode":true,"campfire_choices":[{"floor":7,"key":"REST"},{"data":"Doom and Gloom","floor":10,"key":"SMITH"},{"data":"Loop","floor":15,"key":"SMITH"},{"floor":23,"key":"REST"},{"floor":27,"key":"REST"},{"floor":32,"key":"REST"}],"circlet_count":0,"master_deck":["Defend_B","Defend_B","Defend_B","Defend_B","Dualcast","Doom and Gloom+1","Conserve Battery","Multi-Cast","Loop+1","Echo Form","Hologram+1","Sunder+1","Loop","Loop+1","Capacitor","BootSequence","FTL"],"relics":["Cracked Core","Du-Vu Doll","MawBank","Regal Pillow","Anchor","Astrolabe","Red Mask","Bottled Tornado","Membership Card","InkBottle","The Courier","Tiny Chest"],"acts_visited":["Exordium","TheCity"],"potions_floor_usage":[6,8,11,16,19,28,28,33,33],"damage_taken":[{"damage":7,"enemies":"Small Slimes","floor":1,"turns":4},{"damage":0,"enemies":"Cultist","floor":2,"turns":3},{"damage":11,"enemies":"Jaw Worm","floor":4,"turns":4},{"damage":1,"enemies":"2 Fungi Beasts","floor":5,"turns":4},{"damage":19,"enemies":"Lagavulin","floor":6,"turns":6},{"damage":16,"enemies":"3 Sentries","floor":8,"turns":5},{"damage":14,"enemies":"Gremlin Nob","floor":11,"turns":4},{"damage":0,"enemies":"Lots of Slimes","floor":12,"turns":1},{"damage":0,"enemies":"3 Louse","floor":14,"turns":2},{"damage":34,"enemies":"Hexaghost","floor":16,"turns":6},{"damage":2,"enemies":"Chosen","floor":18,"turns":4},{"damage":44,"enemies":"Masked Bandits","floor":19,"turns":4},{"damage":17,"enemies":"3 Byrds","floor":20,"turns":3},{"damage":13,"enemies":"Snecko","floor":24,"turns":4},{"damage":55,"enemies":"Book of Stabbing","floor":28,"turns":8},{"damage":6,"enemies":"Snake Plant","floor":29,"turns":4},{"damage":6,"enemies":"Sentry and Sphere","floor":30,"turns":4},{"damage":44,"enemies":"Automaton","floor":33,"turns":6}],"seed_played":"8120203097544714887","potions_obtained":[{"floor":0,"key":"PowerPotion"},{"floor":0,"key":"Regen Potion"},{"floor":0,"key":"PowerPotion"},{"floor":11,"key":"SkillPotion"},{"floor":14,"key":"SpeedPotion"},{"floor":19,"key":"Swift Potion"},{"floor":24,"key":"LiquidMemories"},{"floor":28,"key":"DistilledChaos"},{"floor":29,"key":"PowerPotion"}],"is_trial":false,"path_per_floor":["M","M","$","M","M","E","R","E","T","R","E","M","?","M","R","B",null,"M","?","M","?","$","R","M","$","T","R","E","M","M","?","R","B"],"character_chosen":"DEFECT","items_purchased":["Bottled Tornado","Membership Card","Capacitor"],"campfire_rested":4,"item_purchase_floors":[22,25,25],"current_hp_per_floor":[68,68,68,57,56,49,71,55,55,55,41,41,75,75,75,41,75,73,29,12,12,12,49,36,36,36,73,18,12,6,6,43,0,0],"gold":60,"neow_bonus":"THREE_SMALL_POTIONS","is_daily":false,"chose_seed":false,"campfire_upgraded":2,"win_rate":0.0,"timestamp":1613688184,"path_taken":["M","M","$","M","M","E","R","E","T","R","E","M","?","?","R","BOSS","M","?","M","?","$","R","M","$","T","R","E","M","M","?","R","BOSS"],"items_purchased_type":["Relic","Relic","Card"],"build_version":"2020-12-22","purchased_purges":2,"victory":false,"max_hp_per_floor":[75,75,75,75,75,75,75,75,75,75,75,75,75,75,75,75,75,75,75,75,75,75,75,75,75,75,75,75,75,75,75,75,75,75],"card_choices":[{"not_picked":["Aggregate","Hologram"],"picked":"Doom and Gloom","floor":1},{"not_picked":["Rebound","Aggregate","Reprogram"],"picked":"SKIP","floor":2},{"not_picked":["Melter","Coolheaded"],"picked":"Conserve Battery","floor":4},{"not_picked":["Leap","Beam Cell","Conserve Battery"],"picked":"SKIP","floor":5},{"not_picked":["Melter","Turbo"],"picked":"Multi-Cast","floor":6},{"not_picked":["Beam Cell","Rebound","Hyperbeam"],"picked":"SKIP","floor":8},{"not_picked":["Static Discharge","Go for the Eyes","Ball Lightning"],"picked":"SKIP","floor":11},{"not_picked":["Streamline","Hologram","Heatsinks"],"picked":"SKIP","floor":12},{"not_picked":["Genetic Algorithm","Storm"],"picked":"Loop","floor":14},{"not_picked":["Core Surge","All For One"],"picked":"Echo Form","floor":16},{"not_picked":["Hello World","Steam","FTL"],"picked":"SKIP","floor":18},{"not_picked":["Cold Snap","Gash"],"picked":"Loop","floor":19},{"not_picked":["Sweeping Beam","Coolheaded","White Noise"],"picked":"SKIP","floor":20},{"not_picked":["Force Field","Conserve Battery"],"picked":"Loop+1","floor":24},{"not_picked":["Melter","Hologram"],"picked":"BootSequence","floor":28},{"not_picked":["Stack","Gash"],"picked":"FTL","floor":29},{"not_picked":["Tempest","Beam Cell+1","Rebound+1"],"picked":"SKIP","floor":30}],"player_experience":145259,"relics_obtained":[{"floor":6,"key":"Du-Vu Doll"},{"floor":8,"key":"MawBank"},{"floor":9,"key":"Regal Pillow"},{"floor":11,"key":"Anchor"},{"floor":19,"key":"Red Mask"},{"floor":26,"key":"InkBottle"},{"floor":28,"key":"The Courier"}],"event_choices":[{"damage_healed":34,"gold_gain":0,"player_choice":"Full Heal","damage_taken":0,"max_hp_gain":0,"max_hp_loss":0,"event_name":"Wheel of Change","floor":13,"gold_loss":0},{"damage_healed":0,"gold_gain":0,"player_choice":"Fought Bandits","damage_taken":0,"max_hp_gain":0,"max_hp_loss":0,"event_name":"Masked Bandits","floor":19,"gold_loss":0},{"cards_removed":["Chaos"],"damage_healed":0,"gold_gain":0,"player_choice":"Gave Gold","damage_taken":0,"max_hp_gain":0,"max_hp_loss":0,"event_name":"Beggar","floor":21,"gold_loss":75},{"damage_healed":0,"gold_gain":0,"player_choice":"Opened","damage_taken":0,"relics_obtained":["Tiny Chest"],"max_hp_gain":0,"max_hp_loss":0,"event_name":"The Mausoleum","floor":31,"gold_loss":0}],"is_beta":false,"boss_relics":[{"not_picked":["Calling Bell","Nuclear Battery"],"picked":"Astrolabe"}],"items_purged_floors":[3,25],"is_endless":false,"potions_floor_spawned":[2,11,14,19,24,28,29],"killed_by":"Automaton","ascension_level":2}}