{"host":"8inpc3yxphy2r27y","time":1613656055,"event":{"mods":["100% Spire Juice","ATMod(阿瑾Mod)","Act Like it!","Alarm Clock","Aspiration","Astrologer","Bard","BaseMod","Better Synergies","Better Vampires","Better-Laid Plans","Challenge The Spire","Conspire","Decade(王小明)","Defuse TimeMaze Blight","Downfall","Energized Spire","FanaticalFans","FoggyMod","FutureSeer","Gensokyo","Gremlin Mod","GungeonMod","Hallownest","Highlight Path","HumanHunterMod(怪物杀人mod)","Hunter 猎人","KinomotoSakuraMod(木之本樱)","LagranYue(拉格朗・月)","Lobotomy","LobotomyExtend","Minty Spire (QoL Compilation)","MostiFishMod","Pale of the Ancients","Quarter Circle Forward PUNCH!","Quick Restart","Red Circlet Mod","Reimu（博丽灵梦）","Relic Filter Mod","Relic Stats","Replay The Spire","RumiaBox-露米娅的神秘盒子","Ryuuou龙王","SIMod","Shop Mod","Spicy Shops","StSLib","TestMod","The Animator","The Bug Knight","The Cursed","The Hierophant","The Poker Player","TheHeartMod","UnlockEverythingMod","Waifu the Spire","[GremlinLeader]The Maniac","[IsaacMod]以撒尖塔","noobMod","【功能Mod】混沌之环修复补丁","【功能Mod】聪明的最终Boss","【遗物卡牌】REMEMod","残留之物","篝火指南"],"gold_per_floor":[-300,-247,-247,-247,-247,-247,-209,-169,-117,-73,-20,-20,-20,35,35,146,146,146,146],"floor_reached":18,"language":"ZHS","playtime":1866,"items_purged":[],"score":453,"play_id":"520b6db8-6d6d-4356-86d7-3f19e82755df","local_time":"20210218214735","is_ascension_mode":true,"campfire_choices":[{"floor":6.0,"key":"RECALL"},{"floor":15,"key":"DIG"}],"circlet_count":0,"master_deck":["animator:Strike_Katanagatari","animator:Defend_Katanagatari","animator:Strike","animator:Strike","animator:Defend","animator:Defend","animator:Azekura","animator:Emonzaemon","AT_ThistleTea","MostiFishMod:GrandStart","PunishingBird","animator:Tatsumaki","animator:ElricEdward","Slice","Distraction","MostiFishMod:InvigoratingSolution","DreamingCurrent","animator:Yuuichirou","animator:DolaRiku","animator:Darkness","animator:Kazuma","LongBird","animator:Shuna","animator:Aqua","animator:Eve","animator:TsurugaMeisai","Murderer","animator:Verdia","animator:Mitsurugi","animator:Darkness","HereticApostle","Regret","WhiteNight","animator:MadokaKaname","animator:HigakiRinne","animator:MadokaKaname","animator:HomuraAkemi","animator:Gilgamesh","animator:Saitama","animator:Wiz","animator:Ainz","animator:HououinKyouma"],"relics":["animator:LivingPicture","animator:TheMissingPiece","ice","Fans:FanaticalFans","HushsDoor","testmod-TestBox","LagranYue:RandomDrawCardRelic","animator:PurgingStone","testmod-D_4","RhineSuit","CogitoBucket","Baka","SynthV:TestCard","LetterFromLob","GodSword7","Void","PillsDrop","Orichalcum","SatanicBible","LastBattle","ChampionBelt","energizedSpire:StickyHand","testmod-EnergyCheck"],"acts_visited":["Exordium","TheCity"],"potions_floor_usage":[],"damage_taken":[{"damage":0.0,"enemies":"2 Louse","floor":1.0,"turns":1.0},{"damage":1.0,"enemies":"Gremlin Nob","floor":7.0,"turns":3.0},{"damage":15.0,"enemies":"Small Slimes","floor":10.0,"turns":6.0},{"damage":2.0,"enemies":"3 Sentries","floor":11.0,"turns":7.0},{"damage":10,"enemies":"Fading Forest","floor":16,"turns":10},{"damage":36,"enemies":"Replay:Snechameleon","floor":18,"turns":1}],"seed_played":"-8469188475096147134","potions_obtained":[{"floor":1.0,"key":"BlessingOfTheForge"},{"floor":2.0,"key":"PlaceholderMod:PlaceholderPotion"},{"floor":7.0,"key":"DuplicationPotion"},{"floor":11.0,"key":"CultistPotion"}],"is_trial":false,"path_per_floor":["M","?","?","?","T","R","E","?","T","M","E","?","$","?","R","B",null,"M"],"character_chosen":"THE_ANIMATOR","items_purchased":["animator:Gilgamesh","animator:Saitama","animator:Wiz","animator:Ainz","animator:HououinKyouma"],"campfire_rested":0,"item_purchase_floors":[17,17,17,17,17],"current_hp_per_floor":[66,40,40,40,40,40,40,25,25,18,19,19,19,4,4,18,18,0,0],"gold":146,"neow_bonus":"","is_daily":false,"chose_seed":false,"campfire_upgraded":0,"win_rate":0.0,"timestamp":1613656055,"path_taken":["M","?","?","?","?","R","E","?","T","?","E","?","?","?","R","BOSS","M"],"items_purchased_type":["Card","Card","Card","Card","Card"],"build_version":"2020-12-22","purchased_purges":0,"victory":false,"max_hp_per_floor":[66,66,66,66,66,66,67,67,67,67,70,70,70,70,70,67,47,47,47],"relic_stats":{"counters":[6,28],"Orichalcum":[18],"obtain_stats":[{"AT_ATBox":0,"DaveBox":0,"LagranYue:RandomDrawCardRelic":0,"animator:TheMissingPiece":0,"RhineSuit":0,"DemoMod:GlassGuonStoneRelic":1,"ice":0,"Fans:FanaticalFans":0,"SatanicBible":12,"CogitoBucket":0,"ChampionBelt":17,"animator:PurgingStone":0,"PillsDrop":7,"Void":5,"KeepersGift":0,"testmod-TestBox":0,"Replay:Grab Bag":17,"BelialBook":0,"Baka":1,"Orichalcum":11,"LastBattle":15,"energizedSpire:StickyHand":17,"SynthV:TestCard":1,"testmod-D_4":0,"animator:LivingPicture":0,"GodSword7":2,"LetterFromLob":1,"HushsDoor":0,"testmod-EnergyCheck":17,"REME_ComplimentaryCards":0},{"AT_ATBox":0,"DaveBox":0,"LagranYue:RandomDrawCardRelic":0,"animator:TheMissingPiece":0,"RhineSuit":0,"DemoMod:GlassGuonStoneRelic":1,"ice":0,"Fans:FanaticalFans":0,"SatanicBible":4,"CogitoBucket":0,"ChampionBelt":5,"animator:PurgingStone":0,"PillsDrop":2,"Void":1,"KeepersGift":0,"testmod-TestBox":0,"Replay:Grab Bag":5,"BelialBook":0,"Baka":1,"Orichalcum":4,"LastBattle":4,"energizedSpire:StickyHand":5,"SynthV:TestCard":1,"testmod-D_4":0,"animator:LivingPicture":0,"GodSword7":1,"LetterFromLob":1,"HushsDoor":0,"testmod-EnergyCheck":5,"REME_ComplimentaryCards":0},{"AT_ATBox":0,"DaveBox":0,"LagranYue:RandomDrawCardRelic":0,"animator:TheMissingPiece":0,"RhineSuit":0,"DemoMod:GlassGuonStoneRelic":1,"ice":0,"Fans:FanaticalFans":0,"SatanicBible":17,"CogitoBucket":0,"ChampionBelt":27,"animator:PurgingStone":0,"PillsDrop":4,"Void":1,"KeepersGift":0,"testmod-TestBox":0,"Replay:Grab Bag":27,"BelialBook":0,"Baka":1,"Orichalcum":17,"LastBattle":17,"energizedSpire:StickyHand":27,"SynthV:TestCard":1,"testmod-D_4":0,"animator:LivingPicture":0,"GodSword7":1,"LetterFromLob":1,"HushsDoor":0,"testmod-EnergyCheck":27,"REME_ComplimentaryCards":0}]},"card_choices":[{"not_picked":[],"picked":"Bomb","floor":0.0},{"not_picked":["FairyFestival","NakedNest"],"picked":"PunishingBird","floor":1.0},{"not_picked":["animator:Souei","animator:Elsword"],"picked":"animator:Tatsumaki","floor":1.0},{"not_picked":["animator:Kaijin","animator:Viivi","animator:Millim","animator:Caster"],"picked":"animator:ElricEdward","floor":2.0},{"not_picked":["MeatLantern","BeautyBeast"],"picked":"DreamingCurrent","floor":7.0},{"not_picked":["animator:SilverFang","animator:Tyuule","animator:CrowleyEusford","animator:Mitsuba"],"picked":"animator:Yuuichirou","floor":7.0},{"not_picked":["animator:Tyuule","animator:RinTohsaka","animator:ChlammyZell","animator:Nanami"],"picked":"animator:DolaRiku","floor":7.0},{"not_picked":["animator:HomuraAkemi","animator:LizardPriest","animator:IrohaTamaki","animator:KrulTepes"],"picked":"animator:Darkness","floor":7.0},{"not_picked":["animator:Lu","animator:ElricAlphonse","animator:Caster","animator:ElricEdward"],"picked":"animator:Kazuma","floor":7.0},{"not_picked":["ShyLook","GreedKing"],"picked":"LongBird","floor":10.0},{"not_picked":["animator:Mitsuba","Bomb","animator:ElricAlphonse","animator:Gillette"],"picked":"animator:Shuna","floor":10.0},{"not_picked":["animator:Ara","animator:Caster","animator:ElricEdward","animator:IzunaHatsuse"],"picked":"animator:Aqua","floor":10.0},{"not_picked":["animator:CowGirl","animator:Genos","animator:ElricEdward","animator:Millim"],"picked":"animator:Eve","floor":10.0},{"not_picked":["animator:TukaLunaMarceau","animator:ElricEdward","animator:Pride","animator:Viivi"],"picked":"animator:TsurugaMeisai","floor":10.0},{"not_picked":["QueenBee","FairyFestival","WallGazer"],"picked":"Singing Bowl","floor":11.0},{"not_picked":["FairyFestival","BeautyBeast"],"picked":"Murderer","floor":11.0},{"not_picked":["animator:ChlammyZell","animator:ZankiKiguchi","animator:Chung","animator:Evileye"],"picked":"animator:Verdia","floor":11.0},{"not_picked":["animator:Priestess","animator:YaoHaDucy","animator:MaesHughes","animator:Shichika"],"picked":"animator:Mitsurugi","floor":11.0},{"not_picked":["animator:Pride","animator:Lu","animator:Tatsumaki","animator:Berserker"],"picked":"animator:Darkness","floor":11.0},{"not_picked":["animator:Wiz","animator:Verdia","animator:Darkness","animator:Mitsurugi"],"picked":"animator:Megumin","floor":11.0},{"not_picked":["CherryBlossoms","Freischutz"],"picked":"WhiteNight","floor":16},{"not_picked":["animator:PinaCoLada","animator:Shiro","animator:Boros","animator:Ainz"],"picked":"animator:MadokaKaname","floor":16},{"not_picked":["animator:AcuraShin","animator:PinaCoLada","animator:Greed","animator:Shizu"],"picked":"animator:HigakiRinne","floor":16},{"not_picked":["animator:Shiro","animator:Eve","animator:Eris","animator:Rimuru"],"picked":"animator:MadokaKaname","floor":16},{"not_picked":["animator:Greed","animator:Hans","animator:Elesis","animator:ItamiYouji"],"picked":"animator:HomuraAkemi","floor":16}],"player_experience":233517,"relics_obtained":[{"floor":1.0,"key":"Baka"},{"floor":1.0,"key":"SynthV:TestCard"},{"floor":1.0,"key":"LetterFromLob"},{"floor":2.0,"key":"GodSword7"},{"floor":5.0,"key":"Void"},{"floor":7.0,"key":"PillsDrop"},{"floor":11.0,"key":"Orichalcum"},{"floor":15,"key":"LastBattle"}],"event_choices":[{"damage_healed":0.0,"max_hp_gain":0.0,"max_hp_loss":0.0,"gold_gain":0.0,"event_name":"conspire:Investor","player_choice":"Leave","floor":3.0,"gold_loss":0.0,"damage_taken":0.0},{"damage_healed":0.0,"max_hp_gain":0.0,"max_hp_loss":0.0,"gold_gain":0.0,"event_name":"Big Fish","player_choice":"Box","floor":12.0,"gold_loss":0.0,"damage_taken":0.0,"relics_obtained":["SatanicBible"],"cards_obtained":["Regret"]}],"is_beta":false,"boss_relics":[{"not_picked":["testmod-HarvestTotem","Calling Bell"],"picked":"Replay:Grab Bag"},{"not_picked":["Fusion Hammer","energizedSpire:HugeHouse"],"picked":"ChampionBelt"},{"not_picked":["Coffee Dripper","energizedSpire:NeverEndingSparkler"],"picked":"energizedSpire:StickyHand"},{"not_picked":["testmod-BloodSacrificeSpiritualization","testmod-GoldenSoul"],"picked":"testmod-EnergyCheck"},{"not_picked":[]}],"items_purged_floors":[],"is_endless":false,"potions_floor_spawned":[1,7,11],"killed_by":"Replay:Snechameleon","ascension_level":20}}