{"host":"pv3sjfzbkjl0g4yo","time":1613627334,"event":{"mods":["BaseMod","Clockwork Mod","Hubris","Marisa????????","Minty Spire (QoL Compilation)","Replay The Spire","StSLib","The Blackbeard","The Necromancer","The Servant 0.9.4","TheBandit"],"gold_per_floor":[115,115,115,195,195,195,226,253,253,265,281,292,292,321,321,419,419,434,434,447,807,817,817,488,518,544,556,588,606,606,616,616,713,713,731,751,751,599,615,650,670,87,87,101,101,101,101],"floor_reached":46,"language":"ENG","playtime":3876,"items_purged":["Clockwork:WoundupStrike"],"score":600,"play_id":"a0dc5880-0f3b-4dfe-b276-e404d8cd72e9","local_time":"20210218004854","is_ascension_mode":false,"campfire_choices":[{"data":"Clockwork:Tinker","floor":6.0,"key":"SMITH"},{"floor":15,"key":"REST"},{"data":"Clockwork:ReactiveNanites","floor":23,"key":"SMITH"},{"floor":30,"key":"REST"},{"data":"Clockwork:AssemblyLine","floor":32,"key":"SMITH"},{"floor":45,"key":"REST"}],"circlet_count":0,"master_deck":["Clockwork:Strike","Clockwork:Strike","Clockwork:Strike","Clockwork:Strike","Clockwork:Shield","Clockwork:Shield","Clockwork:Shield","Clockwork:Shield","Clockwork:Tinker+1","Clockwork:WarmUp","Clockwork:ElasticNanites","Clockwork:ReactiveNanites+1","Clockwork:ReactiveNanites","Pot Of Greed","Pot Of Greed","Clockwork:CogShield+1","Clockwork:AssemblyLine+1","Clockwork:CogShield","Clockwork:LiteraryArmor+1"],"relics":["Clockwork:MomentumEngine","hubris:Towel","Sundial","hubris:OldNail","ReplayTheSpireMod:TigerMarble","Replay:Kaleidoscope","Ginger","hubris:RunicObelisk","hubris:TinFlute","Grinning Jar","Happy Flower","Quantum Egg","hubris:Stopwatch","Replay:Rubber Ducky","ReplayTheSpireMod:Ninjato","Gambling Chip","hubris:ToyBattleship","PrismaticShard","InkBottle"],"acts_visited":["Exordium","TheCity","TheBeyond"],"potions_floor_usage":[16,22,29,33,33,44,46],"damage_taken":[{"damage":19.0,"enemies":"Cultist","floor":1.0,"turns":5.0},{"damage":29.0,"enemies":"Lagavulin","floor":7.0,"turns":11.0},{"damage":0.0,"enemies":"2 Louse","floor":10.0,"turns":10.0},{"damage":0.0,"enemies":"Small Slimes","floor":11.0,"turns":8.0},{"damage":0,"enemies":"3 Louse","floor":12,"turns":5},{"damage":14,"enemies":"Replay:BlueRogue","floor":14,"turns":9},{"damage":25,"enemies":"Hexaghost","floor":16,"turns":15},{"damage":20,"enemies":"3 Byrds","floor":18,"turns":6},{"damage":9,"enemies":"Spheric Guardian","floor":20,"turns":7},{"damage":10,"enemies":"Snake Plant","floor":22,"turns":7},{"damage":5,"enemies":"Slavers","floor":25,"turns":8},{"damage":3,"enemies":"Centurion and Healer","floor":27,"turns":9},{"damage":0,"enemies":"Replay:Snechameleon","floor":28,"turns":6},{"damage":7,"enemies":"Chosen and Byrds","floor":29,"turns":8},{"damage":9,"enemies":"Sentry and Sphere","floor":31,"turns":7},{"damage":1,"enemies":"Automaton","floor":33,"turns":10},{"damage":11,"enemies":"3 Darklings","floor":35,"turns":6},{"damage":11,"enemies":"3 Shapes","floor":36,"turns":9},{"damage":50,"enemies":"Transient","floor":39,"turns":5},{"damage":0,"enemies":"Nemesis","floor":40,"turns":11},{"damage":0,"enemies":"Spire Growth","floor":41,"turns":7},{"damage":2,"enemies":"3 Darklings","floor":44,"turns":6},{"damage":50,"enemies":"Reptomancer","floor":46,"turns":2}],"seed_played":"7764275572824966696","potions_obtained":[{"floor":1.0,"key":"Fire Potion"},{"floor":7.0,"key":"ColorlessPotion"},{"floor":11.0,"key":"ColorlessPotion"},{"floor":16,"key":"Fire Potion"},{"floor":27,"key":"Dexterity Potion"},{"floor":29,"key":"PowerPotion"},{"floor":31,"key":"Adrenaline Potion"},{"floor":36,"key":"EntropicBrew"},{"floor":37,"key":"LiquidMemories"}],"is_trial":false,"path_per_floor":["M","$","?","?","?","R","E","T","T","M","M","M","$","E","R","B",null,"M","?","M","?","M","R","$","E","T","M","E","M","R","M","R","B",null,"M","M","?","$","M","E","M","$","T","M","R","E"],"character_chosen":"CLOCKWORK","items_purchased":["hubris:TinFlute","Replay:Rubber Ducky","Gambling Chip","hubris:ToyBattleship","PrismaticShard"],"campfire_rested":3,"item_purchase_floors":[24,38,42,42,42],"current_hp_per_floor":[74,74,74,74,56,56,27,27,27,27,27,27,27,13,40,15,93,73,73,64,28,22,22,22,17,17,14,14,7,34,25,25,24,93,82,71,71,71,21,21,21,21,21,19,46,0,0],"gold":101,"neow_bonus":"TEN_PERCENT_HP_BONUS","is_daily":false,"chose_seed":false,"campfire_upgraded":3,"win_rate":0.0,"timestamp":1613627334,"path_taken":["M","?","?","?","?","R","E","?","T","?","M","M","?","E","R","BOSS","M","?","?","?","M","R","$","E","T","?","E","M","R","M","R","BOSS","M","M","?","$","M","E","M","$","T","M","R","E"],"items_purchased_type":["Relic","Relic","Relic","Relic","Relic"],"build_version":"2020-12-22","purchased_purges":1,"victory":false,"max_hp_per_floor":[93,93,93,93,93,93,93,93,93,93,93,93,93,93,93,93,93,93,93,93,93,93,93,93,93,93,93,93,93,93,93,93,93,93,93,93,93,93,93,93,93,93,93,93,93,93,93],"card_choices":[{"not_picked":["Clockwork:CraftBloodPhial","Clockwork:RitualDaggerMk0"],"picked":"Clockwork:ElasticNanites","floor":1.0},{"not_picked":["Clockwork:CogToss","Clockwork:Roundhouse","Clockwork:CogBarrier"],"picked":"SKIP","floor":7.0},{"not_picked":["Clockwork:SystemHardening","Clockwork:Improve","Clockwork:CogToss"],"picked":"SKIP","floor":10.0},{"not_picked":["Clockwork:CogToss","Clockwork:SmithsMallet"],"picked":"Clockwork:ReactiveNanites","floor":11.0},{"not_picked":["Clockwork:EnthusiasticStrike","Clockwork:SystemHardening","Clockwork:SearchingStrike"],"picked":"SKIP","floor":12},{"not_picked":["Clockwork:Halt","Clockwork:Clone","Clockwork:Efficiency"],"picked":"SKIP","floor":14},{"not_picked":["Clockwork:CraftQuicksilverHourglass","Clockwork:WindupStrike"],"picked":"Clockwork:ReactiveNanites","floor":16},{"not_picked":["Clockwork:InertialShield","Clockwork:CraftBloodPhial","Clockwork:CogToss"],"picked":"SKIP","floor":18},{"not_picked":["Clockwork:Enhance","Clockwork:Minimalism","Clockwork:PerfectedShield"],"picked":"SKIP","floor":20},{"not_picked":["Clockwork:SystemHardening","Clockwork:ChargingShield+1","Clockwork:Redundancy"],"picked":"SKIP","floor":22},{"not_picked":["Clockwork:SystemScan","Clockwork:Friction"],"picked":"Clockwork:CogShield+1","floor":25},{"not_picked":["Clockwork:HoardingStrike","Clockwork:PerfectForm"],"picked":"Clockwork:AssemblyLine","floor":27},{"not_picked":["Clockwork:Improve+1","Clockwork:RitualDaggerMk0","Clockwork:Enhance+1"],"picked":"SKIP","floor":28},{"not_picked":["Clockwork:ElasticNanites","Clockwork:RitualDaggerMk0","Clockwork:AdaptiveShield"],"picked":"SKIP","floor":29},{"not_picked":["Clockwork:Redundancy","Clockwork:EnthusiasticStrike"],"picked":"Clockwork:CogShield","floor":31},{"not_picked":["Clockwork:SearchingStrike+1","Clockwork:Roundhouse+1","Clockwork:Redundancy"],"picked":"SKIP","floor":35},{"not_picked":["Clockwork:QuantumStrike+1","Clockwork:ForgeStrike","Clockwork:RampUp+1"],"picked":"SKIP","floor":36},{"not_picked":["Clockwork:Friction","Clockwork:SpringShield"],"picked":"Clockwork:LiteraryArmor+1","floor":39},{"not_picked":["Clockwork:Friction","Clockwork:HoardingStrike","Clockwork:LogisticRegression"],"picked":"SKIP","floor":40},{"not_picked":["Clockwork:Enhance","Clockwork:Redundancy+1","Clockwork:AdaptiveShield+1"],"picked":"SKIP","floor":41},{"not_picked":["wariomod:Bombshield","wariomod:f+1","Replay:Anticipation"],"picked":"SKIP","floor":44}],"player_experience":574883,"relics_obtained":[{"floor":7.0,"key":"hubris:OldNail"},{"floor":8.0,"key":"ReplayTheSpireMod:TigerMarble"},{"floor":9.0,"key":"Replay:Kaleidoscope"},{"floor":14,"key":"Ginger"},{"floor":25,"key":"Grinning Jar"},{"floor":26,"key":"Happy Flower"},{"floor":28,"key":"Quantum Egg"},{"floor":40,"key":"ReplayTheSpireMod:Ninjato"},{"floor":43,"key":"InkBottle"}],"event_choices":[{"damage_healed":0.0,"max_hp_gain":0.0,"max_hp_loss":0.0,"gold_gain":0.0,"event_name":"Scrap Ooze","player_choice":"Success","floor":5.0,"gold_loss":0.0,"damage_taken":18.0,"relics_obtained":["Sundial"]},{"damage_healed":0,"gold_gain":0,"player_choice":"Bought 0 Potions","damage_taken":0,"max_hp_gain":0,"max_hp_loss":0,"event_name":"The Woman in Blue","floor":19,"gold_loss":0},{"damage_healed":0,"gold_gain":360,"player_choice":"GOLD GOLD GOLD GOLD ","damage_taken":36,"max_hp_gain":0,"max_hp_loss":0,"event_name":"Knowing Skull","floor":21,"potions_obtained":[],"gold_loss":0,"cards_obtained":[]},{"damage_healed":0,"gold_gain":0,"player_choice":"Got Potions","damage_taken":0,"max_hp_gain":0,"max_hp_loss":0,"event_name":"Lab","floor":37,"gold_loss":0}],"is_beta":false,"boss_relics":[{"not_picked":["Honey Jar","Astrolabe"],"picked":"hubris:RunicObelisk"},{"not_picked":["Cursed Key","Empty Cage"],"picked":"hubris:Stopwatch"}],"items_purged_floors":[24],"is_endless":false,"potions_floor_spawned":[1,7,11,16,27,29,31,36],"killed_by":"Reptomancer","ascension_level":0}}