{"host":"0rxdudjy6rylha1k","time":1613682732,"event":{"mods":["Aspiration","BaseMod","Colored Map","Colored Powertips","Downfall","Highlight Path","Hubris","Minty Spire (QoL Compilation)","StSLib"],"gold_per_floor":[99,123,152,178,197,197,197,219,119,148,163,163,25,68,95,212,224,136,158,196,317,351,372,384,428,425,437,479,512,524,536,564,682,694,706,737,749,785,138,168,218,218,252,152,169,185,185,214,234,234,234,263,18,18,18,18],"floor_reached":57,"language":"ENG","playtime":10904,"items_purged":[],"score":1602,"play_id":"7f40aba8-8f93-4cab-867e-8f1914327435","local_time":"20210218141212","is_ascension_mode":true,"campfire_choices":[{"floor":1.0,"key":"RECALL"},{"data":"bronze:Format","floor":9.0,"key":"SMITH"},{"data":"bronze:Format","floor":18.0,"key":"SMITH"},{"data":"Armaments","floor":27.0,"key":"SMITH"},{"data":"Inflame","floor":30.0,"key":"SMITH"},{"data":"Double Tap","floor":35.0,"key":"SMITH"},{"data":"Dual Wield","floor":44.0,"key":"SMITH"},{"data":"Metallicize","floor":47.0,"key":"SMITH"},{"floor":54,"key":"REST"}],"circlet_count":0,"master_deck":["bronze:Strike","bronze:Strike","bronze:Defend","bronze:Defend","bronze:Defend+1","bronze:Defend","bronze:Replicate","bronze:Goto+1","bronze:Frontload","bronze:Optimize","bronze:OilSpill","bronze:Iterate","bronze:Format+1","bronze:Format+1","Armaments+1","Metallicize+1","Inflame+1","Double Tap+1","Dual Wield+1"],"relics":["bronze:BronzeCore","CeramicFish","aspiration:SeaSaltIceCream","War Paint","downfall:HeartBlessingRed","Orichalcum","MawBank","bronze:Mallet","aspiration:IroncladSkillbook","downfall:HeartBlessingGreen","Pen Nib","Mango","Singing Bowl","Ornamental Fan","Juzu Bracelet","TungstenRod","Busted Crown","hubris:BottledRain","PreservedInsect","Medical Kit","White Beast Statue","Matryoshka","hubris:ToyBattleship","downfall:HeartBlessingBlue","MealTicket","Shuriken","Eternal Feather"],"acts_visited":["Exordium","TheCity","TheBeyond","TheEnding"],"potions_floor_usage":[50,50,50,55],"damage_taken":[{"damage":1.0,"enemies":"Cultist","floor":2.0,"turns":4.0},{"damage":8.0,"enemies":"Small Slimes","floor":3.0,"turns":4.0},{"damage":1.0,"enemies":"Jaw Worm","floor":4.0,"turns":5.0},{"damage":0.0,"enemies":"Red Slaver","floor":5.0,"turns":3.0},{"damage":7.0,"enemies":"Exordium Wildlife","floor":8.0,"turns":6.0},{"damage":8.0,"enemies":"Lagavulin","floor":10.0,"turns":7.0},{"damage":0.0,"enemies":"Exordium Thugs","floor":11.0,"turns":4.0},{"damage":6.0,"enemies":"Gremlin Nob","floor":14.0,"turns":3.0},{"damage":1.0,"enemies":"Blue Slaver","floor":15.0,"turns":2.0},{"damage":0.0,"enemies":"SI_SHIV_ARCHETYPE","floor":16.0,"turns":5.0},{"damage":0.0,"enemies":"Shell Parasite","floor":19.0,"turns":3.0},{"damage":2.0,"enemies":"Colosseum Nobs","floor":21.0,"turns":5.0},{"damage":0.0,"enemies":"3 Byrds","floor":22.0,"turns":4.0},{"damage":8.0,"enemies":"Gremlin Leader","floor":25.0,"turns":6.0},{"damage":0.0,"enemies":"downfall:FleeingMerchant","floor":26.0,"turns":4.0},{"damage":15.0,"enemies":"Book of Stabbing","floor":28.0,"turns":5.0},{"damage":2.0,"enemies":"Cultist and Chosen","floor":29.0,"turns":5.0},{"damage":1.0,"enemies":"Snake Plant","floor":32.0,"turns":4.0},{"damage":8.0,"enemies":"DF_ARCHETYPE_CLAW","floor":33.0,"turns":7.0},{"damage":0.0,"enemies":"3 Shapes","floor":36.0,"turns":5.0},{"damage":1.0,"enemies":"Orb Walker","floor":38.0,"turns":4.0},{"damage":0.0,"enemies":"downfall:FleeingMerchant","floor":39.0,"turns":4.0},{"damage":0.0,"enemies":"Reptomancer","floor":40.0,"turns":4.0},{"damage":0.0,"enemies":"Giant Head","floor":43.0,"turns":6.0},{"damage":0.0,"enemies":"Jaw Worm Horde","floor":45.0,"turns":3.0},{"damage":13.0,"enemies":"Maw","floor":46.0,"turns":4.0},{"damage":24.0,"enemies":"Reptomancer","floor":48.0,"turns":4.0},{"damage":7,"enemies":"Sphere and 2 Shapes","floor":49,"turns":6},{"damage":19,"enemies":"WA_ARCHETYPE_DIVINITY","floor":50,"turns":6},{"damage":93,"enemies":"downfall:CharBossMerchant","floor":52,"turns":10},{"damage":37,"enemies":"downfall:NeowBoss","floor":55,"turns":13},{"damage":67,"enemies":"downfall:NeowBossFinal","floor":56,"turns":11}],"seed_played":"7145593351939812259","potions_obtained":[{"floor":4.0,"key":"Block Potion"},{"floor":8.0,"key":"Explosive Potion"},{"floor":10.0,"key":"Weak Potion"},{"floor":11.0,"key":"FearPotion"},{"floor":15.0,"key":"bronze:FreeFunctionsPotion"},{"floor":19.0,"key":"SteroidPotion"},{"floor":22.0,"key":"SteroidPotion"},{"floor":28.0,"key":"sneckomod:MuddlingPotion"},{"floor":40.0,"key":"FearPotion"},{"floor":43.0,"key":"Ancient Potion"},{"floor":45.0,"key":"Strength Potion"},{"floor":46.0,"key":"BlessingOfTheForge"},{"floor":48.0,"key":"AttackPotion"},{"floor":52,"key":"PowerPotion"}],"is_trial":false,"path_per_floor":["R","M","M","M","M","?","T","M","R","E","M","?","?","E","M","B",null,"R","M","T","?","M","?","T","E","$","R","E","M","R","?","M","B",null,"R","M","T","M","$","E","T","?","E","R","M","M","R","E","M","B",null,"E","$","R","B","B",null],"character_chosen":"THE_AUTOMATON","items_purchased":["PreservedInsect","Medical Kit","PowerPotion","Block Potion","White Beast Statue","Eternal Feather"],"campfire_rested":1,"item_purchase_floors":[39,39,39,39,39,53],"current_hp_per_floor":[70,69,61,60,60,60,60,53,53,45,45,33,80,74,73,73,80,80,80,80,94,94,94,94,92,98,98,89,91,91,91,96,92,102,102,104,104,104,106,108,108,108,110,120,122,115,115,97,96,81,128,41,56,104,71,8],"gold":18,"neow_bonus":"RANDOM_COMMON_RELIC","is_daily":false,"chose_seed":false,"campfire_upgraded":7,"win_rate":0.0,"timestamp":1613682732,"path_taken":["R","M","M","M","M","?","T","M","R","E","M","?","?","E","M","BOSS","R","M","?","?","?","?","T","E","$","R","E","M","R","?","M","BOSS","R","M","?","M","$","E","T","?","E","R","M","M","R","E","M","BOSS","E","$","R","BOSS","BOSS"],"items_purchased_type":["Relic","Relic","Potion","Potion","Relic","Relic"],"build_version":"2020-12-22","purchased_purges":0,"victory":true,"max_hp_per_floor":[70,70,70,70,70,70,70,70,70,70,70,70,80,80,80,80,80,80,80,80,94,94,94,94,96,98,98,100,100,100,100,102,102,102,102,104,104,104,106,108,108,108,110,120,122,124,124,126,128,128,128,130,130,130,130,130],"card_choices":[{"not_picked":["bronze:MaxOutput","bronze:Refactor"],"picked":"bronze:Frontload","floor":2.0},{"not_picked":["bronze:Refactor","bronze:MaxOutput"],"picked":"bronze:Optimize","floor":3.0},{"not_picked":["bronze:Shell","bronze:DarkDash"],"picked":"bronze:OilSpill","floor":4.0},{"not_picked":["bronze:DelayedGuard","bronze:ForLoop"],"picked":"bronze:Iterate","floor":5.0},{"not_picked":["bronze:Constructor","bronze:Overload"],"picked":"bronze:Format","floor":8.0},{"not_picked":["bronze:Terminator","bronze:Iterate","bronze:DelayedGuard"],"picked":"SKIP","floor":10.0},{"not_picked":["bronze:DarkDash","bronze:OilSpill","bronze:WhirlingStrike"],"picked":"SKIP","floor":11.0},{"not_picked":["bronze:DelayedGuard","bronze:Repulsor","bronze:BronzeOrb"],"picked":"SKIP","floor":14.0},{"not_picked":["bronze:Backtrace","bronze:Constructor","bronze:Safeguard"],"picked":"SKIP","floor":15.0},{"not_picked":["bronze:Hardcode","bronze:FindAndReplace"],"picked":"bronze:Format","floor":16.0},{"not_picked":["bronze:FineTuning","Uppercut","Ghostly Armor","Warcry+1"],"picked":"SKIP","floor":19.0},{"not_picked":["Dropkick","hubris:ReadiedAction","bronze:CutThrough"],"picked":"Armaments","floor":21.0},{"not_picked":["Rampage","Carnage+1","Blood for Blood"],"picked":"Metallicize","floor":22.0},{"not_picked":["bronze:Invalidate","bronze:Separator","Clothesline","Warcry"],"picked":"Singing Bowl","floor":25.0},{"not_picked":["bronze:Branch","Ghostly Armor","Thunderclap","bronze:ChosenStrike"],"picked":"Singing Bowl","floor":26.0},{"not_picked":["Wild Strike","Flex+1","bronze:Library","bronze:Boost"],"picked":"Singing Bowl","floor":28.0},{"not_picked":["bronze:Iterate+1","Armaments","bronze:Deprecate"],"picked":"Inflame","floor":29.0},{"not_picked":["Intimidate","bronze:Return","bronze:Safeguard","Clothesline"],"picked":"Singing Bowl","floor":32.0},{"not_picked":["hubris:StunningStrike","bronze:Mutator","bronze:SpaghettiCode"],"picked":"Double Tap","floor":33.0},{"not_picked":["bronze:Return","hubris:ReadiedAction"],"picked":"Singing Bowl","floor":36.0},{"not_picked":["bronze:DelayedGuard+1"],"picked":"Dual Wield","floor":38.0},{"not_picked":["Evolve+1","Headbutt"],"picked":"Singing Bowl","floor":39.0},{"not_picked":["Sever Soul+1","Shrug It Off+1"],"picked":"Singing Bowl","floor":40.0},{"not_picked":["bronze:Return","Havoc+1"],"picked":"Singing Bowl","floor":43.0},{"not_picked":["bronze:BugBarrage+1","hubris:StunningStrike"],"picked":"Singing Bowl","floor":45.0},{"not_picked":["Body Slam","True Grit+1"],"picked":"Singing Bowl","floor":46.0},{"not_picked":["Ghostly Armor","bronze:Branch+1"],"picked":"Singing Bowl","floor":48.0},{"not_picked":["Clothesline","bronze:DelayedGuard"],"picked":"Singing Bowl","floor":49},{"not_picked":["bronze:ForLoop+1","bronze:RecursiveStrike"],"picked":"Singing Bowl","floor":52}],"player_experience":2999371,"relics_obtained":[{"floor":7.0,"key":"aspiration:SeaSaltIceCream"},{"floor":10.0,"key":"Orichalcum"},{"floor":14.0,"key":"bronze:Mallet"},{"floor":20.0,"key":"Pen Nib"},{"floor":21.0,"key":"Mango"},{"floor":21.0,"key":"Singing Bowl"},{"floor":24.0,"key":"Ornamental Fan"},{"floor":25.0,"key":"Juzu Bracelet"},{"floor":28.0,"key":"TungstenRod"},{"floor":37.0,"key":"hubris:BottledRain"},{"floor":40.0,"key":"Matryoshka"},{"floor":41.0,"key":"hubris:ToyBattleship"},{"floor":48.0,"key":"MealTicket"},{"floor":52,"key":"Shuriken"}],"event_choices":[{"damage_healed":0.0,"max_hp_gain":0.0,"max_hp_loss":0.0,"gold_gain":0.0,"event_name":"Scrap Ooze","player_choice":"Success","floor":12.0,"gold_loss":0.0,"damage_taken":12.0,"relics_obtained":["MawBank"]},{"cards_removed":["bronze:DarkDash"],"damage_healed":0.0,"max_hp_gain":0.0,"max_hp_loss":0.0,"gold_gain":0.0,"event_name":"Falling","player_choice":"Removed Attack","floor":42.0,"gold_loss":0.0,"damage_taken":0.0}],"is_beta":false,"boss_relics":[{"not_picked":["Cursed Key","Sozu"],"picked":"aspiration:IroncladSkillbook"},{"not_picked":["hubris:HollowSoul","Runic Dome"],"picked":"Busted Crown"}],"items_purged_floors":[],"is_endless":false,"potions_floor_spawned":[4,8,10,11,15,19,22,28,40,43,45,46,48,49,52],"ascension_level":3}}