{"host":"k18hfimadcku5042","time":1613625539,"event":{"mods":["Act Like it!","Aspiration","BaseMod","Minty Spire (QoL Compilation)","Pale of the Ancients","Replay The Spire","Spicy Shops","StSLib","The Runesmith","¡¾ÒÅÎï¿¨ÅÆ¡¿REMEMod"],"gold_per_floor":[150,150,200,242,306,406,406,507,507,629,707,808,928,998,1010,1271,1283,1355,1407,1399,73,146,251,357,473,473,598,80,180,273,313,313,593,593,557,627,687,884,1048,1183,1183,1300,1327,1449,1449,1570,563,629,629,659,703],"floor_reached":52,"language":"ZHS","playtime":5631,"items_purged":[],"score":3097,"play_id":"983925fa-fa61-4eb0-ac1c-2934bb231956","local_time":"20210218131859","daily_mods":["Draft","Vintage","Diverse","Colorless Cards","Heirloom","DeadlyEvents","Elite Swarm","Lethality","Midas"],"is_ascension_mode":true,"campfire_choices":[{"floor":15,"key":"REST"},{"floor":32,"key":"REST"},{"floor":41,"key":"REST"},{"floor":49,"key":"REST"}],"circlet_count":0,"master_deck":["AscendersBane","Runesmith:EarthShield","Havoc","Endless Agony","Good Instincts","Runesmith:RunicBlueprint","Backflip","Twin Strike","Terror","Sword Boomerang","Runesmith:Grindstone+1","Conserve Battery","Pommel Strike","Thunderclap","Infernal Blade","REME_HeartOfCthun+1","REME_ForAll","REME_ForAll","Glass Knife","Offering","REME_Shoggoth+1","REME_EyeOfCthun","Beam Cell","ReplayTheSpireMod:Brewmster","Sadistic Nature","DevaForm","All For One+1","Magnetism","Pot Of Greed","Pot Of Greed","Pot Of Greed","Fiend Fire+1","ReplayTheSpireMod:Necrogeddon+1"],"relics":["Unceasing Top","REME_ComplimentaryCards","WingedGreaves","Garlic","Replay:Bandana","Pear","Toy Ornithopter","Blue Candle","Prayer Wheel","aspiration:Lifesprig","aspiration:AnachronicSnailShell","Potion Belt","MawBank","Quantum Egg","aspiration:RunesmithSkillbook","Mummified Hand","Replay:WaspNest","Replay:Baseball","Matryoshka","Guide Book","Du-Vu Doll","TungstenRod","Bronze Scales","Blue Doll","Replay:Arrowhead","REME_PuzzleBoxRelic","Replay:Wax Seal","Molten Egg 2","Onion Ring","Happy Flower","REME_LimitBreaker","Strange Spoon","Snack Pack","Bottled Tornado","Replay:Mystery Machine","Fusion Hammer","REME_HandOfSuture","Vajra","InkBottle","Grinning Jar","Replay:PocketPolymizer","Replay:Bottled Snecko","White Beast Statue","Ancient Tea Set","Anchor","Prayer Wheel","Sundial","Pet Ghost","Pen Nib","Sling","Gremlin Food","Pondfish Scales","Lee\u0027s Waffle","Replay:Ringing Soul"],"acts_visited":["Exordium","TheCity","TheBeyond"],"potions_floor_usage":[8,16,16,23,24,24,24,33,37,50,50,51],"damage_taken":[{"damage":2,"enemies":"Jaw Worm","floor":1,"turns":2},{"damage":0,"enemies":"Cultist","floor":4,"turns":2},{"damage":0,"enemies":"2 Louse","floor":5,"turns":1},{"damage":0,"enemies":"Gremlin Nob","floor":6,"turns":2},{"damage":0,"enemies":"Lagavulin","floor":8,"turns":4},{"damage":0,"enemies":"3 Sentries","floor":10,"turns":2},{"damage":14,"enemies":"Lagavulin","floor":11,"turns":5},{"damage":6,"enemies":"Gremlin Nob","floor":12,"turns":2},{"damage":2,"enemies":"Lagavulin","floor":13,"turns":4},{"damage":0,"enemies":"Lots of Slimes","floor":14,"turns":1},{"damage":19,"enemies":"The Guardian","floor":16,"turns":6},{"damage":0,"enemies":"Spheric Guardian","floor":18,"turns":1},{"damage":0,"enemies":"Chosen","floor":19,"turns":2},{"damage":0,"enemies":"Centurion and Healer","floor":22,"turns":2},{"damage":3,"enemies":"Gremlin Leader","floor":23,"turns":2},{"damage":0,"enemies":"Book of Stabbing","floor":24,"turns":3},{"damage":0,"enemies":"Gremlin Leader","floor":25,"turns":1},{"damage":5,"enemies":"Replay:Snechameleon","floor":27,"turns":1},{"damage":0,"enemies":"Gremlin Leader","floor":29,"turns":3},{"damage":0,"enemies":"Slavers","floor":30,"turns":1},{"damage":0,"enemies":"Snecko","floor":31,"turns":1},{"damage":0,"enemies":"Champ","floor":33,"turns":1},{"damage":5,"enemies":"3 Darklings","floor":35,"turns":2},{"damage":0,"enemies":"Orb Walker","floor":36,"turns":1},{"damage":0,"enemies":"3 Darklings","floor":37,"turns":1},{"damage":35,"enemies":"Transient","floor":38,"turns":4},{"damage":0,"enemies":"2 Orb Walkers","floor":39,"turns":1},{"damage":6,"enemies":"R_Hoarder","floor":40,"turns":3},{"damage":0,"enemies":"Giant Head","floor":42,"turns":2},{"damage":0,"enemies":"R_Hoarder","floor":44,"turns":2},{"damage":0,"enemies":"Giant Head","floor":46,"turns":2},{"damage":5,"enemies":"Maw","floor":48,"turns":1},{"damage":7,"enemies":"Time Eater","floor":50,"turns":3},{"damage":10,"enemies":"Awakened One","floor":51,"turns":4}],"seed_played":"8354633938210718165","potions_obtained":[{"floor":6,"key":"LiquidBronze"},{"floor":10,"key":"LiquidBronze"},{"floor":11,"key":"Flashbang"},{"floor":12,"key":"Strength Potion"},{"floor":14,"key":"BlessingOfTheForge"},{"floor":16,"key":"Weak Potion"},{"floor":20,"key":"Fire Potion"},{"floor":23,"key":"BlessingOfTheForge"},{"floor":24,"key":"PowerPotion"},{"floor":29,"key":"DuplicationPotion"},{"floor":30,"key":"BlessingOfTheForge"},{"floor":35,"key":"BottledMiracle"},{"floor":48,"key":"PowerPotion"}],"is_trial":true,"path_per_floor":["M","?","?","M","M","E","R","E","T","E","E","E","E","M","R","B",null,"M","M","?","$","M","E","E","E","T","E","$","E","E","M","R","B",null,"M","M","M","M","?","E","R","E","T","E","?","E","$","M","R","B","B",null],"character_chosen":"WATCHER","items_purchased":["Replay:Baseball","Matryoshka","Guide Book","Du-Vu Doll","TungstenRod","Beam Cell","Happy Flower","REME_LimitBreaker","Strange Spoon","Pen Nib","Sling","Gremlin Food","Pondfish Scales","Lee\u0027s Waffle"],"campfire_rested":4,"item_purchase_floors":[21,21,21,21,21,21,28,28,28,47,47,47,47,47],"current_hp_per_floor":[59,59,53,53,63,63,63,68,68,68,54,48,46,46,69,59,73,73,73,73,73,73,75,78,78,78,73,73,73,77,78,78,78,78,73,75,78,78,78,74,78,78,78,78,74,74,81,81,84,77,78],"gold":703,"neow_bonus":"","is_daily":false,"chose_seed":false,"campfire_upgraded":0,"win_rate":0.0,"timestamp":1613625539,"path_taken":["M","?","?","M","M","E","R","E","T","E","E","E","E","M","R","BOSS","M","M","?","$","M","E","?","E","T","E","?","E","?","M","R","BOSS","M","M","M","M","?","E","R","E","T","E","?","E","$","M","R","BOSS","BOSS"],"items_purchased_type":["Relic","Relic","Relic","Relic","Relic","Card","Relic","Relic","Relic","Relic","Relic","Relic","Relic","Relic"],"build_version":"2020-12-22","purchased_purges":0,"victory":true,"max_hp_per_floor":[68,68,68,68,78,78,78,78,78,78,78,78,78,78,78,78,78,78,78,78,78,78,78,78,78,78,78,78,78,78,78,78,78,78,78,78,78,78,78,78,78,78,78,78,74,74,81,81,84,84,84],"card_choices":[{"not_picked":["Runesmith:CraftProtectio","Body Slam"],"picked":"Runesmith:EarthShield","floor":0},{"not_picked":["Replay:Undeath\u0027s Touch","Stack"],"picked":"Havoc","floor":0},{"not_picked":["Barrage","Runesmith:Overpower"],"picked":"Endless Agony","floor":0},{"not_picked":["Compile Driver","Dark Embrace"],"picked":"Good Instincts","floor":0},{"not_picked":["EmptyBody","Replay:AtTheReady"],"picked":"Runesmith:RunicBlueprint","floor":0},{"not_picked":["ReplayTheSpireMod:Trickstab","Disarm"],"picked":"Rebound","floor":0},{"not_picked":["Runesmith:Grindstone","REME_SingleHolding"],"picked":"Backflip","floor":0},{"not_picked":["Study","Runesmith:OneForEveryone"],"picked":"Twin Strike","floor":0},{"not_picked":["Warcry","Steam"],"picked":"Terror","floor":0},{"not_picked":["Steam","Runesmith:Repurpose"],"picked":"Sword Boomerang","floor":0},{"not_picked":["Replay:BasicMightCard","Runesmith:HammerTime"],"picked":"Runesmith:Grindstone","floor":0},{"not_picked":["Warcry","Steam"],"picked":"Conserve Battery","floor":0},{"not_picked":["Dodge and Roll","ReplayTheSpireMod:Stacked"],"picked":"Pommel Strike","floor":0},{"not_picked":["ThirdEye","Runesmith:MakeshiftArmor"],"picked":"Thunderclap","floor":0},{"not_picked":["ReplayTheSpireMod:Strike From Hell","PathToVictory"],"picked":"Infernal Blade","floor":0},{"not_picked":["Runesmith:UnlimitedPower","Electrodynamics"],"picked":"REME_ForAll","floor":6},{"not_picked":["Ragnarok","Wraith Form v2"],"picked":"REME_ForAll","floor":8},{"not_picked":["Runesmith:CraftIndustria","All For One"],"picked":"Glass Knife","floor":10},{"not_picked":["Rainbow","Replay:Many Hands"],"picked":"Offering","floor":11},{"not_picked":["Runesmith:CraftIndustria","Chrysalis"],"picked":"REME_Shoggoth","floor":12},{"not_picked":["REME_EmptyShield","Runesmith:CraftPrismatica","Runesmith:CraftMedicinae"],"picked":"SKIP","floor":13},{"not_picked":["Bludgeon","Rainbow"],"picked":"REME_EyeOfCthun","floor":16},{"not_picked":["Amplify","Storm of Steel","ReplayTheSpireMod:From All Sides"],"picked":"ReplayTheSpireMod:Brewmster","floor":23},{"not_picked":["Offering","Seek","Thinking Ahead"],"picked":"Sadistic Nature","floor":24},{"not_picked":["Runesmith:MetallurgicalResearch","Sadistic Nature","The Bomb"],"picked":"DevaForm","floor":25},{"not_picked":["REME_Fury","LessonLearned+1","Replay:LoomingThreat","ReplayTheSpireMod:Necrogeddon+1"],"picked":"SKIP","floor":27},{"not_picked":["Electrodynamics","Juggernaut","Grand Finale+1"],"picked":"All For One+1","floor":29},{"not_picked":["Runesmith:DuctTape","DeusExMachina","Seek"],"picked":"Magnetism","floor":30},{"not_picked":["LessonLearned+1","Fission","Doppelganger"],"picked":"Establishment","floor":40},{"not_picked":["Runesmith:GenerateForcefield","Replay:Bag of Tricks","Brutality"],"picked":"ReplayTheSpireMod:Fabricate Wheel","floor":42},{"not_picked":["Biased Cognition","Corpse Explosion","Brilliance+1","LessonLearned+1"],"picked":"SKIP","floor":44},{"not_picked":["DeusExMachina","Transmutation","Burst"],"picked":"Fiend Fire+1","floor":46},{"not_picked":["Sanctity","Runesmith:StaticCage","REME_TwoStrings","Replay:Hum"],"picked":"SKIP","floor":48}],"player_experience":214506,"relics_obtained":[{"floor":1,"key":"Garlic"},{"floor":4,"key":"Replay:Bandana"},{"floor":5,"key":"Pear"},{"floor":6,"key":"Toy Ornithopter"},{"floor":8,"key":"Blue Candle"},{"floor":9,"key":"Prayer Wheel"},{"floor":10,"key":"aspiration:Lifesprig"},{"floor":11,"key":"aspiration:AnachronicSnailShell"},{"floor":12,"key":"Potion Belt"},{"floor":13,"key":"MawBank"},{"floor":14,"key":"Quantum Egg"},{"floor":18,"key":"Mummified Hand"},{"floor":19,"key":"Replay:WaspNest"},{"floor":22,"key":"Bronze Scales"},{"floor":23,"key":"Blue Doll"},{"floor":24,"key":"Replay:Arrowhead"},{"floor":25,"key":"REME_PuzzleBoxRelic"},{"floor":26,"key":"Replay:Wax Seal"},{"floor":26,"key":"Molten Egg 2"},{"floor":27,"key":"Onion Ring"},{"floor":29,"key":"Snack Pack"},{"floor":30,"key":"Bottled Tornado"},{"floor":31,"key":"Replay:Mystery Machine"},{"floor":35,"key":"REME_HandOfSuture"},{"floor":36,"key":"Vajra"},{"floor":37,"key":"InkBottle"},{"floor":38,"key":"Grinning Jar"},{"floor":39,"key":"Replay:PocketPolymizer"},{"floor":40,"key":"Replay:Bottled Snecko"},{"floor":42,"key":"White Beast Statue"},{"floor":43,"key":"Ancient Tea Set"},{"floor":43,"key":"Anchor"},{"floor":44,"key":"Sundial"},{"floor":46,"key":"Pet Ghost"},{"floor":48,"key":"Replay:Ringing Soul"}],"event_choices":[{"cards_removed":["Rebound"],"damage_healed":0,"gold_gain":0,"player_choice":"Forget","damage_taken":0,"max_hp_gain":0,"max_hp_loss":0,"event_name":"Living Wall","floor":2,"gold_loss":0},{"damage_healed":0,"gold_gain":50,"player_choice":"Touch","damage_taken":6,"max_hp_gain":0,"max_hp_loss":0,"event_name":"FaceTrader","floor":3,"gold_loss":0},{"damage_healed":0,"gold_gain":0,"player_choice":"Bought 1 Potion","damage_taken":0,"max_hp_gain":0,"max_hp_loss":0,"event_name":"The Woman in Blue","floor":20,"gold_loss":0},{"damage_healed":0,"gold_gain":0,"player_choice":"Fight","damage_taken":0,"max_hp_gain":0,"max_hp_loss":0,"event_name":"Mysterious Sphere","floor":39,"gold_loss":0},{"damage_healed":0,"gold_gain":0,"player_choice":"Max HP","damage_taken":0,"max_hp_gain":0,"max_hp_loss":4,"event_name":"Winding Halls","floor":45,"gold_loss":0}],"is_beta":false,"boss_relics":[{"not_picked":["Ring of Chaos","Abe\u0027s Treasure"],"picked":"aspiration:RunesmithSkillbook"},{"not_picked":["Kintsugi","Replay:Bronze Core"],"picked":"Fusion Hammer"}],"items_purged_floors":[],"is_endless":false,"potions_floor_spawned":[6,10,11,12,14,16,23,24,29,30,35,36,39,42,44,46,48],"ascension_level":20}}