{"host":"17hbxmotjlknbpr0","time":1613680982,"event":{"mods":["Act Like it!","BaseMod","BetterRewards","Chat Monstrosity","Colored Powertips","Conspire","Downfall","Friendly Minions","FruityMod","Googly Eyes","GungeonMod","Hallownest","Hermit","Hero for Fun","HololiveMod","Hubris","Infinite Spire","Jorbs\u0027s Wanderer Trilogy","Lobotomy","Marisa????????","Mimic Mod","Minty Spire (QoL Compilation)","Pikachu Mod","READ ME - Snecko Mod","Random Character Button","Rare Cards Sparkle","RatMod","Shop Mod","Small Relic Pack","Somnambulant","StSLib","SuperFastMode","Td1madao Mod","The Bladedancer","The Blue Laboratory","The Bug Knight","The Clintock","The Construct","The Cursed","The Disciple","The Forsaken","The Hierophant","The IronCluck","The Mystic","The Necromancer","The Poker Player","The Problem Sleuth","The Runesmith","The Sage","The Saiyan","The Senshi","The Wild Card","Trackpad","Yuri Mod","egg","thorton"],"gold_per_floor":[16,116,140,140,181,223,243,243,288,288,31,31,54,75,75,186,186,206,206,206,217,244,244,249,249,249],"floor_reached":24,"language":"ENG","playtime":1144,"items_purged":[],"score":246,"play_id":"16fe12c6-c773-4898-b1ff-036880b349b3","local_time":"20210218154302","is_ascension_mode":false,"campfire_choices":[{"floor":8,"key":"REST"},{"floor":12,"key":"REST"},{"floor":15,"key":"REST"},{"floor":23,"key":"REST"},{"floor":23,"key":"RECALL"}],"circlet_count":0,"master_deck":["theSleuth:Strike","thethorton:Strike","thethorton:Strike","thethorton:Strike","thethorton:Strike","thethorton:Defend","thethorton:Defend","thethorton:Defend","thethorton:Defend","thethorton:Heckle","thethorton:CreditCard","Normality","thethorton:GoldBuffer","thethorton:Crash","theWildCard:Michael","thethorton:BusinessCard","thethorton:ShoutAndRun","thethorton:Rebalance","thethorton:BusinessCard","hubris:Fate","thethorton:PocketChange","thethorton:SicklyRun","thethorton:CowardiceForm","CurseOfTheBell","thethorton:BusinessCard","Hallownest:attackMasterCycloneSlash","theForsaken:PlagueCurse","thethorton:LongTermPayoff","thethorton:CoffeeBlast"],"relics":["thethorton:CouragePotion","trackpad:FieryHotPepper","hubris:Reverence","Boot","infinitespire:Bottled Soul","Calling Bell","Bronze Scales","HollowMod:LifeEnderRelic","infinitespire:Joker Card","infinitespire:Magic Flask","theForsaken:PlagueMask"],"acts_visited":["Exordium","Hallownest:CityofTears"],"potions_floor_usage":[22],"damage_taken":[{"damage":5,"enemies":"2 Louse","floor":1,"turns":3},{"damage":12,"enemies":"infinitespire:Voidling","floor":3,"turns":4},{"damage":9,"enemies":"Small Slimes","floor":5,"turns":5},{"damage":23,"enemies":"Lagavulin","floor":6,"turns":6},{"damage":1,"enemies":"Small Slimes","floor":7,"turns":3},{"damage":0,"enemies":"Exordium Wildlife","floor":9,"turns":6},{"damage":13,"enemies":"Exordium Wildlife","floor":13,"turns":4},{"damage":35,"enemies":"Gremlin Gang","floor":14,"turns":5},{"damage":0,"enemies":"Hexaghost","floor":16,"turns":9},{"damage":0,"enemies":"Hallownest:Flukemon_and_Top","floor":18,"turns":6},{"damage":8,"enemies":"Hallownest:2_Mistakes","floor":21,"turns":4},{"damage":43,"enemies":"Hallownest:2_Flukemon","floor":22,"turns":7},{"damage":38,"enemies":"Hallownest:3_Mistakes","floor":24,"turns":4}],"seed_played":"2834437372474162743","potions_obtained":[{"floor":6,"key":"blueLaboratory:HorrorPotion"},{"floor":13,"key":"blueLaboratory:HorrorPotion"},{"floor":14,"key":"SkillPotion"},{"floor":22,"key":"BlessingOfTheForge"}],"is_trial":false,"path_per_floor":["M","?","M","?","MIM","E","M","R","MIM","?","$","R","M","M","R","B",null,"M","?","?","M","M","R","M"],"character_chosen":"THE_THORT","items_purchased":["infinitespire:Bottled Soul"],"campfire_rested":4,"item_purchase_floors":[11],"current_hp_per_floor":[63,63,51,51,42,19,18,38,38,20,20,40,27,7,27,27,68,68,68,68,60,17,37,0,0,0],"gold":249,"neow_bonus":"ONE_RARE_RELIC","is_daily":false,"chose_seed":false,"campfire_upgraded":0,"win_rate":0.0,"timestamp":1613680982,"path_taken":["M","?","?","?","?","E","M","R","MIM","?","?","R","M","M","R","BOSS","M","?","?","M","?","R","M"],"items_purchased_type":["Relic"],"build_version":"2020-12-22","purchased_purges":0,"victory":false,"max_hp_per_floor":[68,68,68,68,68,68,68,68,68,68,68,68,68,68,68,68,68,68,68,68,68,68,68,68,68,68],"card_choices":[{"not_picked":["thethorton:AngerMoment","thethorton:BookBash"],"picked":"thethorton:GoldBuffer","floor":1},{"not_picked":["thethorton:RunningKick","thethorton:ElbowSmash"],"picked":"thethorton:Crash","floor":3},{"not_picked":["thethorton:DualBap","thethorton:GemGun"],"picked":"thethorton:BusinessCard","floor":5},{"not_picked":["thethorton:CoinShield","thethorton:DualBap"],"picked":"thethorton:ShoutAndRun","floor":6},{"not_picked":["thethorton:ThickSkin","thethorton:ShoutAndRun"],"picked":"thethorton:Rebalance","floor":7},{"not_picked":["thethorton:CashBash","thethorton:CoinShield"],"picked":"thethorton:BusinessCard","floor":9},{"not_picked":["infinitespire:Execution","infinitespire:DeathsTouch"],"picked":"hubris:Fate","floor":10},{"not_picked":["thethorton:BusinessBurst","thethorton:Distance"],"picked":"thethorton:PocketChange","floor":13},{"not_picked":["thethorton:SheetShred","thethorton:DesperateRun"],"picked":"thethorton:SicklyRun","floor":14},{"not_picked":["thethorton:Fish","thethorton:GoldenPetal"],"picked":"thethorton:CowardiceForm","floor":16},{"not_picked":["thethorton:ElbowSmash","thethorton:DualBap+1"],"picked":"thethorton:BusinessCard","floor":18},{"not_picked":["thethorton:ShoutAndRun","thethorton:DualBap"],"picked":"thethorton:LongTermPayoff","floor":21},{"not_picked":["thethorton:AngerMoment","thethorton:ShoutAndRun+1"],"picked":"thethorton:CoffeeBlast","floor":22}],"player_experience":148210,"relics_obtained":[{"floor":6,"key":"hubris:Reverence"},{"floor":9,"key":"Boot"},{"floor":17,"key":"Bronze Scales"},{"floor":17,"key":"HollowMod:LifeEnderRelic"},{"floor":17,"key":"infinitespire:Joker Card"}],"event_choices":[{"damage_healed":0,"gold_gain":100,"player_choice":"Pray","damage_taken":0,"max_hp_gain":0,"max_hp_loss":0,"event_name":"Golden Shrine","floor":2,"gold_loss":0},{"damage_healed":0,"gold_gain":0,"player_choice":"Obtain Plague Curse","damage_taken":0,"max_hp_gain":0,"max_hp_loss":0,"event_name":"Plague Doctor","floor":20,"gold_loss":0,"cards_obtained":["theForsaken:PlagueCurse"]}],"is_beta":false,"boss_relics":[{"not_picked":["Fusion Hammer","Pandora\u0027s Box"],"picked":"Calling Bell"}],"items_purged_floors":[],"is_endless":false,"potions_floor_spawned":[6,13,14,22],"killed_by":"Hallownest:3_Mistakes","ascension_level":0}}