{"host":"syfsfjmzue8y1a6l","time":1613638099,"event":{"mods":["AchievementEnabler","BaseMod","Colored Map","DeckTracker","Minty Spire (QoL Compilation)","Permanent Neow","SuperFastMode"],"gold_per_floor":[114,127,127,127,141,141,174,174,222,252,177,177,189,200,200,302,302,316,333,333,333,333,366,380,380,380,49,68,99,116,41,41,144,144,161,174,49,49,49,49,0,0,0,33,33,47,47,47,60,60,60,60,60,8,35,35],"floor_reached":57,"language":"KOR","playtime":3399,"items_purged":["Strike_G","Strike_G","Defend_G"],"score":1168,"play_id":"df23264a-1196-4cb3-b738-8e3a54394e6b","local_time":"20210218174819","is_ascension_mode":false,"campfire_choices":[{"data":"Neutralize","floor":6,"key":"SMITH"},{"data":"Underhanded Strike","floor":8,"key":"SMITH"},{"data":"Dagger Throw","floor":12,"key":"SMITH"},{"data":"Expertise","floor":15,"key":"SMITH"},{"data":"Poisoned Stab","floor":25,"key":"SMITH"},{"data":"Terror","floor":32,"key":"SMITH"},{"data":"Thinking Ahead","floor":40,"key":"SMITH"},{"data":"Doppelganger","floor":42,"key":"SMITH"},{"floor":50,"key":"RECALL"},{"data":"Acrobatics","floor":53,"key":"SMITH"}],"circlet_count":0,"master_deck":["Strike_G","Strike_G","Strike_G+1","Defend_G+1","Defend_G+1","Defend_G","Survivor","Neutralize+1","Underhanded Strike+1","Prepared+1","Dagger Throw+1","Expertise+1","Die Die Die","Poisoned Stab+1","Dagger Spray","Sadistic Nature","Noxious Fumes","Tactician+1","Eviscerate","Terror+1","Doppelganger+1","Acrobatics+1","Thinking Ahead+1","Tactician","Choke+1","Backflip+1"],"relics":["Ring of the Snake","TungstenRod","Oddly Smooth Stone","Vajra","Bag of Preparation","Black Star","Letter Opener","Ancient Tea Set","Sundial","Gremlin Horn","Singing Bowl","War Paint","HoveringKite","Red Mask","Paper Crane","Centennial Puzzle","Art of War","Pantograph"],"acts_visited":["Exordium","TheCity","TheBeyond","TheEnding"],"potions_floor_usage":[16,16,23,24,29,29,33,55,56],"damage_taken":[{"damage":0,"enemies":"Small Slimes","floor":1,"turns":3},{"damage":3,"enemies":"2 Louse","floor":2,"turns":2},{"damage":0,"enemies":"Jaw Worm","floor":5,"turns":2},{"damage":24,"enemies":"Lagavulin","floor":7,"turns":11},{"damage":0,"enemies":"2 Fungi Beasts","floor":13,"turns":2},{"damage":0,"enemies":"Exordium Thugs","floor":14,"turns":3},{"damage":8,"enemies":"The Guardian","floor":16,"turns":14},{"damage":0,"enemies":"Shell Parasite","floor":18,"turns":5},{"damage":0,"enemies":"3 Byrds","floor":19,"turns":4},{"damage":34,"enemies":"Slavers","floor":23,"turns":4},{"damage":7,"enemies":"Centurion and Healer","floor":24,"turns":8},{"damage":0,"enemies":"3 Cultists","floor":28,"turns":2},{"damage":14,"enemies":"Book of Stabbing","floor":29,"turns":6},{"damage":0,"enemies":"Snake Plant","floor":30,"turns":3},{"damage":7,"enemies":"Champ","floor":33,"turns":10},{"damage":0,"enemies":"Orb Walker","floor":35,"turns":3},{"damage":0,"enemies":"3 Shapes","floor":36,"turns":1},{"damage":2,"enemies":"Reptomancer","floor":44,"turns":2},{"damage":0,"enemies":"Sphere and 2 Shapes","floor":46,"turns":1},{"damage":8,"enemies":"Maw","floor":49,"turns":4},{"damage":36,"enemies":"Time Eater","floor":51,"turns":9},{"damage":27,"enemies":"Shield and Spear","floor":55,"turns":5},{"damage":34,"enemies":"The Heart","floor":56,"turns":7}],"seed_played":"2889322231825351863","potions_obtained":[{"floor":5,"key":"GhostInAJar"},{"floor":7,"key":"Dexterity Potion"},{"floor":13,"key":"CunningPotion"},{"floor":14,"key":"FearPotion"},{"floor":19,"key":"Weak Potion"},{"floor":23,"key":"PowerPotion"},{"floor":24,"key":"SneckoOil"},{"floor":28,"key":"Block Potion"},{"floor":33,"key":"Weak Potion"},{"floor":35,"key":"Explosive Potion"},{"floor":44,"key":"Dexterity Potion"},{"floor":55,"key":"BlessingOfTheForge"}],"is_trial":false,"path_per_floor":["M","M","?","?","M","R","E","R","T","?","$","R","M","M","R","B",null,"M","M","?","T","?","E","M","R","T","$","M","E","M","$","R","B",null,"M","M","$","?","$","R","?","R","T","E","?","M","M","$","M","R","B",null,"R","$","E","B",null],"character_chosen":"THE_SILENT","items_purchased":["Sadistic Nature","Noxious Fumes","Terror","FearPotion"],"campfire_rested":0,"item_purchase_floors":[27,27,31,54],"current_hp_per_floor":[49,46,51,37,37,37,13,13,13,13,13,13,13,13,13,5,75,75,75,75,75,62,28,21,21,21,21,21,7,9,9,9,2,82,84,84,84,82,82,82,82,82,82,80,80,80,80,80,74,74,38,84,84,84,57,48],"gold":35,"neow_bonus":"ONE_RARE_RELIC","is_daily":false,"chose_seed":false,"campfire_upgraded":9,"win_rate":0.0,"timestamp":1613638099,"path_taken":["M","M","?","?","M","R","E","R","T","?","?","R","M","?","R","BOSS","M","M","?","?","?","E","M","R","T","$","M","E","M","$","R","BOSS","M","M","$","?","$","R","?","R","T","E","?","M","M","$","M","R","BOSS","R","$","E","BOSS"],"items_purchased_type":["Card","Card","Card","Potion"],"build_version":"2020-12-22","purchased_purges":3,"victory":true,"max_hp_per_floor":[70,70,75,75,75,75,75,75,75,75,75,75,75,75,75,75,75,75,75,75,75,80,80,80,80,80,80,80,80,82,82,82,82,82,84,84,84,86,86,86,86,86,86,86,82,82,82,82,84,84,84,84,84,84,84,84],"card_choices":[{"not_picked":["Sucker Punch","Bane"],"picked":"Underhanded Strike","floor":1},{"not_picked":["Flying Knee","Leg Sweep"],"picked":"Prepared","floor":2},{"not_picked":["Catalyst","Deadly Poison"],"picked":"Dagger Throw","floor":5},{"not_picked":["Bullet Time","Finisher","PiercingWail"],"picked":"SKIP","floor":7},{"not_picked":["Dodge and Roll","Blur"],"picked":"Expertise","floor":13},{"not_picked":["Dagger Throw","Quick Slash","Well Laid Plans"],"picked":"SKIP","floor":14},{"not_picked":["Tools of the Trade","Phantasmal Killer"],"picked":"Die Die Die","floor":16},{"not_picked":["Quick Slash","Leg Sweep+1"],"picked":"Poisoned Stab","floor":18},{"not_picked":["Finisher","Predator"],"picked":"Dagger Spray","floor":19},{"not_picked":["Deadly Poison","Dagger Spray","Blur"],"picked":"SKIP","floor":23},{"not_picked":["Prepared+1","Distraction","Deflect"],"picked":"SKIP","floor":24},{"not_picked":["Escape Plan","Skewer+1"],"picked":"Tactician+1","floor":28},{"not_picked":["Distraction","Poisoned Stab"],"picked":"Eviscerate","floor":29},{"not_picked":["Slice","Bane","PiercingWail"],"picked":"Singing Bowl","floor":30},{"not_picked":["Night Terror","Glass Knife"],"picked":"Doppelganger","floor":33},{"not_picked":["Poisoned Stab+1","Quick Slash+1","Dagger Spray+1"],"picked":"Singing Bowl","floor":35},{"not_picked":["Sucker Punch+1","Blade Dance+1"],"picked":"Acrobatics","floor":36},{"not_picked":["PanicButton","Mayhem"],"picked":"Thinking Ahead","floor":38},{"not_picked":["Apotheosis","Mind Blast","Master of Strategy"],"picked":"Singing Bowl","floor":38},{"not_picked":["Escape Plan","Heel Hook"],"picked":"Tactician","floor":44},{"not_picked":["Prepared","Backflip"],"picked":"Choke+1","floor":46},{"not_picked":["All Out Attack","Bane+1","Riddle With Holes+1"],"picked":"Singing Bowl","floor":49},{"not_picked":["Finisher","Predator+1"],"picked":"Backflip+1","floor":55}],"player_experience":131179,"relics_obtained":[{"floor":7,"key":"Oddly Smooth Stone"},{"floor":9,"key":"Vajra"},{"floor":21,"key":"Letter Opener"},{"floor":23,"key":"Ancient Tea Set"},{"floor":23,"key":"Sundial"},{"floor":26,"key":"Gremlin Horn"},{"floor":29,"key":"Singing Bowl"},{"floor":29,"key":"War Paint"},{"floor":44,"key":"Paper Crane"},{"floor":44,"key":"Centennial Puzzle"},{"floor":55,"key":"Art of War"},{"floor":55,"key":"Pantograph"}],"event_choices":[{"damage_healed":0,"gold_gain":0,"player_choice":"Donut","damage_taken":0,"max_hp_gain":5,"max_hp_loss":0,"event_name":"Big Fish","floor":3,"gold_loss":0},{"damage_healed":0,"gold_gain":0,"player_choice":"Entered Light","damage_taken":15,"max_hp_gain":0,"max_hp_loss":0,"event_name":"Shining Light","floor":4,"gold_loss":0,"cards_upgraded":["Prepared","Strike_G"]},{"damage_healed":0,"gold_gain":30,"player_choice":"Searched \u00272\u0027 times","damage_taken":0,"relics_obtained":["Bag of Preparation"],"max_hp_gain":0,"max_hp_loss":0,"event_name":"Dead Adventurer","floor":10,"gold_loss":0},{"cards_removed":["Defend_G"],"damage_healed":0,"gold_gain":0,"player_choice":"Elegance","damage_taken":0,"max_hp_gain":0,"max_hp_loss":0,"event_name":"Back to Basics","floor":20,"gold_loss":0},{"damage_healed":0,"gold_gain":0,"player_choice":"Shed Blood","damage_taken":19,"max_hp_gain":5,"max_hp_loss":0,"event_name":"Forgotten Altar","floor":22,"gold_loss":0},{"damage_healed":0,"gold_gain":0,"player_choice":"Memory 2","damage_taken":5,"max_hp_gain":0,"max_hp_loss":0,"event_name":"SensoryStone","floor":38,"gold_loss":0},{"damage_healed":0,"gold_gain":0,"player_choice":"Paid","damage_taken":0,"relics_obtained":["Red Mask"],"max_hp_gain":0,"max_hp_loss":0,"event_name":"Tomb of Lord Red Mask","floor":41,"gold_loss":49},{"damage_healed":0,"gold_gain":0,"player_choice":"Max HP","damage_taken":0,"max_hp_gain":0,"max_hp_loss":4,"event_name":"Winding Halls","floor":45,"gold_loss":0}],"is_beta":false,"boss_relics":[{"not_picked":["Runic Dome","Cursed Key"],"picked":"Black Star"},{"not_picked":["Ring of the Serpent","Fusion Hammer"],"picked":"HoveringKite"}],"items_purged_floors":[11,27,37],"is_endless":false,"potions_floor_spawned":[5,7,13,14,19,23,24,28,33,35,44,55],"ascension_level":0}}