{"host":"s4ojoik2izpnmj7q","time":1613669095,"event":{"mods":["ATMod(°¢èªMod)","Act Like it!","BaseMod","Minty Spire (QoL Compilation)","MostiFishMod","StSLib"],"gold_per_floor":[110,110,110,126,88,88,132,132,159,159,216,216,216,216,216,316,316,354,444,505,505,505,607,645,645,645,702,702,702,702,765,765,912,912,998,998,1037,1037,1037,1137,1212,1263,1263,1231,1286,1236,1280,1230,1230,1255,1380,1380,1380,1339,1416,1441],"floor_reached":57,"language":"ZHS","playtime":2198,"items_purged":["Strike_G","Strike_G","Strike_G","Strike_G","AT_WomanClash","Defend_G","Defend_G","MostiFishMod:FrostNova","Neutralize+1"],"score":3494,"play_id":"e23a4fc3-0f02-4117-a45e-6ab2d61b43b5","local_time":"20210219012455","is_ascension_mode":true,"campfire_choices":[{"data":"Acrobatics","floor":6.0,"key":"SMITH"},{"data":"Prepared","floor":12.0,"key":"SMITH"},{"data":"Footwork","floor":15.0,"key":"SMITH"},{"data":"Blade Dance","floor":25.0,"key":"SMITH"},{"floor":32,"key":"DIG"},{"floor":49,"key":"RECALL"},{"floor":53,"key":"DIG"}],"circlet_count":0,"master_deck":["AscendersBane","Defend_G","Defend_G","Defend_G","Survivor","Prepared+1","Acrobatics+1","Tactician+1","Master of Strategy","Footwork+1","Blade Dance+1","Ghostly","Ghostly","Ghostly","Well Laid Plans+1","MostiFishMod:AdrenalineArouse","Escape Plan+1","MostiFishMod:Opportunism","Adrenaline","Calculated Gamble","Footwork+1","Footwork"],"relics":["DaveBox","AT_ATBox","HereWithMe","DiscerningMonocle","SynthV:TestCard","Membership Card","AT_MibuBalloonWealth","AT_Manta","AT_SunfireAegis","Art of War","Sling","Anchor","PreservedInsect","Toy Ornithopter","xbg","ClockworkSouvenir","Lantern","Strawberry","Tiny Chest","StrikeDummy","DianDianMeat","Shovel","Happy Flower","AT_EbonyIvory","PatriotShield","Blue Candle","Ninja Scroll","Technique","Smiling Mask","Vajra","Letter Opener","Ginger","CeramicFish","DianPoetry","Regal Pillow","Orrery","Omamori","Centennial Puzzle","Eternal Feather","AT_BellowingDragoncrestRing","Sundial","Mummified Hand","AT_SpeedBoots","Oddly Smooth Stone","TheAbacus","HornCleat"],"acts_visited":["Exordium","TheCity","TheBeyond","TheEnding"],"potions_floor_usage":[56],"damage_taken":[{"damage":0.0,"enemies":"Small Slimes","floor":1.0,"turns":4.0},{"damage":8.0,"enemies":"Jaw Worm","floor":4.0,"turns":5.0},{"damage":6.0,"enemies":"Cultist","floor":7.0,"turns":6.0},{"damage":9.0,"enemies":"Lagavulin","floor":11.0,"turns":5.0},{"damage":1.0,"enemies":"The Guardian","floor":16.0,"turns":10.0},{"damage":0.0,"enemies":"Shell Parasite","floor":18.0,"turns":4.0},{"damage":0.0,"enemies":"3 Byrds","floor":19.0,"turns":3.0},{"damage":0.0,"enemies":"Shelled Parasite and Fungi","floor":20.0,"turns":3.0},{"damage":4.0,"enemies":"Gremlin Leader","floor":23.0,"turns":4.0},{"damage":0.0,"enemies":"Snake Plant","floor":24.0,"turns":3.0},{"damage":0.0,"enemies":"Book of Stabbing","floor":27.0,"turns":2.0},{"damage":0,"enemies":"Cultist and Chosen","floor":31,"turns":2},{"damage":0,"enemies":"Collector","floor":33,"turns":4},{"damage":0,"enemies":"3 Shapes","floor":35,"turns":4},{"damage":0,"enemies":"Orb Walker","floor":37,"turns":1},{"damage":0,"enemies":"Reptomancer","floor":40,"turns":1},{"damage":0,"enemies":"Giant Head","floor":42,"turns":3},{"damage":0,"enemies":"Nemesis","floor":45,"turns":1},{"damage":0,"enemies":"Spire Growth","floor":47,"turns":1},{"damage":0,"enemies":"Time Eater","floor":50,"turns":4},{"damage":0,"enemies":"Awakened One","floor":51,"turns":4},{"damage":0,"enemies":"Shield and Spear","floor":55,"turns":1},{"damage":0,"enemies":"The Heart","floor":56,"turns":6}],"seed_played":"-3822682409835023644","potions_obtained":[{"floor":4.0,"key":"Ancient Potion"},{"floor":11.0,"key":"GhostInAJar"},{"floor":24.0,"key":"Fruit Juice"},{"floor":27.0,"key":"PowerPotion"},{"floor":40,"key":"Swift Potion"}],"is_trial":false,"path_per_floor":["M","?","?","M","$","R","M","T","T","$","E","R","?","?","R","B",null,"M","M","M","?","$","E","M","R","T","E","$","?","?","M","R","B",null,"M","?","M","$","T","E","T","E","T","$","E","$","M","$","R","B","B",null,"R","$","E","B",null],"character_chosen":"THE_SILENT","items_purchased":["Membership Card","AT_MibuBalloonWealth","AT_Manta","SkillPotion","BlessingOfTheForge","MostiFishMod:FrostNova","Master of Strategy","Art of War","Sling","Anchor","Footwork","PowerPotion","ClockworkSouvenir","Lantern","Strawberry","Energy Potion","Shovel","Happy Flower","Blue Candle","Ninja Scroll","Escape Plan","Technique","DianPoetry","Regal Pillow","Orrery","Centennial Puzzle","Eternal Feather","DuplicationPotion","AT_BellowingDragoncrestRing","Sundial","AT_SpeedBoots","Oddly Smooth Stone","TheAbacus","Footwork","GamblersBrew"],"campfire_rested":0,"item_purchase_floors":[5,5,5,5,5,5,10,10,10,10,10,10,22,22,22,22,28,28,38,38,38,38,44,44,44,46,46,46,48,48,54,54,54,54,54],"current_hp_per_floor":[59,59,59,51,51,51,45,45,45,45,36,36,31,31,31,30,57,57,57,62,33,40,36,36,36,36,45,45,45,34,35,35,37,49,49,49,49,52,52,56,56,56,56,67,67,67,74,74,78,78,78,78,78,86,86,86],"gold":1441,"neow_bonus":"BOSS_RELIC","is_daily":false,"chose_seed":false,"campfire_upgraded":4,"win_rate":0.0,"timestamp":1613669095,"path_taken":["M","?","?","M","$","R","M","?","T","$","E","R","?","?","R","BOSS","M","M","?","?","$","E","M","R","T","E","$","?","?","M","R","BOSS","M","?","M","$","?","E","?","E","T","?","E","$","M","$","R","BOSS","BOSS","R","$","E","BOSS"],"items_purchased_type":["Relic","Relic","Relic","Potion","Potion","Card","Card","Relic","Relic","Relic","Card","Potion","Relic","Relic","Relic","Potion","Relic","Relic","Relic","Relic","Card","Relic","Relic","Relic","Relic","Relic","Relic","Potion","Relic","Relic","Relic","Relic","Relic","Card","Potion"],"build_version":"2020-12-22","purchased_purges":9,"victory":true,"max_hp_per_floor":[66,66,66,66,66,66,66,66,66,66,66,66,66,66,66,66,66,66,66,66,33,40,40,40,40,40,45,45,45,50,51,51,53,53,53,53,53,56,56,60,60,60,60,71,71,71,78,78,78,78,78,78,78,86,86,86],"card_choices":[{"not_picked":["Caltrops","MostiFishMod:ThornCasing"],"picked":"Prepared","floor":1.0},{"not_picked":["Sucker Punch","MostiFishMod:PerfectParry","Slice","MostiFishMod:VineMother"],"picked":"Acrobatics","floor":4.0},{"not_picked":["Dagger Spray","Dodge and Roll","Prepared","Masterful Stab"],"picked":"Tactician","floor":7.0},{"not_picked":["PiercingWail","MostiFishMod:InvigoratingSolution","Dagger Spray","Predator","Prepared"],"picked":"SKIP","floor":11.0},{"not_picked":["Underhanded Strike","Backflip","All Out Attack+1","Escape Plan"],"picked":"Blade Dance","floor":18.0},{"not_picked":["Skewer","Choke","Prepared","Flying Knee","MostiFishMod:InvigoratingSolution"],"picked":"SKIP","floor":19.0},{"not_picked":["MostiFishMod:PerfectParry+1","Noxious Fumes","Dagger Throw","Caltrops+1","Wraith Form v2"],"picked":"SKIP","floor":20.0},{"not_picked":["Bane","Flying Knee","All Out Attack","Footwork+1","MostiFishMod:ThornCasing"],"picked":"SKIP","floor":23.0},{"not_picked":["Slice","Sucker Punch","Bane","AT_WindFlip","Deflect"],"picked":"SKIP","floor":24.0},{"not_picked":["Noxious Fumes","MostiFishMod:PreservedThorns","MostiFishMod:PerfectParry","Endless Agony","Cloak And Dagger"],"picked":"SKIP","floor":27.0},{"not_picked":["Finisher","Quick Slash","AT_WindFlip","Well Laid Plans+1","Dodge and Roll"],"picked":"SKIP","floor":31},{"not_picked":["Finisher","Quick Slash","AT_WindFlip","Dodge and Roll"],"picked":"Well Laid Plans+1","floor":31},{"not_picked":["AT_MyraUnstableElement","Burst","Venomology","Unload"],"picked":"MostiFishMod:AdrenalineArouse","floor":33},{"not_picked":["Bane","Slice","AT_ArcaneSupremacy","Deadly Poison","Blur+1"],"picked":"SKIP","floor":35},{"not_picked":["AT_WindFlip","Quick Slash","Outmaneuver+1","Flying Knee","Slice+1"],"picked":"SKIP","floor":37},{"not_picked":["Concentrate","MostiFishMod:InvigoratingSolution","Dagger Throw+1","Quick Slash"],"picked":"MostiFishMod:Opportunism","floor":40},{"not_picked":["Expertise","MostiFishMod:ThornCasing+1","Dodge and Roll","Dash","Skewer+1"],"picked":"SKIP","floor":42},{"not_picked":["Concentrate","Tools of the Trade","Dagger Spray","Deflect"],"picked":"Adrenaline","floor":44},{"not_picked":["AT_WindRun","Quick Slash","Setup+1","Terror"],"picked":"Calculated Gamble","floor":44},{"not_picked":["MostiFishMod:PerfectParry+1","Bane","MostiFishMod:Neurotoxin","Sucker Punch+1","MostiFishMod:ThornCasing"],"picked":"SKIP","floor":45},{"not_picked":["PiercingWail","Deadly Poison","Crippling Poison","MostiFishMod:ThornCasing"],"picked":"Footwork+1","floor":47},{"not_picked":["Dash","Accuracy","Bouncing Flask","Dagger Spray+1","Bane+1"],"picked":"SKIP","floor":55}],"player_experience":616678,"relics_obtained":[{"floor":1.0,"key":"SynthV:TestCard"},{"floor":9.0,"key":"AT_SunfireAegis"},{"floor":11.0,"key":"PreservedInsect"},{"floor":23.0,"key":"Tiny Chest"},{"floor":26.0,"key":"StrikeDummy"},{"floor":27.0,"key":"DianDianMeat"},{"floor":32,"key":"AT_EbonyIvory"},{"floor":39,"key":"Smiling Mask"},{"floor":40,"key":"Vajra"},{"floor":41,"key":"Letter Opener"},{"floor":42,"key":"Ginger"},{"floor":43,"key":"CeramicFish"},{"floor":45,"key":"Omamori"},{"floor":53,"key":"Mummified Hand"},{"floor":55,"key":"HornCleat"}],"event_choices":[{"damage_healed":0.0,"max_hp_gain":0.0,"max_hp_loss":0.0,"gold_gain":0.0,"event_name":"Shining Light","player_choice":"Ignored","floor":2.0,"gold_loss":0.0,"damage_taken":0.0},{"damage_healed":0.0,"max_hp_gain":0.0,"max_hp_loss":0.0,"gold_gain":0.0,"event_name":"Liars Game","player_choice":"Ignored","floor":3.0,"gold_loss":0.0,"damage_taken":0.0},{"damage_healed":0.0,"max_hp_gain":0.0,"max_hp_loss":0.0,"gold_gain":0.0,"event_name":"Scrap Ooze","player_choice":"Success","floor":13.0,"gold_loss":0.0,"damage_taken":5.0,"relics_obtained":["Toy Ornithopter"]},{"damage_healed":0.0,"max_hp_gain":0.0,"max_hp_loss":0.0,"gold_gain":0.0,"event_name":"Upgrade Shrine","player_choice":"Upgraded","floor":14.0,"gold_loss":0.0,"damage_taken":0.0,"cards_upgraded":["Tactician"]},{"damage_healed":0.0,"max_hp_gain":0.0,"max_hp_loss":33.0,"gold_gain":0.0,"event_name":"Ghosts","player_choice":"Became a Ghost","floor":21.0,"gold_loss":0.0,"damage_taken":0.0,"cards_obtained":["Ghostly","Ghostly","Ghostly"]},{"cards_removed":["Strike_G"],"damage_healed":0,"gold_gain":0,"player_choice":"Elegance","damage_taken":0,"max_hp_gain":0,"max_hp_loss":0,"event_name":"Back to Basics","floor":29,"gold_loss":0},{"damage_healed":0,"gold_gain":0,"player_choice":"Shed Blood","damage_taken":16,"max_hp_gain":5,"max_hp_loss":0,"event_name":"Forgotten Altar","floor":30,"gold_loss":0},{"damage_healed":0,"gold_gain":0,"player_choice":"Ignored","damage_taken":0,"max_hp_gain":0,"max_hp_loss":0,"event_name":"Tomb of Lord Red Mask","floor":36,"gold_loss":0}],"is_beta":false,"boss_relics":[{"not_picked":["FixedStarFall","Astrolabe"],"picked":"xbg"},{"not_picked":["Sozu","SacredBark"],"picked":"PatriotShield"}],"items_purged_floors":[5,10,22,28,38,44,46,48,54],"is_endless":false,"potions_floor_spawned":[4,11,16,19,24,27,35,40,42,55],"ascension_level":20}}