{"host":"qfmqsclrfy207o1q","time":1613630031,"event":{"mods":["2.2 Compatiblity","AchievementEnabler","BaseMod","BetterRewards","Colored Map","Colored Powertips","Curses Come First","Dark Map","Downfall","Infinite Spire","Minty Spire (QoL Compilation)","Quick Restart","Rare Cards Sparkle","Relic Stats","StSLib"],"gold_per_floor":[113,113,113,124,135,135,153,164,164,184,184,3,3,22,22,120,120,134,134,7,7,7,20,20,20,44,54,81,81,3,36,36,139,139,151,164,164,164],"floor_reached":37,"language":"ENG","playtime":1385,"items_purged":["Decay"],"score":379,"play_id":"9fa19925-3818-43fa-9694-d449ba802b38","local_time":"20210217233351","is_ascension_mode":false,"campfire_choices":[{"data":"Zap","floor":6,"key":"SMITH"},{"data":"Conserve Battery","floor":11,"key":"SMITH"},{"data":"Static Discharge","floor":13,"key":"SMITH"},{"floor":15,"key":"REST"},{"floor":32,"key":"REST"}],"circlet_count":0,"master_deck":["Strike_B","Strike_B","Strike_B","Strike_B","Defend_B","Defend_B","Defend_B","Defend_B","Zap+1","Dualcast","Ball Lightning","Jack Of All Trades","Zap","Coolheaded","Beam Cell","Ball Lightning","Thunder Strike","Coolheaded","Conserve Battery+1","Static Discharge+1","Chill","Machine Learning","Lockon","Ball Lightning+1","infinitespire:UltimateForm","infinitespire:Gouge","Heatsinks+1","FTL","Stack","Amplify","Conserve Battery","Steam+1"],"relics":["Cracked Core","NeowsBlessing","infinitespire:EmpoweringShard","Mummified Hand","Inserter","Nuclear Battery","Regal Pillow","Bag of Marbles","Ancient Tea Set","Pocketwatch"],"acts_visited":["Exordium","TheCity","TheBeyond"],"potions_floor_usage":[8,14,16,16,31,31,33,37],"damage_taken":[{"damage":0,"enemies":"Small Slimes","floor":1,"turns":1},{"damage":0,"enemies":"Cultist","floor":4,"turns":1},{"damage":0,"enemies":"Jaw Worm","floor":5,"turns":1},{"damage":0,"enemies":"3 Louse","floor":7,"turns":3},{"damage":0,"enemies":"Looter","floor":8,"turns":1},{"damage":0,"enemies":"Large Slime","floor":10,"turns":3},{"damage":13,"enemies":"Lots of Slimes","floor":14,"turns":3},{"damage":11,"enemies":"Slime Boss","floor":16,"turns":4},{"damage":8,"enemies":"Shell Parasite","floor":18,"turns":5},{"damage":11,"enemies":"3 Byrds","floor":23,"turns":4},{"damage":8,"enemies":"Snecko","floor":27,"turns":5},{"damage":18,"enemies":"Slavers","floor":31,"turns":4},{"damage":28,"enemies":"Automaton","floor":33,"turns":7},{"damage":44,"enemies":"3 Shapes","floor":35,"turns":7},{"damage":19,"enemies":"Orb Walker","floor":36,"turns":4},{"damage":17,"enemies":"Writhing Mass","floor":37,"turns":4}],"seed_played":"2972846964255763375","potions_obtained":[{"floor":1,"key":"CultistPotion"},{"floor":4,"key":"Fire Potion"},{"floor":10,"key":"ColorlessPotion"},{"floor":23,"key":"Block Potion"},{"floor":27,"key":"LiquidBronze"},{"floor":31,"key":"DuplicationPotion"}],"is_trial":false,"path_per_floor":["M","?","?","M","M","R","M","M","T","M","R","$","R","M","R","B",null,"M","?","$","?","$","M","AVR","?","T","M","T","$","$","E","R","B",null,"M","M","M"],"character_chosen":"DEFECT","items_purchased":["Static Discharge","Fruit Juice","FocusPotion","FTL"],"campfire_rested":2,"item_purchase_floors":[12,12,20,30],"current_hp_per_floor":[75,68,68,68,68,68,68,68,68,68,68,68,68,60,80,69,80,72,72,72,72,72,61,61,42,42,34,34,34,34,16,55,27,80,36,17,0,0],"gold":164,"neow_bonus":"THREE_ENEMY_KILL","is_daily":false,"chose_seed":false,"campfire_upgraded":3,"win_rate":0.0,"timestamp":1613630031,"path_taken":["M","?","?","?","M","R","M","?","T","M","R","?","R","M","R","BOSS","M","?","$","?","?","M","AVR","?","T","M","?","?","$","E","R","BOSS","M","?","M"],"items_purchased_type":["Card","Potion","Potion","Card"],"build_version":"2020-12-22","purchased_purges":1,"victory":false,"max_hp_per_floor":[75,75,75,75,75,75,75,75,75,75,75,75,75,80,80,80,80,80,80,80,80,80,80,80,80,80,80,80,80,80,80,80,80,80,80,80,80,80],"relic_stats":{"Regal Pillow":15,"Inserter":[20],"counters":[16,57],"Mummified Hand":[28],"obtain_stats":[{"Regal Pillow":24,"Inserter":17,"NeowsBlessing":0,"Mummified Hand":9,"infinitespire:EmpoweringShard":2,"Bag of Marbles":26,"Cracked Core":0,"Ancient Tea Set":28,"Nuclear Battery":24,"Pocketwatch":31},{"Regal Pillow":10,"Inserter":8,"NeowsBlessing":0,"Mummified Hand":5,"infinitespire:EmpoweringShard":1,"Bag of Marbles":10,"Cracked Core":0,"Ancient Tea Set":11,"Nuclear Battery":10,"Pocketwatch":12},{"Regal Pillow":26,"Inserter":17,"NeowsBlessing":0,"Mummified Hand":7,"infinitespire:EmpoweringShard":1,"Bag of Marbles":26,"Cracked Core":0,"Ancient Tea Set":31,"Nuclear Battery":26,"Pocketwatch":35}],"Pocketwatch":[6]},"card_choices":[{"not_picked":["Streamline","Doom and Gloom"],"picked":"Ball Lightning","floor":1},{"not_picked":["Heatsinks","Hello World"],"picked":"Beam Cell","floor":4},{"not_picked":["Hologram","Sweeping Beam"],"picked":"Ball Lightning","floor":5},{"not_picked":["Glacier","Hologram"],"picked":"Thunder Strike","floor":7},{"not_picked":["Gash","Stack"],"picked":"Coolheaded","floor":8},{"not_picked":["Coolheaded","Barrage"],"picked":"Conserve Battery","floor":10},{"not_picked":["Fusion","Glacier"],"picked":"Chill","floor":14},{"not_picked":["Multi-Cast","Reboot"],"picked":"Machine Learning","floor":16},{"not_picked":["Beam Cell","Gash"],"picked":"Lockon","floor":18},{"not_picked":["Streamline","Auto Shields"],"picked":"Ball Lightning+1","floor":23},{"not_picked":["infinitespire:SevenWalls","infinitespire:NeuralNetwork"],"picked":"infinitespire:Gouge","floor":25},{"not_picked":["Skim","Streamline"],"picked":"Heatsinks+1","floor":27},{"not_picked":["Go for the Eyes","Redo"],"picked":"Stack","floor":31},{"not_picked":["Multi-Cast","Thunder Strike"],"picked":"Amplify","floor":33},{"not_picked":["Stack+1","Steam"],"picked":"Conserve Battery","floor":35},{"not_picked":["Barrage","Leap+1"],"picked":"Steam+1","floor":36}],"player_experience":4920,"relics_obtained":[{"floor":9,"key":"Mummified Hand"},{"floor":26,"key":"Bag of Marbles"},{"floor":28,"key":"Ancient Tea Set"},{"floor":31,"key":"Pocketwatch"}],"event_choices":[{"damage_healed":0,"gold_gain":0,"player_choice":"Success","damage_taken":7,"relics_obtained":["infinitespire:EmpoweringShard"],"max_hp_gain":0,"max_hp_loss":0,"event_name":"Scrap Ooze","floor":2,"gold_loss":0},{"damage_healed":0,"gold_gain":0,"player_choice":"3 cards matched","damage_taken":0,"max_hp_gain":0,"max_hp_loss":0,"event_name":"Match and Keep!","floor":3,"gold_loss":0,"cards_obtained":["Jack Of All Trades","Zap","Coolheaded"]},{"damage_healed":0,"gold_gain":0,"player_choice":"Smashed Altar","damage_taken":0,"max_hp_gain":0,"max_hp_loss":0,"event_name":"Forgotten Altar","floor":19,"gold_loss":0,"cards_obtained":["Decay"]}],"is_beta":false,"boss_relics":[{"not_picked":["Astrolabe","FrozenCore"],"picked":"Inserter"},{"not_picked":["infinitespire:Cupcake","bronze:MakeshiftBattery","Runic Pyramid"]}],"items_purged_floors":[20],"is_endless":false,"potions_floor_spawned":[1,4,10,23,27,31],"killed_by":"Writhing Mass","ascension_level":0}}