{"host":"d52brwsy6af8zvaq","time":1613629915,"event":{"mods":["AchievementEnabler","BaseMod","Bestiary","Highlight Path","Minty Spire (QoL Compilation)","Quick Restart","Relic Stats","ojb\u0027s Better Paths Mod"],"gold_per_floor":[118,118,83,98,98,125,125,158,158,158,188,25,41,56,56,130,130,144,164,164,182,202,202,230,230,307,33,61,61,74,94,94,94,94],"floor_reached":33,"language":"ENG","playtime":1169,"items_purged":["Strike_B"],"score":610,"play_id":"1bbeab5b-f296-4e8a-bfe2-151417fc09ca","local_time":"20210217233155","is_ascension_mode":true,"campfire_choices":[{"floor":7.0,"key":"REST"},{"data":"Multi-Cast","floor":15.0,"key":"SMITH"},{"data":"Buffer","floor":23.0,"key":"SMITH"},{"floor":25.0,"key":"REST"},{"data":"Buffer","floor":29.0,"key":"SMITH"},{"data":"Beam Cell","floor":32,"key":"SMITH"}],"circlet_count":0,"master_deck":["AscendersBane","Defend_B+1","Defend_B","Defend_B","Defend_B+1","Zap+1","Dualcast","Ball Lightning+1","FTL","Rebound","Cold Snap","Streamline","Undo","Beam Cell+1","Multi-Cast+1","Buffer+1","Biased Cognition+1","Rip and Tear+1","Auto Shields+1","Coolheaded","Steam+1","Skim","Buffer+1","Go for the Eyes","Self Repair+1","Turbo","Static Discharge+1"],"relics":["Cracked Core","Mercury Hourglass","Cables","Sundial","Astrolabe","Du-Vu Doll","Frozen Egg 2","White Beast Statue","HornCleat"],"acts_visited":["Exordium","TheCity"],"potions_floor_usage":[],"damage_taken":[{"damage":0.0,"enemies":"2 Louse","floor":1.0,"turns":3.0},{"damage":1.0,"enemies":"Small Slimes","floor":4.0,"turns":3.0},{"damage":32.0,"enemies":"Gremlin Nob","floor":6.0,"turns":4.0},{"damage":27.0,"enemies":"Lagavulin","floor":8.0,"turns":4.0},{"damage":9.0,"enemies":"Gremlin Nob","floor":11.0,"turns":3.0},{"damage":0.0,"enemies":"Jaw Worm","floor":13.0,"turns":2.0},{"damage":6.0,"enemies":"Exordium Thugs","floor":14.0,"turns":4.0},{"damage":8.0,"enemies":"Slime Boss","floor":16.0,"turns":7.0},{"damage":5.0,"enemies":"2 Thieves","floor":18.0,"turns":2.0},{"damage":0.0,"enemies":"Chosen","floor":19.0,"turns":4.0},{"damage":0.0,"enemies":"Snecko","floor":21.0,"turns":4.0},{"damage":9.0,"enemies":"Snake Plant","floor":22.0,"turns":4.0},{"damage":27.0,"enemies":"Gremlin Leader","floor":24.0,"turns":7.0},{"damage":13.0,"enemies":"Book of Stabbing","floor":28.0,"turns":6.0},{"damage":2.0,"enemies":"Shelled Parasite and Fungi","floor":30.0,"turns":5.0},{"damage":0,"enemies":"Snecko","floor":31,"turns":5},{"damage":48,"enemies":"Automaton","floor":33,"turns":12}],"seed_played":"4318022511952538589","potions_obtained":[{"floor":1.0,"key":"Explosive Potion"},{"floor":11.0,"key":"Block Potion"},{"floor":18.0,"key":"Explosive Potion"},{"floor":19.0,"key":"DistilledChaos"},{"floor":28.0,"key":"SpeedPotion"},{"floor":30.0,"key":"PotionOfCapacity"}],"is_trial":false,"path_per_floor":["M","?","?","M","?","E","R","E","T","?","E","$","M","M","R","B",null,"M","M","?","M","M","R","E","R","T","$","E","R","M","M","R","B"],"character_chosen":"DEFECT","items_purchased":["Undo","White Beast Statue"],"campfire_rested":2,"item_purchase_floors":[12,27],"current_hp_per_floor":[64,43,60,59,59,27,48,21,21,44,35,35,35,29,29,21,59,54,54,54,54,45,45,18,39,39,39,26,26,34,44,44,0,0],"gold":94,"neow_bonus":"UPGRADE_CARD","is_daily":false,"chose_seed":false,"campfire_upgraded":4,"win_rate":0.0,"timestamp":1613629915,"path_taken":["M","?","?","M","?","E","R","E","T","?","E","$","?","M","R","BOSS","M","M","?","M","?","R","E","R","T","$","E","R","M","M","R","BOSS"],"items_purchased_type":["Card","Relic"],"build_version":"2020-12-22","purchased_purges":1,"victory":false,"max_hp_per_floor":[71,71,71,71,71,71,71,71,71,71,71,71,71,71,71,71,71,71,71,71,71,71,71,71,71,71,71,71,71,71,71,71,71,71],"relic_stats":{"counters":[17,79],"Sundial":[6],"Astrolabe":["Biased Cognition","Rip and Tear","Auto Shields"],"obtain_stats":[{"Du-Vu Doll":24,"HornCleat":28,"Sundial":11,"Astrolabe":17,"Frozen Egg 2":26,"Cracked Core":0,"White Beast Statue":27,"Mercury Hourglass":6,"Cables":8},{"Du-Vu Doll":13,"HornCleat":14,"Sundial":5,"Astrolabe":8,"Frozen Egg 2":13,"Cracked Core":0,"White Beast Statue":13,"Mercury Hourglass":3,"Cables":4},{"Du-Vu Doll":51,"HornCleat":57,"Sundial":17,"Astrolabe":30,"Frozen Egg 2":51,"Cracked Core":0,"White Beast Statue":51,"Mercury Hourglass":10,"Cables":14}],"Mercury Hourglass":[237],"Cables":[54,44,10,0,0]},"card_choices":[{"not_picked":["Force Field","Streamline"],"picked":"Ball Lightning","floor":1.0},{"not_picked":["Streamline","Recycle"],"picked":"FTL","floor":4.0},{"not_picked":["Conserve Battery","Compile Driver"],"picked":"Rebound","floor":6.0},{"not_picked":["Barrage","Steam Power"],"picked":"Cold Snap","floor":8.0},{"not_picked":["Double Energy","Chaos"],"picked":"Streamline","floor":11.0},{"not_picked":["Heatsinks","Ball Lightning"],"picked":"Beam Cell","floor":13.0},{"not_picked":["Rebound","Conserve Battery"],"picked":"Multi-Cast","floor":14.0},{"not_picked":["Reboot","Rainbow"],"picked":"Buffer","floor":16.0},{"not_picked":["Genetic Algorithm","Leap"],"picked":"Coolheaded","floor":18.0},{"not_picked":["Cold Snap","Static Discharge"],"picked":"Steam+1","floor":19.0},{"not_picked":["Heatsinks","Stack","Redo"],"picked":"SKIP","floor":21.0},{"not_picked":["Rebound","Lockon"],"picked":"Go for the Eyes","floor":22.0},{"not_picked":["Meteor Strike","Go for the Eyes"],"picked":"Self Repair+1","floor":24.0},{"not_picked":["Hologram","Redo"],"picked":"Turbo","floor":28.0},{"not_picked":["Skim","Cold Snap+1","Thunder Strike"],"picked":"SKIP","floor":30.0},{"not_picked":["Redo","Heatsinks+1"],"picked":"Static Discharge+1","floor":31}],"player_experience":2308375,"relics_obtained":[{"floor":6.0,"key":"Mercury Hourglass"},{"floor":8.0,"key":"Cables"},{"floor":11.0,"key":"Sundial"},{"floor":24.0,"key":"Du-Vu Doll"},{"floor":26.0,"key":"Frozen Egg 2"},{"floor":28.0,"key":"HornCleat"}],"event_choices":[{"damage_healed":0.0,"max_hp_gain":0.0,"max_hp_loss":0.0,"gold_gain":0.0,"event_name":"Shining Light","player_choice":"Entered Light","floor":2.0,"gold_loss":0.0,"damage_taken":21.0,"cards_upgraded":["Defend_B","Defend_B"]},{"damage_healed":17.0,"max_hp_gain":0.0,"max_hp_loss":0.0,"gold_gain":0.0,"event_name":"The Cleric","player_choice":"Healed","floor":3.0,"gold_loss":35.0,"damage_taken":0.0},{"damage_healed":0.0,"max_hp_gain":0.0,"max_hp_loss":0.0,"gold_gain":0.0,"event_name":"Living Wall","player_choice":"Grow","floor":5.0,"gold_loss":0.0,"damage_taken":0.0,"cards_upgraded":["Ball Lightning"]},{"damage_healed":23.0,"max_hp_gain":0.0,"max_hp_loss":0.0,"gold_gain":0.0,"event_name":"Big Fish","player_choice":"Banana","floor":10.0,"gold_loss":0.0,"damage_taken":0.0},{"damage_healed":0.0,"max_hp_gain":0.0,"max_hp_loss":0.0,"gold_gain":0.0,"event_name":"Match and Keep!","player_choice":"2 cards matched","floor":20.0,"gold_loss":0.0,"damage_taken":0.0,"cards_obtained":["Skim","Buffer"]}],"is_beta":false,"boss_relics":[{"not_picked":["Busted Crown","Philosopher\u0027s Stone"],"picked":"Astrolabe"}],"items_purged_floors":[12],"is_endless":false,"potions_floor_spawned":[1,11,14,16,18,19,21,28,30,31],"killed_by":"Automaton","ascension_level":20}}