{"host":"8pvw2tcf9wctlvur","time":1613628102,"event":{"mods":["BaseMod","Better Third Choice","Colored Powertips","Curses Come First","Minty Spire (QoL Compilation)","Rare Cards Sparkle","Relic Stats","StSLib","SuperFastMode"],"gold_per_floor":[114,127,50,67,67,96,96,121,197,208,218,247,247,40,40,138,138,150,38,58,58,58,58,58,73,150,150,150],"floor_reached":27,"language":"ENG","playtime":1031,"items_purged":[],"score":332,"play_id":"a0f39ce2-4110-44d8-addf-1e31b218e0d6","local_time":"20210217230142","is_ascension_mode":true,"campfire_choices":[{"floor":7,"key":"REST"},{"floor":13,"key":"REST"},{"floor":15,"key":"RECALL"},{"floor":23,"key":"REST"}],"circlet_count":0,"master_deck":["Strike_G","Strike_G","Strike_G","Strike_G","Strike_G","Defend_G","Defend_G","Defend_G","Defend_G","Defend_G","Survivor","Deadly Poison","Well Laid Plans","Bane","Deadly Poison","Deadly Poison","Cloak And Dagger","Catalyst","Envenom","Cloak And Dagger","Cloak And Dagger","Bullet Time","Deadly Poison","Night Terror","Blade Dance+1","Accuracy","Distraction","Decay","Backflip"],"relics":["Fusion Hammer","Mango","Lantern","Matryoshka","Eternal Feather","HandDrill","SlaversCollar","Pear","Vajra","Pantograph"],"acts_visited":["Exordium","TheCity"],"potions_floor_usage":[12,12,16,25,27],"damage_taken":[{"damage":0,"enemies":"Small Slimes","floor":1,"turns":3},{"damage":4,"enemies":"Jaw Worm","floor":2,"turns":2},{"damage":0,"enemies":"Cultist","floor":4,"turns":3},{"damage":31,"enemies":"3 Sentries","floor":6,"turns":10},{"damage":20,"enemies":"Lagavulin","floor":8,"turns":5},{"damage":7,"enemies":"Looter","floor":10,"turns":3},{"damage":14,"enemies":"3 Louse","floor":11,"turns":3},{"damage":0,"enemies":"3 Sentries","floor":12,"turns":7},{"damage":52,"enemies":"Hexaghost","floor":16,"turns":7},{"damage":30,"enemies":"Chosen","floor":18,"turns":5},{"damage":52,"enemies":"Spheric Guardian","floor":20,"turns":7},{"damage":32,"enemies":"Snake Plant","floor":25,"turns":5},{"damage":23,"enemies":"Centurion and Healer","floor":27,"turns":3}],"seed_played":"-6498809556900962072","potions_obtained":[{"floor":4,"key":"GhostInAJar"},{"floor":11,"key":"GhostInAJar"},{"floor":12,"key":"CunningPotion"},{"floor":16,"key":"CunningPotion"},{"floor":20,"key":"Block Potion"}],"is_trial":false,"path_per_floor":["M","M","$","M","?","E","R","E","T","M","M","E","R","$","R","B",null,"M","$","M","?","?","R","T","M","T","M"],"character_chosen":"THE_SILENT","items_purchased":["Bane","Deadly Poison","Deadly Poison","HandDrill","Accuracy","Distraction"],"campfire_rested":3,"item_purchase_floors":[3,3,14,14,19,19],"current_hp_per_floor":[70,66,66,66,66,49,74,54,54,47,33,33,70,70,82,30,84,54,54,2,2,2,42,52,20,20,0,0],"gold":150,"neow_bonus":"BOSS_RELIC","is_daily":false,"chose_seed":false,"campfire_upgraded":0,"win_rate":0.0,"timestamp":1613628102,"path_taken":["M","M","$","M","?","E","R","E","T","M","M","E","R","$","R","BOSS","M","$","M","?","?","R","?","M","T","M"],"items_purchased_type":["Card","Card","Card","Relic","Card","Card"],"build_version":"2020-12-22","purchased_purges":0,"victory":false,"max_hp_per_floor":[70,70,70,70,70,84,84,84,84,84,84,84,84,84,84,84,84,84,84,84,84,84,84,94,94,94,94,94],"relic_stats":{"counters":[13,63],"Pantograph":0,"Eternal Feather":39,"HandDrill":[12],"obtain_stats":[{"SlaversCollar":17,"Lantern":8,"Matryoshka":9,"Pear":24,"Pantograph":26,"Vajra":26,"Mango":6,"Eternal Feather":12,"Fusion Hammer":0,"HandDrill":14,"Ring of the Snake":0},{"SlaversCollar":9,"Lantern":5,"Matryoshka":5,"Pear":11,"Pantograph":12,"Vajra":12,"Mango":4,"Eternal Feather":8,"Fusion Hammer":0,"HandDrill":8,"Ring of the Snake":0},{"SlaversCollar":43,"Lantern":23,"Matryoshka":23,"Pear":55,"Pantograph":60,"Vajra":60,"Mango":18,"Eternal Feather":36,"Fusion Hammer":0,"HandDrill":36,"Ring of the Snake":0}]},"card_choices":[{"not_picked":["Poisoned Stab","Dodge and Roll"],"picked":"Deadly Poison","floor":1},{"not_picked":["Deflect","Prepared"],"picked":"Well Laid Plans","floor":2},{"not_picked":["Blur","Slice"],"picked":"Deadly Poison","floor":4},{"not_picked":["Leg Sweep","Acrobatics"],"picked":"Catalyst","floor":6},{"not_picked":["Poisoned Stab","Escape Plan"],"picked":"Envenom","floor":8},{"not_picked":["Quick Slash","Slice"],"picked":"Cloak And Dagger","floor":10},{"not_picked":["Dagger Throw","Prepared"],"picked":"Cloak And Dagger","floor":11},{"not_picked":["Leg Sweep","Dagger Spray"],"picked":"Bullet Time","floor":12},{"not_picked":["Bullet Time","Die Die Die"],"picked":"Night Terror","floor":16},{"not_picked":["Deadly Poison+1","Sucker Punch"],"picked":"Blade Dance+1","floor":18},{"not_picked":["Outmaneuver","Heel Hook","Dagger Throw"],"picked":"SKIP","floor":20},{"not_picked":["Deflect","Bane"],"picked":"Backflip","floor":25}],"player_experience":293493,"relics_obtained":[{"floor":6,"key":"Mango"},{"floor":8,"key":"Lantern"},{"floor":9,"key":"Matryoshka"},{"floor":12,"key":"Eternal Feather"},{"floor":24,"key":"Pear"},{"floor":26,"key":"Vajra"},{"floor":26,"key":"Pantograph"}],"event_choices":[{"damage_healed":0,"gold_gain":0,"cards_transformed":["Neutralize"],"player_choice":"Change","damage_taken":0,"max_hp_gain":0,"max_hp_loss":0,"event_name":"Living Wall","floor":5,"gold_loss":0,"cards_obtained":["Cloak And Dagger"]},{"damage_healed":0,"gold_gain":0,"player_choice":"Smashed Altar","damage_taken":0,"max_hp_gain":0,"max_hp_loss":0,"event_name":"Forgotten Altar","floor":21,"gold_loss":0,"cards_obtained":["Decay"]},{"damage_healed":0,"gold_gain":0,"player_choice":"Ignored","damage_taken":0,"max_hp_gain":0,"max_hp_loss":0,"event_name":"Vampires","floor":22,"gold_loss":0}],"is_beta":false,"boss_relics":[{"not_picked":["Ectoplasm","Tiny House"],"picked":"SlaversCollar"}],"items_purged_floors":[],"is_endless":false,"potions_floor_spawned":[4,11,12,16,20],"killed_by":"Centurion and Healer","ascension_level":2}}