{"host":"pdq28s6637cpsst2","time":1613616585,"event":{"mods":["BaseMod","Colored Map","Colored Powertips","Highlight Path","Minty Spire (QoL Compilation)","Permanent Neow","Quick Restart","StSLib"],"gold_per_floor":[113,132,148,148,165,165,180,180,234,248,259,272,305,317,317,421,421,439,456,226,151,151,151,66,101,113,153,184,229,241,278,290,406,418,449,480,504,516,548,595,621,661,673,685,709,293,307,318,318,318,318],"floor_reached":50,"language":"ENG","playtime":4373,"items_purged":["Strike_G","Strike_G"],"score":889,"play_id":"97149c55-ec5f-41b6-bfa0-98e80b403454","local_time":"20210217214945","is_ascension_mode":true,"campfire_choices":[{"data":"Blade Dance","floor":6.0,"key":"SMITH"},{"data":"Footwork","floor":8.0,"key":"SMITH"},{"data":"Terror","floor":15.0,"key":"SMITH"},{"data":"Adrenaline","floor":23.0,"key":"SMITH"},{"floor":30.0,"key":"REST"},{"floor":32.0,"key":"REST"},{"floor":49.0,"key":"REST"}],"circlet_count":0,"master_deck":["Defend_G","Defend_G","Defend_G","Defend_G","Defend_G","Survivor","Neutralize","Deadly Poison","Footwork+1","Blade Dance+1","Blade Dance","PiercingWail","All Out Attack","Quick Slash","Terror+1","Dagger Spray","Tools of the Trade","Backflip","Adrenaline+1","Footwork","Blade Dance","Cloak And Dagger","Backflip","Caltrops+1","Dagger Spray+1","Adrenaline","Dash","Parasite"],"relics":["Ring of the Snake","Bag of Marbles","Mercury Hourglass","Cursed Key","Boot","Blood Vial","MawBank","Dream Catcher","Oddly Smooth Stone","Anchor","Busted Crown","Toxic Egg 2","Thread and Needle","Bottled Flame"],"acts_visited":["Exordium","TheCity","TheBeyond"],"potions_floor_usage":[50,50,50],"damage_taken":[{"damage":0.0,"enemies":"Cultist","floor":1.0,"turns":4.0},{"damage":0.0,"enemies":"2 Louse","floor":2.0,"turns":4.0},{"damage":0.0,"enemies":"Small Slimes","floor":3.0,"turns":3.0},{"damage":4.0,"enemies":"Looter","floor":5.0,"turns":4.0},{"damage":0.0,"enemies":"Exordium Wildlife","floor":7.0,"turns":6.0},{"damage":0.0,"enemies":"Exordium Thugs","floor":10.0,"turns":4.0},{"damage":0.0,"enemies":"2 Fungi Beasts","floor":11.0,"turns":2.0},{"damage":0.0,"enemies":"3 Louse","floor":12.0,"turns":1.0},{"damage":0.0,"enemies":"Gremlin Nob","floor":13.0,"turns":2.0},{"damage":0.0,"enemies":"Blue Slaver","floor":14.0,"turns":3.0},{"damage":28.0,"enemies":"Hexaghost","floor":16.0,"turns":8.0},{"damage":5.0,"enemies":"2 Thieves","floor":18.0,"turns":3.0},{"damage":0.0,"enemies":"Shell Parasite","floor":19.0,"turns":4.0},{"damage":18.0,"enemies":"Book of Stabbing","floor":25.0,"turns":4.0},{"damage":12.0,"enemies":"Slavers","floor":27.0,"turns":3.0},{"damage":0.0,"enemies":"Shelled Parasite and Fungi","floor":28.0,"turns":3.0},{"damage":21.0,"enemies":"Book of Stabbing","floor":29.0,"turns":7.0},{"damage":12.0,"enemies":"Slavers","floor":31.0,"turns":4.0},{"damage":40.0,"enemies":"Collector","floor":33.0,"turns":10.0},{"damage":2.0,"enemies":"Orb Walker","floor":35.0,"turns":2.0},{"damage":0.0,"enemies":"3 Darklings","floor":36.0,"turns":3.0},{"damage":0.0,"enemies":"Maw","floor":37.0,"turns":7.0},{"damage":0.0,"enemies":"Jaw Worm Horde","floor":39.0,"turns":3.0},{"damage":34.0,"enemies":"Nemesis","floor":40.0,"turns":5.0},{"damage":14.0,"enemies":"Sphere and 2 Shapes","floor":41.0,"turns":4.0},{"damage":0.0,"enemies":"Giant Head","floor":42.0,"turns":5.0},{"damage":44.0,"enemies":"Transient","floor":45.0,"turns":5.0},{"damage":21.0,"enemies":"Spire Growth","floor":47.0,"turns":4.0},{"damage":0.0,"enemies":"Sphere and 2 Shapes","floor":48.0,"turns":5.0},{"damage":31,"enemies":"Time Eater","floor":50,"turns":11}],"seed_played":"-4001464138934060303","potions_obtained":[{"floor":3.0,"key":"DuplicationPotion"},{"floor":5.0,"key":"Block Potion"},{"floor":11.0,"key":"FearPotion"},{"floor":12.0,"key":"LiquidBronze"},{"floor":13.0,"key":"Dexterity Potion"},{"floor":25.0,"key":"Block Potion"},{"floor":31.0,"key":"SteroidPotion"},{"floor":33.0,"key":"Strength Potion"},{"floor":36.0,"key":"LiquidMemories"},{"floor":41.0,"key":"FearPotion"},{"floor":45.0,"key":"ColorlessPotion"},{"floor":48.0,"key":"ColorlessPotion"}],"is_trial":false,"path_per_floor":["M","M","M","?","M","R","M","R","T","M","M","M","E","M","R","B",null,"M","M","$","?","?","R","?","E","T","E","M","E","R","E","R","B",null,"M","M","M","?","M","E","M","E","T","?","M","$","M","M","R","B"],"character_chosen":"THE_SILENT","items_purchased":["Boot","EssenceOfSteel","Bottled Flame"],"campfire_rested":3,"item_purchase_floors":[20,46,46],"current_hp_per_floor":[63,63,63,68,64,64,64,64,64,64,64,64,64,64,64,36,65,60,60,60,60,60,60,60,44,44,34,36,17,39,29,51,13,60,60,62,64,64,66,34,22,24,24,66,22,22,3,5,24,0,0],"gold":318,"neow_bonus":"TRANSFORM_CARD","is_daily":false,"chose_seed":false,"campfire_upgraded":4,"win_rate":0.0,"timestamp":1613616585,"path_taken":["M","M","M","?","M","R","M","R","T","M","M","M","E","M","R","BOSS","M","M","$","?","?","R","?","E","T","E","M","E","R","E","R","BOSS","M","M","M","?","M","E","M","E","T","?","M","$","?","M","R","BOSS"],"items_purchased_type":["Relic","Potion","Relic"],"build_version":"2020-12-22","purchased_purges":2,"victory":false,"max_hp_per_floor":[70,70,70,75,75,75,75,75,75,75,75,75,75,75,75,75,75,75,75,75,75,75,75,75,75,75,75,75,75,75,75,75,75,75,75,75,75,75,75,75,75,75,75,66,66,66,66,66,66,66,66],"card_choices":[{"not_picked":["Backflip","Catalyst"],"picked":"Footwork","floor":1.0},{"not_picked":["Poisoned Stab","Blur"],"picked":"Blade Dance","floor":2.0},{"not_picked":["Skewer","All Out Attack"],"picked":"Blade Dance","floor":3.0},{"not_picked":["Concentrate","Flying Knee"],"picked":"PiercingWail","floor":5.0},{"not_picked":["Backflip","Deflect"],"picked":"All Out Attack","floor":7.0},{"not_picked":["Underhanded Strike","Flying Knee"],"picked":"Quick Slash","floor":10.0},{"not_picked":["Tools of the Trade","Bane"],"picked":"Terror","floor":11.0},{"not_picked":["Cloak And Dagger","Underhanded Strike"],"picked":"Dagger Spray","floor":12.0},{"not_picked":["Dodge and Roll","Quick Slash"],"picked":"Tools of the Trade","floor":13.0},{"not_picked":["Crippling Poison","Deflect"],"picked":"Backflip","floor":14.0},{"not_picked":["Phantasmal Killer","Malaise"],"picked":"Adrenaline","floor":16.0},{"not_picked":["Blur","Reflex+1"],"picked":"Footwork","floor":18.0},{"not_picked":["Quick Slash","Heel Hook","Finisher"],"picked":"SKIP","floor":19.0},{"not_picked":["Setup+1","Dagger Throw","Underhanded Strike"],"picked":"SKIP","floor":25.0},{"not_picked":["Blur","Deflect"],"picked":"Blade Dance","floor":27.0},{"not_picked":["Underhanded Strike","Noxious Fumes+1"],"picked":"Cloak And Dagger","floor":28.0},{"not_picked":["Skewer+1","Flechettes"],"picked":"Backflip","floor":29.0},{"not_picked":["Skewer+1","PiercingWail+1"],"picked":"Caltrops+1","floor":30.0},{"not_picked":["Phantasmal Killer","Flying Knee"],"picked":"Dagger Spray+1","floor":31.0},{"not_picked":["Grand Finale","Phantasmal Killer"],"picked":"Adrenaline","floor":33.0},{"not_picked":["Acrobatics+1"],"picked":"SKIP","floor":35.0},{"not_picked":["Poisoned Stab+1"],"picked":"SKIP","floor":36.0},{"not_picked":["Endless Agony"],"picked":"SKIP","floor":37.0},{"not_picked":["Slice"],"picked":"SKIP","floor":39.0},{"not_picked":["Well Laid Plans"],"picked":"SKIP","floor":40.0},{"not_picked":[],"picked":"Dash","floor":41.0},{"not_picked":["Flying Knee"],"picked":"SKIP","floor":42.0},{"not_picked":["Flying Knee+1"],"picked":"SKIP","floor":45.0},{"not_picked":["Well Laid Plans+1"],"picked":"SKIP","floor":47.0},{"not_picked":["Setup+1"],"picked":"SKIP","floor":48.0}],"player_experience":251915,"relics_obtained":[{"floor":9.0,"key":"Bag of Marbles"},{"floor":13.0,"key":"Mercury Hourglass"},{"floor":25.0,"key":"MawBank"},{"floor":27.0,"key":"Dream Catcher"},{"floor":29.0,"key":"Oddly Smooth Stone"},{"floor":31.0,"key":"Anchor"},{"floor":40.0,"key":"Toxic Egg 2"},{"floor":42.0,"key":"Thread and Needle"}],"event_choices":[{"damage_healed":0.0,"max_hp_gain":5.0,"max_hp_loss":0.0,"gold_gain":0.0,"event_name":"Big Fish","player_choice":"Donut","floor":4.0,"gold_loss":0.0,"damage_taken":0.0},{"cards_removed":["Strike_G"],"damage_healed":0.0,"max_hp_gain":0.0,"max_hp_loss":0.0,"gold_gain":0.0,"event_name":"Beggar","player_choice":"Gave Gold","floor":21.0,"gold_loss":75.0,"damage_taken":0.0},{"damage_healed":0.0,"max_hp_gain":0.0,"max_hp_loss":0.0,"gold_gain":0.0,"event_name":"Ghosts","player_choice":"Ignored","floor":22.0,"gold_loss":0.0,"damage_taken":0.0},{"damage_healed":0.0,"max_hp_gain":0.0,"max_hp_loss":0.0,"gold_gain":0.0,"event_name":"Addict","player_choice":"Obtained Relic","floor":24.0,"gold_loss":85.0,"damage_taken":0.0,"relics_obtained":["Blood Vial"]},{"cards_removed":["Strike_G"],"damage_healed":0.0,"max_hp_gain":0.0,"max_hp_loss":0.0,"gold_gain":0.0,"event_name":"Falling","player_choice":"Removed Attack","floor":38.0,"gold_loss":0.0,"damage_taken":0.0},{"damage_healed":66.0,"max_hp_gain":0.0,"max_hp_loss":9.0,"gold_gain":0.0,"event_name":"The Moai Head","player_choice":"Heal","floor":44.0,"gold_loss":0.0,"damage_taken":0.0}],"is_beta":false,"boss_relics":[{"not_picked":["Runic Dome","Calling Bell"],"picked":"Cursed Key"},{"not_picked":["Philosopher\u0027s Stone","Tiny House"],"picked":"Busted Crown"}],"items_purged_floors":[20,46],"is_endless":false,"potions_floor_spawned":[3,5,11,12,13,14,25,31,33,36,41,45,48],"killed_by":"Time Eater","ascension_level":7}}