{"host":"81h68oe4mr04pk3r","time":1613627293,"event":{"mods":["Act Like it!","Aspiration","BaseMod","BetterRewards","Colored Map","Colored Powertips","Conspire","Downfall","Gensokyo","Hallownest","Hermit","Hubris","Infinite Spire","Jorbs\u0027s Wanderer Trilogy","Koishi","Lobotomy","LobotomyExtend","Marisa????????","Minty Spire (QoL Compilation)","Quick Restart","Reimu??????","Remilia??????","StSLib","The Bug Knight","The Construct","The Cursed","The Disciple","The Servant 0.9.4"],"gold_per_floor":[110,110,130,130,144,144,31,44,91,91,106,123,49,65,65,65,65],"floor_reached":16,"language":"ENG","playtime":652,"items_purged":[],"score":94,"play_id":"721dedee-c1fa-415e-b612-4671569187c7","local_time":"20210217214813","is_ascension_mode":false,"campfire_choices":[{"data":"HollowMod:MawleksShell","floor":6,"key":"SMITH"},{"floor":15,"key":"REST"}],"circlet_count":0,"master_deck":["HollowMod:NailStrikeStart","HollowMod:NailStrikeStart","HollowMod:NailStrikeStart","HollowMod:NailStrikeStart","HollowMod:QuickDashStart","HollowMod:QuickDashStart","HollowMod:QuickDashStart","HollowMod:QuickDashStart","HollowMod:FocusHealStart","HollowMod:PogoStrike","HollowMod:Weaversong","HollowMod:HowlingWraiths","Clumsy","HollowMod:MantisMark","HollowMod:MawleksShell+1","HollowMod:MantisMark","HollowMod:DashSlash","HollowMod:DashSlash","HollowMod:SiblingsSouls","HollowMod:InfectedCysts","HollowMod:SoulMaster","HollowMod:HeavyBlow"],"relics":["HollowMod:VesselMask","LetterFromLob","Gensokyo:NagashiBinaDoll","hubris:ToyBattleship"],"acts_visited":["Gensokyo:Gensokyo"],"potions_floor_usage":[14,16,16,16],"damage_taken":[{"damage":4,"enemies":"Gensokyo:2_Kodama","floor":1,"turns":3},{"damage":9,"enemies":"Gensokyo:Python","floor":3,"turns":4},{"damage":12,"enemies":"Gensokyo:Gryphon","floor":5,"turns":3},{"damage":38,"enemies":"Gensokyo:Python_and_Kodama","floor":8,"turns":7},{"damage":4,"enemies":"Gensokyo:VengefulSpirit","floor":11,"turns":6},{"damage":18,"enemies":"Gensokyo:2_Rabbits","floor":12,"turns":4},{"damage":20,"enemies":"Gensokyo:Gryphon_and_Rabbit","floor":14,"turns":5},{"damage":88,"enemies":"Gensokyo:Yukari","floor":16,"turns":8}],"seed_played":"5822061290175035017","potions_obtained":[{"floor":1,"key":"champ:CounterPotion"},{"floor":5,"key":"sneckomod:MuddlingPotion"},{"floor":11,"key":"champ:CounterPotion"},{"floor":14,"key":"AttackPotion"}],"is_trial":false,"path_per_floor":["M","?","M","?","M","R","COS","M","T","M","M","M","$","M","R","B"],"character_chosen":"THE_BUGKNIGHT","items_purchased":["HollowMod:SiblingsSouls","HollowMod:InfectedCysts"],"campfire_rested":1,"item_purchase_floors":[13,13],"current_hp_per_floor":[71,71,68,75,65,65,65,37,37,37,39,21,21,7,29,0,0],"gold":65,"neow_bonus":"ONE_RANDOM_RARE_CARD","is_daily":false,"chose_seed":false,"campfire_upgraded":1,"win_rate":0.0,"timestamp":1613627293,"path_taken":["M","?","M","?","M","R","COS","M","T","M","?","M","?","M","R","BOSS"],"items_purchased_type":["Card","Card"],"build_version":"2020-12-22","purchased_purges":0,"victory":false,"max_hp_per_floor":[75,75,75,75,75,75,75,75,75,75,75,75,75,75,75,75,75],"card_choices":[{"not_picked":["HollowMod:ShapeofUnn","HollowMod:LifebloodCocoon"],"picked":"HollowMod:HowlingWraiths","floor":1},{"not_picked":["HollowMod:CornifersMapStart","HollowMod:AbyssShriek"],"picked":"HollowMod:MantisMark","floor":3},{"not_picked":["HollowMod:MonarchWings","HollowMod:CycloneSlash"],"picked":"HollowMod:MawleksShell","floor":5},{"not_picked":["HollowMod:QuirrelsAssistance","HollowMod:SharpenedNail"],"picked":"HollowMod:MantisMark","floor":8},{"not_picked":["HollowMod:CornifersMapStart","HollowMod:GrimmsGift"],"picked":"HollowMod:DashSlash","floor":11},{"not_picked":["HollowMod:MothsMistake","HollowMod:InfectionAssault"],"picked":"HollowMod:DashSlash","floor":12},{"not_picked":["HollowMod:ZotesMagnificence","HollowMod:Weaversong"],"picked":"HollowMod:SoulMaster","floor":14},{"not_picked":["HollowMod:HowlingWraiths","HollowMod:ShadowDash"],"picked":"HollowMod:HeavyBlow","floor":14}],"player_experience":249455,"relics_obtained":[{"floor":1,"key":"LetterFromLob"},{"floor":9,"key":"hubris:ToyBattleship"}],"event_choices":[],"is_beta":false,"boss_relics":[],"items_purged_floors":[],"is_endless":false,"potions_floor_spawned":[1,5,11,14],"killed_by":"Gensokyo:Yukari","ascension_level":0}}