{"host":"tubmkv2g6v9d0kjw","time":1613642977,"event":{"mods":["2.2 Compatiblity","BaseMod","Conspire","Downfall","Hubris","Minty Spire (QoL Compilation)","Relic Stats","Spire Arcade","StSLib"],"gold_per_floor":[99,99,99,99,99,133,160,160,160,180,180,205,216,316,331,432,432,232,250,261,261,279,291,318,318,318,318,318],"floor_reached":26,"language":"ENG","playtime":1266,"items_purged":[],"score":266,"play_id":"bfdc7a7b-62b1-4fc4-beb0-0e926f369ccf","local_time":"20210218040937","is_ascension_mode":false,"campfire_choices":[{"data":"hexamod:Float","floor":1,"key":"SMITH"},{"data":"hexamod:ExtraCrispy","floor":8,"key":"SMITH"},{"data":"hexamod:ThermalTransfer","floor":11,"key":"SMITH"},{"floor":18,"key":"RECALL"}],"circlet_count":0,"master_deck":["hexamod:Strike","hexamod:Strike","hexamod:Strike","hexamod:Strike","hexamod:Defend","hexamod:Defend","hexamod:Defend","hexamod:Defend","hexamod:Sear","hexamod:Float+1","hexamod:ExtraCrispy+1","hexamod:FlamesFromBeyond","hexamod:ThermalTransfer+1","hexamod:PhantomFireball","hexamod:RadiantFlame","hexamod:FirstSeal","hexamod:PhantomCloak","hexamod:FlamesFromBeyond","hexamod:UnleashSpirits","hexamod:ThermalTransfer","Writhe","hexamod:Rewind+1","hexamod:FlamesFromBeyond"],"relics":["hexamod:SpiritBrand","downfall:HeartsMalice","hubris:Icosahedron","hubris:TinFlute","PreservedInsect","hubris:GlazedTorus","Potion Belt","hubris:RunicObelisk","downfall:HeartBlessingBlue","downfall:HeartBlessingGreen","Art of War","Akabeko"],"acts_visited":["Exordium","TheCity"],"potions_floor_usage":[14,14,16,16,16,16,19,25,25],"damage_taken":[{"damage":0,"enemies":"Jaw Worm","floor":2,"turns":1},{"damage":0,"enemies":"Small Slimes","floor":4,"turns":1},{"damage":0,"enemies":"Lagavulin","floor":6,"turns":1},{"damage":2,"enemies":"conspire:RoseBush","floor":10,"turns":4},{"damage":19,"enemies":"Gremlin Nob","floor":12,"turns":4},{"damage":9,"enemies":"Blue Slaver","floor":13,"turns":3},{"damage":10,"enemies":"downfall:LadyInBlue","floor":14,"turns":8},{"damage":0,"enemies":"Large Slime","floor":15,"turns":3},{"damage":32,"enemies":"WA_ARCHETYPE_RETAIN","floor":16,"turns":8},{"damage":11,"enemies":"3 Byrds","floor":19,"turns":3},{"damage":17,"enemies":"Spheric Guardian","floor":20,"turns":6},{"damage":29,"enemies":"Snecko","floor":22,"turns":6},{"damage":32,"enemies":"Snake Plant","floor":23,"turns":4},{"damage":16,"enemies":"Centurion and Healer","floor":25,"turns":3},{"damage":12,"enemies":"Book of Stabbing","floor":26,"turns":1}],"seed_played":"3064938432178711999","potions_obtained":[{"floor":6,"key":"Energy Potion"},{"floor":12,"key":"Fire Potion"},{"floor":14,"key":"ColorlessPotion"},{"floor":14,"key":"PowerPotion"},{"floor":14,"key":"champ:CounterPotion"},{"floor":14,"key":"ColorlessPotion"},{"floor":19,"key":"Fruit Juice"},{"floor":20,"key":"EssenceOfSteel"}],"is_trial":false,"path_per_floor":["R","M","?","M","?","E","T","R","T","M","R","E","M","?","M","B",null,"R","M","M","?","M","M","T","M","E"],"character_chosen":"THE_SPIRIT","items_purchased":[],"campfire_rested":0,"item_purchase_floors":[],"current_hp_per_floor":[70,70,70,70,70,70,70,70,70,68,68,49,40,37,44,19,70,80,74,64,64,42,17,17,8,0,0,0],"gold":318,"neow_bonus":"THREE_ENEMY_KILL","is_daily":false,"chose_seed":false,"campfire_upgraded":3,"win_rate":0.0,"timestamp":1613642977,"path_taken":["R","M","?","M","?","E","T","R","?","M","R","E","M","?","M","BOSS","R","M","?","?","M","M","T","M","E"],"items_purchased_type":[],"build_version":"2020-12-22","purchased_purges":0,"victory":false,"max_hp_per_floor":[70,70,70,70,70,70,70,70,70,70,70,70,70,70,70,70,70,80,85,85,85,85,85,85,85,85,85,85],"relic_stats":{"counters":[15,53],"PreservedInsect":100,"Art of War":[2],"obtain_stats":[{"Potion Belt":14,"hubris:Icosahedron":3,"downfall:HeartBlessingBlue":18,"downfall:HeartsMalice":0,"downfall:HeartBlessingGreen":18,"PreservedInsect":9,"Art of War":21,"hubris:RunicObelisk":17,"hexamod:SpiritBrand":0,"hubris:TinFlute":6,"Akabeko":24,"hubris:GlazedTorus":12},{"Potion Belt":7,"hubris:Icosahedron":1,"downfall:HeartBlessingBlue":9,"downfall:HeartsMalice":0,"downfall:HeartBlessingGreen":9,"PreservedInsect":3,"Art of War":11,"hubris:RunicObelisk":9,"hexamod:SpiritBrand":0,"hubris:TinFlute":3,"Akabeko":13,"hubris:GlazedTorus":5},{"Potion Belt":19,"hubris:Icosahedron":0,"downfall:HeartBlessingBlue":30,"downfall:HeartsMalice":0,"downfall:HeartBlessingGreen":30,"PreservedInsect":0,"Art of War":39,"hubris:RunicObelisk":30,"hexamod:SpiritBrand":0,"hubris:TinFlute":0,"Akabeko":49,"hubris:GlazedTorus":8}]},"card_choices":[{"not_picked":["hexamod:PhantomFireball","hexamod:RadiantFlame"],"picked":"hexamod:ExtraCrispy","floor":2},{"not_picked":["hexamod:GhostLash","hexamod:InspiringFlames"],"picked":"hexamod:FlamesFromBeyond","floor":4},{"not_picked":["hexamod:Hexaguard","hexamod:InspiringFlames"],"picked":"hexamod:PhantomFireball","floor":6},{"not_picked":["hexamod:StepThrough","hexamod:CatchUp","hexamod:UnlimitedPower"],"picked":"SKIP","floor":10},{"not_picked":["hexamod:FastForward","hexamod:SpectersWail"],"picked":"hexamod:RadiantFlame","floor":12},{"not_picked":["hexamod:PhantomCloak","hexamod:NightmareGuise"],"picked":"hexamod:FirstSeal","floor":13},{"not_picked":["hexamod:GhostShield","hexamod:ThirdSeal"],"picked":"hexamod:PhantomCloak","floor":14},{"not_picked":["hexamod:Hexaguard","hexamod:Rewind"],"picked":"hexamod:FlamesFromBeyond","floor":15},{"not_picked":["hexamod:TurnItUp","hexamod:FifthSeal"],"picked":"hexamod:UnleashSpirits","floor":16},{"not_picked":["hexamod:RetreatToShadows","hexamod:Haunt"],"picked":"hexamod:ThermalTransfer","floor":19},{"not_picked":["hexamod:Rewind","hexamod:GhostLash+1","hexamod:PhantomFireball"],"picked":"SKIP","floor":20},{"not_picked":["hexamod:Hexaguard","hexamod:SecondSeal"],"picked":"hexamod:Rewind+1","floor":22},{"not_picked":["hexamod:ShieldOfDarkness","hexamod:GhostShield"],"picked":"hexamod:FlamesFromBeyond","floor":23}],"player_experience":538197,"relics_obtained":[{"floor":6,"key":"hubris:TinFlute"},{"floor":9,"key":"PreservedInsect"},{"floor":12,"key":"hubris:GlazedTorus"},{"floor":14,"key":"Potion Belt"},{"floor":24,"key":"Akabeko"}],"event_choices":[],"is_beta":false,"boss_relics":[{"not_picked":["Sozu","Pandora\u0027s Box"],"picked":"hubris:RunicObelisk"}],"items_purged_floors":[],"is_endless":false,"potions_floor_spawned":[6,12,14,19,20,25],"killed_by":"Book of Stabbing","ascension_level":0}}