{"host":"sum4dy402bbv9y4o","time":1613685974,"event":{"mods":["Aspiration","BaseMod","Conspire","Highlight Path","Minty Spire (QoL Compilation)","StSLib"],"gold_per_floor":[113,113,16,34,49,49,49,49,49,49,79,90,110,137,137,137,137],"floor_reached":16,"language":"ENG","playtime":584,"items_purged":[],"score":220,"play_id":"f2f79266-58cf-4e08-8b5b-1c87a294a9a5","local_time":"20210219010614","is_ascension_mode":true,"campfire_choices":[{"data":"SashWhip","floor":6,"key":"SMITH"},{"data":"Conclude","floor":8,"key":"SMITH"},{"data":"Vigilance","floor":10,"key":"SMITH"},{"data":"TalkToTheHand","floor":15,"key":"SMITH"}],"circlet_count":0,"master_deck":["AscendersBane","Strike_P","Strike_P","Strike_P","Strike_P","Defend_P","Defend_P","Defend_P","Defend_P","Eruption+1","Vigilance+1","CutThroughFate","Conclude+1","ThirdEye","SashWhip+1","EmptyBody","Regret","TalkToTheHand+1","FollowUp","Consecrate","Protect"],"relics":["PureWater","aspiration:Nostalgia","Burning Blood","WingedGreaves","Art of War","Anchor","Oddly Smooth Stone"],"acts_visited":["Exordium"],"potions_floor_usage":[11],"damage_taken":[{"damage":7,"enemies":"Small Slimes","floor":1,"turns":4},{"damage":0,"enemies":"2 Louse","floor":4,"turns":2},{"damage":0,"enemies":"Jaw Worm","floor":5,"turns":3},{"damage":9,"enemies":"Lagavulin","floor":11,"turns":5},{"damage":6,"enemies":"Large Slime","floor":12,"turns":4},{"damage":9,"enemies":"Gremlin Gang","floor":13,"turns":3},{"damage":10,"enemies":"3 Sentries","floor":14,"turns":3},{"damage":64,"enemies":"The Guardian","floor":16,"turns":14}],"seed_played":"-3523296274274499508","potions_obtained":[{"floor":5,"key":"SkillPotion"},{"floor":14,"key":"SteroidPotion"}],"is_trial":false,"path_per_floor":["M","?","$","M","M","R","?","R","T","R","E","M","M","E","R","B"],"character_chosen":"WATCHER","items_purchased":["Conclude","ThirdEye"],"campfire_rested":0,"item_purchase_floors":[3,3],"current_hp_per_floor":[60,60,60,66,68,68,68,68,68,68,65,65,62,58,58,0,0],"gold":137,"neow_bonus":"NOSTALGIA","is_daily":false,"chose_seed":false,"campfire_upgraded":4,"win_rate":0.0,"timestamp":1613685974,"path_taken":["M","?","$","M","M","R","?","R","T","R","E","M","M","E","R","BOSS"],"items_purchased_type":["Card","Card"],"build_version":"2020-12-22","purchased_purges":0,"victory":false,"max_hp_per_floor":[68,68,68,68,68,68,68,68,68,68,68,68,68,68,68,68,68],"card_choices":[{"not_picked":["FlyingSleeves","Crescendo"],"picked":"CutThroughFate","floor":1},{"not_picked":["Study","Protect"],"picked":"SashWhip","floor":4},{"not_picked":["Conclude","WaveOfTheHand"],"picked":"EmptyBody","floor":5},{"not_picked":["Wish","SandsOfTime"],"picked":"TalkToTheHand","floor":11},{"not_picked":["ForeignInfluence","Prostrate"],"picked":"FollowUp","floor":12},{"not_picked":["EmptyFist","Evaluate"],"picked":"Consecrate","floor":13},{"not_picked":["Wireheading","CutThroughFate"],"picked":"Protect","floor":14}],"player_experience":3115622,"relics_obtained":[{"floor":9,"key":"Art of War"},{"floor":11,"key":"Anchor"},{"floor":14,"key":"Oddly Smooth Stone"}],"event_choices":[{"damage_healed":0,"gold_gain":0,"player_choice":"Grow","damage_taken":0,"max_hp_gain":0,"max_hp_loss":0,"event_name":"Living Wall","floor":2,"gold_loss":0,"cards_upgraded":["Eruption"]},{"damage_healed":0,"gold_gain":0,"player_choice":"Box","damage_taken":0,"relics_obtained":["WingedGreaves"],"max_hp_gain":0,"max_hp_loss":0,"event_name":"Big Fish","floor":7,"gold_loss":0,"cards_obtained":["Regret"]}],"is_beta":false,"boss_relics":[],"items_purged_floors":[],"is_endless":false,"potions_floor_spawned":[5,14],"killed_by":"The Guardian","ascension_level":20}}