{"host":"lgow17wc5wawziz1","time":1613629900,"event":{"mods":["AchievementEnabler","Act Like it!","Aspiration","BaseMod","Better Third Choice","Colored Map","Colored Powertips","Gensokyo","Hubris","Minty Spire (QoL Compilation)","MostiFishMod","Permanent Neow","Quick Restart","Replay The Spire","StSLib","SuperFastMode","¡¼?Úª?ø«¡½REMEMod"],"gold_per_floor":[115,130,1,1,11,11,340,559,584,584,184,184,48,60,60,164,164,178,178,189,205,220,220,253,253,253,133,133,163,21,21,21,119,119,430,642,655,80,80,80,91,121,121,137,150,150,4,29,29,29,29],"floor_reached":50,"language":"KOR","playtime":4897,"items_purged":[],"score":1080,"play_id":"67164351-2fc8-4860-9136-87f9927be06f","local_time":"20210218153139","is_ascension_mode":true,"campfire_choices":[{"data":"Malaise","floor":6.0,"key":"SMITH"},{"data":"BasicCrystalCard","floor":12.0,"key":"SMITH"},{"data":"Chaos","floor":15.0,"key":"SMITH"},{"data":"MostiFishMod:SeaWaves","floor":23.0,"key":"SMITH"},{"data":"Mirror Shield","floor":25.0,"key":"SMITH"},{"data":"Consume","floor":32.0,"key":"SMITH"},{"data":"Double Energy","floor":40,"key":"SMITH"},{"data":"Machine Learning","floor":49,"key":"SMITH"}],"circlet_count":0,"master_deck":["AscendersBane","Strike_B","Strike_B","Strike_B","Defend_B","Defend_B","Defend_B","Defend_B","Zap","Dualcast","Malaise+1","Seek","Beam Cell","ReplaySort","BasicCrystalCard+1","Chaos+1","Glacier","Self Repair","Capacitor+1","Consume+1","MostiFishMod:SeaWaves+1","Hologram+1","Double Energy+1","Turbo","Fusion","Mirror Shield+1","Gensokyo:AllTheWorldsEvil","Machine Learning+1","Barrage","Panic Button+1","Panic Button+1","ReplayRNGCard","ReplaySort+1","Chill+1","Compile Driver+1","Gensokyo:EverlastingLife","Tempest"],"relics":["Cracked Core","REME_ComplimentaryCards","DaveBox","Gensokyo:OccultBall","Juzu Bracelet","SynthV:TestCard","Gensokyo:YoukaiFlower","DataDisk","ReplayFunnel","Replay:Bottled Flurry","Incense Burner","OneHitWonderSystem","Gensokyo:MosesMiracle","Pantograph","Bottled Lightning","Gensokyo:FoxMask","Art of War","Gensokyo:SongOfSouls","GuanYuAspect","hubris:TenFootPole","Dream Catcher","Chemical X","REME_CardOfGreed","OrangePellets","Smiling Mask","aspiration:StickyExplosives_weak","Happy Flower","Ying","Gambling Chip","REME_IWantAll"],"acts_visited":["Gensokyo:Gensokyo","Gensokyo:Gensokyoer","Gensokyo:Gensokyoest"],"potions_floor_usage":[],"damage_taken":[{"damage":12.0,"enemies":"Gensokyo:2_Kodama","floor":1.0,"turns":4.0},{"damage":0.0,"enemies":"Gensokyo:Gryphon","floor":2.0,"turns":3.0},{"damage":12.0,"enemies":"Gensokyo:Python","floor":5.0,"turns":5.0},{"damage":22.0,"enemies":"Gensokyo:Aya","floor":7.0,"turns":7.0},{"damage":7.0,"enemies":"Gensokyo:Gryphon_and_Rabbit","floor":8.0,"turns":4.0},{"damage":4.0,"enemies":"Gensokyo:VengefulSpirit","floor":14.0,"turns":7.0},{"damage":11.0,"enemies":"Gensokyo:Kokoro","floor":16.0,"turns":14.0},{"damage":0.0,"enemies":"Gensokyo:AngelMirror","floor":18.0,"turns":4.0},{"damage":0.0,"enemies":"Gensokyo:2_Gloops","floor":20.0,"turns":5.0},{"damage":0.0,"enemies":"Gensokyo:Swordslinger","floor":21.0,"turns":6.0},{"damage":0.0,"enemies":"Gensokyo:Slime_Group","floor":22.0,"turns":7.0},{"damage":0.0,"enemies":"Gensokyo:Tenshi","floor":24.0,"turns":8.0},{"damage":0.0,"enemies":"Gensokyo:Koishi","floor":29.0,"turns":5.0},{"damage":0.0,"enemies":"Gensokyo:Eiki","floor":33.0,"turns":20.0},{"damage":0,"enemies":"Gensokyo:AncientGuardian","floor":35,"turns":13},{"damage":0,"enemies":"Gensokyo:3_Bats","floor":36,"turns":6},{"damage":0,"enemies":"Gensokyo:Sharpion","floor":37,"turns":7},{"damage":0,"enemies":"Gensokyo:4_Bats","floor":41,"turns":5},{"damage":0,"enemies":"Gensokyo:Kasen","floor":42,"turns":7},{"damage":0,"enemies":"Gensokyo:Kasen","floor":44,"turns":6},{"damage":0,"enemies":"Gensokyo:3_Boulders","floor":45,"turns":2},{"damage":0,"enemies":"Gensokyo:Marisa","floor":48,"turns":3},{"damage":0,"enemies":"Gensokyo:Yuyuko","floor":50,"turns":3}],"seed_played":"-5326399419017112421","potions_obtained":[{"floor":14.0,"key":"LifebloodPotion"},{"floor":18.0,"key":"FocusPotion"},{"floor":24.0,"key":"Energy Potion"},{"floor":33,"key":"LiquidMemories"},{"floor":36,"key":"DuplicationPotion"},{"floor":41,"key":"FairyPotion"}],"is_trial":false,"path_per_floor":["M","M","COS","?","M","R","E","M","T","?","$","R","$","M","R","B",null,"M","?","M","M","M","R","E","R","T","?","?","E","COS","?","R","B",null,"M","M","M","COS","?","R","M","E","T","R","M","?","$","E","R","B"],"character_chosen":"DEFECT","items_purchased":["Glacier","Replay:Bottled Flurry","Self Repair","Capacitor+1","Consume","Ying"],"campfire_rested":0,"item_purchase_floors":[11,11,11,13,13,47],"current_hp_per_floor":[56,56,56,56,44,44,22,15,15,38,38,38,38,41,41,37,1,1,1,1,1,1,1,1,1,1,1,1,1,1,1,1,1,1,1,1,1,1,1,1,1,1,1,1,1,1,1,1,1,0,0],"gold":29,"neow_bonus":"ONE_RANDOM_RARE_CARD","is_daily":false,"chose_seed":false,"campfire_upgraded":8,"win_rate":0.0,"timestamp":1613629899,"path_taken":["M","M","COS","?","M","R","E","M","T","?","$","R","?","M","R","BOSS","M","?","M","M","M","R","E","R","T","?","?","E","COS","?","R","BOSS","BOSS","M","M","M","COS","?","R","M","E","T","R","M","?","$","E","R","BOSS"],"items_purchased_type":["Card","Relic","Card","Card","Card","Relic"],"build_version":"2020-12-22","purchased_purges":0,"victory":false,"max_hp_per_floor":[75,75,75,75,75,75,75,75,75,75,75,75,75,75,75,75,1,1,1,1,1,1,1,1,1,1,1,1,1,1,1,1,1,1,1,1,1,1,1,1,1,1,1,1,1,1,1,1,1,1,1],"card_choices":[{"not_picked":["Rebound","Sweeping Beam"],"picked":"Beam Cell","floor":1.0},{"not_picked":["Barrage","MostiFishMod:PushDownKick","Undo","Reinforced Body"],"picked":"Streamline","floor":2.0},{"not_picked":["Panic Button","Scrape","Leap","Amplify"],"picked":"ReplaySort","floor":5.0},{"not_picked":["ReplaySort","Go for the Eyes","Panic Button","Hello World"],"picked":"BasicCrystalCard","floor":7.0},{"not_picked":["MostiFishMod:Impulse","ReplayGash","ReplayTheSpireMod:Reroute Power","Compile Driver"],"picked":"Chaos","floor":8.0},{"not_picked":["FTL","Scrape","Stack","Streamline","Skim"],"picked":"SKIP","floor":14.0},{"not_picked":["Echo Form","Fission","REME_ForAll","MostiFishMod:Prepare"],"picked":"MostiFishMod:SeaWaves","floor":16.0},{"not_picked":["Streamline+1","Compile Driver+1","Panic Button","Ball Lightning"],"picked":"Hologram+1","floor":18.0},{"not_picked":["Hologram","Rip and Tear","Coolheaded","Chaos+1"],"picked":"Double Energy","floor":20.0},{"not_picked":["Beam Cell","Stack","ReplayGash+1","Hologram"],"picked":"Turbo","floor":21.0},{"not_picked":["MostiFishMod:FluxCapactior","Rebound","Redo","Sweeping Beam"],"picked":"Fusion","floor":22.0},{"not_picked":["Tempest","Cold Snap","Gash","FIFO Queue+1"],"picked":"Mirror Shield","floor":24.0},{"not_picked":["Sweeping Beam","Stack","Sunder","Gash","Steam+1"],"picked":"SKIP","floor":29.0},{"not_picked":["MostiFishMod:Exploitation","Fission","Core Surge","All For One"],"picked":"Machine Learning","floor":33},{"not_picked":["Cold Snap+1","MostiFishMod:PushDownKick","hubris:Ukulele","Stack"],"picked":"Barrage","floor":35},{"not_picked":["Conserve Battery","Cold Snap","Turbo+1","Rainbow"],"picked":"Panic Button+1","floor":36},{"not_picked":["Recycle","Cold Snap","Stack","MostiFishMod:PushDownKick"],"picked":"Panic Button+1","floor":37},{"not_picked":["Static Discharge","Sweeping Beam+1","Go for the Eyes+1","Auto Shields+1","Stack"],"picked":"SKIP","floor":41},{"not_picked":["Cold Snap","Conserve Battery","Static Discharge","Lockon"],"picked":"ReplaySort+1","floor":42},{"not_picked":["MostiFishMod:PushDownKick","Creative AI","Undo+1","Cold Snap+1"],"picked":"Chill+1","floor":44},{"not_picked":["Genetic Algorithm+1","Chill+1","Sweeping Beam","White Noise","Compile Driver+1"],"picked":"SKIP","floor":45},{"not_picked":["Genetic Algorithm+1","Chill+1","Sweeping Beam","White Noise"],"picked":"Compile Driver+1","floor":45},{"not_picked":["Gensokyo:SalamanderShield","Gensokyo:BrilliantDragonBullet"],"picked":"Gensokyo:EverlastingLife","floor":46},{"not_picked":["Scrape+1","Go for the Eyes","REME_DataAnalysis","ReplayTheSpireMod:Reroute Power+1"],"picked":"Tempest","floor":48}],"player_experience":326556,"relics_obtained":[{"floor":1.0,"key":"SynthV:TestCard"},{"floor":7.0,"key":"Gensokyo:OccultBall"},{"floor":7.0,"key":"DataDisk"},{"floor":9.0,"key":"ReplayFunnel"},{"floor":16.0,"key":"Gensokyo:OccultBall"},{"floor":21.0,"key":"Gensokyo:OccultBall"},{"floor":22.0,"key":"Gensokyo:MosesMiracle"},{"floor":24.0,"key":"Pantograph"},{"floor":26.0,"key":"Bottled Lightning"},{"floor":29.0,"key":"Art of War"},{"floor":33,"key":"Gensokyo:OccultBall"},{"floor":41,"key":"Gensokyo:OccultBall"},{"floor":42,"key":"Gensokyo:OccultBall"},{"floor":42,"key":"Smiling Mask"},{"floor":43,"key":"aspiration:StickyExplosives_weak"},{"floor":44,"key":"Gensokyo:OccultBall"},{"floor":48,"key":"REME_IWantAll"}],"event_choices":[],"is_beta":false,"boss_relics":[{"not_picked":["ExusiaiGun","GreenFoldingFan"],"picked":"OneHitWonderSystem"},{"not_picked":["RhineFirstAidKit","Busted Crown"],"picked":"GuanYuAspect"}],"items_purged_floors":[],"is_endless":false,"potions_floor_spawned":[14,18,24,33,36,41,42,45,48],"killed_by":"Gensokyo:Yuyuko","ascension_level":10}}