{"host":"7sni158j623xchr2","time":1613631220,"event":{"mods":["BaseMod","Colored Map","Highlight Path","Minty Spire (QoL Compilation)","Permanent Neow","Potion Indicator Mod","Rare Cards Sparkle","Relic Sorter","Relic Stats","StSLib","everything is the same but u backflip on backflip"],"gold_per_floor":[359,359,379,11,26,52,70,84,109,109,148,157,157,200,200,305,305,328,190,215,234,334,334,373,373,400,400,400,315,315,3,3,3,3],"floor_reached":33,"language":"ENG","playtime":669,"items_purged":["Defend_B","Strike_B"],"score":337,"play_id":"92b698a8-e34c-4205-934a-c60131cf3f08","local_time":"20210218005340","is_ascension_mode":true,"campfire_choices":[{"floor":10,"key":"REST"},{"data":"Sweeping Beam","floor":13,"key":"SMITH"},{"data":"Biased Cognition","floor":15,"key":"SMITH"},{"floor":23,"key":"REST"},{"floor":25,"key":"REST"},{"data":"Loop","floor":32,"key":"SMITH"}],"circlet_count":0,"master_deck":["Strike_B","Strike_B","Defend_B","Defend_B","Defend_B","Zap","Dualcast","Cold Snap","Sweeping Beam+1","Compile Driver","Melter","Loop+1","Ball Lightning","Biased Cognition+1","Genetic Algorithm","Seek","Turbo+1","Loop","Skim","Heatsinks+1","Capacitor"],"relics":["Cracked Core","Orichalcum","Juzu Bracelet","Bottled Flame","Regal Pillow","CeramicFish","MealTicket","Empty Cage","Vajra","Anchor","Bag of Marbles","Lantern","Oddly Smooth Stone"],"acts_visited":["Exordium","TheCity"],"potions_floor_usage":[7,21,24],"damage_taken":[{"damage":1,"enemies":"Cultist","floor":1,"turns":4},{"damage":5,"enemies":"Small Slimes","floor":3,"turns":3},{"damage":0,"enemies":"2 Louse","floor":5,"turns":2},{"damage":23,"enemies":"Lagavulin","floor":6,"turns":6},{"damage":0,"enemies":"Gremlin Gang","floor":7,"turns":2},{"damage":11,"enemies":"Exordium Thugs","floor":8,"turns":4},{"damage":16,"enemies":"3 Sentries","floor":11,"turns":5},{"damage":0,"enemies":"Gremlin Nob","floor":14,"turns":3},{"damage":23,"enemies":"The Guardian","floor":16,"turns":8},{"damage":20,"enemies":"2 Thieves","floor":18,"turns":4},{"damage":8,"enemies":"Chosen","floor":20,"turns":4},{"damage":30,"enemies":"Snake Plant","floor":21,"turns":3},{"damage":51,"enemies":"Book of Stabbing","floor":24,"turns":5},{"damage":50,"enemies":"Collector","floor":33,"turns":5}],"seed_played":"-269313495542160829","potions_obtained":[{"floor":5,"key":"PotionOfCapacity"},{"floor":6,"key":"Strength Potion"},{"floor":14,"key":"LiquidMemories"},{"floor":18,"key":"DistilledChaos"}],"is_trial":false,"path_per_floor":["M","?","M","$","M","E","M","M","T","R","E","?","R","E","R","B",null,"M","$","M","M","?","R","E","R","T","?","T","?","?","$","R","B"],"character_chosen":"DEFECT","items_purchased":["Sweeping Beam","Orichalcum","Juzu Bracelet","Compile Driver","Loop","Capacitor","Oddly Smooth Stone"],"campfire_rested":3,"item_purchase_floors":[4,4,4,4,19,31,31],"current_hp_per_floor":[53,46,41,41,41,18,18,7,7,44,28,46,46,46,46,23,72,52,67,59,29,29,65,14,50,50,43,43,43,30,45,45,0,0],"gold":3,"neow_bonus":"TWO_FIFTY_GOLD","is_daily":false,"chose_seed":false,"campfire_upgraded":3,"win_rate":0.0,"timestamp":1613631220,"path_taken":["M","?","?","$","M","E","M","M","T","R","E","?","R","E","R","BOSS","M","$","M","M","?","R","E","R","T","?","?","?","?","?","R","BOSS"],"items_purchased_type":["Card","Relic","Relic","Card","Card","Card","Relic"],"build_version":"2020-12-22","purchased_purges":2,"victory":false,"max_hp_per_floor":[75,75,75,75,75,75,75,75,75,75,75,75,75,75,75,75,72,72,72,72,72,72,72,72,72,72,72,72,72,77,77,77,77,77],"relic_stats":{"Regal Pillow":45,"counters":[14,58],"CeramicFish":81,"MealTicket":30,"Juzu Bracelet":1,"Orichalcum":[138],"obtain_stats":[{"Regal Pillow":9,"Lantern":29,"CeramicFish":11,"Vajra":24,"Oddly Smooth Stone":31,"Juzu Bracelet":4,"Orichalcum":4,"Empty Cage":17,"Bottled Flame":6,"Anchor":26,"MealTicket":14,"Bag of Marbles":28,"Cracked Core":0},{"Regal Pillow":6,"Lantern":13,"CeramicFish":7,"Vajra":13,"Oddly Smooth Stone":13,"Juzu Bracelet":2,"Orichalcum":2,"Empty Cage":9,"Bottled Flame":4,"Anchor":13,"MealTicket":8,"Bag of Marbles":13,"Cracked Core":0},{"Regal Pillow":21,"Lantern":53,"CeramicFish":26,"Vajra":53,"Oddly Smooth Stone":53,"Juzu Bracelet":7,"Orichalcum":7,"Empty Cage":37,"Bottled Flame":15,"Anchor":53,"MealTicket":29,"Bag of Marbles":53,"Cracked Core":0}]},"card_choices":[{"not_picked":["Leap","Redo","Streamline"],"picked":"SKIP","floor":1},{"not_picked":["Go for the Eyes","Compile Driver"],"picked":"Cold Snap","floor":3},{"not_picked":["Stack","Sweeping Beam"],"picked":"Melter","floor":5},{"not_picked":["Recycle","Turbo"],"picked":"Loop","floor":6},{"not_picked":["Sweeping Beam","Chaos"],"picked":"Ball Lightning","floor":7},{"not_picked":["Tempest","Turbo","Compile Driver"],"picked":"SKIP","floor":8},{"not_picked":["Stack","Beam Cell"],"picked":"Biased Cognition","floor":11},{"not_picked":["Cold Snap","Stack"],"picked":"Genetic Algorithm","floor":14},{"not_picked":["Multi-Cast","Echo Form"],"picked":"Seek","floor":16},{"not_picked":["Streamline","Cold Snap"],"picked":"Turbo+1","floor":18},{"not_picked":["Machine Learning","Undo"],"picked":"Skim","floor":20},{"not_picked":["Scrape","Steam","Turbo"],"picked":"SKIP","floor":21},{"not_picked":["Fusion","Compile Driver"],"picked":"Heatsinks+1","floor":24}],"player_experience":1826912,"relics_obtained":[{"floor":6,"key":"Bottled Flame"},{"floor":9,"key":"Regal Pillow"},{"floor":11,"key":"CeramicFish"},{"floor":14,"key":"MealTicket"},{"floor":24,"key":"Vajra"},{"floor":26,"key":"Anchor"},{"floor":28,"key":"Bag of Marbles"}],"event_choices":[{"damage_healed":0,"gold_gain":0,"player_choice":"Damaged","damage_taken":7,"max_hp_gain":0,"max_hp_loss":0,"event_name":"Wheel of Change","floor":2,"gold_loss":0},{"damage_healed":18,"gold_gain":0,"player_choice":"Healed and dodged fight","damage_taken":0,"max_hp_gain":0,"max_hp_loss":0,"event_name":"Mushrooms","floor":12,"gold_loss":0,"cards_obtained":["Parasite"]},{"damage_healed":0,"gold_gain":100,"player_choice":"Pray","damage_taken":0,"max_hp_gain":0,"max_hp_loss":0,"event_name":"Golden Shrine","floor":22,"gold_loss":0},{"damage_healed":0,"gold_gain":0,"player_choice":"Damaged","damage_taken":7,"max_hp_gain":0,"max_hp_loss":0,"event_name":"Wheel of Change","floor":27,"gold_loss":0},{"damage_healed":0,"gold_gain":0,"player_choice":"Obtained Relic","damage_taken":0,"relics_obtained":["Lantern"],"max_hp_gain":0,"max_hp_loss":0,"event_name":"Addict","floor":29,"gold_loss":85},{"damage_healed":0,"gold_gain":0,"player_choice":"Shed Blood","damage_taken":18,"max_hp_gain":5,"max_hp_loss":0,"event_name":"Forgotten Altar","floor":30,"gold_loss":0}],"is_beta":false,"boss_relics":[{"not_picked":["Runic Dome","SacredBark"],"picked":"Empty Cage"}],"items_purged_floors":[19,31],"is_endless":false,"potions_floor_spawned":[5,6,14,18,20],"killed_by":"Collector","ascension_level":2}}