{"host":"l2dnabsh5e0fsksb","time":1613684839,"event":{"mods":["2.2 Compatiblity","BaseMod","Downfall","Minty Spire (QoL Compilation)","Quick Restart","StSLib"],"gold_per_floor":[99,99,99,99,99,126,126,26,39,39,58,233,133,164,177,276,276,276,294,306,322,21,21,21,36,36,69,69,69,85,85,100,100,100,100],"floor_reached":33,"language":"ENG","playtime":1357,"items_purged":["Doubt"],"score":396,"play_id":"7d8146d2-2338-4374-a8d1-fe1f32f68a9c","local_time":"20210219081719","is_ascension_mode":true,"campfire_choices":[{"floor":1.0,"key":"RECALL"},{"floor":8.0,"key":"REST"},{"data":"hexamod:EmpoweredFlame","floor":10.0,"key":"SMITH"},{"floor":13.0,"key":"REST"},{"data":"hexamod:Sear","floor":18.0,"key":"SMITH"},{"data":"hexamod:SwordOfDarkness","floor":23.0,"key":"SMITH"},{"data":"hexamod:Hexaguard","floor":28.0,"key":"SMITH"}],"circlet_count":0,"master_deck":["hexamod:Strike","hexamod:Strike","hexamod:Strike","hexamod:Strike","hexamod:Defend","hexamod:Defend","hexamod:Defend","hexamod:Defend","hexamod:Sear+1","hexamod:Float","hexamod:Sear","hexamod:EmpoweredFlame+1","hexamod:SwordOfDarkness+1","hexamod:AdvancingGuard","hexamod:HexaLevel+1","hexamod:ThermalTransfer+1","hexamod:ThermalTransfer+1","hexamod:StepThrough+1","hexamod:TimeWarp+1","hexamod:NightmareStrike+1","hexamod:GhostLash+1","hexamod:ShieldOfDarkness+1","hexamod:SwordOfDarkness+1","hexamod:Incineration+1","hexamod:Hexaguard+1","hexamod:RadiantFlame+1","Pride","hexamod:GhostOfSpireFuture+1","hexamod:SpectersWail+1"],"relics":["hexamod:SpiritBrand","downfall:HeartsMalice","Frozen Egg 2","Molten Egg 2","downfall:HeartBlessingRed","downfall:HeartBlessingGreen","Eternal Feather","expansioncontent:StudyCardRelic","hexamod:MatchstickCase","Akabeko","Toy Ornithopter"],"acts_visited":["Exordium","TheCity"],"potions_floor_usage":[33,33,33],"damage_taken":[{"damage":0.0,"enemies":"Small Slimes","floor":3.0,"turns":1.0},{"damage":0.0,"enemies":"Cultist","floor":4.0,"turns":1.0},{"damage":0.0,"enemies":"2 Louse","floor":5.0,"turns":1.0},{"damage":40.0,"enemies":"Lagavulin","floor":6.0,"turns":7.0},{"damage":2.0,"enemies":"Exordium Wildlife","floor":9.0,"turns":3.0},{"damage":18.0,"enemies":"2 Fungi Beasts","floor":11.0,"turns":4.0},{"damage":5.0,"enemies":"3 Sentries","floor":14.0,"turns":7.0},{"damage":0.0,"enemies":"downfall:LooterAlt","floor":15.0,"turns":2.0},{"damage":35.0,"enemies":"DF_ARCHETYPE_STREAMLINE","floor":16.0,"turns":11.0},{"damage":13.0,"enemies":"3 Byrds","floor":19.0,"turns":4.0},{"damage":1.0,"enemies":"Chosen","floor":20.0,"turns":3.0},{"damage":5.0,"enemies":"Snecko","floor":21.0,"turns":4.0},{"damage":0.0,"enemies":"downfall:FleeingMerchant","floor":22.0,"turns":4.0},{"damage":5.0,"enemies":"Snake Plant","floor":25.0,"turns":3.0},{"damage":15.0,"enemies":"Slavers","floor":27.0,"turns":4.0},{"damage":3.0,"enemies":"3 Cultists","floor":30.0,"turns":5.0},{"damage":0.0,"enemies":"Sentry and Sphere","floor":32.0,"turns":3.0},{"damage":66,"enemies":"SI_MIRROR_ARCHETYPE","floor":33,"turns":11}],"seed_played":"-2924010173158096133","potions_obtained":[{"floor":6.0,"key":"BlessingOfTheForge"},{"floor":9.0,"key":"hexamod:SoulburnPotion"},{"floor":16.0,"key":"LiquidMemories"},{"floor":21.0,"key":"EssenceOfSteel"},{"floor":27.0,"key":"GamblersBrew"},{"floor":30.0,"key":"Ancient Potion"}],"is_trial":false,"path_per_floor":["R","?","M","M","M","E","T","R","M","R","M","?","R","E","M","B",null,"R","M","M","M","$","R","T","M","?","E","R","?","M","?","M","B"],"character_chosen":"THE_SPIRIT","items_purchased":["hexamod:Incineration+1","hexamod:MatchstickCase"],"campfire_rested":2,"item_purchase_floors":[22,22],"current_hp_per_floor":[63,63,63,63,63,23,23,44,42,42,24,24,45,40,40,5,54,66,53,52,47,47,59,59,54,54,39,54,54,51,51,51,0,0,0],"gold":100,"neow_bonus":"THREE_ENEMY_KILL","is_daily":false,"chose_seed":false,"campfire_upgraded":4,"win_rate":0.0,"timestamp":1613684839,"path_taken":["R","?","M","?","M","E","T","R","M","R","M","?","R","E","M","BOSS","R","M","M","M","$","R","T","M","?","E","R","?","M","?","M","BOSS"],"items_purchased_type":["Card","Relic"],"build_version":"2020-12-22","purchased_purges":1,"victory":false,"max_hp_per_floor":[70,70,70,70,70,70,70,70,70,70,70,70,70,70,70,70,70,70,70,70,70,70,70,70,70,70,70,70,70,70,70,70,70,70,70],"card_choices":[{"not_picked":["hexamod:SpectralAdrenaline","hexamod:GhostLash"],"picked":"hexamod:EmpoweredFlame","floor":3.0},{"not_picked":["hexamod:FastForward","hexamod:HauntingEcho"],"picked":"hexamod:SwordOfDarkness","floor":4.0},{"not_picked":["hexamod:FourthSeal","hexamod:InspiringFlames"],"picked":"hexamod:AdvancingGuard","floor":5.0},{"not_picked":["hexamod:RadiantFlame+1","hexamod:BacktrackSmack"],"picked":"hexamod:HexaLevel+1","floor":6.0},{"not_picked":["hexamod:NecessarySacrifice","hexamod:FlamesFromBeyond"],"picked":"hexamod:ThermalTransfer+1","floor":9.0},{"not_picked":["hexamod:HeatMetal+1","hexamod:RecurringNightmare"],"picked":"hexamod:ThermalTransfer+1","floor":11.0},{"not_picked":["hexamod:BacktrackSmack+1","hexamod:Haunt","hexamod:SpectralSpark"],"picked":"SKIP","floor":14.0},{"not_picked":["hexamod:SecondSeal","hexamod:HeatShield"],"picked":"hexamod:StepThrough+1","floor":15.0},{"not_picked":["hexamod:ParanormalForm+1","hexamod:FlameSwitch"],"picked":"hexamod:TimeWarp+1","floor":16.0},{"not_picked":["hexamod:Hexaguard","hexamod:AdvancingGuard+1"],"picked":"hexamod:NightmareStrike+1","floor":19.0},{"not_picked":["hexamod:NightmareGuise","hexamod:AdvancingGuard"],"picked":"hexamod:GhostLash+1","floor":20.0},{"not_picked":["hexamod:PhantomFireball+1","hexamod:ExtraCrispy+1"],"picked":"hexamod:ShieldOfDarkness+1","floor":21.0},{"not_picked":["hexamod:PhantomFireball+1","hexamod:AdvancingGuard"],"picked":"hexamod:SwordOfDarkness+1","floor":22.0},{"not_picked":["hexamod:GhostShield","hexamod:ShieldOfDarkness"],"picked":"hexamod:Hexaguard","floor":25.0},{"not_picked":["hexamod:ParanormalForm+1","hexamod:FastForward"],"picked":"hexamod:RadiantFlame+1","floor":27.0},{"not_picked":["hexamod:DynamicBlow+1","hexamod:GhostShield"],"picked":"hexamod:GhostOfSpireFuture+1","floor":30.0},{"not_picked":["hexamod:HeatShield","hexamod:Rewind"],"picked":"hexamod:SpectersWail+1","floor":32.0}],"player_experience":1945833,"relics_obtained":[{"floor":6.0,"key":"Frozen Egg 2"},{"floor":7.0,"key":"Molten Egg 2"},{"floor":14.0,"key":"Eternal Feather"},{"floor":27.0,"key":"Akabeko"}],"event_choices":[{"damage_healed":0.0,"max_hp_gain":0.0,"max_hp_loss":0.0,"gold_gain":0.0,"event_name":"Addict","player_choice":"Stole Relic","floor":29.0,"gold_loss":0.0,"damage_taken":0.0,"relics_obtained":["Toy Ornithopter"],"cards_obtained":["Pride"]}],"is_beta":false,"boss_relics":[{"not_picked":["Coffee Dripper","Sozu"],"picked":"expansioncontent:StudyCardRelic"}],"items_purged_floors":[22],"is_endless":false,"potions_floor_spawned":[6,9,16,21,27,30],"killed_by":"SI_MIRROR_ARCHETYPE","ascension_level":9}}