{"host":"xz7n3qy1zq36rzpg","time":1613635734,"event":{"mods":["BaseMod","Colored Map","Colored Powertips","Highlight Path","Minty Spire (QoL Compilation)","Quick Restart","Shop Mod"],"gold_per_floor":[114,114,133,133,33,71,71,71,96,115,134,134,153,172,172,297,297,316,335,354,373,373,373,411,444,519,538,557,576,119,138,138,263,263,282,301,364,383,402,402,302,302,302,321,340,340,378,378,378],"floor_reached":48,"language":"ENG","playtime":1893,"items_purged":["Pain"],"score":715,"play_id":"a9e127d8-42fd-459f-be63-b2c17f44ed5c","local_time":"20210218090854","daily_mods":["Cursed Run","Uncertain Future","Lethality"],"is_ascension_mode":false,"campfire_choices":[{"data":"Heavy Blade","floor":7.0,"key":"SMITH"},{"data":"Bash","floor":12.0,"key":"SMITH"},{"data":"Inflame","floor":15.0,"key":"SMITH"},{"floor":23.0,"key":"REST"},{"data":"Limit Break","floor":32,"key":"SMITH"},{"floor":40,"key":"REST"},{"floor":46,"key":"REST"}],"circlet_count":0,"master_deck":["Bash+1","Spot Weakness","Injury","Anger","Flex","Heavy Blade+1","Body Slam+1","Injury","Heavy Blade+1","Reckless Charge+1","Sword Boomerang+1","Inflame+1","Demon Form","Disarm","Clash+1","Wild Strike+1","Headbutt+1","Reaper+1","Power Through","Battle Trance","Feed+1","Rage","Sword Boomerang+1","Pummel+1","Body Slam+1","Decay","Shrug It Off","Limit Break+1","Normality","Barricade","Clothesline+1","Bloodletting+1","Ghostly Armor","Regret","Ghostly Armor","Shrug It Off"],"relics":["Cursed Key","Darkstone Periapt","Du-Vu Doll","Golden Idol","Molten Egg 2","Smiling Mask","Pandora\u0027s Box","Strawberry","Red Mask","Bottled Tornado","Kunai","Fusion Hammer","Oddly Smooth Stone","Boot"],"acts_visited":["Exordium","TheCity","TheBeyond"],"potions_floor_usage":[24,27,28,37,38,39,44,44,45,47],"damage_taken":[{"damage":4.0,"enemies":"Jaw Worm","floor":1.0,"turns":3.0},{"damage":5.0,"enemies":"2 Louse","floor":3.0,"turns":2.0},{"damage":0.0,"enemies":"Gremlin Nob","floor":6.0,"turns":2.0},{"damage":4.0,"enemies":"Cultist","floor":10.0,"turns":3.0},{"damage":0.0,"enemies":"Looter","floor":11.0,"turns":1.0},{"damage":0.0,"enemies":"Blue Slaver","floor":13.0,"turns":1.0},{"damage":9.0,"enemies":"Exordium Wildlife","floor":14.0,"turns":2.0},{"damage":49.0,"enemies":"The Guardian","floor":16.0,"turns":4.0},{"damage":15.0,"enemies":"Chosen","floor":18.0,"turns":2.0},{"damage":53.0,"enemies":"3 Byrds","floor":19.0,"turns":3.0},{"damage":1.0,"enemies":"Shelled Parasite and Fungi","floor":20.0,"turns":2.0},{"damage":16.0,"enemies":"Cultist and Chosen","floor":21.0,"turns":3.0},{"damage":21,"enemies":"Book of Stabbing","floor":24,"turns":2},{"damage":11,"enemies":"Masked Bandits","floor":25,"turns":3},{"damage":3,"enemies":"Snake Plant","floor":27,"turns":2},{"damage":2,"enemies":"Chosen and Byrds","floor":28,"turns":3},{"damage":12,"enemies":"Cultist and Chosen","floor":29,"turns":3},{"damage":30,"enemies":"Snake Plant","floor":31,"turns":3},{"damage":26,"enemies":"Automaton","floor":33,"turns":5},{"damage":37,"enemies":"3 Darklings","floor":35,"turns":3},{"damage":13,"enemies":"Orb Walker","floor":36,"turns":2},{"damage":54,"enemies":"Mind Bloom Boss Battle","floor":37,"turns":3},{"damage":0,"enemies":"Writhing Mass","floor":38,"turns":3},{"damage":16,"enemies":"Jaw Worm Horde","floor":39,"turns":3},{"damage":59,"enemies":"4 Shapes","floor":44,"turns":3},{"damage":45,"enemies":"3 Darklings","floor":45,"turns":3},{"damage":45,"enemies":"Reptomancer","floor":47,"turns":4},{"damage":28,"enemies":"Jaw Worm Horde","floor":48,"turns":2}],"seed_played":"-4060160915487772418","potions_obtained":[{"floor":1.0,"key":"FearPotion"},{"floor":6.0,"key":"Fire Potion"},{"floor":10.0,"key":"Dexterity Potion"},{"floor":14.0,"key":"Fire Potion"},{"floor":19.0,"key":"SkillPotion"},{"floor":20.0,"key":"PowerPotion"},{"floor":21.0,"key":"Regen Potion"},{"floor":25,"key":"DistilledChaos"},{"floor":27,"key":"SkillPotion"},{"floor":35,"key":"HeartOfIron"},{"floor":37,"key":"Block Potion"},{"floor":38,"key":"DistilledChaos"},{"floor":45,"key":"SteroidPotion"}],"is_trial":false,"path_per_floor":["M","?","M","?","$","E","R","?","T","M","M","R","M","M","R","B",null,"M","M","M","M","?","R","E","?","T","M","M","M","$","M","R","B",null,"M","M","?","M","M","R","$","?","T","M","M","R","E","M"],"character_chosen":"IRONCLAD","items_purchased":["Flex","Heavy Blade","Kunai","Limit Break","AttackPotion","Energy Potion"],"campfire_rested":3,"item_purchase_floors":[5,5,30,30,41,41],"current_hp_per_floor":[76,82,77,77,77,77,77,60,66,62,62,62,62,53,53,10,98,83,30,51,39,39,69,64,58,64,61,81,93,93,72,72,70,129,92,79,25,40,24,62,62,62,68,9,3,43,27,0,0],"gold":378,"neow_bonus":"","is_daily":true,"chose_seed":false,"campfire_upgraded":4,"win_rate":0.0,"timestamp":1613635734,"path_taken":["M","?","M","?","$","E","R","?","T","M","M","R","M","M","R","BOSS","M","M","M","M","?","R","E","?","T","M","M","?","$","M","R","BOSS","M","M","?","M","M","R","$","?","T","?","M","R","E","M"],"items_purchased_type":["Card","Card","Relic","Card","Potion","Potion"],"build_version":"2020-12-22","purchased_purges":1,"victory":false,"max_hp_per_floor":[80,86,86,86,86,86,86,86,92,92,92,92,92,92,92,98,98,98,98,98,102,102,102,113,113,119,119,123,123,123,123,123,129,129,129,129,129,129,129,129,129,129,135,135,135,135,135,135,135],"card_choices":[{"not_picked":["Cleave","Evolve"],"picked":"Spot Weakness","floor":1.0},{"not_picked":["Body Slam","Sentinel"],"picked":"Anger","floor":3.0},{"not_picked":["Inflame","Entrench"],"picked":"Body Slam+1","floor":6.0},{"not_picked":["True Grit","Warcry"],"picked":"Heavy Blade+1","floor":10.0},{"not_picked":["Clash+1","Sentinel"],"picked":"Reckless Charge+1","floor":11.0},{"not_picked":["Rupture","Pommel Strike+1"],"picked":"Sword Boomerang+1","floor":13.0},{"not_picked":["Headbutt+1","Hemokinesis+1"],"picked":"Inflame","floor":14.0},{"not_picked":["Immolate+1","Bludgeon+1"],"picked":"Demon Form","floor":16.0},{"not_picked":["Inflame","Feel No Pain+1"],"picked":"Rage","floor":18.0},{"not_picked":["Wild Strike+1","Anger+1"],"picked":"Sword Boomerang+1","floor":19.0},{"not_picked":["Entrench+1","Wild Strike+1"],"picked":"Pummel+1","floor":20.0},{"not_picked":["Shockwave","Dark Embrace","Twin Strike+1"],"picked":"SKIP","floor":21.0},{"not_picked":["Iron Wave+1","Infernal Blade"],"picked":"Body Slam+1","floor":24},{"not_picked":["Headbutt+1","Second Wind","Searing Blow+1"],"picked":"SKIP","floor":27},{"not_picked":["Power Through","True Grit","Flex"],"picked":"SKIP","floor":28},{"not_picked":["Pommel Strike+1","Pummel+1"],"picked":"Shrug It Off","floor":29},{"not_picked":["Shrug It Off","Perfected Strike+1","Searing Blow+1"],"picked":"SKIP","floor":31},{"not_picked":["Bludgeon+1","Exhume"],"picked":"Barricade","floor":33},{"not_picked":["Heavy Blade+1","Twin Strike+1"],"picked":"Clothesline+1","floor":35},{"not_picked":["Wild Strike+1","Intimidate"],"picked":"Bloodletting+1","floor":36},{"not_picked":["Clash+1","Wild Strike+1"],"picked":"Ghostly Armor","floor":37},{"not_picked":["Body Slam+1","Wild Strike+1","Flex"],"picked":"SKIP","floor":38},{"not_picked":["Warcry+1","Body Slam+1","Fire Breathing+1"],"picked":"SKIP","floor":39},{"not_picked":["Combust","Havoc+1","Shockwave"],"picked":"SKIP","floor":44},{"not_picked":["Dropkick+1","Armaments"],"picked":"Ghostly Armor","floor":45},{"not_picked":["Armaments","Twin Strike+1"],"picked":"Shrug It Off","floor":47}],"player_experience":534739,"relics_obtained":[{"floor":6.0,"key":"Molten Egg 2"},{"floor":9.0,"key":"Smiling Mask"},{"floor":24,"key":"Strawberry"},{"floor":25,"key":"Red Mask"},{"floor":26,"key":"Bottled Tornado"},{"floor":43,"key":"Oddly Smooth Stone"},{"floor":47,"key":"Boot"}],"event_choices":[{"damage_healed":0.0,"max_hp_gain":0.0,"max_hp_loss":0.0,"gold_gain":0.0,"event_name":"Golden Idol","player_choice":"Take Wound","floor":2.0,"gold_loss":0.0,"damage_taken":0.0,"relics_obtained":["Golden Idol"],"cards_obtained":["Injury"]},{"damage_healed":0.0,"max_hp_gain":0.0,"max_hp_loss":0.0,"gold_gain":0.0,"event_name":"The Cleric","player_choice":"Leave","floor":4.0,"gold_loss":0.0,"damage_taken":0.0},{"damage_healed":0.0,"max_hp_gain":0.0,"max_hp_loss":0.0,"gold_gain":0.0,"event_name":"Shining Light","player_choice":"Entered Light","floor":8.0,"gold_loss":0.0,"damage_taken":17.0,"cards_upgraded":["Strike_R","Defend_R"]},{"damage_healed":0.0,"max_hp_gain":0.0,"max_hp_loss":0.0,"gold_gain":0.0,"event_name":"Vampires","player_choice":"Ignored","floor":22.0,"gold_loss":0.0,"damage_taken":0.0},{"damage_healed":0,"gold_gain":0,"player_choice":"Fought Bandits","damage_taken":0,"max_hp_gain":0,"max_hp_loss":0,"event_name":"Masked Bandits","floor":25,"gold_loss":0},{"damage_healed":0,"gold_gain":0,"player_choice":"Fight","damage_taken":0,"max_hp_gain":0,"max_hp_loss":0,"event_name":"MindBloom","floor":37,"gold_loss":0},{"cards_removed":["Sentinel"],"damage_healed":0,"gold_gain":0,"player_choice":"Purged","damage_taken":0,"max_hp_gain":0,"max_hp_loss":0,"event_name":"Purifier","floor":42,"gold_loss":0}],"is_beta":false,"boss_relics":[{"not_picked":["SlaversCollar","Runic Dome"],"picked":"Pandora\u0027s Box"},{"not_picked":["Calling Bell","Runic Pyramid"],"picked":"Fusion Hammer"}],"items_purged_floors":[30],"is_endless":false,"potions_floor_spawned":[1,6,10,14,19,20,21,25,27,35,37,38,45],"killed_by":"Jaw Worm Horde","ascension_level":0}}