{"host":"79p0n9jgvmu4oxs9","time":1613619860,"event":{"mods":["AchievementEnabler","Act Like it!","BaseMod","Colored Map","Downfall","Friendly Minions","GifTheSpireLib","Hermit","Minty Spire (QoL Compilation)","Potionbrewer","Rare Cards Sparkle","Reliquary","StSLib"],"gold_per_floor":[112,112,112,133,158,158,158,178,178,216,235,235,235],"floor_reached":12,"language":"ENG","playtime":495,"items_purged":[],"score":203,"play_id":"df72d69f-f632-4139-ba99-95dd16637923","local_time":"20210217194420","is_ascension_mode":false,"campfire_choices":[{"data":"hermit:TakeAim","floor":6,"key":"SMITH"}],"circlet_count":0,"master_deck":["hermit:Strike_Hermit","hermit:Strike_Hermit","hermit:Strike_Hermit","hermit:Strike_Hermit","hermit:Defend_Hermit","hermit:Defend_Hermit","hermit:Defend_Hermit","hermit:Snapshot","hermit:Covet","hermit:TakeAim+1","Injury","hermit:Ricochet","downfall:Haunted","downfall:Haunted","Pain","hermit:Roughhouse","Injury","hermit:Midnight","hermit:Dive"],"relics":["hermit:Momento","Pen Nib","Golden Idol","Slimebound:StickyStick","Darkstone Periapt","reliquary:PurpleTingedLeaf","Gremlin Horn"],"acts_visited":["Exordium"],"potions_floor_usage":[11],"damage_taken":[{"damage":1,"enemies":"Jaw Worm","floor":1,"turns":3},{"damage":0,"enemies":"2 Louse","floor":4,"turns":2},{"damage":1,"enemies":"Cultist","floor":8,"turns":4},{"damage":30,"enemies":"3 Sentries","floor":10,"turns":8},{"damage":16,"enemies":"Exordium Thugs","floor":11,"turns":6},{"damage":60,"enemies":"Gremlin Nob","floor":12,"turns":5}],"seed_played":"-1639389477998431678","potions_obtained":[{"floor":4,"key":"potionbrewer:CleansingPotion"}],"is_trial":false,"path_per_floor":["M","?","?","M","T","R","?","M","T","E","M","E"],"character_chosen":"HERMIT","items_purchased":[],"campfire_rested":0,"item_purchase_floors":[],"current_hp_per_floor":[74,74,74,74,74,74,103,102,102,74,58,0,0],"gold":235,"neow_bonus":"RANDOM_COMMON_RELIC","is_daily":false,"chose_seed":false,"campfire_upgraded":1,"win_rate":0.0,"timestamp":1613619860,"path_taken":["M","?","?","?","?","R","?","M","T","E","M","E"],"items_purchased_type":[],"build_version":"2020-12-22","purchased_purges":0,"victory":false,"max_hp_per_floor":[75,75,75,75,75,75,104,104,104,104,104,104,104],"card_choices":[{"not_picked":["hermit:Dive","hermit:Headshot"],"picked":"hermit:TakeAim","floor":1},{"not_picked":["hermit:Coalescence","hermit:Vantage"],"picked":"hermit:Ricochet","floor":4},{"not_picked":["hermit:Coalescence","hermit:Snipe"],"picked":"hermit:Midnight","floor":8},{"not_picked":["hermit:Feint","hermit:BodyArmor","hermit:Snipe"],"picked":"SKIP","floor":10},{"not_picked":["hermit:Determination","hermit:Shortfuse"],"picked":"hermit:Dive","floor":11}],"player_experience":874066,"relics_obtained":[{"floor":5,"key":"Slimebound:StickyStick"},{"floor":9,"key":"reliquary:PurpleTingedLeaf"},{"floor":10,"key":"Gremlin Horn"}],"event_choices":[{"damage_healed":0,"gold_gain":0,"player_choice":"Take Wound","damage_taken":0,"relics_obtained":["Golden Idol"],"max_hp_gain":0,"max_hp_loss":0,"event_name":"Golden Idol","floor":2,"gold_loss":0,"cards_obtained":["Injury"]},{"cards_removed":["hermit:Defend_Hermit"],"damage_healed":0,"gold_gain":0,"player_choice":"Offered Basic","damage_taken":0,"max_hp_gain":0,"max_hp_loss":0,"event_name":"Bonfire Elementals","floor":3,"gold_loss":0}],"is_beta":false,"boss_relics":[],"items_purged_floors":[],"is_endless":false,"potions_floor_spawned":[4],"killed_by":"Gremlin Nob","ascension_level":0}}