{"host":"ufl0k2so27eic2iy","time":1613651710,"event":{"mods":["100% Spire Juice","BaseMod","ChefMod","Curses Come First","Downfall","Minty Spire (QoL Compilation)","Replay The Spire","StSLib","The Animator","The Cursed","The Marked"],"gold_per_floor":[109,119,135,160,14,53,53,53,53],"floor_reached":8,"language":"ENG","playtime":442,"items_purged":["animator:Strike"],"score":102,"play_id":"ecbe2d7d-cfda-4cd6-8fbe-556e284b1994","local_time":"20210218123510","is_ascension_mode":true,"campfire_choices":[{"floor":7,"key":"REST"}],"circlet_count":0,"master_deck":["AscendersBane","animator:Strike_Bleach","animator:Defend_Bleach+1","animator:Strike","animator:Defend","animator:Defend","animator:Defend","animator:RenjiArakai","animator:UryuuIshida","animator:Lancer","animator:ShizuruNakatsu","animator:RenjiArakai","animator:Emonzaemon","animator:Kaijin","animator:IchigoKurosaki"],"relics":["animator:LivingPicture","animator:TheMissingPiece","Gremlin Horn"],"acts_visited":["Exordium"],"potions_floor_usage":[6,6],"damage_taken":[{"damage":10,"enemies":"Small Slimes","floor":1,"turns":4},{"damage":0,"enemies":"2 Louse","floor":2,"turns":1},{"damage":2,"enemies":"Jaw Worm","floor":3,"turns":4},{"damage":3,"enemies":"Exordium Wildlife","floor":4,"turns":4},{"damage":21,"enemies":"Gremlin Nob","floor":6,"turns":4},{"damage":29,"enemies":"Lagavulin","floor":8,"turns":7}],"seed_played":"-1565506662561122336","potions_obtained":[{"floor":1,"key":"Swift Potion"},{"floor":3,"key":"Energy Potion"}],"is_trial":false,"path_per_floor":["M","M","M","M","$","E","R","E"],"character_chosen":"THE_ANIMATOR","items_purchased":["animator:Kaijin"],"campfire_rested":1,"item_purchase_floors":[5],"current_hp_per_floor":[44,44,42,39,39,18,36,7,7],"gold":53,"neow_bonus":"REMOVE_CARD","is_daily":false,"chose_seed":true,"campfire_upgraded":0,"win_rate":0.0,"timestamp":1613651710,"path_taken":["M","M","M","M","$","E","R","E"],"items_purchased_type":["Card"],"build_version":"2020-12-22","purchased_purges":1,"victory":false,"max_hp_per_floor":[60,60,60,60,60,60,60,60,60],"card_choices":[{"not_picked":["animator:ShinjiMatou","animator:Shion"],"picked":"animator:Lancer","floor":1},{"not_picked":["animator:Berserker","animator:ZankiKiguchi"],"picked":"animator:ShizuruNakatsu","floor":2},{"not_picked":["animator:Vesta","animator:Assassin"],"picked":"animator:RenjiArakai","floor":3},{"not_picked":["animator:Hitei","animator:Azekura"],"picked":"animator:Emonzaemon","floor":4},{"not_picked":["animator:MetalKnight","animator:Alexander"],"picked":"animator:IchigoKurosaki","floor":6}],"player_experience":2839103,"relics_obtained":[{"floor":6,"key":"Gremlin Horn"}],"event_choices":[],"is_beta":false,"boss_relics":[],"items_purged_floors":[5],"is_endless":false,"potions_floor_spawned":[1,3],"killed_by":"Lagavulin","ascension_level":15}}