{"host":"nd1mxfnoqvbitpwh","time":1613615488,"event":{"mods":["Aspiration","BaseMod","Colored Map","Colored Powertips","Conspire","Downfall","Highlight Path","Hubris","Infinite Spire","Marisa????????","Minty Spire (QoL Compilation)","Permanent Neow","Quick Restart","Remilia??????","Shop Mod","StSLib","SuperFastMode","The Animator","The Wild Card"],"gold_per_floor":[125,125,125,149,164,207,230,230,282,302,302,338,338,353,353,474,474,488,512,512,527,527,527,563,563,563],"floor_reached":25,"language":"ENG","playtime":992,"items_purged":[],"score":248,"play_id":"be2c3177-735b-4ad4-8abe-2d96d78a1474","local_time":"20210217213128","is_ascension_mode":true,"campfire_choices":[{"floor":8.0,"key":"REST"},{"floor":11.0,"key":"REST"},{"floor":13,"key":"REST"},{"floor":15,"key":"REST"},{"floor":23,"key":"REST"}],"circlet_count":0,"master_deck":["animator:Defend_FullmetalAlchemist","animator:Defend","animator:Defend","animator:Defend","animator:ElricEdward","animator:ElricAlphonse","animator:ChlammyZell","animator:Zero","animator:Shalltear","animator:Shigure","animator:Sloth","animator:HiiragiShinya","animator:NagisaMomoe","animator:Archer","animator:Scar","animator:Guren","animator:EmiyaShirou","animator:YachiyoNanami","Slimebound:Tackle+1","Slimebound:Tackle+1","Slimebound:Tackle+1","animator:Sloth","animator:Scar"],"relics":["animator:LivingPicture","animator:TheMissingPiece","Golden Idol","animator:EngravedStaff","aspiration:TomeofQuesting","Empty Cage","ScarletDevilRocket"],"acts_visited":["Exordium","TheCity"],"potions_floor_usage":[16,16,16],"damage_taken":[{"damage":13.0,"enemies":"2 Louse","floor":1.0,"turns":4.0},{"damage":11.0,"enemies":"Cultist","floor":4.0,"turns":4.0},{"damage":7.0,"enemies":"Jaw Worm","floor":5.0,"turns":6.0},{"damage":31.0,"enemies":"Gremlin Nob","floor":6.0,"turns":4.0},{"damage":7.0,"enemies":"Looter","floor":7.0,"turns":4.0},{"damage":4.0,"enemies":"conspire:2 RoseBushes","floor":10.0,"turns":5.0},{"damage":29,"enemies":"Exordium Wildlife","floor":12,"turns":6},{"damage":7,"enemies":"Looter","floor":14,"turns":4},{"damage":33,"enemies":"Slime Boss","floor":16,"turns":8},{"damage":15,"enemies":"conspire:FuzzyDice","floor":18,"turns":6},{"damage":26,"enemies":"Chosen","floor":19,"turns":6},{"damage":27,"enemies":"Snake Plant","floor":21,"turns":4},{"damage":33,"enemies":"animator:HornedBat","floor":24,"turns":11},{"damage":31,"enemies":"Sentry and Sphere","floor":25,"turns":3}],"seed_played":"1302326742232032905","potions_obtained":[{"floor":5.0,"key":"champ:CounterPotion"},{"floor":6.0,"key":"DistilledChaos"},{"floor":10.0,"key":"EssenceOfSteel"},{"floor":12,"key":"Dexterity Potion"},{"floor":16,"key":"Fruit Juice"},{"floor":24,"key":"Slimebound:ThreeZeroPotion"}],"is_trial":false,"path_per_floor":["M","?","?","M","M","E","M","R","T","M","R","M","R","M","R","B",null,"M","M","?","M","?","R","E","M"],"character_chosen":"THE_ANIMATOR","items_purchased":[],"campfire_rested":5,"item_purchase_floors":[],"current_hp_per_floor":[59,59,59,48,41,10,3,24,24,20,41,12,33,27,48,20,78,64,38,38,11,37,60,27,0,0],"gold":563,"neow_bonus":"TEN_PERCENT_HP_BONUS","is_daily":false,"chose_seed":false,"campfire_upgraded":0,"win_rate":0.0,"timestamp":1613615488,"path_taken":["M","?","?","?","M","E","M","R","T","M","R","M","R","M","R","BOSS","M","M","?","M","?","R","E","M"],"items_purchased_type":[],"build_version":"2020-12-22","purchased_purges":0,"victory":false,"max_hp_per_floor":[72,72,72,72,72,72,72,72,72,72,72,72,72,73,73,78,78,79,79,79,79,79,79,79,79,79],"card_choices":[{"not_picked":["animator:DolaRiku","animator:Berserker"],"picked":"animator:ChlammyZell","floor":1.0},{"not_picked":["animator:RoyMustang","animator:PandorasActor"],"picked":"animator:Shalltear","floor":4.0},{"not_picked":["animator:Yuuichirou","animator:IrohaTamaki"],"picked":"animator:Shigure","floor":5.0},{"not_picked":["animator:ElricAlphonse","animator:MaesHughes"],"picked":"animator:Sloth","floor":6.0},{"not_picked":["animator:ShinjiMatou","animator:OrikoMikuni"],"picked":"animator:HiiragiShinya","floor":7.0},{"not_picked":["animator:Sloth","animator:Cocytus"],"picked":"animator:NagisaMomoe","floor":10.0},{"not_picked":["animator:Rider","animator:FielNirvalen"],"picked":"animator:Archer","floor":12},{"not_picked":["animator:Gluttony","animator:ElricAlphonse"],"picked":"animator:Scar","floor":14},{"not_picked":["animator:Saber","animator:Father"],"picked":"animator:Guren","floor":16},{"not_picked":["animator:ElricEdward","animator:IrohaTamaki"],"picked":"animator:EmiyaShirou","floor":18},{"not_picked":["animator:YaoHaDucy","animator:LeleiLaLalena"],"picked":"animator:YachiyoNanami","floor":19},{"not_picked":["animator:Illya","animator:RoryMercury+1"],"picked":"animator:Sloth","floor":21},{"not_picked":["animator:Gluttony","animator:ElricAlphonse"],"picked":"animator:Scar","floor":24}],"player_experience":181280,"relics_obtained":[{"floor":6.0,"key":"animator:EngravedStaff"},{"floor":9.0,"key":"aspiration:TomeofQuesting"},{"floor":24,"key":"ScarletDevilRocket"}],"event_choices":[{"damage_healed":0.0,"max_hp_gain":0.0,"max_hp_loss":0.0,"gold_gain":0.0,"event_name":"Golden Idol","player_choice":"Take Wound","floor":2.0,"gold_loss":0.0,"damage_taken":0.0,"relics_obtained":["Golden Idol"],"cards_obtained":["Injury"]},{"damage_healed":0.0,"max_hp_gain":0.0,"max_hp_loss":0.0,"gold_gain":0.0,"event_name":"Match and Keep!","player_choice":"1 cards matched","floor":3.0,"gold_loss":0.0,"damage_taken":0.0,"cards_obtained":["animator:Zero"]},{"damage_healed":26,"gold_gain":0,"player_choice":"Heal","damage_taken":0,"max_hp_gain":0,"max_hp_loss":0,"event_name":"The Library","floor":22,"gold_loss":0}],"is_beta":false,"boss_relics":[{"not_picked":["conspire:RunicOctahedron","aspiration:SilentSkillbook"],"picked":"Empty Cage"}],"items_purged_floors":[],"is_endless":false,"potions_floor_spawned":[5,6,10,12,16,24],"killed_by":"Sentry and Sphere","ascension_level":2}}