{"host":"fbdlh90rovbiajun","time":1613624893,"event":{"mods":["AchievementEnabler","BaseMod","Colored Map","Keyboard Shortcuts","Minty Spire (QoL Compilation)","SuperFastMode"],"gold_per_floor":[109,34,34,34,52,52,82,82,82,97,125,141,141,154,154,154,154],"floor_reached":16,"language":"KOR","playtime":496,"items_purged":["Defend_P"],"score":100,"play_id":"d5caa612-3002-482a-b89a-0e624b2e3e75","local_time":"20210218140813","is_ascension_mode":false,"campfire_choices":[{"data":"Eruption","floor":6,"key":"SMITH"},{"data":"Adaptation","floor":8,"key":"SMITH"},{"floor":15,"key":"REST"}],"circlet_count":0,"master_deck":["Strike_P","Strike_P","Strike_P","Defend_P","Defend_P","Eruption+1","Vigilance","Adaptation+1","CrushJoints"],"relics":["PureWater","Du-Vu Doll","Question Card","Odd Mushroom"],"acts_visited":["Exordium"],"potions_floor_usage":[11,16,16],"damage_taken":[{"damage":0,"enemies":"Cultist","floor":1,"turns":2},{"damage":0,"enemies":"Jaw Worm","floor":5,"turns":2},{"damage":41,"enemies":"Lagavulin","floor":7,"turns":5},{"damage":0,"enemies":"2 Louse","floor":10,"turns":1},{"damage":0,"enemies":"The Mushroom Lair","floor":11,"turns":2},{"damage":0,"enemies":"Large Slime","floor":12,"turns":3},{"damage":0,"enemies":"Blue Slaver","floor":14,"turns":3},{"damage":55,"enemies":"Slime Boss","floor":16,"turns":4}],"seed_played":"-8563667698543376145","potions_obtained":[{"floor":7,"key":"Explosive Potion"},{"floor":12,"key":"FearPotion"},{"floor":14,"key":"EssenceOfSteel"}],"is_trial":false,"path_per_floor":["M","$","?","?","M","R","E","R","T","M","?","M","?","M","R","B"],"character_chosen":"WATCHER","items_purchased":[],"campfire_rested":1,"item_purchase_floors":[],"current_hp_per_floor":[72,72,72,72,72,72,31,31,31,31,31,31,24,24,45,0,0],"gold":154,"neow_bonus":"REMOVE_CARD","is_daily":false,"chose_seed":false,"campfire_upgraded":2,"win_rate":0.0,"timestamp":1613624893,"path_taken":["M","?","?","?","M","R","E","R","T","M","?","?","?","?","R","BOSS"],"items_purchased_type":[],"build_version":"2020-12-22","purchased_purges":1,"victory":false,"max_hp_per_floor":[72,72,72,72,72,72,72,72,72,72,72,72,72,72,72,72,72],"card_choices":[{"not_picked":["Prostrate","FlyingSleeves","CutThroughFate"],"picked":"SKIP","floor":1},{"not_picked":["ClearTheMind","FollowUp","Blasphemy"],"picked":"SKIP","floor":5},{"not_picked":["WheelKick","Vengeance"],"picked":"CrushJoints","floor":7},{"not_picked":["CutThroughFate","Crescendo","CrushJoints","EmptyBody"],"picked":"SKIP","floor":10},{"not_picked":["WaveOfTheHand","ReachHeaven","Consecrate","JustLucky"],"picked":"SKIP","floor":12},{"not_picked":["Study","ThirdEye","ReachHeaven","EmptyBody"],"picked":"SKIP","floor":14}],"player_experience":80715,"relics_obtained":[{"floor":7,"key":"Du-Vu Doll"},{"floor":9,"key":"Question Card"},{"floor":11,"key":"Odd Mushroom"}],"event_choices":[{"damage_healed":0,"gold_gain":0,"cards_transformed":["Strike_P"],"player_choice":"Change","damage_taken":0,"max_hp_gain":0,"max_hp_loss":0,"event_name":"Living Wall","floor":3,"gold_loss":0,"cards_obtained":["Adaptation"]},{"damage_healed":0,"gold_gain":0,"player_choice":"Ignored","damage_taken":0,"max_hp_gain":0,"max_hp_loss":0,"event_name":"Liars Game","floor":4,"gold_loss":0},{"damage_healed":0,"gold_gain":0,"player_choice":"Fought Mushrooms","damage_taken":0,"max_hp_gain":0,"max_hp_loss":0,"event_name":"Mushrooms","floor":11,"gold_loss":0},{"damage_healed":0,"gold_gain":0,"player_choice":"Damaged","damage_taken":7,"max_hp_gain":0,"max_hp_loss":0,"event_name":"Wheel of Change","floor":13,"gold_loss":0}],"is_beta":false,"boss_relics":[],"items_purged_floors":[2],"is_endless":false,"potions_floor_spawned":[7,12,14],"killed_by":"Slime Boss","ascension_level":0}}