{"host":"j4g6ia6asvpyu2b0","time":1613664118,"event":{"mods":["BaseMod","Colored Map","Infinite Spire","Minty Spire (QoL Compilation)","Permanent Neow","Quick Restart","Relic Stats","StSLib","Unceasing Turn Reminder"],"gold_per_floor":[316,327,327,327,502,502,535,548,548,548,548,318,342,376,376,376,376],"floor_reached":16,"language":"ENG","playtime":316,"items_purged":["Doubt"],"score":119,"play_id":"cd623bdd-ec35-4bd8-85e6-e4e394dd30f7","local_time":"20210218090158","is_ascension_mode":true,"campfire_choices":[{"data":"Bash","floor":6,"key":"SMITH"},{"data":"True Grit","floor":10,"key":"SMITH"},{"data":"Terror","floor":15,"key":"SMITH"}],"circlet_count":0,"master_deck":["Strike_R","Strike_R","Strike_R","Strike_R","Strike_R","Defend_R","Defend_R","Defend_R","Defend_R","Bash+1","Pommel Strike","Pommel Strike","True Grit+1","Terror+1","Riddle With Holes","Blade Dance"],"relics":["Burning Blood","Old Coin","Golden Idol","White Beast Statue","Omamori","PrismaticShard","infinitespire:Bottled Soul"],"acts_visited":["Exordium"],"potions_floor_usage":[7,8,14,16],"damage_taken":[{"damage":13,"enemies":"infinitespire:Voidling","floor":1,"turns":3},{"damage":0,"enemies":"Jaw Worm","floor":2,"turns":3},{"damage":26,"enemies":"Lagavulin","floor":7,"turns":7},{"damage":0,"enemies":"Small Slimes","floor":8,"turns":3},{"damage":3,"enemies":"Looter","floor":13,"turns":4},{"damage":14,"enemies":"Gremlin Nob","floor":14,"turns":3},{"damage":60,"enemies":"Hexaghost","floor":16,"turns":10}],"seed_played":"-6806744418753140341","potions_obtained":[{"floor":1,"key":"SkillPotion"},{"floor":8,"key":"BloodPotion"},{"floor":13,"key":"Strength Potion"},{"floor":14,"key":"LiquidMemories"}],"is_trial":false,"path_per_floor":["M","M","$","?","?","R","E","M","T","R","?","$","M","E","R","B"],"character_chosen":"IRONCLAD","items_purchased":["PrismaticShard"],"campfire_rested":0,"item_purchase_floors":[12],"current_hp_per_floor":[77,80,80,60,60,60,40,62,62,62,62,62,65,57,57,0,0],"gold":376,"neow_bonus":"ONE_RARE_RELIC","is_daily":false,"chose_seed":false,"campfire_upgraded":3,"win_rate":0.0,"timestamp":1613664118,"path_taken":["M","?","$","?","?","R","E","M","T","R","?","$","M","E","R","BOSS"],"items_purchased_type":["Relic"],"build_version":"2020-12-22","purchased_purges":1,"victory":false,"max_hp_per_floor":[80,80,80,80,80,80,80,80,80,80,80,80,80,80,80,80,80],"relic_stats":{"counters":[7,33],"Golden Idol":22,"obtain_stats":[{"Golden Idol":4,"infinitespire:Bottled Soul":14,"Omamori":9,"PrismaticShard":12,"Burning Blood":0,"White Beast Statue":7,"Old Coin":0},{"Golden Idol":2,"infinitespire:Bottled Soul":6,"Omamori":4,"PrismaticShard":4,"Burning Blood":0,"White Beast Statue":3,"Old Coin":0},{"Golden Idol":6,"infinitespire:Bottled Soul":23,"Omamori":16,"PrismaticShard":16,"Burning Blood":0,"White Beast Statue":13,"Old Coin":0}],"Burning Blood":33},"card_choices":[{"not_picked":["Clothesline","Flex"],"picked":"Pommel Strike","floor":1},{"not_picked":["True Grit","Thunderclap"],"picked":"Pommel Strike","floor":2},{"not_picked":["Ghostly Armor","Rage"],"picked":"Body Slam","floor":7},{"not_picked":["Rupture","Dual Wield"],"picked":"True Grit","floor":8},{"not_picked":["WaveOfTheHand","Crippling Poison"],"picked":"Riddle With Holes","floor":13},{"not_picked":["Wraith Form v2","Skim"],"picked":"Blade Dance","floor":14}],"player_experience":1261214,"relics_obtained":[{"floor":7,"key":"White Beast Statue"},{"floor":9,"key":"Omamori"},{"floor":14,"key":"infinitespire:Bottled Soul"}],"event_choices":[{"damage_healed":0,"gold_gain":0,"player_choice":"Take Damage","damage_taken":20,"relics_obtained":["Golden Idol"],"max_hp_gain":0,"max_hp_loss":0,"event_name":"Golden Idol","floor":4,"gold_loss":0},{"damage_healed":0,"gold_gain":175,"player_choice":"AGREE","damage_taken":0,"max_hp_gain":0,"max_hp_loss":0,"event_name":"Liars Game","floor":5,"gold_loss":0,"cards_obtained":["Doubt"]},{"cards_removed":["Body Slam"],"damage_healed":0,"gold_gain":0,"player_choice":"Took Card","damage_taken":0,"max_hp_gain":0,"max_hp_loss":0,"event_name":"NoteForYourself","floor":11,"gold_loss":0,"cards_obtained":["Terror"]}],"is_beta":false,"boss_relics":[],"items_purged_floors":[12],"is_endless":false,"potions_floor_spawned":[1,8,13,14],"killed_by":"Hexaghost","ascension_level":2}}