{"host":"o1cu55645d5ske2f","time":1613677464,"event":{"mods":["AchievementEnabler","Act Like it!","Aspiration","BaseMod","Colored Map","Colored Powertips","Dota2Spire","Emptier Cage","Friendly Minions","Gensokyo","GifTheSpireLib","Hallownest","Hermit","Highlight Path","Hubris","Infinite Spire","KinomotoSakuraMod(木之本樱)","Koishi","Lobotomy","LobotomyExtend","Marisa（F雨　魔理沙）","Minty Spire (QoL Compilation)","Quick Restart","Rare Cards Sparkle","Relic Stats","Remilia（蕾米莉亚）","Replay The Spire","RumiaBox-露米娅的神秘盒子","Shop Mod","Spicy Shops","StSLib","TestMod","The Administrix","The Blackbeard","The Bug Knight","The Cursed","The Hierophant","The Mystic","The Runesmith","The Servant 0.9.4","Yakumo Yukari mod","Youmu（魂魄妖梦）","Yuyuko","【功能Mod】混沌之环修复补丁","【功能Mod】聪明的最终Boss"],"gold_per_floor":[113,126,146,156,167,167,180,194,272,272,288,288,99,110,110,206,206,222,238,238,238,320,320,332,332,332,349,361,361,375,389,389,389,389],"floor_reached":33,"language":"ZHS","playtime":2233,"items_purged":["Clumsy"],"score":372,"play_id":"b82c5afd-a75a-417b-af05-e39a606c0fcc","local_time":"20210219034424","is_ascension_mode":false,"campfire_choices":[{"data":"SpellCardSeal","floor":6.0,"key":"SMITH"},{"data":"ClowCardTheLittle","floor":23.0,"key":"SMITH"},{"data":"ClowCardTheSweet","floor":25.0,"key":"SMITH"},{"floor":29.0,"key":"REST"},{"floor":32,"key":"REST"}],"circlet_count":0,"master_deck":["SakuraCardTheSweet+","SakuraCardTheWatery+","ClowCardTheSword","ClowCardTheSword","ClowCardTheSword","ClowCardTheSword","ClowCardTheShield","ClowCardTheShield","ClowCardTheShield","ClowCardTheShield","SpellCardSeal+1","SpellCardRelease","ClowCardTheLittle+1","ClowCardTheBig+1","ClowCardTheTwin","ClowCardTheLibra","ClowCardTheBubbles","ClowCardTheFlower+1","ClowCardTheSnow","ClowCardTheWave"],"relics":["KSMOD_SealedBook","KSMOD_SealedWand","testmod-TestBox","testmod-TurbochargingSystem","ReplayTheSpireMod:TigerMarble","LetterFromLob","GodSword4","Mango","hubris:64BitClover","EasyGame_NEW","GodSword3","infinitespire:Bottled Soul","Dota2Spire:UrnOfShadows"],"acts_visited":["Gensokyo:Gensokyo","Gensokyo:Gensokyoer"],"potions_floor_usage":[31],"damage_taken":[{"damage":0.0,"enemies":"Gensokyo:Python","floor":1.0,"turns":2.0},{"damage":1.0,"enemies":"Gensokyo:2_Kodama","floor":2.0,"turns":3.0},{"damage":10.0,"enemies":"Gensokyo:3_Fairies","floor":3.0,"turns":11.0},{"damage":6.0,"enemies":"Gensokyo:Python_and_Kodama","floor":4.0,"turns":6.0},{"damage":3.0,"enemies":"Gensokyo:VengefulSpirit","floor":5.0,"turns":4.0},{"damage":9.0,"enemies":"Gensokyo:2_Rabbits","floor":7.0,"turns":5.0},{"damage":0.0,"enemies":"Gensokyo:LivingMonolith","floor":8.0,"turns":3.0},{"damage":18.0,"enemies":"Gensokyo:Kitsune","floor":11.0,"turns":4.0},{"damage":7.0,"enemies":"Gensokyo:Gryphon_and_Rabbit","floor":14.0,"turns":7.0},{"damage":32.0,"enemies":"Gensokyo:Yukari","floor":16.0,"turns":16.0},{"damage":22.0,"enemies":"Gensokyo:AngelMirror","floor":18.0,"turns":5.0},{"damage":20.0,"enemies":"Gensokyo:CosmicMonolith","floor":19.0,"turns":6.0},{"damage":39.0,"enemies":"Gensokyo:3_Gloops","floor":24.0,"turns":5.0},{"damage":28.0,"enemies":"Gensokyo:Monolith_and_Dog","floor":27.0,"turns":6.0},{"damage":10.0,"enemies":"Gensokyo:Chomper_and_Gloop","floor":28.0,"turns":5.0},{"damage":27,"enemies":"Gensokyo:Wraith","floor":30,"turns":4},{"damage":7,"enemies":"Gensokyo:3_Gloops","floor":31,"turns":5}],"seed_played":"-1201885531377062707","potions_obtained":[{"floor":2.0,"key":"SteroidPotion"},{"floor":4.0,"key":"GamblersBrew"},{"floor":11.0,"key":"Fruit Juice"},{"floor":14.0,"key":"Dota2Spire:Clarity"},{"floor":18.0,"key":"LifebloodPotion"},{"floor":19.0,"key":"Weak Potion"},{"floor":27.0,"key":"Block Potion"},{"floor":31,"key":"Fruit Juice"}],"is_trial":false,"path_per_floor":["M","M","M","M","M","R","M","M","T","?","M","?","$","M","R_BF","B",null,"M","M","?","?","T","R","M","R","T","M","M","R","M","M","R","B"],"character_chosen":"KINOMOTOSAKURA","items_purchased":["hubris:64BitClover"],"campfire_rested":2,"item_purchase_floors":[13],"current_hp_per_floor":[70,69,59,53,50,50,41,41,41,34,21,30,30,23,49,17,89,67,54,54,54,54,54,38,38,38,27,34,60,33,37,65,0,0],"gold":389,"neow_bonus":"RANDOM_COMMON_RELIC","is_daily":false,"chose_seed":false,"campfire_upgraded":3,"win_rate":0.0,"timestamp":1613677464,"path_taken":["M","M","M","M","M","R","M","?","T","?","M","?","$","M","R_BF","BOSS","M","M","?","?","?","R","M","R","T","M","?","R","M","M","R","BOSS"],"items_purchased_type":["Relic"],"build_version":"2020-12-22","purchased_purges":1,"victory":false,"max_hp_per_floor":[70,70,70,70,70,70,70,70,70,84,89,89,89,89,89,89,89,89,89,89,89,89,89,89,89,89,89,89,89,89,94,94,94,94],"relic_stats":{"counters":[18,103],"obtain_stats":[{"testmod-TestBox":0,"Dota2Spire:UrnOfShadows":28,"KSMOD_SealedBook":0,"hubris:64BitClover":13,"Mango":10,"testmod-TurbochargingSystem":0,"infinitespire:Bottled Soul":26,"KSMOD_SealedWand":0,"ReplayTheSpireMod:TigerMarble":0,"LetterFromLob":1,"GodSword4":9,"GodSword3":22,"EasyGame_NEW":17},{"testmod-TestBox":0,"Dota2Spire:UrnOfShadows":15,"KSMOD_SealedBook":0,"hubris:64BitClover":8,"Mango":7,"testmod-TurbochargingSystem":0,"infinitespire:Bottled Soul":13,"KSMOD_SealedWand":0,"ReplayTheSpireMod:TigerMarble":0,"LetterFromLob":1,"GodSword4":7,"GodSword3":12,"EasyGame_NEW":10},{"testmod-TestBox":0,"Dota2Spire:UrnOfShadows":88,"KSMOD_SealedBook":0,"hubris:64BitClover":38,"Mango":34,"testmod-TurbochargingSystem":0,"infinitespire:Bottled Soul":77,"KSMOD_SealedWand":0,"ReplayTheSpireMod:TigerMarble":0,"LetterFromLob":2,"GodSword4":34,"GodSword3":72,"EasyGame_NEW":61}]},"card_choices":[{"not_picked":["ClowCardTheMist","ClowCardTheDream","ClowCardTheMaze"],"picked":"SKIP","floor":1.0},{"not_picked":["ClowCardTheSilent","ClowCardTheCloud","ClowCardTheSand"],"picked":"SKIP","floor":2.0},{"not_picked":["ClowCardTheWindy","ClowCardTheFlower"],"picked":"ClowCardTheWatery","floor":3.0},{"not_picked":["ClowCardTheChange","ClowCardTheIllusion","ClowCardTheShadow"],"picked":"SKIP","floor":4.0},{"not_picked":["ClowCardTheLibra","ClowCardTheFight","ClowCardTheEarthy"],"picked":"SKIP","floor":5.0},{"not_picked":["ClowCardTheDream","ClowCardTheSand","ClowCardTheLibra"],"picked":"SKIP","floor":7.0},{"not_picked":["ClowCardTheEarthy","ClowCardTheMove"],"picked":"ClowCardTheLittle","floor":8.0},{"not_picked":["ClowCardTheMist","ClowCardTheWood"],"picked":"ClowCardTheBig","floor":11.0},{"not_picked":["ClowCardTheShot","ClowCardTheSleep","ClowCardTheWatery"],"picked":"SKIP","floor":14.0},{"not_picked":["ClowCardTheDark","ClowCardTheReturn"],"picked":"ClowCardTheTwin","floor":16.0},{"not_picked":["ClowCardTheCloud","ClowCardTheWindy+1"],"picked":"ClowCardTheSweet","floor":18.0},{"not_picked":["ClowCardTheArrow+1","ClowCardTheMist"],"picked":"ClowCardTheLibra","floor":19.0},{"not_picked":["ClowCardTheShadow","ClowCardTheChange+1"],"picked":"ClowCardTheBubbles","floor":24.0},{"not_picked":["ClowCardTheEarthy","ClowCardTheStorm"],"picked":"ClowCardTheFlower+1","floor":27.0},{"not_picked":["ClowCardTheArrow","ClowCardTheBig"],"picked":"ClowCardTheSnow","floor":28.0},{"not_picked":["ClowCardTheShadow+1","ClowCardTheShot"],"picked":"ClowCardTheWave","floor":30},{"not_picked":["ClowCardTheVoice","ClowCardTheWindy","ClowCardTheStorm"],"picked":"SKIP","floor":31}],"player_experience":140729,"relics_obtained":[{"floor":1.0,"key":"LetterFromLob"},{"floor":9.0,"key":"GodSword4"},{"floor":22.0,"key":"GodSword3"},{"floor":26.0,"key":"infinitespire:Bottled Soul"},{"floor":28.0,"key":"Dota2Spire:UrnOfShadows"}],"event_choices":[],"is_beta":false,"boss_relics":[{"not_picked":["testmod-DeterminationOfClimber","hubris:VirtuousBlindfold"],"picked":"EasyGame_NEW"}],"items_purged_floors":[13],"is_endless":false,"potions_floor_spawned":[2,4,11,14,18,19,27,31],"killed_by":"Gensokyo:Eternal_Rivals","ascension_level":0}}