{"host":"67z713vnjolu4670","time":1613654638,"event":{"mods":["Act Like it!","BaseMod","BetterRewards","Colored Map","Colored Powertips","Decade(王小明)","Downfall","Gensokyo","Lobotomy","Minty Spire (QoL Compilation)","Quick Restart","Rare Cards Sparkle","Replay The Spire","StSLib","The Jungle","The Servant 0.9.4","[IsaacMod]以撒尖塔"],"gold_per_floor":[114,114,129,143,157,186,201,245,245,245,271,285,285,311,311,408,408,422,472,472,472,487,487,499,499,581,595,595,595,607,739,739,838,838,854,871,871,415,465,465,490,216,298,315,315,315,349,359,359,359],"floor_reached":51,"language":"ZHS","playtime":8669,"items_purged":["Decade_SpecialSkill","Decay","Hibiki_Attack1"],"score":995,"play_id":"03d92f25-75bd-4630-a1f7-8a0e61d51734","local_time":"20210218212358","is_ascension_mode":false,"campfire_choices":[{"data":"KamenRideKuuga","floor":10.0,"key":"SMITH"},{"data":"Kuuga_GouramAttack","floor":13.0,"key":"SMITH"},{"floor":15.0,"key":"DIG"},{"data":"downfall:Bewildered","floor":23.0,"key":"PURGE"},{"data":"Kuuga_Rising","floor":40.0,"key":"SMITH"},{"data":"Thinking Ahead","floor":46,"key":"SMITH"},{"data":"Kuuga_Rising","floor":49,"key":"SMITH"}],"circlet_count":0,"master_deck":["Decade_Attack","Decade_Attack","Decade_Attack","Decade_Attack","Decade_Defend","Decade_Defend","Decade_Defend","Decade_Defend","KamenRideKuuga+1","Kuuga_GouramAttack+1","Decade_Illusion+1","Bomb","PrometheusPower","Kuuga_Rising+1","UnarmedAttack5","UnarmedAttack8","Thinking Ahead+1","Violence","DenO_Sword+1","UnarmedAttack1","UnarmedAttack9","Kuuga_Rising+1","UnarmedAttack3"],"relics":["Decadriver","TOEIDeficitBill","HushsDoor","SteamSale","Bag of Preparation","Question Card","BFFS","Dream Catcher","Chaos","Replay:PocketPolymizer","Simple Rune","TheBattery","Replay:Multitool","GuppysHead","GuppysTail","RottenBaby","Durian","sneckomod:BabySnecko","StoneCalendar","Nilry\u0027s Codex","Replay:Wanted Poster","Kunai","Centennial Puzzle","Replay:Bottled Eggs","SharpPlug","Replay:Towering Pillar of Hats","BelialBook","Blue Doll","Letter Opener","Strange Spoon","Vajra"],"acts_visited":["Exordium","TheCity","TheBeyond"],"potions_floor_usage":[50,50],"damage_taken":[{"damage":0.0,"enemies":"2 Louse","floor":1.0,"turns":1.0},{"damage":6.0,"enemies":"Jaw Worm","floor":3.0,"turns":2.0},{"damage":0.0,"enemies":"Small Slimes","floor":4.0,"turns":2.0},{"damage":0.0,"enemies":"3 Louse","floor":5.0,"turns":1.0},{"damage":0.0,"enemies":"Gremlin Nob","floor":6.0,"turns":4.0},{"damage":0.0,"enemies":"Large Slime","floor":7.0,"turns":3.0},{"damage":0.0,"enemies":"Lagavulin","floor":11.0,"turns":4.0},{"damage":28.0,"enemies":"Lots of Slimes","floor":12.0,"turns":5.0},{"damage":17.0,"enemies":"3 Sentries","floor":14.0,"turns":5.0},{"damage":41.0,"enemies":"Hexaghost","floor":16.0,"turns":9.0},{"damage":0.0,"enemies":"Spheric Guardian","floor":18.0,"turns":3.0},{"damage":34.0,"enemies":"Hiden Room Battle","floor":19.0,"turns":4.0},{"damage":10.0,"enemies":"Chosen","floor":22.0,"turns":2.0},{"damage":0.0,"enemies":"3 Cultists","floor":24.0,"turns":3.0},{"damage":0.0,"enemies":"Chosen and Byrds","floor":27.0,"turns":3.0},{"damage":0.0,"enemies":"Snake Plant","floor":30.0,"turns":3.0},{"damage":21.0,"enemies":"Slavers","floor":31.0,"turns":3.0},{"damage":16.0,"enemies":"Pondfish","floor":33.0,"turns":5.0},{"damage":32.0,"enemies":"3 Shapes","floor":35.0,"turns":3.0},{"damage":10.0,"enemies":"3 Darklings","floor":36.0,"turns":4.0},{"damage":0.0,"enemies":"Mind Bloom Boss Battle","floor":39.0,"turns":2.0},{"damage":25.0,"enemies":"R_Hoarder","floor":41.0,"turns":4.0},{"damage":0.0,"enemies":"Maw","floor":44.0,"turns":4.0},{"damage":25,"enemies":"Nemesis","floor":47,"turns":3},{"damage":18,"enemies":"Jaw Worm Horde","floor":48,"turns":3},{"damage":15,"enemies":"Replay:Hell Engine","floor":50,"turns":3}],"seed_played":"-9201046291676732321","potions_obtained":[{"floor":1.0,"key":"Swift Potion"},{"floor":3.0,"key":"Explosive Potion"},{"floor":7.0,"key":"AttackPotion"},{"floor":8.0,"key":"Regen Potion"},{"floor":11.0,"key":"ColorlessPotion"},{"floor":14.0,"key":"Strength Potion"},{"floor":18.0,"key":"champ:CounterPotion"},{"floor":24.0,"key":"DuplicationPotion"},{"floor":27.0,"key":"SneckoOil"},{"floor":31.0,"key":"Fire Potion"},{"floor":33.0,"key":"Elixir"},{"floor":35.0,"key":"Strength Potion"}],"is_trial":false,"path_per_floor":["M","?","M","M","M","E","M","?","T","R","E","M","R","E","R_BF","B",null,"M","?","?","?","M","R","M","R","T","M","?","?","M","E","R","B",null,"M","M","?","$","?","R","E","$","T","M","?","R","E","M","R","B",null],"character_chosen":"Decade","items_purchased":["KamenRideKuuga","Kuuga_GouramAttack","GuppysHead","GuppysTail","Centennial Puzzle","Replay:Bottled Eggs","Violence","SharpPlug","Blue Doll","Letter Opener","UnarmedAttack1"],"campfire_rested":0,"item_purchase_floors":[0,0,17,17,38,38,38,38,42,42,42],"current_hp_per_floor":[70,58,57,62,62,67,70,42,42,42,54,43,43,46,46,39,50,50,25,25,25,20,20,29,45,45,55,39,39,49,38,54,47,55,31,42,42,42,47,47,38,38,38,55,55,55,38,33,33,34],"gold":359,"neow_bonus":"","is_daily":false,"chose_seed":false,"campfire_upgraded":5,"win_rate":0.0,"timestamp":1613654638,"path_taken":["M","?","M","M","M","E","M","?","T","R","E","M","R","E","R_BF","BOSS","M","?","?","?","M","R","?","R","T","?","?","?","M","E","R","BOSS","M","M","?","?","?","R","E","$","T","M","?","R","E","M","R","BOSS"],"items_purchased_type":["Card","Card","Relic","Relic","Relic","Relic","Card","Relic","Relic","Relic","Card"],"build_version":"2020-12-22","purchased_purges":3,"victory":true,"max_hp_per_floor":[70,70,70,70,70,70,70,70,70,70,70,70,70,70,70,70,50,50,55,55,55,55,55,55,55,55,55,55,55,55,55,55,55,55,55,55,55,55,55,55,55,55,55,55,55,55,55,55,55,55],"card_choices":[{"not_picked":["Blade_Metal","Decade_Invisible"],"picked":"Bomb","floor":1.0},{"not_picked":["Decade_Dash1","FormRideFlame","KamenRideKiva"],"picked":"Decade_Illusion","floor":3.0},{"not_picked":["MirrorWorld","Decade_Defend3","FormRideDogga","Hibiki_FEVER"],"picked":"SKIP","floor":4.0},{"not_picked":["Decade_Defend2","FormRideStorm","Decade_Dash2"],"picked":"Decade_Illusion","floor":5.0},{"not_picked":["Blade_Kick","UnarmedAttack3","RideBooker"],"picked":"Bomb","floor":6.0},{"not_picked":["Decade_Dash2","FormRideTitan","Decade_Dash1"],"picked":"FormRidePegasus","floor":7.0},{"not_picked":["DecadeViolentEmotion","FormRideDogga","PhotonAcceleration","UnarmedAttack6"],"picked":"SKIP","floor":11.0},{"not_picked":["Decade_Dash1","UnarmedAttack5","Decade_Defend2","RideBooker"],"picked":"SKIP","floor":12.0},{"not_picked":["Hibiki_Attack1","FormRideTitan","AutoVajin"],"picked":"FormRideDragon","floor":14.0},{"not_picked":["Kabuto_ClockUp","UnarmedAttack9","DecadeViolentEmotion"],"picked":"Kuuga_Rising","floor":16.0},{"not_picked":["KamenRideKuuga","FormRideDragon","FormRidePegasus+1","KamenRideDecade"],"picked":"SKIP","floor":18.0},{"not_picked":["KamenRideKabuto","DenO_Ax","AutoVajin","RideBooker_Skill_2+1"],"picked":"SKIP","floor":22.0},{"not_picked":["FormRideStorm","Hibiki_Attack1","RideBooker","KamenRideAgito"],"picked":"SKIP","floor":24.0},{"not_picked":["KamenRideDecade","FormRideFlame","FormRideBasshaa+1","FormRideTitan"],"picked":"SKIP","floor":27.0},{"not_picked":["UnarmedAttack3","Decade_Defend2","Kiva_Frozen+1","Blade_Slash"],"picked":"SKIP","floor":30.0},{"not_picked":["FormRideFlame","Kabuto_ClockUp","FormRideDogga+1"],"picked":"UnarmedAttack8","floor":31.0},{"not_picked":["KamenRideDecade+1","FormRideTitan","UnarmedAttack5","FormRideFlame+1"],"picked":"SKIP","floor":35.0},{"not_picked":["UnarmedAttack3+1","DenO_Gun","UnarmedAttack1","FormRideTitan+1"],"picked":"SKIP","floor":36.0},{"not_picked":["BloodyBrimstone","Panacea","Replay:Sssssssssshield"],"picked":"Thinking Ahead","floor":37.0},{"not_picked":["UnarmedAttack7+1","Blade_Kick","PrometheusPower"],"picked":"DenO_Sword+1","floor":41.0},{"not_picked":["KamenRideDecade","Decade_Defend2","FormRidePegasus"],"picked":"UnarmedAttack9","floor":44.0},{"not_picked":["FormRideAxel","FormRideStorm","PrometheusPower"],"picked":"Kuuga_Rising","floor":47},{"not_picked":["DenO_Sword+1","RideBooker_Skill_1","UnarmedAttack7+1","Kiva_Frozen+1"],"picked":"SKIP","floor":48}],"player_experience":37648,"relics_obtained":[{"floor":6.0,"key":"BFFS"},{"floor":8.0,"key":"Dream Catcher"},{"floor":9.0,"key":"Chaos"},{"floor":11.0,"key":"Replay:PocketPolymizer"},{"floor":14.0,"key":"Simple Rune"},{"floor":15.0,"key":"TheBattery"},{"floor":19.0,"key":"RottenBaby"},{"floor":19.0,"key":"Durian"},{"floor":26.0,"key":"StoneCalendar"},{"floor":28.0,"key":"Nilry\u0027s Codex"},{"floor":31.0,"key":"Replay:Wanted Poster"},{"floor":39.0,"key":"Replay:Towering Pillar of Hats"},{"floor":41.0,"key":"BelialBook"},{"floor":43.0,"key":"Strange Spoon"},{"floor":47,"key":"Vajra"}],"event_choices":[{"damage_healed":0.0,"max_hp_gain":0.0,"max_hp_loss":0.0,"gold_gain":0.0,"event_name":"Scrap Ooze","player_choice":"Success","floor":2.0,"gold_loss":0.0,"damage_taken":12.0,"relics_obtained":["Question Card"]},{"damage_healed":0.0,"max_hp_gain":0.0,"max_hp_loss":0.0,"gold_gain":0.0,"event_name":"HidenRoomEvent","player_choice":"Fight","floor":19.0,"gold_loss":0.0,"damage_taken":0.0},{"damage_healed":0.0,"max_hp_gain":0.0,"max_hp_loss":0.0,"gold_gain":0.0,"event_name":"Wheel of Change","player_choice":"Cursed","floor":20.0,"gold_loss":0.0,"damage_taken":0.0,"cards_obtained":["Decay"]},{"damage_healed":0.0,"max_hp_gain":0.0,"max_hp_loss":0.0,"gold_gain":0.0,"event_name":"Cursed Tome","player_choice":"Obtained Book","floor":28.0,"gold_loss":0.0,"damage_taken":16.0},{"damage_healed":0.0,"max_hp_gain":0.0,"max_hp_loss":0.0,"gold_gain":0.0,"event_name":"The Library","player_choice":"Read","floor":29.0,"gold_loss":0.0,"damage_taken":0.0,"cards_obtained":["UnarmedAttack5"]},{"damage_healed":0.0,"max_hp_gain":0.0,"max_hp_loss":0.0,"gold_gain":0.0,"event_name":"SensoryStone","player_choice":"Memory 1","floor":37.0,"gold_loss":0.0,"damage_taken":0.0},{"damage_healed":0.0,"max_hp_gain":0.0,"max_hp_loss":0.0,"gold_gain":0.0,"event_name":"MindBloom","player_choice":"Fight","floor":39.0,"gold_loss":0.0,"damage_taken":0.0},{"cards_removed":["Decade_Illusion"],"damage_healed":0,"gold_gain":0,"player_choice":"Removed Skill","damage_taken":0,"max_hp_gain":0,"max_hp_loss":0,"event_name":"Falling","floor":45,"gold_loss":0}],"is_beta":false,"boss_relics":[{"not_picked":["Cauldron","Replay:Bottled Snecko"],"picked":"Replay:Multitool"},{"not_picked":[]},{"not_picked":["Medical Kit","Eternal Feather"],"picked":"Kunai"},{"not_picked":[]}],"items_purged_floors":[0,38,42],"is_endless":false,"potions_floor_spawned":[1,3,7,11,12,14,18,24,27,31,33,35],"ascension_level":0}}