{"host":"11e3wmme926a8jvm","time":1613665795,"event":{"mods":["BaseMod","Colored Map","Hubris","Minty Spire (QoL Compilation)","StSLib"],"gold_per_floor":[115,30,130,143,157,188,34,34,58,58,32,96,110,34,34,129,129,142,192,242,292,304,304,319,351,377,427,440,513,582,632,632,738,738,757,779,829,829,829],"floor_reached":38,"language":"ENG","playtime":1802,"items_purged":[],"score":458,"play_id":"9020858a-1e02-4534-924e-df5ad1343bb0","local_time":"20210218102955","is_ascension_mode":true,"campfire_choices":[{"floor":10.0,"key":"REST"},{"floor":15.0,"key":"REST"},{"floor":23.0,"key":"REST"},{"floor":32.0,"key":"REST"}],"circlet_count":0,"master_deck":["Strike_R","Strike_R","Strike_R","Strike_R","Strike_R","Defend_R","Defend_R","Defend_R","Defend_R","Bash","Limit Break","Armaments","Mind Blast","Thunderclap","Spot Weakness+1","Sword Boomerang","Iron Wave","Twin Strike","Perfected Strike","Clash","Metallicize","hubris:StunningStrike","RitualDagger","Whirlwind","Cleave+1","Berserk","Sword Boomerang+1"],"relics":["Black Blood","Charon\u0027s Ashes","Sling","SsserpentHead","Busted Crown","FossilizedHelix","Anchor","hubris:SlimyHat","CeramicFish"],"acts_visited":["Exordium","TheCity","TheBeyond"],"potions_floor_usage":[],"damage_taken":[{"damage":1.0,"enemies":"Cultist","floor":1.0,"turns":4.0},{"damage":8.0,"enemies":"Jaw Worm","floor":4.0,"turns":5.0},{"damage":2.0,"enemies":"2 Louse","floor":5.0,"turns":3.0},{"damage":41.0,"enemies":"Lagavulin","floor":6.0,"turns":7.0},{"damage":31.0,"enemies":"Lots of Slimes","floor":12.0,"turns":4.0},{"damage":24.0,"enemies":"Blue Slaver","floor":13.0,"turns":4.0},{"damage":37.0,"enemies":"The Guardian","floor":16.0,"turns":12.0},{"damage":8.0,"enemies":"Spheric Guardian","floor":18.0,"turns":3.0},{"damage":30.0,"enemies":"2 Thieves","floor":22.0,"turns":4.0},{"damage":30.0,"enemies":"Centurion and Healer","floor":24.0,"turns":6.0},{"damage":28.0,"enemies":"Gremlin Leader","floor":25.0,"turns":6.0},{"damage":5.0,"enemies":"Snecko","floor":28.0,"turns":5.0},{"damage":0.0,"enemies":"Snake Plant","floor":30.0,"turns":3.0},{"damage":0.0,"enemies":"Colosseum Slavers","floor":31.0,"turns":5.0},{"damage":18.0,"enemies":"hubris:MusketHawk","floor":33.0,"turns":7.0},{"damage":0.0,"enemies":"Orb Walker","floor":35.0,"turns":3.0},{"damage":52.0,"enemies":"3 Darklings","floor":36.0,"turns":4.0},{"damage":52,"enemies":"Spire Growth","floor":38,"turns":5}],"seed_played":"-603393738648914923","potions_obtained":[{"floor":5.0,"key":"EssenceOfSteel"},{"floor":12.0,"key":"HeartOfIron"},{"floor":24.0,"key":"Ancient Potion"},{"floor":25.0,"key":"Block Potion"},{"floor":28.0,"key":"Weak Potion"},{"floor":36.0,"key":"Weak Potion"}],"is_trial":false,"path_per_floor":["M","$","?","M","M","E","$","?","T","R","$","M","M","$","R","B",null,"M","T","?","?","M","R","M","E","T","?","M","T","M","?","R","B",null,"M","M","?","M"],"character_chosen":"IRONCLAD","items_purchased":["Mind Blast","Sling","Iron Wave","Twin Strike","Metallicize"],"campfire_rested":4,"item_purchase_floors":[2,7,11,11,14],"current_hp_per_floor":[80,80,80,78,80,45,45,45,45,69,69,44,26,26,50,19,80,78,78,78,72,48,72,48,26,26,26,27,27,33,39,63,51,80,80,40,40,0,0],"gold":829,"neow_bonus":"ONE_RANDOM_RARE_CARD","is_daily":false,"chose_seed":false,"campfire_upgraded":0,"win_rate":0.0,"timestamp":1613665795,"path_taken":["M","?","?","?","M","E","$","?","T","R","?","?","M","$","R","BOSS","M","?","?","?","M","R","M","E","T","?","M","?","?","?","R","BOSS","M","M","?","M"],"items_purchased_type":["Card","Relic","Card","Card","Card"],"build_version":"2020-12-22","purchased_purges":0,"victory":false,"max_hp_per_floor":[80,80,80,80,80,80,80,80,80,80,80,80,80,80,80,80,80,80,80,80,80,80,80,80,80,80,80,80,80,80,80,80,80,80,80,80,80,80,80],"card_choices":[{"not_picked":["Rupture","Dual Wield"],"picked":"Armaments","floor":1.0},{"not_picked":["True Grit","hubris:CleavingFinish"],"picked":"Thunderclap","floor":4.0},{"not_picked":["Flex","Whirlwind"],"picked":"Spot Weakness","floor":5.0},{"not_picked":["Havoc","Cleave"],"picked":"Sword Boomerang","floor":6.0},{"not_picked":["Thunderclap","Metallicize"],"picked":"Perfected Strike","floor":12.0},{"not_picked":["Headbutt","Thunderclap"],"picked":"Clash","floor":13.0},{"not_picked":["Berserk","Double Tap"],"picked":"hubris:StunningStrike","floor":16.0},{"not_picked":["Body Slam"],"picked":"SKIP","floor":18.0},{"not_picked":[],"picked":"Whirlwind","floor":22.0},{"not_picked":[],"picked":"Cleave+1","floor":24.0},{"not_picked":["Burning Pact"],"picked":"SKIP","floor":25.0},{"not_picked":["Havoc"],"picked":"SKIP","floor":28.0},{"not_picked":["True Grit+1"],"picked":"SKIP","floor":30.0},{"not_picked":[],"picked":"Berserk","floor":33.0},{"not_picked":["Dark Embrace"],"picked":"SKIP","floor":35.0},{"not_picked":[],"picked":"Sword Boomerang+1","floor":36.0}],"player_experience":291503,"relics_obtained":[{"floor":6.0,"key":"Charon\u0027s Ashes"},{"floor":19.0,"key":"FossilizedHelix"},{"floor":25.0,"key":"Anchor"},{"floor":26.0,"key":"hubris:SlimyHat"},{"floor":29.0,"key":"CeramicFish"}],"event_choices":[{"damage_healed":0.0,"max_hp_gain":0.0,"max_hp_loss":0.0,"gold_gain":100.0,"event_name":"Golden Shrine","player_choice":"Pray","floor":3.0,"gold_loss":0.0,"damage_taken":0.0},{"damage_healed":0.0,"max_hp_gain":0.0,"max_hp_loss":0.0,"gold_gain":0.0,"event_name":"FaceTrader","player_choice":"Trade","floor":8.0,"gold_loss":0.0,"damage_taken":0.0,"relics_obtained":["SsserpentHead"]},{"damage_healed":0.0,"max_hp_gain":0.0,"max_hp_loss":0.0,"gold_gain":0.0,"event_name":"Nest","player_choice":"Joined the Cult","floor":21.0,"gold_loss":0.0,"damage_taken":6.0,"cards_obtained":["RitualDagger"]},{"damage_healed":0.0,"max_hp_gain":0.0,"max_hp_loss":0.0,"gold_gain":0.0,"event_name":"Cursed Tome","player_choice":"Ignored","floor":27.0,"gold_loss":0.0,"damage_taken":0.0},{"damage_healed":0.0,"max_hp_gain":0.0,"max_hp_loss":0.0,"gold_gain":0.0,"event_name":"Colosseum","player_choice":"Fight","floor":31.0,"gold_loss":0.0,"damage_taken":0.0},{"damage_healed":0.0,"max_hp_gain":0.0,"max_hp_loss":0.0,"gold_gain":0.0,"event_name":"Colosseum","player_choice":"Fled From Nobs","floor":31.0,"gold_loss":0.0,"damage_taken":0.0},{"damage_healed":0.0,"max_hp_gain":0.0,"max_hp_loss":0.0,"gold_gain":0.0,"event_name":"Tomb of Lord Red Mask","player_choice":"Ignored","floor":37.0,"gold_loss":0.0,"damage_taken":0.0}],"is_beta":false,"boss_relics":[{"not_picked":["Philosopher\u0027s Stone","Runic Dome"],"picked":"Busted Crown"},{"not_picked":["SacredBark","Astrolabe"],"picked":"Black Blood"}],"items_purged_floors":[],"is_endless":false,"potions_floor_spawned":[5,12,24,25,28,36],"killed_by":"Spire Growth","ascension_level":2}}