{"host":"se54kqb5s2qquozl","time":1613691095,"event":{"mods":["BaseMod","Colored Powertips","Downfall","Hermit","Minty Spire (QoL Compilation)","Replay The Spire","StSLib"],"gold_per_floor":[99,112,124,139,149,149,149,57,57,89,50,65,79,79,93,195,195,195,31,31,46,56,89,114,126,126,126,126],"floor_reached":26,"language":"ENG","playtime":1387,"items_purged":["Guardian:Strike_Guardian"],"score":253,"play_id":"abcb88dc-a952-40da-970a-3299403d8a62","local_time":"20210218173135","is_ascension_mode":true,"campfire_choices":[{"data":"Guardian:CurlUp","floor":1.0,"key":"SMITH"},{"data":"Guardian:ShieldSpikes","floor":6.0,"key":"SMITH"},{"data":"Guardian:BodySlam","floor":9.0,"key":"SMITH"},{"data":"Guardian:PrismaticBarrier","floor":18.0,"key":"SMITH"}],"circlet_count":0,"master_deck":["Guardian:Strike_Guardian","Guardian:Strike_Guardian+1","Guardian:Strike_Guardian","Guardian:Defend_Guardian","Guardian:Defend_Guardian+1","Guardian:Defend_Guardian","Guardian:Defend_Guardian","Guardian:CurlUp+1","Guardian:TwinSlam+1","Guardian:Repulse","Guardian:ShieldSpikes+1","Guardian:BodySlam+1","Guardian:BronzeOrb+1","Guardian:Planning+1","Guardian:ExploitGems","Guardian:DecasProtection","Guardian:FierceBash","Guardian:PrismaticBarrier+1","downfall:Malfunctioning","Guardian:EvasiveProtocol","Guardian:DecasProtection+1","Guardian:Harden","Guardian:Clone","Guardian:Gem_Cyan","Guardian:ArmoredProtocol","Guardian:PrismaticBeam+1"],"relics":["Guardian:ModeShifter","ReplayTheSpireMod:Shallot","Black Star","War Paint","Replay:Mystery Machine","Vajra"],"acts_visited":["Exordium","TheCity"],"potions_floor_usage":[23,25],"damage_taken":[{"damage":5.0,"enemies":"Cultist","floor":2.0,"turns":5.0},{"damage":7.0,"enemies":"Jaw Worm","floor":3.0,"turns":4.0},{"damage":5.0,"enemies":"2 Louse","floor":4.0,"turns":4.0},{"damage":5.0,"enemies":"Blue Slaver","floor":5.0,"turns":4.0},{"damage":0.0,"enemies":"downfall:FleeingMerchant","floor":8.0,"turns":4.0},{"damage":7.0,"enemies":"Gremlin Nob","floor":10.0,"turns":4.0},{"damage":0.0,"enemies":"downfall:FleeingMerchant","floor":11.0,"turns":4.0},{"damage":9.0,"enemies":"Large Slime","floor":12.0,"turns":5.0},{"damage":3.0,"enemies":"Gremlin Gang","floor":13.0,"turns":4.0},{"damage":0.0,"enemies":"2 Fungi Beasts","floor":15.0,"turns":4.0},{"damage":36.0,"enemies":"IC_STATUS_ARCHETYPE","floor":16.0,"turns":10.0},{"damage":0.0,"enemies":"downfall:FleeingMerchant","floor":19.0,"turns":4.0},{"damage":12.0,"enemies":"Shell Parasite","floor":21.0,"turns":6.0},{"damage":11.0,"enemies":"Spheric Guardian","floor":22.0,"turns":5.0},{"damage":50,"enemies":"Gremlin Leader","floor":23,"turns":9},{"damage":14,"enemies":"3 Cultists","floor":25,"turns":8},{"damage":6,"enemies":"Replay:Snechameleon","floor":26,"turns":2}],"seed_played":"-1413559883068013904","potions_obtained":[{"floor":3.0,"key":"BlessingOfTheForge"},{"floor":5.0,"key":"AttackPotion"},{"floor":15.0,"key":"FearPotion"},{"floor":16.0,"key":"ColorlessPotion"},{"floor":23,"key":"BlessingOfTheForge"}],"is_trial":false,"path_per_floor":["R","M","M","M","M","R","T","$","R","E","$","M","M","?","M","B",null,"R","$","?","M","M","E","T","M","E"],"character_chosen":"GUARDIAN","items_purchased":["Guardian:ExploitGems","Guardian:Gem_Lightblue","Guardian:Harden"],"campfire_rested":0,"item_purchase_floors":[8,11,19],"current_hp_per_floor":[88,83,76,71,66,66,66,66,66,59,59,50,47,47,47,11,88,88,88,88,76,65,15,15,1,0,0,0],"gold":126,"neow_bonus":"TEN_PERCENT_HP_BONUS","is_daily":false,"chose_seed":false,"campfire_upgraded":4,"win_rate":0.0,"timestamp":1613691095,"path_taken":["R","M","M","M","M","R","T","$","R","E","$","?","M","?","M","BOSS","R","$","?","M","M","E","T","M","E"],"items_purchased_type":["Card","Card","Card"],"build_version":"2020-12-22","purchased_purges":1,"victory":false,"max_hp_per_floor":[88,88,88,88,88,88,88,88,88,88,88,88,88,88,88,88,88,88,88,88,88,88,88,88,88,88,88,88],"card_choices":[{"not_picked":["Guardian:Gem_Green","Guardian:EvasiveProtocol"],"picked":"Guardian:Repulse","floor":2.0},{"not_picked":["Guardian:VentSteam","Guardian:Gem_Red"],"picked":"Guardian:ShieldSpikes","floor":3.0},{"not_picked":["Guardian:Incinerate","Guardian:EvasiveProtocol"],"picked":"Guardian:BodySlam","floor":4.0},{"not_picked":["Guardian:Suspension","Guardian:RollAttack"],"picked":"Guardian:BronzeOrb","floor":5.0},{"not_picked":["Guardian:Recover","Guardian:Gem_Red"],"picked":"Guardian:Planning","floor":8.0},{"not_picked":["Guardian:Emergency","Guardian:RollAttack"],"picked":"Guardian:DecasProtection","floor":10.0},{"not_picked":["Guardian:TimeBomb","Guardian:AncientConstruct"],"picked":"Guardian:FierceBash","floor":11.0},{"not_picked":["Guardian:FloatingOrbs","Guardian:Gem_Cyan"],"picked":"Guardian:Gem_Fragmented","floor":12.0},{"not_picked":["Guardian:Reroute","Guardian:TemporalStrike"],"picked":"Guardian:PrismaticBarrier","floor":13.0},{"not_picked":["Guardian:Gem_Fragmented","Guardian:Suspension"],"picked":"Guardian:EvasiveProtocol","floor":15.0},{"not_picked":["Guardian:FierceBash","Guardian:HyperBeam_Guardian"],"picked":"Guardian:Gem_Synthetic","floor":16.0},{"not_picked":["Guardian:CrystalBeam","Guardian:ShieldCharger"],"picked":"Guardian:DecasProtection+1","floor":19.0},{"not_picked":["Guardian:Incinerate","Guardian:ShieldSpikes"],"picked":"Guardian:Clone","floor":21.0},{"not_picked":["Guardian:Suspension","Guardian:Emergency"],"picked":"Guardian:Gem_Cyan","floor":22.0},{"not_picked":["Guardian:Gem_Cyan","Guardian:Gem_Lightblue"],"picked":"Guardian:ArmoredProtocol","floor":23},{"not_picked":["Guardian:Repulse","Guardian:Gem_Red"],"picked":"Guardian:PrismaticBeam+1","floor":25}],"player_experience":70047,"relics_obtained":[{"floor":10.0,"key":"ReplayTheSpireMod:Shallot"},{"floor":23,"key":"War Paint"},{"floor":23,"key":"Replay:Mystery Machine"},{"floor":24,"key":"Vajra"}],"event_choices":[{"damage_healed":0.0,"max_hp_gain":0.0,"max_hp_loss":0.0,"gold_gain":0.0,"event_name":"Vampires","player_choice":"Ignored","floor":20.0,"gold_loss":0.0,"damage_taken":0.0}],"is_beta":false,"boss_relics":[{"not_picked":["Velvet Choker","Guardian:StasisSlotReductionRelic"],"picked":"Black Star"}],"items_purged_floors":[19],"is_endless":false,"potions_floor_spawned":[3,5,15,16,23],"killed_by":"Replay:Snechameleon","ascension_level":2}}