{"host":"27wa8ufp4ryspt1p","time":1613622731,"event":{"mods":["2.2 Compatiblity","A Penny For Your Troubles","Abigail Mod","Act Like it!","Aspiration","BaseMod","Better Altar","Better Match","Better Note","Better Skull","Better Third Choice","Colored Map","Conspire","Curses Come First","Dota2Spire","Downfall-Rebalance","Elementarium","Energized Spire","Fox Events","Friendly Minions","Gensokyo","GifTheSpireLib","Gold Saver","Halation","Hallownest","HololiveMod","Hubris","Humility","Infinite Spire","Keyboard Shortcuts","Menagerie","Mimic Mod","Minty Spire (QoL Compilation)","Pale of the Ancients","Poor People Problems","Quarter Circle Forward PUNCH!","Reimu??????","Relic Filter Mod","Relic Sorter","Relic Stats","Reliquary","Replay The Spire","Reworked Bosses","Shop Mod","Spicy Shops","Spikes Relics","Spire Arcade","StSLib","Stuff the Spire","SuperFastMode","The Cursed","The Exalted","The Judge","The Necromancer","Trackpad","Waifu the Spire","Wandering Minibosses","[IsaacMod]????","??????REMEMod","????"],"gold_per_floor":[1935,1935,1768,1780,1780,1780,1805,1805,1841,1871,1871,1871,1905,1916,1916,1988,2000,2031,1800,1675,1321,1360,1089,1118,1118,1908,1377,1377,1408,1426,1426,1426,1798,1815,1834,1709,1709,1726,1766,1824,1824,1984,2020,2051,2062,2062,1696,1732,1732,1732,1732,1771,1784,1784,1035,1035,1046,577,90,90,70],"floor_reached":62,"language":"SPA","playtime":3268,"items_purged":["conspire:Banana"],"score":3593,"play_id":"2aa391f1-4819-4b25-9ff5-d24e27c46309","local_time":"20210217223211","daily_mods":["SealedDeck","Colorless Cards","Heirloom","Elite Swarm","Lethality"],"is_ascension_mode":true,"campfire_choices":[{"data":"conspire:Banana","floor":6,"key":"SMITH"},{"data":"Echo Form","floor":12,"key":"SMITH"},{"floor":15,"key":"RECALL"},{"data":"Sadistic Nature","floor":25,"key":"SMITH"},{"data":"DoctorFetus","floor":32,"key":"SMITH"},{"data":"infinitespire:NeuralNetwork","floor":41,"key":"SMITH"},{"data":"REME_Flogging","floor":46,"key":"SMITH"},{"data":"Reforge","floor":49,"key":"SMITH"},{"data":"ReplayTheSpireMod:Black Plague","floor":56,"key":"SMITH"}],"circlet_count":0,"master_deck":["AscendersBane","TheCursedMod:SpitefulStrike","TheCursedMod:FleshFromBone","Replay:Sssssssssshield","Replay:Bootleg Shield Generator","conspire:Banana+1","TheCursedMod:CursedShiv","TheCursedMod:SpitefulStrike","TheCursedMod:FleshFromBone","StuffTheSpire:PlasmaPunch","Echo Form+1","TheCursedMod:WearCloak","REME_MawOfCthun+1","TheCursedMod:CursedBlade","REME_WheelOfFate","Panache+1","TheCursedMod:RavingStaff","HandOfGreed","TheCursedMod:FleshFromBone","TheCursedMod:Hemoplague","REME_BodyOfCthun+1","Specialist+1","TheCursedMod:LuckyCharm","TheCursedMod:CursedStaff","hubris:EnhanceAbility+1","Sadistic Nature+1","TheCursedMod:SurpriseAttack","TheCursedMod:Hemoplague","StuffTheSpire:BrainWave","DoctorFetus+1","REME_Flogging+1","TheCursedMod:FleshFromBone+1","Discovery+1","infinitespire:NeuralNetwork+1","Poisoned Strike","TheCursedMod:CursedBoomerang+1","Poisoned Strike","Reforge+1","Regret","Injury","ReplayTheSpireMod:Black Plague+1","ReplayTheSpireMod:Private Reserves","ReplayTheSpireMod:Private Reserves","TheCursedMod:CollectTribute","TheCursedMod:CollectTribute","Echo Form+1","REME_BodyOfCthun"],"relics":["TheCursedMod:BlackMagicAdvanced","infinitespire:Joker Card","paleoftheancients:SoulOfTheHexaghost","paleoftheancients:SoulOfTheHexaghost","BookOfRevelations","TheBean","SlaversCollar","Happy Flower","AnarchistCookbook","Dota2Spire:MaskOfMadness","MagicMushroom","RottenBaby","HushsDoor","REME_ComplimentaryCards","Bromod:ArcanePistoleer","HowToJump","MerchantsRug","halation:EternalFortune","Dota2Spire:ArmletOfMordiggian","Ring of Misfortune","Ring of Peace","Dota2Spire:EchoSabre","Dota2Spire:Desolator","Pet Ghost","SnailShell","StuffTheSpire:BottledEssence","Anchor","wanderingMiniBosses:MasterThiefsPresence","Replay:Ringing Soul","Gensokyo:ConquerorOfFear","Pantograph","NineVolt","GuppysTail","Torii","HandDrill","paleoftheancients:Timepiece","paleoftheancients:KeyRelic","Oddly Smooth Stone","Ice Cream","Blue Doll","aspiration:HatOfInfinitePower","qcfpunch:Chain_With_Nametags","DollysMirror"],"acts_visited":["Gensokyo:Gensokyo","Gensokyo:Gensokyoer","Hallownest:KingdomsEdge","paleoftheancients:PaleOfTheAncients"],"potions_floor_usage":[16,61,61],"damage_taken":[{"damage":0,"enemies":"Gensokyo:Python","floor":4,"turns":2},{"damage":10,"enemies":"Gensokyo:Cirno","floor":7,"turns":4},{"damage":0,"enemies":"Gensokyo:Gryphon","floor":9,"turns":5},{"damage":0,"enemies":"Gensokyo:Aya","floor":10,"turns":5},{"damage":0,"enemies":"Gensokyo:Mamizou","floor":13,"turns":6},{"damage":0,"enemies":"Gensokyo:Gryphon","floor":14,"turns":2},{"damage":0,"enemies":"Gensokyo:Reimu","floor":16,"turns":7},{"damage":4,"enemies":"Gensokyo:3_Dogs","floor":18,"turns":3},{"damage":36,"enemies":"conspire:MimicChest","floor":22,"turns":7},{"damage":17,"enemies":"Gensokyo:Tenshi","floor":24,"turns":4},{"damage":0,"enemies":"Gensokyo:CosmicMonolith","floor":26,"turns":9},{"damage":0,"enemies":"Gensokyo:Reisen","floor":29,"turns":4},{"damage":0,"enemies":"Gensokyo:CosmicMonolith","floor":30,"turns":2},{"damage":0,"enemies":"Gensokyo:Eiki","floor":33,"turns":4},{"damage":0,"enemies":"Hallownest:2_Littles","floor":35,"turns":2},{"damage":0,"enemies":"Hallownest:Shield_Heavy","floor":38,"turns":1},{"damage":0,"enemies":"Hallownest:Slobbering_and_Violent","floor":39,"turns":3},{"damage":0,"enemies":"Hallownest:2_Primals","floor":40,"turns":3},{"damage":0,"enemies":"Hallownest:eliteCollector","floor":42,"turns":1},{"damage":0,"enemies":"Hallownest:2_Wandering_and_1_Horned","floor":43,"turns":3},{"damage":0,"enemies":"Nightmare","floor":44,"turns":3},{"damage":0,"enemies":"Hallownest:2_Wandering_and_1_Horned","floor":45,"turns":3},{"damage":0,"enemies":"Hallownest:Shield_Sturdy","floor":48,"turns":2},{"damage":0,"enemies":"Hallownest:BossGreyPrinceZote","floor":50,"turns":4},{"damage":0,"enemies":"Hallownest:Radiance","floor":51,"turns":4},{"damage":24,"enemies":"Hallownest:Radiance","floor":52,"turns":3},{"damage":0,"enemies":"Hallownest:Radiance","floor":53,"turns":3},{"damage":20,"enemies":"Hallownest:Radiance","floor":57,"turns":5},{"damage":0,"enemies":"paleoftheancients:N","floor":61,"turns":9}],"seed_played":"-7040237762488353248","potions_obtained":[{"floor":4,"key":"Elixir"},{"floor":10,"key":"infinitespire:BlackPotion"},{"floor":18,"key":"AttackPotion"},{"floor":30,"key":"AttackPotion"},{"floor":39,"key":"DistilledChaos"},{"floor":44,"key":"AttackPotion"},{"floor":57,"key":"Doom Potion"}],"is_trial":true,"path_per_floor":["?","?","$","M","?","R","E","?","MIM","E","?","R","E","M","R","B",null,"M","$","?","COS","?","R","E","R","MIM","R","?","E","M","?","R","B",null,"M","?","AVR","M","M","?","R","E","MIM","NM","M","R","$","M","R","B","B","M","M","?","$","R","M","R","$","?","B",null],"character_chosen":"THE_CURSED","items_purchased":["MerchantsRug","TheCursedMod:Hemoplague","SnailShell","TheCursedMod:LuckyCharm","TheCursedMod:CursedStaff","Replay:Ringing Soul","Happy Flower","TheCursedMod:Hemoplague","RottenBaby","conspire:Banana","Reforge","HandDrill","Blue Doll","aspiration:HatOfInfinitePower","halation:NonexistentMirror","ReplayTheSpireMod:Private Reserves","TheCursedMod:CollectTribute","qcfpunch:Chain_With_Nametags","EssenceOfSteel","DollysMirror","Dota2Spire:Clarity","REME_BodyOfCthun"],"campfire_rested":0,"item_purchase_floors":[3,19,19,23,23,27,27,27,34,34,47,47,55,55,55,55,58,58,58,59,59,59],"current_hp_per_floor":[64,64,64,65,68,68,60,60,62,66,51,51,55,58,58,60,84,82,82,82,82,48,48,35,35,51,54,57,62,84,84,84,87,101,111,114,124,126,130,131,131,136,140,147,147,147,150,150,150,152,156,146,157,160,163,163,156,159,162,162,174],"gold":70,"neow_bonus":"","is_daily":false,"chose_seed":false,"campfire_upgraded":8,"win_rate":0.0,"timestamp":1613622731,"path_taken":["?","?","$","M","?","R","E","?","MIM","E","?","R","E","M","R","BOSS","M","$","?","COS","?","R","E","R","MIM","R","?","E","?","?","R","BOSS","M","?","AVR","?","M","?","R","E","MIM","NM","M","R","$","M","R","BOSS","BOSS","M","M","?","$","R","M","R","$","?","BOSS"],"items_purchased_type":["Relic","Card","Relic","Card","Card","Relic","Relic","Card","Relic","Card","Card","Relic","Relic","Relic","Relic","Card","Card","Relic","Potion","Relic","Potion","Card"],"build_version":"2020-12-22","purchased_purges":1,"victory":true,"max_hp_per_floor":[71,71,71,72,75,75,77,77,79,83,83,83,87,90,90,92,92,94,94,94,94,96,96,100,100,104,107,110,115,117,117,117,120,105,115,118,128,130,133,133,133,138,141,147,147,147,150,150,150,152,156,157,157,160,163,163,166,169,172,172,174],"relic_stats":{"Happy Flower":[19],"Torii":0,"counters":[29,113],"Pantograph":17,"HandDrill":[14],"obtain_stats":[{"Ice Cream":51,"Dota2Spire:MaskOfMadness":24,"NineVolt":42,"Dota2Spire:ArmletOfMordiggian":7,"Gensokyo:UndefinedDarkness":31,"StuffTheSpire:BottledEssence":21,"Replay:Ringing Soul":27,"TheBean":11,"DollysMirror":59,"Diplopia":40,"HandDrill":47,"qcfpunch:Chain_With_Nametags":58,"KeepersGift":0,"TheCursedMod:BlackMagic101":0,"MerchantsRug":3,"paleoftheancients:KeyRelic":51,"Happy Flower":27,"BookOfRevelations":16,"Oddly Smooth Stone":51,"wanderingMiniBosses:MasterThiefsPresence":26,"paleoftheancients:Timepiece":51,"SlaversCollar":17,"HushsDoor":0,"aspiration:HatOfInfinitePower":55,"Dota2Spire:Desolator":10,"AnarchistCookbook":29,"Dota2Spire:EchoSabre":9,"GuppysTail":43,"SnailShell":19,"Torii":44,"Bromod:ArcanePistoleer":0,"Blue Doll":55,"Pet Ghost":13,"Ring of Peace":8,"Pantograph":37,"reliquary:Buckler":22,"HowToJump":0,"TheCursedMod:BlackMagicAdvanced":34,"paleoftheancients:SoulOfTheHexaghost":57,"RottenBaby":34,"PreservedInsect":13,"infinitespire:Joker Card":33,"Gensokyo:ConquerorOfFear":33,"halation:NonexistentMirror":55,"Anchor":22,"Ring of Misfortune":8,"halation:EternalFortune":5,"MagicMushroom":37,"REME_PuzzleBoxRelic":24,"REME_ComplimentaryCards":0},{"Ice Cream":25,"Dota2Spire:MaskOfMadness":10,"NineVolt":19,"Dota2Spire:ArmletOfMordiggian":2,"Gensokyo:UndefinedDarkness":13,"StuffTheSpire:BottledEssence":8,"Replay:Ringing Soul":11,"TheBean":4,"DollysMirror":28,"Diplopia":18,"HandDrill":22,"qcfpunch:Chain_With_Nametags":28,"KeepersGift":0,"TheCursedMod:BlackMagic101":0,"MerchantsRug":0,"paleoftheancients:KeyRelic":25,"Happy Flower":11,"BookOfRevelations":7,"Oddly Smooth Stone":25,"wanderingMiniBosses:MasterThiefsPresence":11,"paleoftheancients:Timepiece":25,"SlaversCollar":7,"HushsDoor":0,"aspiration:HatOfInfinitePower":27,"Dota2Spire:Desolator":4,"AnarchistCookbook":12,"Dota2Spire:EchoSabre":3,"GuppysTail":20,"SnailShell":8,"Torii":21,"Bromod:ArcanePistoleer":0,"Blue Doll":27,"Pet Ghost":5,"Ring of Peace":2,"Pantograph":15,"reliquary:Buckler":9,"HowToJump":0,"TheCursedMod:BlackMagicAdvanced":14,"paleoftheancients:SoulOfTheHexaghost":28,"RottenBaby":14,"PreservedInsect":5,"infinitespire:Joker Card":14,"Gensokyo:ConquerorOfFear":14,"halation:NonexistentMirror":27,"Anchor":9,"Ring of Misfortune":2,"halation:EternalFortune":1,"MagicMushroom":15,"REME_PuzzleBoxRelic":10,"REME_ComplimentaryCards":0},{"Ice Cream":93,"Dota2Spire:MaskOfMadness":45,"NineVolt":74,"Dota2Spire:ArmletOfMordiggian":6,"Gensokyo:UndefinedDarkness":60,"StuffTheSpire:BottledEssence":34,"Replay:Ringing Soul":54,"TheBean":16,"DollysMirror":104,"Diplopia":73,"HandDrill":83,"qcfpunch:Chain_With_Nametags":104,"KeepersGift":0,"TheCursedMod:BlackMagic101":0,"MerchantsRug":0,"paleoftheancients:KeyRelic":93,"Happy Flower":54,"BookOfRevelations":31,"Oddly Smooth Stone":93,"wanderingMiniBosses:MasterThiefsPresence":54,"paleoftheancients:Timepiece":93,"SlaversCollar":31,"HushsDoor":0,"aspiration:HatOfInfinitePower":99,"Dota2Spire:Desolator":16,"AnarchistCookbook":58,"Dota2Spire:EchoSabre":11,"GuppysTail":77,"SnailShell":34,"Torii":80,"Bromod:ArcanePistoleer":0,"Blue Doll":99,"Pet Ghost":22,"Ring of Peace":6,"Pantograph":66,"reliquary:Buckler":37,"HowToJump":0,"TheCursedMod:BlackMagicAdvanced":64,"paleoftheancients:SoulOfTheHexaghost":104,"RottenBaby":64,"PreservedInsect":20,"infinitespire:Joker Card":62,"Gensokyo:ConquerorOfFear":64,"halation:NonexistentMirror":99,"Anchor":41,"Ring of Misfortune":6,"halation:EternalFortune":2,"MagicMushroom":66,"REME_PuzzleBoxRelic":43,"REME_ComplimentaryCards":0}]},"card_choices":[{"not_picked":[],"picked":"ChaosCard","floor":0},{"not_picked":["TheCursedMod:Stigma","TheCursedMod:TroublousMinions"],"picked":"TheCursedMod:WearCloak","floor":4},{"not_picked":["TheCursedMod:CursedRelics","TheCursedMod:VoidForm"],"picked":"REME_MawOfCthun","floor":7},{"not_picked":["TheCursedMod:Wield","Forethought"],"picked":"TheCursedMod:CursedBlade","floor":9},{"not_picked":["TheCursedMod:UltimatePain","TheCursedMod:ForbiddenAlchemy"],"picked":"REME_WheelOfFate","floor":10},{"not_picked":["REME_ProfessionalPlagiarism","REME_BattleFury"],"picked":"Panache","floor":13},{"not_picked":["TheCursedMod:WearCloak","TheCursedMod:RapidMovement"],"picked":"TheCursedMod:RavingStaff","floor":14},{"not_picked":["REME_BuildACard","TheCursedMod:ForbiddenAlchemy"],"picked":"HandOfGreed","floor":16},{"not_picked":["Discovery","hubris:Ssssneak"],"picked":"TheCursedMod:FleshFromBone","floor":18},{"not_picked":["expansioncontent:StudyTheSpire+1","Master of Strategy+1"],"picked":"REME_BodyOfCthun+1","floor":20},{"not_picked":["expansioncontent:Hexaburn+1","Good Instincts+1"],"picked":"Specialist+1","floor":20},{"not_picked":["BloodyBrimstone+1","TheCursedMod:DemonicPact+1"],"picked":"hubris:EnhanceAbility+1","floor":24},{"not_picked":["REME_Flogging","Panache"],"picked":"Sadistic Nature","floor":24},{"not_picked":["TheCursedMod:Stretching","TheCursedMod:CircleOfWindfury"],"picked":"TheCursedMod:SurpriseAttack","floor":26},{"not_picked":["StuffTheSpire:Innocence","StuffTheSpire:Rapture"],"picked":"StuffTheSpire:BrainWave","floor":28},{"not_picked":["TheCursedMod:ManaCirculation","Mayhem"],"picked":"DoctorFetus","floor":29},{"not_picked":["Secret Weapon","TheCursedMod:UltimatePain","REME_WheelOfFate"],"picked":"SKIP","floor":29},{"not_picked":["TheCursedMod:SmokeScreen","TheCursedMod:RapidMovement","Degenerate"],"picked":"SKIP","floor":30},{"not_picked":["TheCursedMod:ManaCirculation","Feint"],"picked":"REME_Flogging","floor":33},{"not_picked":["expansioncontent:YouAreMine","TheCursedMod:CircleOfBlood+1"],"picked":"TheCursedMod:FleshFromBone+1","floor":35},{"not_picked":["TheCursedMod:PrepareRite+1","Replay:Bootleg Shield Generator+1"],"picked":"Discovery+1","floor":36},{"not_picked":["REME_ShortnessOfBreath+1","TheCursedMod:CursedAmulet","TheCursedMod:RavingStaff"],"picked":"SKIP","floor":38},{"not_picked":["Degenerate","Deep Breath+1","TheCursedMod:CursedStaff"],"picked":"SKIP","floor":39},{"not_picked":["TheCursedMod:CursedRelics","Battery"],"picked":"Poisoned Strike","floor":42},{"not_picked":["TheCursedMod:Wield","TheCursedMod:CircleOfCorruption"],"picked":"TheCursedMod:CursedBoomerang+1","floor":43},{"not_picked":["REME_WheelOfFate","REME_BodyOfCthun"],"picked":"Poisoned Strike","floor":44},{"not_picked":["TheCursedMod:CircleOfCorruption+1","TheCursedMod:SpitefulStrike","TheCursedMod:RavingStaff"],"picked":"SKIP","floor":45},{"not_picked":["TheCursedMod:Obscuration","TheCursedMod:Stigma","TheCursedMod:SurpriseAttack"],"picked":"SKIP","floor":48},{"not_picked":["TheCursedMod:Stigma+1","expansioncontent:TimeRipple","TheCursedMod:CursedMace+1"],"picked":"SKIP","floor":52},{"not_picked":["Discovery","TheCursedMod:CircleOfFlame+1","TheCursedMod:Obscuration"],"picked":"SKIP","floor":53},{"not_picked":["ReplayTheSpireMod:??????????????????????","hubris:Rewind"],"picked":"ReplayTheSpireMod:Black Plague","floor":54},{"not_picked":["TheCursedMod:DoubleShield","Good Instincts","TheCursedMod:Wield"],"picked":"SKIP","floor":57}],"player_experience":4025482,"relics_obtained":[{"floor":7,"key":"Dota2Spire:ArmletOfMordiggian"},{"floor":8,"key":"Ring of Misfortune"},{"floor":8,"key":"Ring of Peace"},{"floor":9,"key":"Dota2Spire:EchoSabre"},{"floor":10,"key":"Dota2Spire:Desolator"},{"floor":13,"key":"Pet Ghost"},{"floor":14,"key":"halation:EternalFortune"},{"floor":22,"key":"Anchor"},{"floor":24,"key":"Dota2Spire:MaskOfMadness"},{"floor":26,"key":"wanderingMiniBosses:MasterThiefsPresence"},{"floor":29,"key":"AnarchistCookbook"},{"floor":33,"key":"Gensokyo:ConquerorOfFear"},{"floor":35,"key":"halation:EternalFortune"},{"floor":40,"key":"Diplopia"},{"floor":42,"key":"NineVolt"},{"floor":43,"key":"GuppysTail"},{"floor":44,"key":"Torii"},{"floor":57,"key":"paleoftheancients:SoulOfTheHexaghost"}],"event_choices":[{"damage_healed":0,"gold_gain":0,"player_choice":"2","damage_taken":0,"max_hp_gain":0,"max_hp_loss":0,"event_name":"betterMatch:BetterMatch","floor":20,"gold_loss":0,"cards_obtained":["betterMatch:ColorlessUncommonCard","betterMatch:RareCard"]},{"damage_healed":0,"gold_gain":0,"player_choice":"2","damage_taken":0,"max_hp_gain":0,"max_hp_loss":0,"event_name":"betterMatch:BetterMatch","floor":36,"gold_loss":0,"cards_obtained":["betterMatch:RareCard","betterMatch:UncommonCard"]}],"is_beta":false,"boss_relics":[{"not_picked":["hubris:VirtuousBlindfold","TheCursedMod:FourLeafCloverCharm"],"picked":"SlaversCollar"},{"not_picked":[]},{"not_picked":["Painkiller Herb","hubris:ScarierMask"],"picked":"TheCursedMod:BlackMagicAdvanced"},{"not_picked":[]}],"items_purged_floors":[58],"is_endless":false,"potions_floor_spawned":[4,10,13,18,30,39,44,45,57],"ascension_level":20,"is_humility":true}}