{"host":"8cqz7u612ax6p4mk","time":1613683112,"event":{"mods":["AchievementEnabler","BaseMod","Bestiary","Colored Map","DeckTracker","Highlight Path","Minty Spire (QoL Compilation)","Relic Stats","The Servant 0.9.4"],"gold_per_floor":[117,129,148,25,25,55,55,89,89,89,54,66,86,102,102,205,205,221,221,232,251,1,1,1,34,61,77,103,103,103,103,103,207,257,272,272,318,330,346,376,386,406,432,102,102,102],"floor_reached":45,"language":"ENG","playtime":2172,"items_purged":["Pain","Fiend Fire","Sentinel"],"score":627,"play_id":"cc7faf36-9c56-4a7e-82d0-d94326a311a2","local_time":"20210218161832","is_ascension_mode":true,"campfire_choices":[{"data":"Bash","floor":7,"key":"SMITH"},{"data":"Heavy Blade","floor":10,"key":"SMITH"},{"data":"Barricade","floor":15,"key":"SMITH"},{"data":"Seeing Red","floor":23,"key":"SMITH"},{"data":"Spot Weakness","floor":29,"key":"SMITH"},{"floor":32,"key":"REST"}],"circlet_count":0,"master_deck":["Bash+1","Heavy Blade+1","Reaper","Flex","Barricade+1","Offering","Demon Form","Seeing Red+1","Bludgeon+1","Immolate","Spot Weakness+1","Shrug It Off+1","Shrug It Off","Blood for Blood","Battle Trance","Reaper","Clash","Twin Strike+1","Limit Break","Feel No Pain+1","Heavy Blade+1","Flex+1"],"relics":["Burning Blood","Champion Belt","Ice Cream","Self Forming Clay","Letter Opener","Pandora\u0027s Box","Anchor","Nilry\u0027s Codex","CaptainsWheel","Red Skull","Matryoshka","Tiny House","Du-Vu Doll","Nunchaku","Vajra","Happy Flower","Bronze Scales"],"acts_visited":["Exordium","TheCity","TheBeyond"],"potions_floor_usage":[6,6,16,16,27,33,33,33,33,40,41,45],"damage_taken":[{"damage":10,"enemies":"2 Louse","floor":1,"turns":3},{"damage":2,"enemies":"Small Slimes","floor":2,"turns":3},{"damage":21,"enemies":"Jaw Worm","floor":3,"turns":4},{"damage":28,"enemies":"Lagavulin","floor":6,"turns":5},{"damage":30,"enemies":"Gremlin Nob","floor":8,"turns":4},{"damage":15,"enemies":"3 Louse","floor":12,"turns":4},{"damage":15,"enemies":"Gremlin Gang","floor":13,"turns":4},{"damage":11,"enemies":"Looter","floor":14,"turns":4},{"damage":48,"enemies":"The Guardian","floor":16,"turns":17},{"damage":9,"enemies":"Chosen","floor":18,"turns":3},{"damage":16,"enemies":"Shell Parasite","floor":20,"turns":3},{"damage":23,"enemies":"Shelled Parasite and Fungi","floor":21,"turns":5},{"damage":6,"enemies":"Gremlin Leader","floor":25,"turns":3},{"damage":8,"enemies":"Cultist and Chosen","floor":27,"turns":6},{"damage":14,"enemies":"Book of Stabbing","floor":28,"turns":3},{"damage":53,"enemies":"Automaton","floor":33,"turns":8},{"damage":26,"enemies":"3 Darklings","floor":35,"turns":7},{"damage":51,"enemies":"2 Orb Walkers","floor":37,"turns":4},{"damage":12,"enemies":"Orb Walker","floor":38,"turns":5},{"damage":13,"enemies":"4 Shapes","floor":39,"turns":3},{"damage":46,"enemies":"Reptomancer","floor":40,"turns":5},{"damage":8,"enemies":"Transient","floor":41,"turns":5},{"damage":12,"enemies":"Writhing Mass","floor":42,"turns":2},{"damage":39,"enemies":"Nemesis","floor":45,"turns":2}],"seed_played":"-9052455102442552893","potions_obtained":[{"floor":2,"key":"EntropicBrew"},{"floor":3,"key":"Regen Potion"},{"floor":6,"key":"Dexterity Potion"},{"floor":12,"key":"Swift Potion"},{"floor":18,"key":"AttackPotion"},{"floor":25,"key":"FearPotion"},{"floor":33,"key":"Swift Potion"},{"floor":34,"key":"EssenceOfSteel"},{"floor":37,"key":"BlessingOfTheForge"},{"floor":40,"key":"LiquidBronze"},{"floor":42,"key":"PowerPotion"}],"is_trial":false,"path_per_floor":["M","M","M","$","?","E","R","E","T","R","?","M","M","M","R","B",null,"M","?","M","M","$","R","?","E","T","M","E","R","$","?","R","B",null,"M","?","?","M","M","E","M","M","T","$","E"],"character_chosen":"IRONCLAD","items_purchased":["AttackPotion","Anchor","Bronze Scales","Strength Potion"],"campfire_rested":1,"item_purchase_floors":[4,22,44,44],"current_hp_per_floor":[76,80,65,65,58,50,50,26,26,26,46,49,64,63,63,27,80,77,77,76,59,59,59,43,43,43,49,41,41,41,26,51,16,90,76,76,58,67,60,35,44,38,38,38,0,0],"gold":102,"neow_bonus":"ONE_RARE_RELIC","is_daily":false,"chose_seed":false,"campfire_upgraded":5,"win_rate":0.0,"timestamp":1613683112,"path_taken":["M","M","M","$","?","E","R","E","T","R","?","?","M","M","R","BOSS","M","?","M","?","$","R","?","E","T","M","E","R","$","?","R","BOSS","M","?","?","M","M","E","M","M","T","$","E"],"items_purchased_type":["Potion","Relic","Relic","Potion"],"build_version":"2020-12-22","purchased_purges":3,"victory":false,"max_hp_per_floor":[80,80,80,80,80,80,80,80,80,80,80,80,80,80,80,80,80,80,80,80,80,80,80,80,80,80,80,80,80,80,85,85,85,90,90,90,90,90,90,90,90,90,90,90,90,90],"relic_stats":{"Nunchaku":[1],"Happy Flower":[0],"counters":[24,112],"Self Forming Clay":[156],"Bronze Scales":[0],"Pandora\u0027s Box":["Sentinel","Fiend Fire","Demon Form","Seeing Red","Bludgeon","Immolate","Barricade","Spot Weakness"],"Champion Belt":[26],"Letter Opener":[192],"obtain_stats":[{"Ice Cream":6,"Tiny House":34,"Happy Flower":43,"Self Forming Clay":8,"Nilry\u0027s Codex":24,"Vajra":43,"Letter Opener":9,"Burning Blood":0,"Du-Vu Doll":37,"Anchor":22,"CaptainsWheel":25,"Nunchaku":40,"Matryoshka":28,"Bronze Scales":44,"Pandora\u0027s Box":17,"Champion Belt":0,"Red Skull":26},{"Ice Cream":4,"Tiny House":16,"Happy Flower":23,"Self Forming Clay":5,"Nilry\u0027s Codex":12,"Vajra":23,"Letter Opener":5,"Burning Blood":0,"Du-Vu Doll":18,"Anchor":12,"CaptainsWheel":13,"Nunchaku":21,"Matryoshka":15,"Bronze Scales":23,"Pandora\u0027s Box":9,"Champion Belt":0,"Red Skull":13},{"Ice Cream":15,"Tiny House":79,"Happy Flower":110,"Self Forming Clay":19,"Nilry\u0027s Codex":59,"Vajra":110,"Letter Opener":19,"Burning Blood":0,"Du-Vu Doll":90,"Anchor":59,"CaptainsWheel":62,"Nunchaku":103,"Matryoshka":71,"Bronze Scales":110,"Pandora\u0027s Box":48,"Champion Belt":0,"Red Skull":62}],"Burning Blood":138},"card_choices":[{"not_picked":["Feel No Pain","Clash"],"picked":"Heavy Blade","floor":1},{"not_picked":["Cleave","Flame Barrier","Heavy Blade"],"picked":"SKIP","floor":2},{"not_picked":["Anger","Feel No Pain","Warcry"],"picked":"SKIP","floor":3},{"not_picked":["Headbutt","True Grit","Perfected Strike"],"picked":"SKIP","floor":6},{"not_picked":["Blood for Blood","Seeing Red"],"picked":"Reaper","floor":8},{"not_picked":["Body Slam","Burning Pact"],"picked":"Flex","floor":12},{"not_picked":["Armaments","Seeing Red","Iron Wave"],"picked":"SKIP","floor":13},{"not_picked":["Twin Strike","Blood for Blood"],"picked":"Barricade","floor":14},{"not_picked":["Fiend Fire","Berserk"],"picked":"Offering","floor":16},{"not_picked":["Blood for Blood","Shockwave"],"picked":"Shrug It Off+1","floor":18},{"not_picked":["Heavy Blade","Havoc"],"picked":"Shrug It Off","floor":20},{"not_picked":["Flame Barrier","Warcry"],"picked":"Blood for Blood","floor":21},{"not_picked":["Sword Boomerang","Perfected Strike","Spot Weakness"],"picked":"SKIP","floor":25},{"not_picked":["Sword Boomerang","Warcry+1","Anger"],"picked":"SKIP","floor":27},{"not_picked":["Cleave","Corruption"],"picked":"Battle Trance","floor":28},{"not_picked":["Demon Form","Fiend Fire"],"picked":"Reaper","floor":33},{"not_picked":["Cleave","Iron Wave"],"picked":"Clash","floor":34},{"not_picked":["Headbutt","Power Through"],"picked":"Twin Strike+1","floor":35},{"not_picked":["Havoc","Shockwave"],"picked":"Limit Break","floor":37},{"not_picked":["Flame Barrier","Thunderclap+1","Twin Strike+1"],"picked":"SKIP","floor":38},{"not_picked":["Thunderclap+1","Clothesline","Wild Strike"],"picked":"SKIP","floor":39},{"not_picked":["Anger","Heavy Blade"],"picked":"Feel No Pain+1","floor":40},{"not_picked":["Clash","Armaments+1"],"picked":"Heavy Blade+1","floor":41},{"not_picked":["Second Wind","Havoc+1"],"picked":"Flex+1","floor":42}],"player_experience":212969,"relics_obtained":[{"floor":6,"key":"Ice Cream"},{"floor":8,"key":"Self Forming Clay"},{"floor":9,"key":"Letter Opener"},{"floor":24,"key":"Nilry\u0027s Codex"},{"floor":25,"key":"CaptainsWheel"},{"floor":26,"key":"Red Skull"},{"floor":28,"key":"Matryoshka"},{"floor":37,"key":"Du-Vu Doll"},{"floor":40,"key":"Nunchaku"},{"floor":43,"key":"Vajra"},{"floor":43,"key":"Happy Flower"}],"event_choices":[{"cards_removed":["Strike_R"],"damage_healed":0,"gold_gain":0,"player_choice":"Card Removal","damage_taken":7,"max_hp_gain":0,"max_hp_loss":0,"event_name":"Golden Wing","floor":5,"gold_loss":0},{"damage_healed":20,"gold_gain":0,"player_choice":"Healed","damage_taken":0,"max_hp_gain":0,"max_hp_loss":0,"event_name":"The Cleric","floor":11,"gold_loss":35},{"cards_removed":["Barricade"],"damage_healed":0,"gold_gain":0,"player_choice":"Purged","damage_taken":0,"max_hp_gain":0,"max_hp_loss":0,"event_name":"Purifier","floor":19,"gold_loss":0},{"damage_healed":0,"gold_gain":0,"player_choice":"Obtained Book","damage_taken":16,"max_hp_gain":0,"max_hp_loss":0,"event_name":"Cursed Tome","floor":24,"gold_loss":0},{"damage_healed":0,"gold_gain":0,"player_choice":"Shed Blood","damage_taken":20,"max_hp_gain":5,"max_hp_loss":0,"event_name":"Forgotten Altar","floor":31,"gold_loss":0},{"damage_healed":0,"gold_gain":0,"player_choice":"Ignored","damage_taken":0,"max_hp_gain":0,"max_hp_loss":0,"event_name":"Tomb of Lord Red Mask","floor":36,"gold_loss":0},{"damage_healed":0,"gold_gain":0,"player_choice":"Fight","damage_taken":0,"max_hp_gain":0,"max_hp_loss":0,"event_name":"Mysterious Sphere","floor":37,"gold_loss":0}],"is_beta":false,"boss_relics":[{"not_picked":["Runic Cube","Runic Dome"],"picked":"Pandora\u0027s Box"},{"not_picked":["Black Blood","Astrolabe"],"picked":"Tiny House"}],"items_purged_floors":[4,22,44],"is_endless":false,"potions_floor_spawned":[2,3,6,12,13,18,25,33,37,39,40,42],"killed_by":"Nemesis","ascension_level":3}}