{"host":"eutfwpehtd75iaf6","time":1613688462,"event":{"mods":["BaseMod","Colored Map","Hermit","Minty Spire (QoL Compilation)","StSLib"],"gold_per_floor":[112,129,140,151,5,5,37,37,110,122,72,97,121,151,151,257,257,197,197,197,197,197,197,197,197,197,197,197,197,197,147,147,147,147,147,147,97,97,97,97,97,97,97,97,97,97,47,47,47,47,47],"floor_reached":50,"language":"ENG","playtime":4566,"items_purged":["hermit:Purgatory","hermit:Strike_Hermit","hermit:Strike_Hermit","hermit:Strike_Hermit"],"score":594,"play_id":"a6371685-8ccf-4124-af94-ef0bc2545fbc","local_time":"20210218174742","is_ascension_mode":true,"campfire_choices":[{"data":"hermit:PistolWhip","floor":6,"key":"SMITH"},{"data":"hermit:FromBeyond","floor":8,"key":"SMITH"},{"floor":15,"key":"REST"},{"floor":24,"key":"REST"},{"floor":29,"key":"REST"},{"floor":32,"key":"REST"},{"data":"hermit:FromBeyond","floor":40,"key":"SMITH"},{"floor":46,"key":"REST"},{"floor":49,"key":"REST"}],"circlet_count":0,"master_deck":["hermit:Defend_Hermit","hermit:Defend_Hermit","hermit:Defend_Hermit","hermit:Defend_Hermit","hermit:Snapshot","hermit:Covet","hermit:Ricochet","hermit:PistolWhip+1","hermit:Dive","hermit:Scavenge","hermit:TakeAim","hermit:FromBeyond+1","hermit:ItchyTrigger","hermit:Glare","hermit:Scavenge","hermit:Dissolve","hermit:CursedWeapon","hermit:FlashPowder+1","hermit:Snipe","hermit:FlashPowder+1","hermit:Malice","hermit:Feint","hermit:FromBeyond+1","hermit:FatalDesire+1","hermit:Quickdraw+1","Madness","Madness","hermit:Manifest+1","hermit:Roulette+1","hermit:Malice","Parasite","Parasite","hermit:Gestalt"],"relics":["hermit:Momento","Gambling Chip","Mummified Hand","Smiling Mask","Bag of Marbles","Ectoplasm","Frozen Egg 2","Dream Catcher","Cursed Key","Pocketwatch","Du-Vu Doll","Anchor","Letter Opener"],"acts_visited":["Exordium","TheCity","TheBeyond"],"potions_floor_usage":[7,14,16,22,23,39,50,50,50],"damage_taken":[{"damage":2,"enemies":"Small Slimes","floor":1,"turns":5},{"damage":0,"enemies":"2 Louse","floor":2,"turns":2},{"damage":6,"enemies":"Jaw Worm","floor":3,"turns":2},{"damage":8,"enemies":"Blue Slaver","floor":4,"turns":5},{"damage":0,"enemies":"3 Sentries","floor":7,"turns":8},{"damage":3,"enemies":"Large Slime","floor":10,"turns":5},{"damage":27,"enemies":"Lagavulin","floor":12,"turns":7},{"damage":2,"enemies":"Exordium Wildlife","floor":13,"turns":4},{"damage":0,"enemies":"Gremlin Nob","floor":14,"turns":2},{"damage":19,"enemies":"The Guardian","floor":16,"turns":9},{"damage":15,"enemies":"2 Thieves","floor":18,"turns":4},{"damage":12,"enemies":"3 Byrds","floor":20,"turns":5},{"damage":14,"enemies":"Snake Plant","floor":21,"turns":4},{"damage":1,"enemies":"Snecko","floor":22,"turns":3},{"damage":21,"enemies":"Slavers","floor":23,"turns":7},{"damage":12,"enemies":"Centurion and Healer","floor":25,"turns":5},{"damage":12,"enemies":"Cultist and Chosen","floor":28,"turns":7},{"damage":2,"enemies":"Shelled Parasite and Fungi","floor":30,"turns":5},{"damage":36,"enemies":"Champ","floor":33,"turns":15},{"damage":9,"enemies":"Orb Walker","floor":35,"turns":3},{"damage":27,"enemies":"2 Orb Walkers","floor":38,"turns":6},{"damage":2,"enemies":"Mind Bloom Boss Battle","floor":39,"turns":4},{"damage":40,"enemies":"Reptomancer","floor":41,"turns":7},{"damage":2,"enemies":"3 Shapes","floor":42,"turns":3},{"damage":2,"enemies":"Transient","floor":44,"turns":5},{"damage":4,"enemies":"3 Darklings","floor":45,"turns":3},{"damage":8,"enemies":"Writhing Mass","floor":48,"turns":5},{"damage":57,"enemies":"Awakened One","floor":50,"turns":10}],"seed_played":"-6380771726425150134","potions_obtained":[{"floor":4,"key":"DistilledChaos"},{"floor":7,"key":"SmokeBomb"},{"floor":10,"key":"FairyPotion"},{"floor":13,"key":"DuplicationPotion"},{"floor":14,"key":"PowerPotion"},{"floor":20,"key":"GamblersBrew"},{"floor":33,"key":"Regen Potion"},{"floor":41,"key":"CultistPotion"},{"floor":44,"key":"Weak Potion"},{"floor":45,"key":"Fire Potion"}],"is_trial":false,"path_per_floor":["M","M","M","M","$","R","E","R","T","M","?","E","M","E","R","B",null,"M","?","M","M","M","E","R","M","T","?","M","R","M","$","R","B",null,"M","?","$","?","?","R","E","M","T","M","M","R","$","M","R","B"],"character_chosen":"HERMIT","items_purchased":["hermit:TakeAim"],"campfire_rested":6,"item_purchase_floors":[5],"current_hp_per_floor":[73,73,67,59,59,59,59,59,59,56,56,29,27,27,49,30,75,60,60,48,34,33,12,34,22,22,22,10,32,30,30,52,16,75,66,57,57,30,40,40,22,20,20,18,14,36,36,28,50,0,0],"gold":47,"neow_bonus":"ONE_RANDOM_RARE_CARD","is_daily":false,"chose_seed":false,"campfire_upgraded":3,"win_rate":0.0,"timestamp":1613688462,"path_taken":["M","M","M","M","$","R","E","R","T","M","?","E","M","E","R","BOSS","M","?","M","M","M","E","R","M","T","?","M","R","M","$","R","BOSS","M","?","?","?","?","R","E","M","T","?","M","R","?","M","R","BOSS"],"items_purchased_type":["Card"],"build_version":"2020-12-22","purchased_purges":4,"victory":false,"max_hp_per_floor":[75,75,75,75,75,75,75,75,75,75,75,75,75,75,75,75,75,75,75,75,75,75,75,75,75,75,75,75,75,75,75,75,75,75,75,75,75,75,75,75,75,75,75,75,75,75,75,75,75,75,75],"card_choices":[{"not_picked":["hermit:Roulette","hermit:Coalescence"],"picked":"hermit:Ricochet","floor":1},{"not_picked":["hermit:Combo","hermit:CalledShot"],"picked":"hermit:PistolWhip","floor":2},{"not_picked":["hermit:Horror","hermit:Virtue"],"picked":"hermit:Dive","floor":3},{"not_picked":["hermit:RoundhouseKick","hermit:ShadowCloak"],"picked":"hermit:Scavenge","floor":4},{"not_picked":["hermit:HighCaliber","hermit:Headshot"],"picked":"hermit:FromBeyond","floor":7},{"not_picked":["hermit:Maintenance","hermit:ShadowCloak","hermit:Desperado"],"picked":"SKIP","floor":10},{"not_picked":["hermit:CalledShot","hermit:Shortfuse"],"picked":"hermit:ItchyTrigger","floor":12},{"not_picked":["hermit:Headshot","hermit:Enervate"],"picked":"hermit:Glare","floor":13},{"not_picked":["hermit:HighCaliber","hermit:Grudge"],"picked":"hermit:Scavenge","floor":14},{"not_picked":["hermit:Purgatory","hermit:EternalForm"],"picked":"hermit:Dissolve","floor":16},{"not_picked":["hermit:ItchyTrigger","hermit:Spite","hermit:Midnight"],"picked":"SKIP","floor":18},{"not_picked":["hermit:Quickdraw","hermit:BigShot"],"picked":"hermit:CursedWeapon","floor":20},{"not_picked":["hermit:SprayPray","hermit:Combo"],"picked":"hermit:FlashPowder+1","floor":21},{"not_picked":["hermit:HighCaliber+1","hermit:PistolWhip+1","hermit:Coalescence"],"picked":"SKIP","floor":23},{"not_picked":["hermit:Showdown+1","hermit:Purgatory"],"picked":"hermit:Snipe","floor":25},{"not_picked":["hermit:Showdown","hermit:Vantage"],"picked":"hermit:FlashPowder+1","floor":28},{"not_picked":["hermit:Dive","hermit:LuckOfTheDraw"],"picked":"hermit:Malice","floor":29},{"not_picked":["hermit:Snipe","hermit:Coalescence"],"picked":"hermit:Feint","floor":30},{"not_picked":["hermit:TrackingShot","hermit:Snipe+1"],"picked":"hermit:FromBeyond","floor":32},{"not_picked":["hermit:OverwhelmingPower+1","hermit:Dissolve"],"picked":"hermit:FatalDesire+1","floor":33},{"not_picked":["hermit:TakeAim+1","hermit:CalledShot"],"picked":"hermit:Quickdraw+1","floor":35},{"not_picked":["hermit:TrackingShot+1","hermit:CalledShot"],"picked":"hermit:Manifest+1","floor":38},{"not_picked":["hermit:NoHoldsBarred+1","hermit:LuckOfTheDraw"],"picked":"hermit:Roulette+1","floor":39},{"not_picked":["hermit:Feint","hermit:FromBeyond"],"picked":"hermit:Malice","floor":41},{"not_picked":["hermit:Snipe+1","hermit:Coalescence+1","hermit:LuckOfTheDraw+1"],"picked":"SKIP","floor":42},{"not_picked":["hermit:HoleUp","hermit:PistolWhip+1","hermit:ItchyTrigger+1"],"picked":"SKIP","floor":44},{"not_picked":["hermit:Coalescence+1","hermit:PistolWhip","hermit:Vantage+1"],"picked":"SKIP","floor":45},{"not_picked":["hermit:HighCaliber","hermit:EternalForm+1"],"picked":"hermit:Gestalt","floor":48}],"player_experience":132121,"relics_obtained":[{"floor":7,"key":"Gambling Chip"},{"floor":9,"key":"Mummified Hand"},{"floor":12,"key":"Smiling Mask"},{"floor":14,"key":"Bag of Marbles"},{"floor":23,"key":"Frozen Egg 2"},{"floor":26,"key":"Dream Catcher"},{"floor":38,"key":"Pocketwatch"},{"floor":39,"key":"Du-Vu Doll"},{"floor":41,"key":"Anchor"},{"floor":43,"key":"Letter Opener"}],"event_choices":[{"cards_removed":["hermit:Strike_Hermit"],"damage_healed":0,"gold_gain":0,"player_choice":"Card Removal","damage_taken":0,"max_hp_gain":0,"max_hp_loss":0,"event_name":"The Cleric","floor":11,"gold_loss":50},{"damage_healed":0,"gold_gain":0,"player_choice":"Ignored","damage_taken":0,"max_hp_gain":0,"max_hp_loss":0,"event_name":"Beggar","floor":19,"gold_loss":0},{"damage_healed":0,"gold_gain":99,"player_choice":"Stole From Cult","damage_taken":0,"max_hp_gain":0,"max_hp_loss":0,"event_name":"Nest","floor":27,"gold_loss":0},{"damage_healed":0,"gold_gain":0,"player_choice":"Embrace Madness","damage_taken":9,"max_hp_gain":0,"max_hp_loss":0,"event_name":"Winding Halls","floor":36,"gold_loss":0,"cards_obtained":["Madness","Madness"]},{"damage_healed":0,"gold_gain":0,"player_choice":"Fight","damage_taken":0,"max_hp_gain":0,"max_hp_loss":0,"event_name":"Mysterious Sphere","floor":38,"gold_loss":0},{"damage_healed":0,"gold_gain":0,"player_choice":"Fight","damage_taken":0,"max_hp_gain":0,"max_hp_loss":0,"event_name":"MindBloom","floor":39,"gold_loss":0}],"is_beta":false,"boss_relics":[{"not_picked":["Philosopher\u0027s Stone","Runic Dome"],"picked":"Ectoplasm"},{"not_picked":["Fusion Hammer","Tiny House"],"picked":"Cursed Key"}],"items_purged_floors":[5,31,37,47],"is_endless":false,"potions_floor_spawned":[4,7,10,13,14,20,22,33,41,44,45],"killed_by":"Awakened One","ascension_level":1}}