{"host":"xz7n3qy1zq36rzpg","time":1613641311,"event":{"mods":["BaseMod","Colored Map","Colored Powertips","Highlight Path","Minty Spire (QoL Compilation)","Quick Restart","Shop Mod"],"gold_per_floor":[113,132,132,142,97,97,48,48,75,24,34,60,80,100,100,200,200,210,125,125,125,0,0,13,24,24,54,54,71,101,120,120,225,225,238,138,138,150,165,165,165],"floor_reached":40,"language":"ENG","playtime":2308,"items_purged":["Decay","Writhe"],"score":514,"play_id":"cd264f60-7500-40ea-98e1-73d5bf544301","local_time":"20210218104151","is_ascension_mode":true,"campfire_choices":[{"data":"Hologram","floor":6,"key":"SMITH"},{"floor":15,"key":"REST"},{"data":"Echo Form","floor":23,"key":"SMITH"},{"data":"Zap","floor":28,"key":"SMITH"},{"floor":32,"key":"REST"}],"circlet_count":0,"master_deck":["Strike_B+1","Strike_B+1","Strike_B+1","Strike_B+1","Defend_B+1","Defend_B+1","Defend_B+1","Defend_B+1","Zap+1","Dualcast","Forethought","FTL","Steam","Static Discharge","Hologram+1","Leap","Clumsy","Sweeping Beam","Jack Of All Trades","Coolheaded","Capacitor","Rip and Tear","Self Repair","Echo Form+1","Undo","Melter","Defragment","BootSequence","Machine Learning","Redo+1"],"relics":["Cracked Core","Gremlin Horn","Bag of Preparation","Blood Vial","Cursed Key","Toy Ornithopter","Question Card","Lantern","Bronze Scales","Sozu"],"acts_visited":["Exordium","TheCity","TheBeyond"],"potions_floor_usage":[11,16,16,27,33,33,33,35],"damage_taken":[{"damage":5,"enemies":"Cultist","floor":1,"turns":4},{"damage":7,"enemies":"Jaw Worm","floor":2,"turns":3},{"damage":1,"enemies":"Small Slimes","floor":4,"turns":3},{"damage":0,"enemies":"Looter","floor":11,"turns":3},{"damage":31,"enemies":"3 Sentries","floor":12,"turns":7},{"damage":19,"enemies":"3 Louse","floor":13,"turns":3},{"damage":8,"enemies":"Blue Slaver","floor":14,"turns":4},{"damage":23,"enemies":"Hexaghost","floor":16,"turns":7},{"damage":6,"enemies":"Shell Parasite","floor":18,"turns":7},{"damage":20,"enemies":"2 Thieves","floor":24,"turns":5},{"damage":22,"enemies":"Snake Plant","floor":25,"turns":3},{"damage":25,"enemies":"Book of Stabbing","floor":27,"turns":7},{"damage":19,"enemies":"Centurion and Healer","floor":29,"turns":6},{"damage":33,"enemies":"Gremlin Leader","floor":30,"turns":8},{"damage":15,"enemies":"3 Cultists","floor":31,"turns":6},{"damage":58,"enemies":"Automaton","floor":33,"turns":12},{"damage":35,"enemies":"3 Darklings","floor":35,"turns":6},{"damage":5,"enemies":"Orb Walker","floor":38,"turns":4},{"damage":33,"enemies":"Transient","floor":39,"turns":5},{"damage":50,"enemies":"Giant Head","floor":40,"turns":7}],"seed_played":"-2754664160131781343","potions_obtained":[{"floor":4,"key":"EssenceOfSteel"},{"floor":13,"key":"LiquidBronze"},{"floor":14,"key":"DuplicationPotion"},{"floor":16,"key":"DuplicationPotion"},{"floor":24,"key":"Dexterity Potion"},{"floor":30,"key":"LiquidBronze"},{"floor":33,"key":"Swift Potion"}],"is_trial":false,"path_per_floor":["M","M","T","M","$","R","$","?","T","$","M","E","M","M","R","B",null,"M","?","?","?","$","R","M","M","T","E","R","M","E","M","R","B",null,"M","$","?","M","M","E"],"character_chosen":"DEFECT","items_purchased":["Hologram","Leap","Coolheaded","Weak Potion"],"campfire_rested":2,"item_purchase_floors":[5,7,10,22],"current_hp_per_floor":[70,63,63,62,62,62,62,62,62,62,62,31,14,8,30,16,75,75,75,75,75,75,75,62,49,49,45,45,42,25,26,48,14,75,59,59,59,56,39,0,0],"gold":165,"neow_bonus":"RANDOM_COLORLESS","is_daily":false,"chose_seed":false,"campfire_upgraded":3,"win_rate":0.0,"timestamp":1613641311,"path_taken":["M","?","?","?","$","R","$","?","T","?","M","E","M","M","R","BOSS","M","?","?","?","?","R","M","M","T","E","R","M","E","?","R","BOSS","M","$","?","?","M","E"],"items_purchased_type":["Card","Card","Card","Potion"],"build_version":"2020-12-22","purchased_purges":2,"victory":false,"max_hp_per_floor":[75,75,75,75,75,75,75,75,75,75,75,75,75,75,75,75,75,75,75,75,75,75,75,75,75,75,75,75,75,75,75,75,75,75,75,75,75,75,75,75,75],"card_choices":[{"not_picked":["Deep Breath","PanicButton"],"picked":"Forethought","floor":0},{"not_picked":["Go for the Eyes","Compile Driver"],"picked":"FTL","floor":1},{"not_picked":["Recycle","Loop"],"picked":"Steam","floor":2},{"not_picked":["Stack","Go for the Eyes"],"picked":"Static Discharge","floor":4},{"not_picked":["Static Discharge","Loop"],"picked":"Capacitor","floor":11},{"not_picked":["Chaos","Streamline"],"picked":"Rip and Tear","floor":12},{"not_picked":["Steam","Cold Snap","Hologram"],"picked":"SKIP","floor":13},{"not_picked":["Hologram","Turbo"],"picked":"Self Repair","floor":14},{"not_picked":["Multi-Cast","Creative AI"],"picked":"Echo Form","floor":16},{"not_picked":["Steam","Capacitor"],"picked":"Undo","floor":18},{"not_picked":["Streamline+1","Coolheaded","Redo"],"picked":"SKIP","floor":24},{"not_picked":["Ball Lightning","Sweeping Beam","Stack"],"picked":"SKIP","floor":25},{"not_picked":["Leap","Amplify","Compile Driver"],"picked":"Melter","floor":27},{"not_picked":["Gash+1","Beam Cell+1","Sweeping Beam"],"picked":"Defragment","floor":29},{"not_picked":["Coolheaded+1","Rebound+1","Sweeping Beam","Darkness"],"picked":"SKIP","floor":30},{"not_picked":["Thunder Strike","Compile Driver","Gash"],"picked":"BootSequence","floor":31},{"not_picked":["Echo Form","Thunder Strike","Core Surge"],"picked":"Machine Learning","floor":33},{"not_picked":["Conserve Battery+1","Redo","Steam+1","Sweeping Beam"],"picked":"SKIP","floor":35},{"not_picked":["Cold Snap+1","Lockon+1","Multi-Cast"],"picked":"Redo+1","floor":38},{"not_picked":["Streamline","Genetic Algorithm+1","Fusion","Stack+1"],"picked":"SKIP","floor":39}],"player_experience":536632,"relics_obtained":[{"floor":3,"key":"Gremlin Horn"},{"floor":9,"key":"Bag of Preparation"},{"floor":12,"key":"Blood Vial"},{"floor":26,"key":"Question Card"},{"floor":27,"key":"Lantern"},{"floor":30,"key":"Bronze Scales"}],"event_choices":[{"damage_healed":0,"gold_gain":0,"player_choice":"3 cards matched","damage_taken":0,"max_hp_gain":0,"max_hp_loss":0,"event_name":"Match and Keep!","floor":8,"gold_loss":0,"cards_obtained":["Clumsy","Sweeping Beam","Jack Of All Trades"]},{"damage_healed":0,"gold_gain":0,"player_choice":"Obtained Relic","damage_taken":0,"relics_obtained":["Toy Ornithopter"],"max_hp_gain":0,"max_hp_loss":0,"event_name":"Addict","floor":19,"gold_loss":85},{"damage_healed":0,"gold_gain":0,"player_choice":"Simplicity","damage_taken":0,"max_hp_gain":0,"max_hp_loss":0,"event_name":"Back to Basics","floor":20,"gold_loss":0,"cards_upgraded":["Strike_B","Strike_B","Strike_B","Strike_B","Defend_B","Defend_B","Defend_B","Defend_B"]},{"damage_healed":0,"gold_gain":0,"player_choice":"Smashed Altar","damage_taken":0,"max_hp_gain":0,"max_hp_loss":0,"event_name":"Forgotten Altar","floor":21,"gold_loss":0,"cards_obtained":["Decay"]},{"damage_healed":0,"gold_gain":0,"player_choice":"Ignored","damage_taken":0,"max_hp_gain":0,"max_hp_loss":0,"event_name":"SecretPortal","floor":37,"gold_loss":0}],"is_beta":false,"boss_relics":[{"not_picked":["SacredBark","Velvet Choker"],"picked":"Cursed Key"},{"not_picked":["Fusion Hammer","Calling Bell"],"picked":"Sozu"}],"items_purged_floors":[22,36],"is_endless":false,"potions_floor_spawned":[4,13,14,16,24,25,30,31,33,39],"killed_by":"Giant Head","ascension_level":4}}