{"host":"fxrgx7wt2cpkbhka","time":1613631370,"event":{"mods":["AchievementEnabler","BaseMod","Colored Powertips","Dark Map","Minty Spire (QoL Compilation)","Permanent Neow","Quick Restart","Slay-I","StSLib","Waifu the Spire"],"gold_per_floor":[218,46,46,59,77,77,108,73,145,145,157,157,173,190,190,267,267,281,281,281,63,162,162,6,26,26,26,40,40,40],"floor_reached":29,"language":"ENG","playtime":675,"items_purged":[],"score":379,"play_id":"76d75326-affe-46e9-b5f8-9a60feb084d4","local_time":"20210217225610","is_ascension_mode":true,"campfire_choices":[{"data":"Apotheosis","floor":6,"key":"SMITH"},{"floor":10,"key":"REST"},{"floor":15,"key":"REST"},{"data":"Fission","floor":23,"key":"SMITH"},{"data":"Electrodynamics","floor":27,"key":"SMITH"}],"circlet_count":0,"master_deck":["AscendersBane","Strike_B","Strike_B","Strike_B","Strike_B","Defend_B","Defend_B","Defend_B","Defend_B","Zap","Dualcast","Apotheosis+1","Auto Shields","Cold Snap","Electrodynamics+1","Ball Lightning","Necronomicurse","Defragment","Fission+1","Leap+1"],"relics":["Cracked Core","Akabeko","Shuriken","Centennial Puzzle","Inserter","Orichalcum","Necronomicon","Lee\u0027s Waffle","Toxic Egg 2"],"acts_visited":["Exordium","TheCity"],"potions_floor_usage":[16],"damage_taken":[{"damage":7,"enemies":"2 Louse","floor":1,"turns":3},{"damage":3,"enemies":"Small Slimes","floor":4,"turns":4},{"damage":2,"enemies":"Jaw Worm","floor":5,"turns":4},{"damage":29,"enemies":"Lagavulin","floor":7,"turns":8},{"damage":0,"enemies":"Red Slaver","floor":11,"turns":3},{"damage":8,"enemies":"Exordium Wildlife","floor":13,"turns":3},{"damage":18,"enemies":"Exordium Thugs","floor":14,"turns":7},{"damage":13,"enemies":"Slime Boss","floor":16,"turns":10},{"damage":15,"enemies":"3 Byrds","floor":18,"turns":4},{"damage":25,"enemies":"2 Thieves","floor":25,"turns":3},{"damage":12,"enemies":"Shelled Parasite and Fungi","floor":28,"turns":2},{"damage":49,"enemies":"Book of Stabbing","floor":29,"turns":6}],"seed_played":"2710274869948931867","potions_obtained":[{"floor":7,"key":"Swift Potion"},{"floor":11,"key":"SteroidPotion"},{"floor":14,"key":"Fire Potion"},{"floor":16,"key":"Strength Potion"}],"is_trial":false,"path_per_floor":["M","$","?","M","M","R","E","?","T","R","M","?","M","M","R","B",null,"M","?","?","$","?","R","$","M","T","R","M","E"],"character_chosen":"DEFECT","items_purchased":["Apotheosis","Defragment","Fission","Lee\u0027s Waffle"],"campfire_rested":2,"item_purchase_floors":[2,21,21,24],"current_hp_per_floor":[57,57,62,59,57,57,28,47,47,69,69,44,36,18,40,27,64,49,49,33,33,33,33,83,58,58,58,46,0,0],"gold":40,"neow_bonus":"HUNDRED_GOLD","is_daily":false,"chose_seed":false,"campfire_upgraded":3,"win_rate":0.0,"timestamp":1613631370,"path_taken":["M","$","?","M","M","R","E","?","T","R","M","?","M","M","R","BOSS","M","?","?","$","?","R","$","M","T","R","M","E"],"items_purchased_type":["Card","Card","Card","Relic"],"build_version":"2020-12-22","purchased_purges":0,"victory":false,"max_hp_per_floor":[71,71,76,76,76,76,76,76,76,76,76,76,76,76,76,76,76,76,76,76,76,76,76,83,83,83,83,83,83,83],"card_choices":[{"not_picked":["Coolheaded","Turbo","Barrage"],"picked":"SKIP","floor":1},{"not_picked":["Fusion","Chaos","Coolheaded"],"picked":"SKIP","floor":4},{"not_picked":["Sweeping Beam","Coolheaded","Darkness"],"picked":"SKIP","floor":5},{"not_picked":["Multi-Cast","Rebound","Recycle"],"picked":"SKIP","floor":7},{"not_picked":["Redo","Conserve Battery"],"picked":"Auto Shields","floor":11},{"not_picked":["Go for the Eyes","Tempest","Stack"],"picked":"SKIP","floor":13},{"not_picked":["Sweeping Beam","Auto Shields"],"picked":"Cold Snap","floor":14},{"not_picked":["Thunder Strike","Seek"],"picked":"Electrodynamics","floor":16},{"not_picked":["Leap","Steam"],"picked":"Ball Lightning","floor":18},{"not_picked":["Rebound","Streamline","Genetic Algorithm"],"picked":"SKIP","floor":25},{"not_picked":["Aggregate+1","Barrage"],"picked":"Leap+1","floor":28}],"player_experience":792241,"relics_obtained":[{"floor":7,"key":"Akabeko"},{"floor":9,"key":"Shuriken"},{"floor":20,"key":"Necronomicon"},{"floor":26,"key":"Toxic Egg 2"}],"event_choices":[{"damage_healed":0,"gold_gain":0,"player_choice":"Donut","damage_taken":0,"max_hp_gain":5,"max_hp_loss":0,"event_name":"Big Fish","floor":3,"gold_loss":0},{"damage_healed":19,"gold_gain":0,"player_choice":"Healed","damage_taken":0,"max_hp_gain":0,"max_hp_loss":0,"event_name":"The Cleric","floor":8,"gold_loss":35},{"damage_healed":0,"gold_gain":0,"player_choice":"Success","damage_taken":25,"relics_obtained":["Centennial Puzzle"],"max_hp_gain":0,"max_hp_loss":0,"event_name":"Scrap Ooze","floor":12,"gold_loss":0},{"damage_healed":0,"gold_gain":0,"player_choice":"Opened","damage_taken":0,"relics_obtained":["Orichalcum"],"max_hp_gain":0,"max_hp_loss":0,"event_name":"The Mausoleum","floor":19,"gold_loss":0},{"damage_healed":0,"gold_gain":0,"player_choice":"Obtained Book","damage_taken":16,"max_hp_gain":0,"max_hp_loss":0,"event_name":"Cursed Tome","floor":20,"gold_loss":0},{"damage_healed":0,"gold_gain":99,"player_choice":"Stole From Cult","damage_taken":0,"max_hp_gain":0,"max_hp_loss":0,"event_name":"Nest","floor":22,"gold_loss":0}],"is_beta":false,"boss_relics":[{"not_picked":["SlaversCollar","Sozu"],"picked":"Inserter"}],"items_purged_floors":[],"is_endless":false,"potions_floor_spawned":[7,11,14,16,28],"killed_by":"Book of Stabbing","ascension_level":14}}