{"host":"swc5gdc7cm0k0g7l","time":1613682286,"event":{"mods":["AchievementEnabler","Act Like it!","Aspiration","BaseMod","BetterRewards","Colored Map","Colored Powertips","Downfall","Duelist Mod","Hermit","Highlight Path","Hubris","Infinite Spire","Jorbs\u0027s Wanderer Trilogy","Koishi","Minty Spire (QoL Compilation)","Quick Restart","Remilia??????","Shop Mod","StSLib","SuperFastMode","The Animator"],"gold_per_floor":[142,161,178,178,191,222,277,307,353,381,381,381,88,88,88,222,222,264,264,364,377,377,430,181,181,207,272,284,334,399,46,46,175,175,195,155,155,187,187,215,231,288,367,367,367,400,400,417,417,447,447,447,114,131,131],"floor_reached":54,"language":"ENG","playtime":3863,"items_purged":["theDuelist:Sparks","Regret"],"score":944,"play_id":"055cc2ea-99ba-417b-9cbc-c3403b066559","local_time":"20210218160446","is_ascension_mode":true,"campfire_choices":[{"floor":12,"key":"REST"},{"floor":15,"key":"REST"},{"floor":28,"key":"REST"},{"floor":32,"key":"REST"},{"data":"theDuelist:ApprenticeIllusionMagician+1","floor":45,"key":"SMITH"},{"data":"theDuelist:ApprenticeIllusionMagician+2","floor":47,"key":"SMITH"},{"floor":49,"key":"RECALL"},{"data":"theDuelist:ApprenticeIllusionMagician+3","floor":52,"key":"SMITH"}],"circlet_count":0,"master_deck":["theDuelist:CastleWalls","theDuelist:CastleWalls","theDuelist:DarkMagician","theDuelist:MysticalElf","theDuelist:MysticalElf","theDuelist:NeoMagic","theDuelist:Sparks","theDuelist:InjectionFairy","theDuelist:ApprenticeIllusionMagician","theDuelist:LegendaryFlameLord","theDuelist:FrontierWiseman","theDuelist:Electrowhip+1","theDuelist:AlienTelepath+1","theDuelist:InvitationDarkSleep","theDuelist:ThousandEyesIdol","theDuelist:GrandSpellbookTower+1","theDuelist:SpiritHarp","theDuelist:InjectionFairy","theDuelist:CharcoalInpachi","theDuelist:InjectionFairy","infinitespire:Starlight+1","theDuelist:ApprenticeIllusionMagician+4","theDuelist:IrisEarthMother+1","theDuelist:WhiteHowling+1","theDuelist:BadReaction+1","theDuelist:VoidVanishment+1","theDuelist:WingedKuriboh","theDuelist:WhiteMagicalHat+1","theDuelist:BadReaction"],"relics":["theDuelist:MillenniumPuzzle","theDuelist:CardPoolRelic","theDuelist:CardPoolBasicRelic","theDuelist:BoosterPackPoolRelic","theDuelist:CardPoolAddRelic","theDuelist:CardPoolMinusRelic","theDuelist:CardPoolSaveRelic","theDuelist:CardPoolOptionsRelic","NeowsBlessing","Bottled Tornado","Juzu Bracelet","Vajra","MerchantsRug","theDuelist:AknamkanonsEssence","hubris:GrandSneckoEye","hubris:MysteriousPyramids","Toxic Egg 2","Red Mask","theDuelist:BoosterPackSpellEgg","Blood Vial","infinitespire:BottledMercury","infinitespire:Cupcake","Cursed Key","theDuelist:MillenniumArmor","infinitespire:Eraser","InkBottle","hubris:AncientText"],"acts_visited":["Exordium","TheCity","TheBeyond","TheEnding"],"potions_floor_usage":[6,10,10,27,35,40,40,40,48,50],"damage_taken":[{"damage":0,"enemies":"Cultist","floor":1,"turns":1},{"damage":0,"enemies":"2 Louse","floor":2,"turns":1},{"damage":0,"enemies":"Small Slimes","floor":3,"turns":1},{"damage":0,"enemies":"2 Fungi Beasts","floor":5,"turns":3},{"damage":21,"enemies":"3 Sentries","floor":6,"turns":6},{"damage":7,"enemies":"3 Sentries","floor":7,"turns":6},{"damage":12,"enemies":"Gremlin Nob","floor":8,"turns":4},{"damage":40,"enemies":"Lagavulin","floor":10,"turns":5},{"damage":55,"enemies":"Hexaghost","floor":16,"turns":10},{"damage":35,"enemies":"Spheric Guardian","floor":18,"turns":8},{"damage":10,"enemies":"Shell Parasite","floor":21,"turns":4},{"damage":16,"enemies":"theDuelist:KaibaA2","floor":23,"turns":7},{"damage":15,"enemies":"Masked Bandits","floor":27,"turns":4},{"damage":15,"enemies":"Snecko","floor":29,"turns":5},{"damage":21,"enemies":"Nightmare","floor":30,"turns":6},{"damage":45,"enemies":"Collector","floor":33,"turns":9},{"damage":11,"enemies":"3 Shapes","floor":35,"turns":3},{"damage":0,"enemies":"Orb Walker","floor":38,"turns":3},{"damage":25,"enemies":"Reptomancer","floor":40,"turns":5},{"damage":39,"enemies":"Maw","floor":41,"turns":8},{"damage":18,"enemies":"Nemesis","floor":42,"turns":6},{"damage":3,"enemies":"Transient","floor":46,"turns":5},{"damage":0,"enemies":"Spire Growth","floor":48,"turns":4},{"damage":83,"enemies":"Donu and Deca","floor":50,"turns":8},{"damage":97,"enemies":"Shield and Spear","floor":54,"turns":6}],"seed_played":"-1101242962924917923","potions_obtained":[{"floor":1,"key":"theDuelist:SealedPackC"},{"floor":7,"key":"PowerPotion"},{"floor":8,"key":"PowerPotion"},{"floor":10,"key":"champ:CounterPotion"},{"floor":16,"key":"theDuelist:TokenPotionB"},{"floor":27,"key":"EssenceOfDarkness"},{"floor":29,"key":"GamblersBrew"},{"floor":33,"key":"Energy Potion"},{"floor":35,"key":"theDuelist:SealedPackC"},{"floor":42,"key":"theDuelist:DebuffArmorPotion"},{"floor":46,"key":"Energy Potion"},{"floor":48,"key":"theDuelist:TributeBottle"}],"is_trial":false,"path_per_floor":["M","M","M","?","M","E","?","E","T","E","?","R","$","?","R","B",null,"M","?","?","M","?","E","$","?","T","?","R","M","NM","$","R","B",null,"M","?","?","M","AVR","E","M","E","T","?","R","M","R","M","R","B",null,"R","$","E"],"character_chosen":"THE_DUELIST","items_purchased":["MerchantsRug","theDuelist:AknamkanonsEssence","Toxic Egg 2","Blood Vial","infinitespire:BottledMercury","theDuelist:BadReaction","hubris:AncientText"],"campfire_rested":4,"item_purchase_floors":[13,13,24,31,31,53,53],"current_hp_per_floor":[80,80,80,80,80,63,60,56,56,20,20,44,44,44,68,21,80,50,50,50,52,52,52,52,37,37,22,47,32,27,27,52,44,85,78,78,78,85,85,65,61,72,72,75,75,85,85,88,88,34,88,88,88,0,0],"gold":131,"neow_bonus":"THREE_ENEMY_KILL","is_daily":false,"chose_seed":false,"campfire_upgraded":3,"win_rate":0.0,"timestamp":1613682286,"path_taken":["M","M","?","?","M","E","?","E","T","E","?","R","$","?","R","BOSS","M","?","?","M","?","E","?","?","T","?","R","M","NM","$","R","BOSS","M","?","?","M","AVR","E","M","E","T","?","R","M","R","M","R","BOSS","R","$","E"],"items_purchased_type":["Relic","Relic","Relic","Relic","Relic","Card","Relic"],"build_version":"2020-12-22","purchased_purges":2,"victory":false,"max_hp_per_floor":[80,80,80,80,80,80,80,80,80,80,80,80,80,80,80,80,80,80,80,80,80,80,80,80,85,85,85,85,85,85,85,85,85,85,85,85,85,85,85,85,85,85,85,88,88,88,88,88,88,88,88,88,88,88,88],"card_choices":[{"not_picked":["theDuelist:DarkMagician","theDuelist:MysticalElf","theDuelist:Mudballman","theDuelist:CallAtlanteans"],"picked":"theDuelist:InjectionFairy","floor":1},{"not_picked":["theDuelist:ContractExodia","theDuelist:NeoMagic","theDuelist:LegendaryExodia","theDuelist:IcyCrevasse"],"picked":"theDuelist:ApprenticeIllusionMagician","floor":2},{"not_picked":["theDuelist:SkilledDarkMagician","theDuelist:MysticalElf","theDuelist:DiffusionWaveMotion","theDuelist:InfernoFireBlast"],"picked":"theDuelist:LegendaryFlameLord","floor":3},{"not_picked":["theDuelist:BattleOx","theDuelist:PotDichotomy","theDuelist:PreventRat","theDuelist:BlackPendant"],"picked":"theDuelist:FrontierWiseman","floor":5},{"not_picked":["theDuelist:PowerGiant","theDuelist:DummyGolem","theDuelist:GiantSoldierSteel","theDuelist:ForbiddenChalice"],"picked":"theDuelist:Electrowhip","floor":6},{"not_picked":["theDuelist:NeoMagic","theDuelist:Mudballman","theDuelist:ExodiaRL","theDuelist:AltarTribute"],"picked":"theDuelist:AlienTelepath","floor":7},{"not_picked":["theDuelist:MagiciansRobe","theDuelist:VoidExpansion","theDuelist:MindAir","theDuelist:WonderWand"],"picked":"SKIP","floor":8},{"not_picked":["theDuelist:MagiciansRobe","theDuelist:VoidExpansion","theDuelist:MindAir","theDuelist:WonderWand"],"picked":"SKIP","floor":8},{"not_picked":["theDuelist:SangaThunder","theDuelist:AncientElf","theDuelist:ThousandEyesIdol","theDuelist:CharcoalInpachi"],"picked":"theDuelist:InvitationDarkSleep","floor":10},{"not_picked":["theDuelist:RainbowMagician","theDuelist:QueenDragunDjinn","theDuelist:ThousandEyesRestrict","theDuelist:IceQueen"],"picked":"theDuelist:GrandSpellbookTower","floor":16},{"not_picked":["theDuelist:SangaThunder","theDuelist:LordD","theDuelist:OnslaughtFireKings","theDuelist:GeminiElf+1"],"picked":"theDuelist:SpiritHarp","floor":18},{"not_picked":["theDuelist:SpellShatteringArrow","theDuelist:SangaThunder","theDuelist:DarkMagician+1","theDuelist:SkilledDarkMagician+1"],"picked":"theDuelist:InjectionFairy","floor":21},{"not_picked":["theDuelist:ClearKuriboh","theDuelist:FuryFire+1","theDuelist:SphereKuriboh","theDuelist:DestructPotion"],"picked":"theDuelist:CharcoalInpachi","floor":23},{"not_picked":["theDuelist:CallAtlanteans+1","theDuelist:NeoMagic","theDuelist:BlizzardWarrior","theDuelist:WhiteHowling"],"picked":"theDuelist:InjectionFairy","floor":27},{"not_picked":["theDuelist:GreenGraveOni+1","theDuelist:PurplePainOni+1","theDuelist:RainbowKuriboh+1","theDuelist:RainbowOverdragon","theDuelist:RedHeadedOni+1"],"picked":"SKIP","floor":29},{"not_picked":["infinitespire:FinalStrike","infinitespire:Menacing"],"picked":"infinitespire:Starlight","floor":30},{"not_picked":["theDuelist:CosmicHorrorGangiel","theDuelist:ExodiaRA","theDuelist:MagicalBlast+1","theDuelist:SangaWater"],"picked":"theDuelist:ApprenticeIllusionMagician","floor":30},{"not_picked":["theDuelist:RainbowDarkDragon+1","theDuelist:RainbowMagician","theDuelist:RainbowKuriboh+1","theDuelist:RainbowOverdragon"],"picked":"theDuelist:IrisEarthMother+1","floor":33},{"not_picked":["theDuelist:AttackTheMoon+1","theDuelist:BattleOx","theDuelist:EarthquakeGiant","theDuelist:GauntletWarrior","theDuelist:HammerShot+1"],"picked":"SKIP","floor":35},{"not_picked":["theDuelist:MagiciansRod+1","theDuelist:InariFire","theDuelist:VoidExpansion+1"],"picked":"theDuelist:WhiteHowling+1","floor":38},{"not_picked":["theDuelist:CosmicHorrorGangiel","theDuelist:WitchBlackRose+1","theDuelist:BlizzardPrincess+1","theDuelist:SwordsRevealing+1"],"picked":"theDuelist:BadReaction+1","floor":40},{"not_picked":["theDuelist:Fissure+1","theDuelist:GauntletWarrior+1","theDuelist:HammerShot+1","theDuelist:Sangan","theDuelist:EarthquakeGiant+1"],"picked":"SKIP","floor":41},{"not_picked":["theDuelist:Wildfire+1","theDuelist:RainbowDarkDragon+1","theDuelist:IrisEarthMother+1","theDuelist:DarkPaladin"],"picked":"theDuelist:VoidVanishment+1","floor":42},{"not_picked":["theDuelist:AttackTheMoon+1","theDuelist:EvilswarmHeliotrope+1","theDuelist:MudGolem","theDuelist:ForbiddenLance+1"],"picked":"theDuelist:WingedKuriboh","floor":46},{"not_picked":["theDuelist:InjectionFairy","theDuelist:DarkMagician+1","theDuelist:MysticalElf+1","theDuelist:AncientElf+1"],"picked":"theDuelist:WhiteMagicalHat+1","floor":48}],"player_experience":98026,"relics_obtained":[{"floor":6,"key":"aspiration:ChemicalBlood"},{"floor":7,"key":"Bottled Tornado"},{"floor":8,"key":"Juzu Bracelet"},{"floor":10,"key":"Vajra"},{"floor":23,"key":"hubris:MysteriousPyramids"},{"floor":26,"key":"MawBank"},{"floor":27,"key":"Red Mask"},{"floor":30,"key":"theDuelist:BoosterPackSpellEgg"},{"floor":40,"key":"theDuelist:MillenniumArmor"},{"floor":42,"key":"infinitespire:Eraser"},{"floor":43,"key":"InkBottle"}],"event_choices":[{"damage_healed":0,"gold_gain":0,"player_choice":"Leave","duelist":true,"damage_taken":0,"max_hp_gain":0,"max_hp_loss":0,"event_name":"Relic Duplicator","floor":4,"gold_loss":0},{"damage_healed":0,"gold_gain":0,"player_choice":"Searched \u00271\u0027 times","damage_taken":0,"max_hp_gain":0,"max_hp_loss":0,"event_name":"Dead Adventurer","floor":7,"gold_loss":0},{"damage_healed":0,"gold_gain":0,"player_choice":"Grow","damage_taken":0,"max_hp_gain":0,"max_hp_loss":0,"event_name":"Living Wall","floor":11,"gold_loss":0,"cards_upgraded":["theDuelist:Electrowhip"]},{"damage_healed":0,"gold_gain":0,"cards_transformed":["theDuelist:Sparks"],"player_choice":"Transformed","damage_taken":0,"max_hp_gain":0,"max_hp_loss":0,"event_name":"Transmorgrifier","floor":14,"gold_loss":0,"cards_obtained":["theDuelist:ThousandEyesIdol"]},{"damage_healed":0,"gold_gain":100,"player_choice":"Pray","damage_taken":0,"max_hp_gain":0,"max_hp_loss":0,"event_name":"Golden Shrine","floor":20,"gold_loss":0},{"damage_healed":0,"gold_gain":0,"player_choice":"Upgraded","damage_taken":0,"max_hp_gain":0,"max_hp_loss":0,"event_name":"Upgrade Shrine","floor":22,"gold_loss":0,"cards_upgraded":["theDuelist:GrandSpellbookTower"]},{"damage_healed":0,"gold_gain":0,"player_choice":"Shed Blood","damage_taken":20,"max_hp_gain":5,"max_hp_loss":0,"event_name":"Forgotten Altar","floor":25,"gold_loss":0},{"damage_healed":0,"gold_gain":0,"player_choice":"Fought Bandits","damage_taken":0,"max_hp_gain":0,"max_hp_loss":0,"event_name":"Masked Bandits","floor":27,"gold_loss":0},{"damage_healed":0,"gold_gain":0,"player_choice":"Upgraded Two","damage_taken":0,"max_hp_gain":0,"max_hp_loss":0,"event_name":"Designer","floor":36,"gold_loss":40,"cards_upgraded":["theDuelist:AlienTelepath","theDuelist:ApprenticeIllusionMagician"]},{"cards_removed":["theDuelist:NeoMagic"],"damage_healed":0,"gold_gain":0,"player_choice":"Removed Attack","damage_taken":0,"max_hp_gain":0,"max_hp_loss":0,"event_name":"Falling","floor":37,"gold_loss":0}],"is_beta":false,"boss_relics":[{"not_picked":["infinitespire:Burning Sword","HoveringKite"],"picked":"hubris:GrandSneckoEye"},{"not_picked":["Calling Bell","theDuelist:HauntedRelic"],"picked":"infinitespire:Cupcake"}],"items_purged_floors":[13,53],"is_endless":false,"potions_floor_spawned":[1,7,8,10,16,27,29,33,35,42,46,48],"killed_by":"Shield and Spear","ascension_level":4}}