{"host":"1avr1135to2copjv","time":1613661296,"event":{"mods":["BaseMod","Colored Map","Colored Powertips","Filter the Spire","Minty Spire (QoL Compilation)","Relic Stats","StSLib","The Servant 0.9.4"],"gold_per_floor":[118,136,150,166,180,180,355,355,408,39,83,83,94,128,128,235,235,247,269,269,289,298,298,341,341,341,48,86,23,32,52,52,156,156,173,188,200,217,226,268,268,268,277,297,297,20,58,87,87,87,87],"floor_reached":50,"language":"ENG","playtime":2791,"items_purged":["Doubt","Strike_G"],"score":710,"play_id":"563b92db-bca9-4021-b9c9-7f8f0d19e071","local_time":"20210218181456","is_ascension_mode":true,"campfire_choices":[{"data":"Eviscerate","floor":6,"key":"SMITH"},{"data":"Dash","floor":8,"key":"SMITH"},{"data":"All Out Attack","floor":12,"key":"SMITH"},{"data":"Skewer","floor":15,"key":"SMITH"},{"data":"Crippling Poison","floor":23,"key":"SMITH"},{"floor":25,"key":"REST"},{"data":"Footwork","floor":32,"key":"SMITH"},{"data":"Trip","floor":41,"key":"SMITH"},{"floor":45,"key":"RECALL"},{"data":"Wraith Form v2","floor":49,"key":"SMITH"}],"circlet_count":0,"master_deck":["Strike_G","Strike_G","Strike_G","Defend_G","Defend_G","Defend_G","Defend_G","Defend_G","Survivor","Neutralize","Dash+1","Backflip","All Out Attack+1","Skewer+1","Eviscerate+1","Night Terror","Concentrate","Night Terror","Noxious Fumes+1","Crippling Poison+1","Necronomicurse","Concentrate+1","PiercingWail+1","Footwork+1","Eviscerate+1","Envenom","Trip+1","Dodge and Roll","Normality","Dodge and Roll+1","Crippling Poison","Backflip","Terror","Wraith Form v2+1"],"relics":["Snecko Eye","Happy Flower","ClockworkSouvenir","CeramicFish","Mercury Hourglass","Lantern","Sozu","Necronomicon","Ice Cream","Bag of Preparation","Sling","Du-Vu Doll","Cursed Key","Orichalcum","Prayer Wheel","Pen Nib","Akabeko"],"acts_visited":["Exordium","TheCity","TheBeyond"],"potions_floor_usage":[18],"damage_taken":[{"damage":7,"enemies":"Cultist","floor":1,"turns":6},{"damage":0,"enemies":"Jaw Worm","floor":2,"turns":2},{"damage":0,"enemies":"2 Louse","floor":3,"turns":3},{"damage":8,"enemies":"Exordium Wildlife","floor":4,"turns":5},{"damage":0,"enemies":"2 Fungi Beasts","floor":5,"turns":2},{"damage":0,"enemies":"3 Sentries","floor":11,"turns":5},{"damage":0,"enemies":"Lots of Slimes","floor":13,"turns":3},{"damage":0,"enemies":"Lagavulin","floor":14,"turns":4},{"damage":0,"enemies":"Slime Boss","floor":16,"turns":3},{"damage":8,"enemies":"3 Byrds","floor":18,"turns":3},{"damage":0,"enemies":"Spheric Guardian","floor":19,"turns":1},{"damage":0,"enemies":"Snecko","floor":21,"turns":3},{"damage":11,"enemies":"Gremlin Leader","floor":24,"turns":4},{"damage":5,"enemies":"Slavers","floor":28,"turns":3},{"damage":0,"enemies":"3 Cultists","floor":31,"turns":3},{"damage":8,"enemies":"Champ","floor":33,"turns":7},{"damage":8,"enemies":"3 Darklings","floor":35,"turns":2},{"damage":0,"enemies":"3 Shapes","floor":36,"turns":3},{"damage":11,"enemies":"Jaw Worm Horde","floor":37,"turns":2},{"damage":8,"enemies":"Spire Growth","floor":38,"turns":4},{"damage":5,"enemies":"Giant Head","floor":40,"turns":4},{"damage":0,"enemies":"4 Shapes","floor":44,"turns":4},{"damage":10,"enemies":"Reptomancer","floor":47,"turns":4},{"damage":0,"enemies":"Transient","floor":48,"turns":5},{"damage":37,"enemies":"Awakened One","floor":50,"turns":7}],"seed_played":"3134304704414193502","potions_obtained":[{"floor":2,"key":"PowerPotion"},{"floor":3,"key":"LiquidBronze"},{"floor":4,"key":"FearPotion"},{"floor":16,"key":"Dexterity Potion"}],"is_trial":false,"path_per_floor":["M","M","M","M","M","R","?","R","T","$","E","R","M","E","R","B",null,"M","M","?","M","?","R","E","R","T","$","E","$","?","M","R","B",null,"M","M","M","M","?","E","R","?","T","M","R","$","E","M","R","B"],"character_chosen":"THE_SILENT","items_purchased":["ClockworkSouvenir","CeramicFish","Bag of Preparation","Sling","Footwork","Crippling Poison","Pen Nib"],"campfire_rested":1,"item_purchase_floors":[10,10,27,27,29,46,46],"current_hp_per_floor":[63,63,63,55,55,55,55,55,55,55,55,55,55,55,55,55,70,62,62,49,49,33,33,22,44,44,44,39,39,39,39,39,31,75,67,67,56,48,48,43,43,43,43,43,43,43,33,33,33,0,0],"gold":87,"neow_bonus":"BOSS_RELIC","is_daily":false,"chose_seed":false,"campfire_upgraded":8,"win_rate":0.0,"timestamp":1613661296,"path_taken":["M","M","M","M","?","R","?","R","T","$","E","R","M","E","R","BOSS","M","M","?","M","?","R","E","R","T","$","E","$","?","M","R","BOSS","M","M","M","?","?","E","R","?","T","?","R","$","E","M","R","BOSS"],"items_purchased_type":["Relic","Relic","Relic","Relic","Card","Card","Relic"],"build_version":"2020-12-22","purchased_purges":2,"victory":false,"max_hp_per_floor":[70,70,70,70,70,70,70,70,70,70,70,70,70,70,70,70,70,70,70,75,75,75,75,75,75,75,75,75,75,75,75,75,75,75,75,75,75,75,75,75,75,75,75,75,75,75,75,75,75,75,75],"relic_stats":{"Happy Flower":[24],"counters":[25,89],"CeramicFish":171,"Pen Nib":[3],"Bag of Preparation":[24],"Orichalcum":[12],"Cursed Key":1,"Mercury Hourglass":[310],"Sozu":6,"Snecko Eye":[155,168,156,155],"Prayer Wheel":2,"Necronomicon":[28],"obtain_stats":[{"Ice Cream":24,"Lantern":14,"Happy Flower":9,"CeramicFish":10,"Pen Nib":46,"Bag of Preparation":27,"Orichalcum":40,"Sling":27,"Cursed Key":34,"Akabeko":47,"ClockworkSouvenir":10,"Mercury Hourglass":11,"Sozu":17,"Du-Vu Doll":28,"Snecko Eye":0,"Prayer Wheel":43,"Necronomicon":22,"Ring of the Snake":0},{"Ice Cream":13,"Lantern":8,"Happy Flower":5,"CeramicFish":5,"Pen Nib":22,"Bag of Preparation":13,"Orichalcum":21,"Sling":13,"Cursed Key":16,"Akabeko":23,"ClockworkSouvenir":5,"Mercury Hourglass":6,"Sozu":9,"Du-Vu Doll":14,"Snecko Eye":0,"Prayer Wheel":21,"Necronomicon":12,"Ring of the Snake":0},{"Ice Cream":42,"Lantern":28,"Happy Flower":18,"CeramicFish":18,"Pen Nib":73,"Bag of Preparation":42,"Orichalcum":69,"Sling":42,"Cursed Key":55,"Akabeko":77,"ClockworkSouvenir":18,"Mercury Hourglass":23,"Sozu":31,"Du-Vu Doll":45,"Snecko Eye":0,"Prayer Wheel":69,"Necronomicon":38,"Ring of the Snake":0}]},"card_choices":[{"not_picked":["Outmaneuver","Sucker Punch"],"picked":"Dash","floor":1},{"not_picked":["Catalyst","Bane"],"picked":"Backflip","floor":2},{"not_picked":["Dagger Spray","Outmaneuver"],"picked":"All Out Attack","floor":3},{"not_picked":["Dodge and Roll","Dagger Throw"],"picked":"Skewer","floor":4},{"not_picked":["Prepared","Acrobatics"],"picked":"Eviscerate","floor":5},{"not_picked":["Reflex","Blade Dance"],"picked":"Night Terror","floor":11},{"not_picked":["Slice","Flying Knee","Reflex"],"picked":"SKIP","floor":13},{"not_picked":["Deflect","Bane"],"picked":"Concentrate","floor":14},{"not_picked":["Doppelganger","Glass Knife"],"picked":"Night Terror","floor":16},{"not_picked":["Blade Dance+1","Slice","Infinite Blades+1"],"picked":"SKIP","floor":18},{"not_picked":["Dagger Throw","PiercingWail"],"picked":"Noxious Fumes+1","floor":19},{"not_picked":["Catalyst+1","Bane"],"picked":"Crippling Poison","floor":21},{"not_picked":["Choke","Deflect"],"picked":"Concentrate+1","floor":24},{"not_picked":["Deadly Poison","Deflect"],"picked":"PiercingWail+1","floor":28},{"not_picked":["Slice","Expertise","Outmaneuver"],"picked":"SKIP","floor":31},{"not_picked":["A Thousand Cuts","Night Terror"],"picked":"Envenom","floor":33},{"not_picked":["Sucker Punch+1","Blade Dance","Acrobatics"],"picked":"SKIP","floor":35},{"not_picked":["Sucker Punch","Finisher","Backflip"],"picked":"SKIP","floor":36},{"not_picked":["Choke","Escape Plan","Slice"],"picked":"SKIP","floor":37},{"not_picked":["Die Die Die","Noxious Fumes","Blade Dance+1"],"picked":"SKIP","floor":38},{"not_picked":["Bandage Up","Flash of Steel"],"picked":"Trip","floor":39},{"not_picked":["Dodge and Roll","Sucker Punch+1","Blade Dance"],"picked":"SKIP","floor":40},{"not_picked":["Sucker Punch+1","Blade Dance"],"picked":"Dodge and Roll","floor":40},{"not_picked":["Endless Agony","Flying Knee+1"],"picked":"Dodge and Roll+1","floor":44},{"not_picked":["Blade Dance","Outmaneuver","Heel Hook"],"picked":"SKIP","floor":44},{"not_picked":["Dodge and Roll+1","Slice+1"],"picked":"Backflip","floor":47},{"not_picked":["Reflex+1","Backflip"],"picked":"Terror","floor":48},{"not_picked":["Acrobatics","Blade Dance"],"picked":"Wraith Form v2","floor":48}],"player_experience":1052683,"relics_obtained":[{"floor":9,"key":"Happy Flower"},{"floor":11,"key":"Mercury Hourglass"},{"floor":14,"key":"Lantern"},{"floor":22,"key":"Necronomicon"},{"floor":24,"key":"Ice Cream"},{"floor":28,"key":"Du-Vu Doll"},{"floor":40,"key":"Orichalcum"},{"floor":43,"key":"Prayer Wheel"},{"floor":47,"key":"Akabeko"}],"event_choices":[{"damage_healed":0,"gold_gain":175,"player_choice":"AGREE","damage_taken":0,"max_hp_gain":0,"max_hp_loss":0,"event_name":"Liars Game","floor":7,"gold_loss":0,"cards_obtained":["Doubt"]},{"damage_healed":0,"gold_gain":0,"player_choice":"Shed Blood","damage_taken":18,"max_hp_gain":5,"max_hp_loss":0,"event_name":"Forgotten Altar","floor":20,"gold_loss":0},{"damage_healed":0,"gold_gain":0,"player_choice":"Obtained Book","damage_taken":16,"max_hp_gain":0,"max_hp_loss":0,"event_name":"Cursed Tome","floor":22,"gold_loss":0},{"damage_healed":0,"gold_gain":0,"player_choice":"Copied","damage_taken":0,"max_hp_gain":0,"max_hp_loss":0,"event_name":"Duplicator","floor":30,"gold_loss":0,"cards_obtained":["Eviscerate"]},{"damage_healed":0,"gold_gain":0,"player_choice":"Memory 1","damage_taken":0,"max_hp_gain":0,"max_hp_loss":0,"event_name":"SensoryStone","floor":39,"gold_loss":0},{"cards_removed":["Strike_G"],"damage_healed":0,"gold_gain":0,"player_choice":"Offered Basic","damage_taken":0,"max_hp_gain":0,"max_hp_loss":0,"event_name":"Bonfire Elementals","floor":42,"gold_loss":0}],"is_beta":false,"boss_relics":[{"not_picked":["SacredBark","SlaversCollar"],"picked":"Sozu"},{"not_picked":["Black Star","WristBlade"],"picked":"Cursed Key"}],"items_purged_floors":[10,46],"is_endless":false,"potions_floor_spawned":[2,3,4,14,16,19,31,33,37,44,48],"killed_by":"Awakened One","ascension_level":1}}