{"host":"684z1xpuwaoqmmh1","time":1613657635,"event":{"mods":["A Magickal Journey","BaseMod","Downfall","Hermit","Jorbs\u0027s Wanderer Trilogy","Marisa????????","Minty Spire (QoL Compilation)","Robot Space Explorer","Shade Mod","StSLib","The Bug Knight","The Dragon Tamer","The Elementalist","The Hayseed","The Hierophant","The Marked","The Mystic","The Runesmith","The Saiyan","The Senshi","The Spell Scribe","The Vixen","TheBandit","TheFirefly"],"gold_per_floor":[109,34,34,44,55,86,96,96,96,110,110,139,139,64,64,64,64],"floor_reached":16,"language":"ENG","playtime":571,"items_purged":[],"score":220,"play_id":"090d9d7a-80d2-4d6f-aa49-454522c98682","local_time":"20210218161355","is_ascension_mode":true,"campfire_choices":[{"data":"theSenshi:SailorNeptuneAssists","floor":8,"key":"SMITH"},{"data":"theSenshi:SailorStarHealerAssists","floor":11,"key":"SMITH"},{"data":"theSenshi:SailorUranusAssists","floor":13,"key":"SMITH"},{"data":"theSenshi:InTheNameOfTheMoon","floor":15,"key":"SMITH"}],"circlet_count":0,"master_deck":["AscendersBane","theSenshi:SailorKick","theSenshi:SailorKick","theSenshi:SailorKick","theSenshi:SailorKick","theSenshi:SailorBlock","theSenshi:SailorBlock","theSenshi:SailorBlock","theSenshi:RoseThrow","theSenshi:MoonPrismPowerMakeUp","theSenshi:SailorNeptuneAssists+1","theSenshi:SailorUranusAssists+1","theSenshi:SailorMercuryAssists","theSenshi:MoonPunch","theSenshi:SailorStarHealerAssists+1","theSenshi:SailorV","theSenshi:InTheNameOfTheMoon+1"],"relics":["theSenshi:TransformationBroochRelic","theSenshi:CrystalStarRelic","Bag of Marbles","TungstenRod","Molten Egg 2"],"acts_visited":["Exordium"],"potions_floor_usage":[6,7],"damage_taken":[{"damage":2,"enemies":"2 Louse","floor":1,"turns":4},{"damage":10,"enemies":"Jaw Worm","floor":4,"turns":7},{"damage":0,"enemies":"Cultist","floor":5,"turns":3},{"damage":12,"enemies":"HollowMod:MossKnight","floor":6,"turns":9},{"damage":4,"enemies":"Red Slaver","floor":7,"turns":3},{"damage":4,"enemies":"Looter","floor":10,"turns":3},{"damage":24,"enemies":"3 Sentries","floor":12,"turns":14},{"damage":54,"enemies":"Slime Boss","floor":16,"turns":9}],"seed_played":"3067601397105121001","potions_obtained":[{"floor":1,"key":"Fire Potion"},{"floor":5,"key":"Energy Potion"}],"is_trial":false,"path_per_floor":["M","?","?","M","M","E","M","R","T","M","R","E","R","$","R","B"],"character_chosen":"THE_SENSHI","items_purchased":["theSenshi:InTheNameOfTheMoon"],"campfire_rested":0,"item_purchase_floors":[14],"current_hp_per_floor":[68,68,57,49,51,41,39,39,39,42,42,40,40,40,40,0,0],"gold":64,"neow_bonus":"RANDOM_COMMON_RELIC","is_daily":false,"chose_seed":false,"campfire_upgraded":4,"win_rate":0.0,"timestamp":1613657635,"path_taken":["M","?","?","M","?","E","M","R","T","?","R","E","R","?","R","BOSS"],"items_purchased_type":["Card"],"build_version":"2020-12-22","purchased_purges":0,"victory":false,"max_hp_per_floor":[75,75,75,75,75,75,75,75,75,75,75,75,75,75,75,75,75],"card_choices":[{"not_picked":["theSenshi:MoonKick","theSenshi:DramaticEntrance"],"picked":"theSenshi:SailorNeptuneAssists","floor":1},{"not_picked":["theSenshi:TuxedoSmokingBomber","theSenshi:OdangoHead"],"picked":"theSenshi:SailorUranusAssists","floor":4},{"not_picked":["theSenshi:MoonKick","theSenshi:SailorStarMakerAssists"],"picked":"theSenshi:SailorMercuryAssists","floor":5},{"not_picked":["theSenshi:RainbowMoonHeartAche","theSenshi:TallSilhouette","theSenshi:MoonsReflection"],"picked":"SKIP","floor":6},{"not_picked":["theSenshi:SupersonicWaves","theSenshi:LunasBite"],"picked":"theSenshi:MoonPunch","floor":7},{"not_picked":["theSenshi:MoonCrystalPowerMakeUp","theSenshi:MoonPower"],"picked":"theSenshi:SailorStarHealerAssists","floor":10},{"not_picked":["theSenshi:MoonsReflection","theSenshi:SailorPlanetPower+1"],"picked":"theSenshi:SailorV","floor":12}],"player_experience":3327706,"relics_obtained":[{"floor":6,"key":"TungstenRod"},{"floor":12,"key":"Molten Egg 2"}],"event_choices":[{"cards_removed":["theSenshi:SailorBlock"],"damage_healed":0,"gold_gain":0,"player_choice":"Card Removal","damage_taken":0,"max_hp_gain":0,"max_hp_loss":0,"event_name":"The Cleric","floor":2,"gold_loss":75},{"damage_healed":0,"gold_gain":0,"player_choice":"Success","damage_taken":11,"relics_obtained":["Bag of Marbles"],"max_hp_gain":0,"max_hp_loss":0,"event_name":"Scrap Ooze","floor":3,"gold_loss":0}],"is_beta":false,"boss_relics":[],"items_purged_floors":[],"is_endless":false,"potions_floor_spawned":[1,5],"killed_by":"Slime Boss","ascension_level":20}}