{"host":"kv1pnk0cldlr55ks","time":1613615511,"event":{"mods":["AchievementEnabler","Aspiration","Bard","BaseMod","Beaked The Cultist","Better Match","Better Third Choice","BetterRewards","Colored Map","Colored Powertips","Conspire","Downfall","Friendly Minions","Gremlin Mod","Hermit","Hubris","Infinite Spire","Marisa????????","Minty Spire (QoL Compilation)","Quick Restart","Random Character Button","Rare Cards Sparkle","Relic Sorter","Remove Card Discount Mod","Replay The Spire","Robot Space Explorer","Spicy Shops","StSLib","The Blackbeard","The Cursed","The Disciple","The Necromancer","The Runesmith","The Servant 0.9.4","The Wild Card"],"gold_per_floor":[114,128,128,145,162,162,174,1,1,1,1,14,14,33,33,47,47,47,47],"floor_reached":18,"language":"ENG","playtime":856,"items_purged":[],"score":106,"play_id":"76f3f60e-3955-47da-b32e-fd33132a89f3","local_time":"20210217213151","is_ascension_mode":false,"campfire_choices":[{"floor":6,"key":"REST"},{"floor":13,"key":"REST"},{"floor":15,"key":"REST"},{"floor":17,"key":"REST"}],"circlet_count":0,"master_deck":["Strike_S","Strike_S","Strike_S","Strike_S","Defend_S","Defend_S","Defend_S","Defend_S","KidneyShot","Exchange","Strike_Br","ReplayTheSpireMod:Brewmster","Read","Starlight","Sabotage","Spin","SilverBlades","DualDimension","Comet+1","Rearm","Luminosity","BottledTime"],"relics":["Uniform","Membership Card","Ornamental Fan"],"acts_visited":["Exordium"],"potions_floor_usage":[1,2,2,7,14,18,18,18,18,18,18,18],"damage_taken":[{"damage":15,"enemies":"Small Slimes","floor":1,"turns":4},{"damage":0,"enemies":"Cultist","floor":2,"turns":3},{"damage":14,"enemies":"conspire:RoseBush","floor":4,"turns":3},{"damage":0,"enemies":"3 Louse","floor":5,"turns":1},{"damage":13,"enemies":"Gremlin Gang","floor":7,"turns":2},{"damage":7,"enemies":"Looter","floor":12,"turns":4},{"damage":11,"enemies":"Exordium Wildlife","floor":14,"turns":3},{"damage":18,"enemies":"2 Fungi Beasts","floor":16,"turns":3},{"damage":67,"enemies":"Hexaghost","floor":18,"turns":14}],"seed_played":"-3462354862297542117","potions_obtained":[{"floor":5,"key":"LiquidMemories"},{"floor":12,"key":"Guardian:BlockOnCardUsePotion"},{"floor":16,"key":"FearPotion"}],"is_trial":false,"path_per_floor":["M","M","?","M","M","R","M","$","T","PTL","PTL","M","R","M","R","M","R","B"],"character_chosen":"THE_SERVANT","items_purchased":["Membership Card","Comet+1"],"campfire_rested":4,"item_purchase_floors":[8,8],"current_hp_per_floor":[50,50,50,36,36,55,42,42,42,42,42,35,54,43,62,44,63,0,0],"gold":47,"neow_bonus":"RANDOM_COLORLESS_2","is_daily":false,"chose_seed":false,"campfire_upgraded":0,"win_rate":0.0,"timestamp":1613615511,"path_taken":["M","M","?","M","?","R","M","$","T","PTL","PTL","M","R","M","R","M","R","BOSS"],"items_purchased_type":["Relic","Card"],"build_version":"2020-12-22","purchased_purges":0,"victory":false,"max_hp_per_floor":[65,65,65,65,65,65,65,65,65,65,65,65,65,65,65,65,65,65,65],"card_choices":[{"not_picked":["ReplayTheSpireMod:Necrogeddon","Mayhem"],"picked":"ReplayTheSpireMod:Brewmster","floor":0},{"not_picked":["Collapse","SurpressingFire"],"picked":"Read","floor":1},{"not_picked":["DoubleEdge","Replace"],"picked":"Starlight","floor":2},{"not_picked":["Defy","Revamp"],"picked":"Spin","floor":4},{"not_picked":["TimeWarp","Starlight"],"picked":"SilverBlades","floor":5},{"not_picked":["Unruled","MoonPhase"],"picked":"DualDimension","floor":7},{"not_picked":["Replace","Sabotage"],"picked":"Rearm","floor":12},{"not_picked":["Solidify","Gouge"],"picked":"Luminosity","floor":14},{"not_picked":["Unruled","Starlight"],"picked":"BottledTime","floor":16}],"player_experience":361214,"relics_obtained":[{"floor":9,"key":"Ornamental Fan"}],"event_choices":[{"damage_healed":0,"gold_gain":0,"cards_transformed":["Strike_W"],"player_choice":"Transformed","damage_taken":0,"max_hp_gain":0,"max_hp_loss":0,"event_name":"Transmorgrifier","floor":3,"gold_loss":0,"cards_obtained":["Sabotage"]}],"is_beta":false,"boss_relics":[],"items_purged_floors":[],"is_endless":false,"potions_floor_spawned":[5,12,16],"killed_by":"Hexaghost","ascension_level":0}}