{"host":"onfdonezo2qmaex3","time":1613646036,"event":{"mods":["2.2 Compatiblity","AchievementEnabler","Act Like it!","Aspiration","BaseMod","Colored Powertips","Downfall","Friendly Minions","Gensokyo","Hallownest","Hermit","Highlight Path","Jorbs\u0027s Wanderer Trilogy","Marisa????????","Marked Mod","Minty Spire (QoL Compilation)","Quick Restart","Reliquary","Shop Mod","StSLib","The Disciple","The Hayseed","The Hierophant","The Marked","The Runesmith"],"gold_per_floor":[110,145,145,145,160,160,194,194,194,194,209,209,228,259,259,364,364,376,390,390,410,410,445,445,445,471,471,471,471],"floor_reached":28,"language":"ENG","playtime":1469,"items_purged":[],"score":313,"play_id":"64c64327-c582-4edb-8adb-15f39ff45db7","local_time":"20210218120036","is_ascension_mode":true,"campfire_choices":[{"data":"Blade Dance","floor":6,"key":"SMITH"},{"data":"Infinite Blades","floor":8,"key":"SMITH"},{"floor":10,"key":"RECALL"},{"data":"Burst","floor":15,"key":"SMITH"},{"data":"Cloak And Dagger","floor":25,"key":"SMITH"},{"data":"Reprogram","floor":27,"key":"SMITH"}],"circlet_count":0,"master_deck":["Strike_G","Strike_G+1","Strike_G","Defend_G","Defend_G","Defend_G","Survivor","Neutralize+1","Flying Knee","Blade Dance+1","Infinite Blades+1","Burst+1","A Thousand Cuts","Cloak And Dagger+1","Conserve Battery","Reprogram+1"],"relics":["Ring of the Snake","NeowsBlessing","Ginger","Lizard Tail","reliquary:IridiumChain","reliquary:TuningFork","aspiration:DefectSkillbook","Gensokyo:ChorusOfJoy","aspiration:ChemicalBlood"],"acts_visited":["Hallownest:Greenpath","Gensokyo:Gensokyoer"],"potions_floor_usage":[7,14,16,21,28],"damage_taken":[{"damage":3,"enemies":"Hallownest:2_Tiktiks_and_1_Crawlid","floor":1,"turns":1},{"damage":0,"enemies":"Hallownest:eliteCrystalGuardian","floor":2,"turns":1},{"damage":0,"enemies":"Hallownest:monsterHuskWarrior","floor":5,"turns":1},{"damage":12,"enemies":"Hallownest:eliteVengeflyKing","floor":7,"turns":5},{"damage":6,"enemies":"Hallownest:2_Baldur","floor":11,"turns":3},{"damage":11,"enemies":"Hallownest:1_Baldur_1_Crawlid_1_Warrior","floor":13,"turns":6},{"damage":9,"enemies":"Hallownest:eliteMossKnight","floor":14,"turns":6},{"damage":44,"enemies":"Hallownest:BossFalseKnight","floor":16,"turns":12},{"damage":14,"enemies":"Gensokyo:AngelMirror","floor":18,"turns":3},{"damage":0,"enemies":"Gensokyo:2_Gloops","floor":19,"turns":3},{"damage":8,"enemies":"Gensokyo:Wraith","floor":21,"turns":4},{"damage":35,"enemies":"Gensokyo:Koishi","floor":23,"turns":6},{"damage":14,"enemies":"Gensokyo:Slime_Group","floor":28,"turns":2}],"seed_played":"-1697188982359851608","potions_obtained":[{"floor":2,"key":"DuplicationPotion"},{"floor":7,"key":"PowerPotion"},{"floor":14,"key":"champ:CounterPotion"},{"floor":18,"key":"DuplicationPotion"},{"floor":19,"key":"sneckomod:MuddlingPotion"},{"floor":21,"key":"PowerPotion"}],"is_trial":false,"path_per_floor":["M","?","?","?","M","R","E","R","T","R","M","T","M","E","R","B",null,"M","M","?","M","?","E","?","R","T","R","M"],"character_chosen":"THE_SILENT","items_purchased":[],"campfire_rested":0,"item_purchase_floors":[],"current_hp_per_floor":[67,67,67,67,67,67,55,55,55,55,49,49,38,29,29,26,70,56,56,56,48,48,13,13,13,13,13,0,0],"gold":471,"neow_bonus":"THREE_ENEMY_KILL","is_daily":false,"chose_seed":false,"campfire_upgraded":5,"win_rate":0.0,"timestamp":1613646036,"path_taken":["M","?","?","?","M","R","E","R","T","R","M","?","?","E","R","BOSS","M","M","?","M","?","E","?","R","T","R","?"],"items_purchased_type":[],"build_version":"2020-12-22","purchased_purges":0,"victory":false,"max_hp_per_floor":[70,70,70,70,70,70,70,70,70,70,70,70,70,70,70,70,70,70,70,70,70,70,70,70,70,70,70,70,70],"card_choices":[{"not_picked":["Deflect","Backflip"],"picked":"Flying Knee","floor":1},{"not_picked":["Dodge and Roll","Underhanded Strike"],"picked":"Blade Dance","floor":2},{"not_picked":["Masterful Stab","Backstab","All Out Attack"],"picked":"SKIP","floor":5},{"not_picked":["Blade Dance","Riddle With Holes"],"picked":"Infinite Blades","floor":7},{"not_picked":["Concentrate","Catalyst"],"picked":"Burst","floor":11},{"not_picked":["Skewer","Crippling Poison","Sucker Punch"],"picked":"SKIP","floor":13},{"not_picked":["Dagger Throw","Slice","Dash"],"picked":"SKIP","floor":14},{"not_picked":["aspiration:Lunge","Night Terror"],"picked":"A Thousand Cuts","floor":16},{"not_picked":["Ball Lightning","Catalyst+1","Distraction","Dagger Throw"],"picked":"SKIP","floor":18},{"not_picked":["Melter+1","Leap","Choke"],"picked":"Cloak And Dagger","floor":19},{"not_picked":["Auto Shields","Reflex+1","Rebound"],"picked":"Conserve Battery","floor":21},{"not_picked":["Hologram","Redo+1","Setup+1"],"picked":"Reprogram","floor":23}],"player_experience":194138,"relics_obtained":[{"floor":2,"key":"Ginger"},{"floor":7,"key":"Lizard Tail"},{"floor":9,"key":"reliquary:IridiumChain"},{"floor":14,"key":"reliquary:TuningFork"},{"floor":23,"key":"Slimebound:PreparedRelic"},{"floor":26,"key":"aspiration:ChemicalBlood"}],"event_choices":[],"is_beta":false,"boss_relics":[{"not_picked":["Cursed Key","Ring of the Serpent"],"picked":"aspiration:DefectSkillbook"}],"items_purged_floors":[],"is_endless":false,"potions_floor_spawned":[2,7,14,18,19,21],"killed_by":"Gensokyo:Slime_Group","ascension_level":3}}