{"host":"3c8x8j1h2jyrixpf","time":1613671048,"event":{"mods":["BaseMod","Colored Powertips","Highlight Path","Minty Spire (QoL Compilation)","StSLib"],"gold_per_floor":[113,83,99,25,37,37,66,81,106,14,44,44,44,59,59,59,59],"floor_reached":16,"language":"ENG","playtime":470,"items_purged":[],"score":160,"play_id":"e362d534-c451-482b-8fc4-1ee2e738ca5a","local_time":"20210218115728","is_ascension_mode":true,"campfire_choices":[{"data":"Static Discharge","floor":6,"key":"SMITH"},{"data":"Tempest","floor":13,"key":"SMITH"},{"floor":15,"key":"REST"}],"circlet_count":0,"master_deck":["AscendersBane","Strike_B","Strike_B","Strike_B","Strike_B","Defend_B","Defend_B","Defend_B","Defend_B","Zap","Dualcast","Rebound","Compile Driver","Static Discharge+1","BootSequence","Tempest+1","Coolheaded","Ball Lightning","Chill","Steam","Glacier"],"relics":["Inserter","Smiling Mask","Bag of Marbles","Odd Mushroom"],"acts_visited":["Exordium"],"potions_floor_usage":[7,16],"damage_taken":[{"damage":14,"enemies":"Jaw Worm","floor":1,"turns":5},{"damage":1,"enemies":"Cultist","floor":3,"turns":3},{"damage":0,"enemies":"Small Slimes","floor":5,"turns":2},{"damage":33,"enemies":"Gremlin Nob","floor":7,"turns":5},{"damage":15,"enemies":"Gremlin Gang","floor":8,"turns":4},{"damage":12,"enemies":"The Mushroom Lair","floor":11,"turns":4},{"damage":9,"enemies":"Blue Slaver","floor":14,"turns":4},{"damage":37,"enemies":"The Guardian","floor":16,"turns":9}],"seed_played":"7701291750538682239","potions_obtained":[{"floor":1,"key":"LiquidMemories"},{"floor":2,"key":"Dexterity Potion"},{"floor":7,"key":"Strength Potion"},{"floor":8,"key":"FairyPotion"}],"is_trial":false,"path_per_floor":["M","?","M","$","M","R","E","M","T","$","?","$","R","M","R","B"],"character_chosen":"DEFECT","items_purchased":["Static Discharge","Ball Lightning","Chill"],"campfire_rested":1,"item_purchase_floors":[4,10,10],"current_hp_per_floor":[54,54,53,53,53,53,20,5,5,5,22,22,22,13,35,0,0],"gold":59,"neow_bonus":"BOSS_RELIC","is_daily":false,"chose_seed":false,"campfire_upgraded":2,"win_rate":0.0,"timestamp":1613671048,"path_taken":["M","?","M","?","M","R","E","M","T","$","?","?","R","?","R","BOSS"],"items_purchased_type":["Card","Card","Card"],"build_version":"2020-12-22","purchased_purges":0,"victory":false,"max_hp_per_floor":[75,75,75,75,75,75,75,75,75,75,75,75,75,75,75,75,75],"card_choices":[{"not_picked":["Recycle","Beam Cell"],"picked":"Rebound","floor":1},{"not_picked":["Beam Cell","Streamline"],"picked":"Compile Driver","floor":3},{"not_picked":["Reprogram","Storm"],"picked":"BootSequence","floor":5},{"not_picked":["Leap","Compile Driver"],"picked":"Tempest","floor":7},{"not_picked":["Rebound","Steam"],"picked":"Coolheaded","floor":8},{"not_picked":["Go for the Eyes","Aggregate"],"picked":"Steam","floor":11},{"not_picked":["Capacitor","Steam"],"picked":"Glacier","floor":14}],"player_experience":266918,"relics_obtained":[{"floor":7,"key":"Smiling Mask"},{"floor":9,"key":"Bag of Marbles"},{"floor":11,"key":"Odd Mushroom"}],"event_choices":[{"damage_healed":0,"gold_gain":0,"player_choice":"Bought 2 Potions","damage_taken":0,"max_hp_gain":0,"max_hp_loss":0,"event_name":"The Woman in Blue","floor":2,"gold_loss":0},{"damage_healed":0,"gold_gain":0,"player_choice":"Fought Mushrooms","damage_taken":0,"max_hp_gain":0,"max_hp_loss":0,"event_name":"Mushrooms","floor":11,"gold_loss":0}],"is_beta":false,"boss_relics":[],"items_purged_floors":[],"is_endless":false,"potions_floor_spawned":[1,7,8],"killed_by":"The Guardian","ascension_level":12}}