{"host":"3c8x8j1h2jyrixpf","time":1613670537,"event":{"mods":["BaseMod","Colored Powertips","Highlight Path","Minty Spire (QoL Compilation)","StSLib"],"gold_per_floor":[119,119,139,64,64,64,93,53,127,142,176,108,108,108,108,183,183,195,214,214,234,249,249,281,292,361,389,400,400,400,410,410,410,410],"floor_reached":33,"language":"ENG","playtime":1360,"items_purged":["Strike_R"],"score":512,"play_id":"fd88d2cc-b097-4276-a135-2631cc6e0b9b","local_time":"20210218114857","is_ascension_mode":true,"campfire_choices":[{"data":"Bash","floor":6.0,"key":"SMITH"},{"floor":13.0,"key":"REST"},{"data":"Carnage","floor":15.0,"key":"SMITH"},{"data":"Uppercut","floor":23,"key":"SMITH"},{"data":"Offering","floor":29,"key":"SMITH"},{"floor":32,"key":"REST"}],"circlet_count":0,"master_deck":["AscendersBane","Strike_R+1","Strike_R","Strike_R","Defend_R","Defend_R","Defend_R+1","Defend_R","Bash","Pommel Strike","Bash+1","Feed","Dual Wield","True Grit","Wild Strike","Carnage+1","Offering+1","Blood for Blood","Ghostly","Ghostly","Ghostly","Ghostly","Ghostly","Blood for Blood+1","Uppercut+1","Perfected Strike","Carnage","Juggernaut"],"relics":["SlaversCollar","Toy Ornithopter","White Beast Statue","Mercury Hourglass","Snecko Eye","Strawberry","Tiny Chest"],"acts_visited":["Exordium","TheCity"],"potions_floor_usage":[24,24,27,27,33],"damage_taken":[{"damage":10.0,"enemies":"2 Louse","floor":1.0,"turns":2.0},{"damage":10.0,"enemies":"Cultist","floor":3.0,"turns":5.0},{"damage":24.0,"enemies":"Gremlin Nob","floor":7.0,"turns":4.0},{"damage":1.0,"enemies":"Jaw Worm","floor":10.0,"turns":5.0},{"damage":35.0,"enemies":"Lagavulin","floor":11.0,"turns":8.0},{"damage":28.0,"enemies":"The Guardian","floor":16.0,"turns":9.0},{"damage":12,"enemies":"Spheric Guardian","floor":18,"turns":3},{"damage":14,"enemies":"2 Thieves","floor":19,"turns":4},{"damage":7,"enemies":"Shelled Parasite and Fungi","floor":21,"turns":5},{"damage":4,"enemies":"Snake Plant","floor":22,"turns":3},{"damage":10,"enemies":"Slavers","floor":24,"turns":5},{"damage":1,"enemies":"Centurion and Healer","floor":25,"turns":5},{"damage":25,"enemies":"Gremlin Leader","floor":27,"turns":4},{"damage":2,"enemies":"Sentry and Sphere","floor":28,"turns":3},{"damage":16,"enemies":"3 Cultists","floor":31,"turns":4},{"damage":105,"enemies":"Champ","floor":33,"turns":9}],"seed_played":"2015199943715806721","potions_obtained":[{"floor":3.0,"key":"EntropicBrew"},{"floor":8.0,"key":"ElixirPotion"},{"floor":10.0,"key":"EntropicBrew"},{"floor":16.0,"key":"FearPotion"},{"floor":18,"key":"PowerPotion"},{"floor":21,"key":"Explosive Potion"},{"floor":24,"key":"HeartOfIron"},{"floor":25,"key":"PowerPotion"},{"floor":27,"key":"Dexterity Potion"},{"floor":28,"key":"PowerPotion"},{"floor":30,"key":"FairyPotion"}],"is_trial":false,"path_per_floor":["M","?","M","$","?","R","E","?","T","M","E","$","R","?","R","B",null,"M","M","?","M","M","R","E","M","T","E","M","R","?","M","R","B"],"character_chosen":"IRONCLAD","items_purchased":["Carnage"],"campfire_rested":2,"item_purchase_floors":[12],"current_hp_per_floor":[62,62,55,55,48,48,27,27,27,29,7,7,34,16,16,30,79,70,59,50,46,45,45,52,54,54,42,40,40,40,24,44,0,0],"gold":410,"neow_bonus":"BOSS_RELIC","is_daily":false,"chose_seed":false,"campfire_upgraded":4,"win_rate":0.0,"timestamp":1613670537,"path_taken":["M","?","?","$","?","R","E","?","T","?","E","$","R","?","R","BOSS","M","M","?","M","M","R","E","M","T","E","M","R","?","?","R","BOSS"],"items_purchased_type":["Card"],"build_version":"2020-12-22","purchased_purges":1,"victory":false,"max_hp_per_floor":[80,80,83,83,83,83,86,86,86,89,92,92,92,92,92,95,95,98,101,50,53,56,56,63,66,66,69,69,69,69,69,69,69,69],"card_choices":[{"not_picked":["Flex","Rampage"],"picked":"Pommel Strike","floor":1.0},{"not_picked":["Metallicize","Armaments"],"picked":"Dual Wield","floor":3.0},{"not_picked":["Heavy Blade","Iron Wave"],"picked":"True Grit","floor":7.0},{"not_picked":["Perfected Strike","Clash"],"picked":"Wild Strike","floor":10.0},{"not_picked":["Flex","Entrench","Second Wind"],"picked":"SKIP","floor":11.0},{"not_picked":["Berserk","Juggernaut"],"picked":"Offering","floor":16.0},{"not_picked":["Iron Wave","Twin Strike","Wild Strike"],"picked":"SKIP","floor":18},{"not_picked":["Pommel Strike","Flex"],"picked":"Blood for Blood","floor":19},{"not_picked":["Warcry","Offering"],"picked":"Blood for Blood+1","floor":21},{"not_picked":["Heavy Blade","Wild Strike"],"picked":"Uppercut","floor":22},{"not_picked":["Heavy Blade","Fire Breathing","Cleave"],"picked":"SKIP","floor":24},{"not_picked":["Anger","Heavy Blade"],"picked":"Perfected Strike","floor":25},{"not_picked":["Thunderclap","Rage"],"picked":"Carnage","floor":27},{"not_picked":["Rampage","Twin Strike+1","Shrug It Off"],"picked":"SKIP","floor":28},{"not_picked":["Uppercut","Sword Boomerang+1"],"picked":"Juggernaut","floor":31}],"player_experience":265558,"relics_obtained":[{"floor":7.0,"key":"Toy Ornithopter"},{"floor":9.0,"key":"White Beast Statue"},{"floor":11.0,"key":"Mercury Hourglass"},{"floor":24,"key":"Strawberry"},{"floor":27,"key":"Tiny Chest"}],"event_choices":[{"damage_healed":0.0,"max_hp_gain":0.0,"max_hp_loss":0.0,"gold_gain":0.0,"event_name":"Match and Keep!","player_choice":"2 cards matched","floor":2.0,"gold_loss":0.0,"damage_taken":0.0,"cards_obtained":["Bash","Feed"]},{"cards_removed":["Strike_R"],"damage_healed":0.0,"max_hp_gain":0.0,"max_hp_loss":0.0,"gold_gain":0.0,"event_name":"Golden Wing","player_choice":"Card Removal","floor":5.0,"gold_loss":0.0,"damage_taken":7.0},{"damage_healed":0.0,"max_hp_gain":0.0,"max_hp_loss":0.0,"gold_gain":0.0,"event_name":"The Woman in Blue","player_choice":"Bought 3 Potions","floor":8.0,"gold_loss":0.0,"damage_taken":0.0},{"damage_healed":0.0,"max_hp_gain":0.0,"max_hp_loss":0.0,"gold_gain":0.0,"event_name":"Shining Light","player_choice":"Entered Light","floor":14.0,"gold_loss":0.0,"damage_taken":18.0,"cards_upgraded":["Defend_R","Strike_R"]},{"damage_healed":0,"gold_gain":0,"player_choice":"Became a Ghost","damage_taken":0,"max_hp_gain":0,"max_hp_loss":51,"event_name":"Ghosts","floor":20,"gold_loss":0,"cards_obtained":["Ghostly","Ghostly","Ghostly","Ghostly","Ghostly"]},{"damage_healed":0,"gold_gain":0,"player_choice":"Got Potions","damage_taken":0,"max_hp_gain":0,"max_hp_loss":0,"event_name":"Lab","floor":30,"gold_loss":0}],"is_beta":false,"boss_relics":[{"not_picked":["Fusion Hammer","Busted Crown"],"picked":"Snecko Eye"}],"items_purged_floors":[4],"is_endless":false,"potions_floor_spawned":[3,10,11,16,18,19,21,22,24,25,27,28,31],"killed_by":"Champ","ascension_level":13}}