{"host":"Jedit","time":1613689278,"event":{"mods":["BaseMod","Minty Spire (QoL Compilation)","Relic Stats","StSLib"],"gold_per_floor":[114,8,22,22,35,68,68,68,68],"floor_reached":8,"language":"ENG","playtime":183,"items_purged":[],"score":112,"play_id":"49baa8d4-fb9b-457f-9541-ea36281a66de","local_time":"20210218230118","is_ascension_mode":true,"campfire_choices":[{"floor":7,"key":"REST"}],"circlet_count":0,"master_deck":["AscendersBane","Strike_G","Strike_G","Strike_G","Strike_G","Defend_G","Defend_G","Defend_G","Defend_G","Defend_G","Survivor","Neutralize","Deadly Poison","Poisoned Stab","Flying Knee","Poisoned Stab","Poisoned Stab","Envenom"],"relics":["Ring of the Snake","NeowsBlessing","Incense Burner"],"acts_visited":["Exordium"],"potions_floor_usage":[],"damage_taken":[{"damage":0,"enemies":"2 Louse","floor":1,"turns":1},{"damage":0,"enemies":"Cultist","floor":3,"turns":1},{"damage":0,"enemies":"Small Slimes","floor":5,"turns":1},{"damage":33,"enemies":"Gremlin Nob","floor":6,"turns":4},{"damage":43,"enemies":"3 Sentries","floor":8,"turns":5}],"seed_played":"-5873004701238072773","potions_obtained":[],"is_trial":false,"path_per_floor":["M","$","M","?","M","E","R","E"],"character_chosen":"THE_SILENT","items_purchased":["Poisoned Stab","Flying Knee"],"campfire_rested":1,"item_purchase_floors":[2,2],"current_hp_per_floor":[59,59,59,59,59,26,45,2,2],"gold":68,"neow_bonus":"THREE_ENEMY_KILL","is_daily":false,"chose_seed":false,"campfire_upgraded":0,"win_rate":0.0,"timestamp":1613689278,"path_taken":["M","$","M","?","?","E","R","E"],"items_purchased_type":["Card","Card"],"build_version":"2020-12-18","purchased_purges":0,"victory":false,"max_hp_per_floor":[66,66,66,66,66,66,66,66,66],"relic_stats":{"counters":[5,12],"obtain_stats":[{"NeowsBlessing":0,"Incense Burner":6,"Ring of the Snake":0},{"NeowsBlessing":0,"Incense Burner":4,"Ring of the Snake":0},{"NeowsBlessing":0,"Incense Burner":7,"Ring of the Snake":0}],"Ring of the Snake":[10]},"card_choices":[{"not_picked":["Dodge and Roll","Quick Slash"],"picked":"Deadly Poison","floor":1},{"not_picked":["Slice","Bane"],"picked":"Poisoned Stab","floor":3},{"not_picked":["Deflect","PiercingWail"],"picked":"Poisoned Stab","floor":5},{"not_picked":["Cloak And Dagger","Dagger Throw"],"picked":"Envenom","floor":6}],"player_experience":3485965,"relics_obtained":[{"floor":6,"key":"Incense Burner"}],"event_choices":[{"cards_removed":["Strike_G"],"damage_healed":0,"gold_gain":0,"player_choice":"Purged","damage_taken":0,"max_hp_gain":0,"max_hp_loss":0,"event_name":"Purifier","floor":4,"gold_loss":0}],"is_beta":true,"boss_relics":[],"items_purged_floors":[],"is_endless":false,"potions_floor_spawned":[],"killed_by":"3 Sentries","ascension_level":20}}