{"host":"acw864156wjp8gcv","time":1613659707,"event":{"mods":["2.2 Compatiblity","AchievementEnabler","Ascension Reborn","Aspiration","BaseMod","Beaked The Cultist","Better Altar","Better Match","Better Note","Better Sensory Stone","Better Silent Start","Better Skull","Better Third Choice","Better Vampires","BetterRewards","Challenge The Spire","Colored Map","Colored Powertips","Conspire","Curses Come First","Downfall","Energized Spire","GifTheSpireLib","Halation","Hubris","Infinite Spire","Ironclad Rager","Jedi Mod","Mimic Mod","Minty Spire (QoL Compilation)","Permanent Neow","Relic Sorter","Replay The Spire","Robot Space Explorer","Shop Mod","Spicy Shops","Spikes Relics","StSLib","Stuff the Spire","The Blue Laboratory","The Construct","The Jungle","The Marked","Wandering Minibosses","everything is the same but u backflip on backflip"],"gold_per_floor":[111,66,66,83,83,120,157,157,213,270,293,339,377,114,114,380,380,424,374,374,374,413,413,476,518,576,657,75,75,113,145,145,337,337,398,473,544,104,772,894,894,1090,1162,1162,1162,1318,1318,1489,1489,1529,1529,1529,779,906,976],"floor_reached":56,"language":"ENG","playtime":1277,"items_purged":["construct:Defend_Gold+1","construct:Defend_Gold+1","construct:Defend_Gold+1","construct:Defend_Gold+1","construct:DefenseMode+1","construct:Strike_Gold+2","construct:Strike_Gold+2"],"score":475,"play_id":"26174b34-7e63-4bdf-8366-a8662b54c585","local_time":"20210218084827","is_ascension_mode":true,"campfire_choices":[{"data":"construct:Autoturret+1","floor":8.0,"key":"SMITH"},{"data":"construct:VentSteam","floor":15.0,"key":"SMITH"},{"data":"construct:SweepLaser","floor":23.0,"key":"SMITH"},{"data":"construct:VentSteam+1","floor":29,"key":"SMITH"},{"data":"construct:SweepLaser+1","floor":32,"key":"SMITH"},{"data":"construct:SweepLaser","floor":41,"key":"SMITH"},{"data":"construct:SweepLaser+1","floor":44,"key":"SMITH"},{"floor":49,"key":"RECALL"},{"data":"infinitespire:Collect","floor":52,"key":"SMITH"}],"circlet_count":0,"master_deck":["Whirlwind+8","construct:Strike_Gold+2","construct:Strike_Gold+2","construct:Strike_Gold+2","construct:AttackMode+2","construct:Autoturret+2","construct:SweepLaser+2","construct:Reserves","construct:VentSteam+2","construct:SweepLaser+2","infinitespire:Collect+1","construct:Defend_Gold+2"],"relics":["construct:ClockworkPhoenix","Oddly Smooth Stone","Replay:Bandana","ReplayFunnel","Happy Flower","aspiration:TomeofQuesting","RollingBoulder","Nunchaku","Strange Spoon","BargainBundle","hubris:Potato","halation:QuantumPhysicsTextbook","Busted Crown","Gambling Chip","conspire:DeflatedDodgeball","construct:MegaBattery","Bottled Tornado","hubris:MysteriousPyramids","StoneCalendar","halation:Sosunser","Rawhide","infinitespire:EvilPickle","Replay:PocketPolymizer","Gremlin Food","Onion Ring","wanderingMiniBosses:LockLocket","Lantern","jedi:bottledfury","hubris:BundleOfHerbs","Shuriken","aspiration:RitualDagger","StuffTheSpire:Mouthbags","LugNut","StuffTheSpire:CocoNut","jedi:crownofsimplicity"],"acts_visited":["Exordium","TheCity","TheBeyond","TheEnding"],"potions_floor_usage":[],"damage_taken":[{"damage":0.0,"enemies":"Jaw Worm","floor":1.0,"turns":2.0},{"damage":0.0,"enemies":"2 Louse","floor":4.0,"turns":1.0},{"damage":0.0,"enemies":"3 Sentries","floor":6.0,"turns":2.0},{"damage":0.0,"enemies":"Small Slimes","floor":7.0,"turns":1.0},{"damage":0.0,"enemies":"Blue Slaver","floor":10.0,"turns":2.0},{"damage":0.0,"enemies":"Blue Slaver","floor":11.0,"turns":1.0},{"damage":0.0,"enemies":"Replay:BlueRogue","floor":12.0,"turns":1.0},{"damage":0.0,"enemies":"Exordium Thugs","floor":13.0,"turns":1.0},{"damage":0.0,"enemies":"Fading Forest","floor":16.0,"turns":5.0},{"damage":0.0,"enemies":"Spheric Guardian","floor":18.0,"turns":2.0},{"damage":0.0,"enemies":"Shell Parasite","floor":22.0,"turns":1.0},{"damage":0.0,"enemies":"conspire:SneckoGhost","floor":24.0,"turns":1.0},{"damage":0.0,"enemies":"Snake Plant","floor":25.0,"turns":1.0},{"damage":0,"enemies":"Nightmare","floor":27,"turns":2},{"damage":0,"enemies":"Chosen and Byrds","floor":30,"turns":1},{"damage":0,"enemies":"Centurion and Healer","floor":31,"turns":1},{"damage":0,"enemies":"Pondfish","floor":33,"turns":3},{"damage":0,"enemies":"3 Shapes","floor":35,"turns":1},{"damage":0,"enemies":"3 Darklings","floor":36,"turns":1},{"damage":0,"enemies":"Writhing Mass","floor":37,"turns":1},{"damage":0,"enemies":"Maw","floor":39,"turns":4},{"damage":0,"enemies":"Nightmare","floor":40,"turns":1},{"damage":0,"enemies":"Transient","floor":42,"turns":4},{"damage":0,"enemies":"4 Shapes","floor":43,"turns":3},{"damage":0,"enemies":"Nemesis","floor":46,"turns":1},{"damage":0,"enemies":"R_Hoarder","floor":48,"turns":2},{"damage":13,"enemies":"Time Eater","floor":50,"turns":2},{"damage":0,"enemies":"Shield and Spear","floor":54,"turns":1},{"damage":19,"enemies":"The Heart","floor":55,"turns":4}],"seed_played":"-180987106355773339","potions_obtained":[{"floor":1.0,"key":"Energy Potion"},{"floor":4.0,"key":"CultistPotion"},{"floor":4.0,"key":"blueLaboratory:BottledHope"},{"floor":12.0,"key":"Strength Potion"},{"floor":31,"key":"Slimebound:ThreeZeroPotion"},{"floor":48,"key":"SteroidPotion"}],"is_trial":false,"path_per_floor":["M","$","?","M","?","E","M","R","T","MIM","M","E","M","$","R","B",null,"M","?","T","?","M","R","E","M","T","NM","$","R","M","M","R","B",null,"M","M","M","$","M","NM","R","M","MIM","R","?","E","AVR","E","R","B",null,"R","$","E","B",null],"character_chosen":"THE_CONSTRUCT_MOD","items_purchased":["Oddly Smooth Stone","Blue Doll","Nunchaku","Strange Spoon","BargainBundle","hubris:Potato","StoneCalendar","halation:Sosunser","Gremlin Food","Onion Ring","LugNut","StuffTheSpire:CocoNut"],"campfire_rested":0,"item_purchase_floors":[2,2,14,14,14,14,28,28,38,38,53,53],"current_hp_per_floor":[90,90,90,90,90,90,90,90,90,90,90,90,90,90,90,95,95,95,95,95,95,95,95,95,95,95,95,95,95,95,95,95,100,100,100,100,100,100,100,100,100,100,100,100,100,100,100,100,100,94,105,105,112,112,100],"gold":976,"neow_bonus":"UPGRADE_CARD","is_daily":false,"chose_seed":false,"campfire_upgraded":8,"win_rate":0.0,"timestamp":1613659707,"path_taken":["M","$","?","M","?","E","M","R","T","?","?","E","M","$","R","BOSS","M","?","?","?","M","R","E","M","T","NM","$","R","M","M","R","BOSS","M","M","M","$","M","NM","R","M","MIM","R","?","E","AVR","E","R","BOSS","R","$","E","BOSS"],"items_purchased_type":["Relic","Relic","Relic","Relic","Relic","Relic","Relic","Relic","Relic","Relic","Relic","Relic"],"build_version":"2020-12-22","purchased_purges":7,"victory":true,"max_hp_per_floor":[90,90,90,90,90,90,90,90,90,90,90,90,90,90,90,95,95,95,95,95,95,95,95,95,95,95,95,95,95,95,95,95,100,100,100,100,100,100,100,100,100,100,100,100,100,100,100,100,100,105,105,105,112,112,117],"card_choices":[{"not_picked":["construct:Versatility+1","construct:VentSteam+1"],"picked":"construct:Autoturret+1","floor":1.0},{"not_picked":["construct:SaveState","construct:Boost","construct:FocusedBeam+1"],"picked":"SKIP","floor":4.0},{"not_picked":["construct:OmegaCannon+1","construct:ScrapCannon+1"],"picked":"construct:SweepLaser","floor":6.0},{"not_picked":["construct:Multistage","construct:Construct_Overclock"],"picked":"construct:Reserves","floor":6.0},{"not_picked":["construct:Isolate","construct:Anticipate+1","construct:Forcefield"],"picked":"SKIP","floor":7.0},{"not_picked":["construct:HeavyBolt","construct:CripplingShot"],"picked":"construct:VentSteam","floor":10.0},{"not_picked":["construct:Backup","construct:HardReboot","construct:Disrupt"],"picked":"SKIP","floor":11.0},{"not_picked":["construct:Autoturret","construct:FocusedBeam","construct:VentSteam"],"picked":"SKIP","floor":12.0},{"not_picked":["construct:Versatility","construct:CriticalHit+1","construct:HardReboot"],"picked":"SKIP","floor":12.0},{"not_picked":["construct:FocusedBeam","construct:Anticipate"],"picked":"construct:SweepLaser","floor":13.0},{"not_picked":["construct:Reinforce"],"picked":"SKIP","floor":18.0},{"not_picked":["construct:Forcefield"],"picked":"SKIP","floor":22.0},{"not_picked":["construct:FocusedBeam"],"picked":"SKIP","floor":24.0},{"not_picked":["construct:Boost"],"picked":"SKIP","floor":25.0},{"not_picked":["construct:ScrapCannon"],"picked":"SKIP","floor":27},{"not_picked":["construct:Reinforce"],"picked":"SKIP","floor":30},{"not_picked":["construct:Disrupt"],"picked":"SKIP","floor":31},{"not_picked":["construct:SweepLaser"],"picked":"SKIP","floor":35},{"not_picked":["construct:SyphonStrike+1"],"picked":"SKIP","floor":36},{"not_picked":["construct:SweepLaser+1"],"picked":"SKIP","floor":37},{"not_picked":["construct:SyphonStrike+1"],"picked":"SKIP","floor":39},{"not_picked":["construct:ClusterMines"],"picked":"SKIP","floor":40},{"not_picked":["construct:Accumulate+1"],"picked":"SKIP","floor":42},{"not_picked":["construct:SiegeForm"],"picked":"SKIP","floor":46},{"not_picked":["construct:Analyze+1"],"picked":"SKIP","floor":48},{"not_picked":["construct:ShiftStrike+1"],"picked":"SKIP","floor":54}],"player_experience":188238,"relics_obtained":[{"floor":6.0,"key":"Replay:Bandana"},{"floor":9.0,"key":"ReplayFunnel"},{"floor":9.0,"key":"Happy Flower"},{"floor":10.0,"key":"aspiration:TomeofQuesting"},{"floor":12.0,"key":"RollingBoulder"},{"floor":16.0,"key":"halation:QuantumPhysicsTextbook"},{"floor":20.0,"key":"Gambling Chip"},{"floor":20.0,"key":"conspire:DeflatedDodgeball"},{"floor":24.0,"key":"construct:MegaBattery"},{"floor":26.0,"key":"Bottled Tornado"},{"floor":27,"key":"hubris:MysteriousPyramids"},{"floor":30,"key":"Rawhide"},{"floor":33,"key":"Replay:PocketPolymizer"},{"floor":39,"key":"wanderingMiniBosses:LockLocket"},{"floor":39,"key":"Lantern"},{"floor":40,"key":"jedi:bottledfury"},{"floor":43,"key":"hubris:BundleOfHerbs"},{"floor":46,"key":"Shuriken"},{"floor":48,"key":"StuffTheSpire:Mouthbags"},{"floor":54,"key":"jedi:crownofsimplicity"}],"event_choices":[{"damage_healed":0.0,"max_hp_gain":0.0,"max_hp_loss":0.0,"gold_gain":0.0,"event_name":"The Joust","player_choice":"Bet on Murderer","floor":19.0,"gold_loss":50.0,"damage_taken":0.0},{"damage_healed":0.0,"max_hp_gain":0.0,"max_hp_loss":0.0,"gold_gain":0.0,"event_name":"betterNote:BetterNote","player_choice":"Ignored","floor":21.0,"gold_loss":0.0,"damage_taken":0.0,"cards_obtained":["construct:SweepLaser"]}],"is_beta":false,"boss_relics":[{"not_picked":["Calling Bell","Abe\u0027s Treasure"],"picked":"Busted Crown"},{"not_picked":["halation:CatFaceCupcake","hubris:GrandSneckoEye","hubris:BlackHole"]}],"items_purged_floors":[2,14,28,28,38,53,53],"is_endless":false,"potions_floor_spawned":[4,12,13,16,18,22,27,30,37,42,46,48,54],"ascension_level":-20}}