{"host":"adi","time":1613685599,"event":{"mods":["AchievementEnabler","BaseMod","Bestiary","Colored Powertips","Minty Spire (QoL Compilation)","StSLib"],"gold_per_floor":[110,129,129,129,57,89,89,89,128,128,165,195,207,235,247,39,39,133,133,146,162,162,162,181,25,25,25,25,25,49,73,73,73,96,96,96],"floor_reached":35,"language":"ENG","playtime":1852,"items_purged":["Parasite"],"score":493,"play_id":"b2ed4c44-dee3-45c1-a037-816012d6ef16","local_time":"20210218225959","is_ascension_mode":true,"campfire_choices":[{"data":"Armaments","floor":8,"key":"SMITH"},{"data":"Entrench","floor":15,"key":"SMITH"},{"data":"Barricade","floor":17,"key":"SMITH"},{"data":"True Grit","floor":26,"key":"SMITH"},{"data":"Offering","floor":32,"key":"SMITH"}],"circlet_count":0,"master_deck":["AscendersBane","Strike_R","Strike_R","Strike_R","Strike_R","Defend_R","Defend_R","Defend_R","Defend_R","Bash","Entrench+1","Armaments+1","Flame Barrier","True Grit+1","Metallicize","Barricade+1","Intimidate","Entrench+1","Offering+1","Flame Barrier","Shrug It Off+1","Seeing Red"],"relics":["Burning Blood","NeowsBlessing","Letter Opener","Vajra","Golden Idol","Question Card","MawBank","DollysMirror","Runic Dome","Membership Card"],"acts_visited":["TheCity"],"potions_floor_usage":[9,18,18,35],"damage_taken":[{"damage":0,"enemies":"Jaw Worm","floor":1,"turns":1},{"damage":0,"enemies":"Small Slimes","floor":2,"turns":1},{"damage":0,"enemies":"Lagavulin","floor":6,"turns":1},{"damage":27,"enemies":"3 Sentries","floor":9,"turns":8},{"damage":0,"enemies":"2 Louse","floor":11,"turns":4},{"damage":18,"enemies":"Exordium Thugs","floor":12,"turns":5},{"damage":18,"enemies":"Large Slime","floor":14,"turns":11},{"damage":30,"enemies":"Slime Boss","floor":18,"turns":13},{"damage":8,"enemies":"Shell Parasite","floor":20,"turns":10},{"damage":6,"enemies":"Spheric Guardian","floor":21,"turns":13},{"damage":11,"enemies":"Snake Plant","floor":24,"turns":6},{"damage":17,"enemies":"Centurion and Healer","floor":31,"turns":23},{"damage":21,"enemies":"Sentry and Sphere","floor":34,"turns":13},{"damage":34,"enemies":"Slavers","floor":35,"turns":3}],"seed_played":"2688338958782963103","potions_obtained":[{"floor":1,"key":"Fire Potion"},{"floor":6,"key":"ColorlessPotion"},{"floor":9,"key":"Fire Potion"},{"floor":18,"key":"PowerPotion"},{"floor":24,"key":"SmokeBomb"},{"floor":28,"key":"DuplicationPotion"}],"is_trial":false,"path_per_floor":["M","M","?","?","$","E","?","R","E","T","M","M","?","M","R","$","R","B",null,"M","M","?","$","M","$","R","?","?","$","T","M","R","$","M","E"],"character_chosen":"IRONCLAD","items_purchased":["Flame Barrier","DollysMirror","Membership Card"],"campfire_rested":0,"item_purchase_floors":[5,16,25],"current_hp_per_floor":[74,75,63,68,68,74,54,54,33,33,39,27,47,35,35,35,35,11,61,59,59,59,59,54,54,54,54,54,54,54,43,43,43,28,0,0],"gold":96,"neow_bonus":"THREE_ENEMY_KILL","is_daily":false,"chose_seed":false,"campfire_upgraded":5,"win_rate":0.0,"timestamp":1613685599,"path_taken":["M","M","?","?","$","E","?","R","E","T","?","M","?","M","R","$","R","BOSS","M","M","?","?","M","$","R","?","?","$","T","?","R","$","M","E"],"items_purchased_type":["Card","Relic","Relic"],"build_version":"2020-12-18","purchased_purges":1,"victory":false,"max_hp_per_floor":[75,75,75,80,80,80,80,80,80,80,80,80,80,80,80,77,77,77,77,77,77,77,77,77,77,77,77,77,77,77,77,77,77,77,77,77],"card_choices":[{"not_picked":["Iron Wave","Uppercut"],"picked":"Entrench","floor":1},{"not_picked":["Clash","Pummel"],"picked":"Armaments","floor":2},{"not_picked":["Armaments","Dual Wield","Dropkick"],"picked":"SKIP","floor":6},{"not_picked":["Dark Embrace","Bloodletting"],"picked":"True Grit","floor":9},{"not_picked":["Fire Breathing","Twin Strike","Armaments"],"picked":"Metallicize","floor":11},{"not_picked":["Headbutt","Bloodletting","Clothesline"],"picked":"Barricade","floor":12},{"not_picked":["Fire Breathing","Sever Soul","Rupture"],"picked":"Intimidate","floor":14},{"not_picked":["Fiend Fire","Demon Form","Brutality"],"picked":"Offering","floor":18},{"not_picked":["Thunderclap","Evolve+1","Perfected Strike+1"],"picked":"Flame Barrier","floor":20},{"not_picked":["Havoc+1","Bloodletting+1","Iron Wave"],"picked":"Shrug It Off+1","floor":21},{"not_picked":["Twin Strike","Clothesline","Rampage","Heavy Blade+1"],"picked":"SKIP","floor":24},{"not_picked":["Flex","Rage","Thunderclap+1","Heavy Blade"],"picked":"SKIP","floor":31},{"not_picked":["Havoc","Uppercut","Wild Strike"],"picked":"Seeing Red","floor":34}],"player_experience":445093,"relics_obtained":[{"floor":6,"key":"Vajra"},{"floor":9,"key":"Question Card"},{"floor":10,"key":"MawBank"}],"event_choices":[{"damage_healed":0,"gold_gain":0,"player_choice":"Success","damage_taken":12,"relics_obtained":["Letter Opener"],"max_hp_gain":0,"max_hp_loss":0,"event_name":"Scrap Ooze","floor":3,"gold_loss":0},{"damage_healed":0,"gold_gain":0,"player_choice":"Donut","damage_taken":0,"max_hp_gain":5,"max_hp_loss":0,"event_name":"Big Fish","floor":4,"gold_loss":0},{"damage_healed":0,"gold_gain":0,"player_choice":"Take Damage","damage_taken":20,"relics_obtained":["Golden Idol"],"max_hp_gain":0,"max_hp_loss":0,"event_name":"Golden Idol","floor":7,"gold_loss":0},{"damage_healed":20,"gold_gain":0,"player_choice":"Healed and dodged fight","damage_taken":0,"max_hp_gain":0,"max_hp_loss":0,"event_name":"Mushrooms","floor":13,"gold_loss":0,"cards_obtained":["Parasite"]},{"cards_removed":["Strike_R"],"damage_healed":0,"gold_gain":0,"player_choice":"Purged","damage_taken":0,"max_hp_gain":0,"max_hp_loss":0,"event_name":"Purifier","floor":22,"gold_loss":0},{"damage_healed":0,"gold_gain":0,"player_choice":"Got Potions","damage_taken":0,"max_hp_gain":0,"max_hp_loss":0,"event_name":"Lab","floor":28,"gold_loss":0}],"is_beta":true,"boss_relics":[{"not_picked":["SacredBark","Empty Cage"],"picked":"Runic Dome"}],"items_purged_floors":[16],"is_endless":false,"potions_floor_spawned":[1,6,9,18,24,34],"killed_by":"Slavers","ascension_level":14}}