{"host":"qc268ltokmxwqyrx","time":1613616132,"event":{"mods":["BaseMod","Colored Map","Colored Powertips","Minty Spire (QoL Compilation)","Relic Stats","Slay the Relics Exporter","StSLib","ojb\u0027s Info Mod"],"gold_per_floor":[111,128,54,54,69,69,95,112,112,112,126,126,141,161,161,236,236,251,251,269,1,21,47,47,75,75,75,75,88,88,88],"floor_reached":30,"language":"ENG","playtime":18036,"items_purged":[],"score":569,"play_id":"c2324ada-9614-444d-be74-85cbe15c8de7","local_time":"20210217204212","is_ascension_mode":true,"campfire_choices":[{"data":"Bludgeon","floor":6.0,"key":"SMITH"},{"data":"Fiend Fire","floor":10.0,"key":"SMITH"},{"data":"Burning Pact","floor":15.0,"key":"SMITH"},{"floor":24.0,"key":"REST"},{"floor":27,"key":"REST"}],"circlet_count":0,"master_deck":["AscendersBane","Defend_R","Defend_R","Defend_R","Defend_R","Bash","Normality","Bludgeon+1","Cleave","Wild Strike","Metallicize","Fiend Fire+1","Metallicize","True Grit","Shrug It Off","Wild Strike","Burning Pact+1","Disarm","Juggernaut","Feel No Pain","Apotheosis","Shrug It Off+1","Bite","Bite","Bite","Bite","Bite"],"relics":["Burning Blood","GremlinMask","Art of War","Pear","Mark of Pain","Toxic Egg 2","Charon\u0027s Ashes","The Courier"],"acts_visited":["Exordium","TheCity"],"potions_floor_usage":[25],"damage_taken":[{"damage":10.0,"enemies":"2 Louse","floor":1.0,"turns":4.0},{"damage":1.0,"enemies":"Cultist","floor":2.0,"turns":4.0},{"damage":5.0,"enemies":"Small Slimes","floor":5.0,"turns":3.0},{"damage":11.0,"enemies":"3 Sentries","floor":7.0,"turns":7.0},{"damage":10.0,"enemies":"2 Fungi Beasts","floor":8.0,"turns":3.0},{"damage":10.0,"enemies":"Gremlin Gang","floor":11.0,"turns":5.0},{"damage":7.0,"enemies":"Exordium Thugs","floor":13.0,"turns":4.0},{"damage":8.0,"enemies":"Looter","floor":14.0,"turns":2.0},{"damage":8.0,"enemies":"The Guardian","floor":16.0,"turns":15.0},{"damage":14.0,"enemies":"Shell Parasite","floor":18.0,"turns":6.0},{"damage":1.0,"enemies":"3 Byrds","floor":20.0,"turns":6.0},{"damage":14.0,"enemies":"Centurion and Healer","floor":22.0,"turns":6.0},{"damage":63.0,"enemies":"Book of Stabbing","floor":23.0,"turns":8.0},{"damage":29,"enemies":"Gremlin Leader","floor":25,"turns":9},{"damage":32,"enemies":"Snake Plant","floor":29,"turns":5},{"damage":28,"enemies":"Book of Stabbing","floor":30,"turns":4}],"seed_played":"5337467406358442835","potions_obtained":[{"floor":5.0,"key":"Block Potion"},{"floor":7.0,"key":"DistilledChaos"},{"floor":14.0,"key":"CultistPotion"},{"floor":18.0,"key":"SkillPotion"}],"is_trial":false,"path_per_floor":["M","M","$","?","M","R","E","M","T","R","M","?","M","M","R","B",null,"M","?","M","$","M","E","R","E","T","R","?","M","E"],"character_chosen":"IRONCLAD","items_purchased":["Metallicize","Apotheosis","SteroidPotion"],"campfire_rested":2,"item_purchase_floors":[3,21,21],"current_hp_per_floor":[64,69,69,69,70,70,65,61,71,71,67,67,66,64,64,62,79,71,71,76,76,68,11,36,13,13,38,38,19,0,0],"gold":88,"neow_bonus":"THREE_RARE_CARDS","is_daily":false,"chose_seed":false,"campfire_upgraded":3,"win_rate":0.0,"timestamp":1613616132,"path_taken":["M","M","$","?","M","R","E","M","T","R","?","?","M","M","R","BOSS","M","?","?","$","M","E","R","E","T","R","?","M","E"],"items_purchased_type":["Card","Card","Potion"],"build_version":"2020-12-22","purchased_purges":0,"victory":false,"max_hp_per_floor":[75,75,75,75,75,75,75,75,85,85,85,85,85,85,85,85,85,85,85,85,85,85,85,85,85,85,85,59,59,59,59],"relic_stats":{"counters":[16,91],"Charon\u0027s Ashes":[36],"Art of War":[23],"obtain_stats":[{"Pear":9,"GremlinMask":4,"Mark of Pain":17,"Charon\u0027s Ashes":25,"The Courier":26,"Art of War":7,"Toxic Egg 2":23,"Burning Blood":0},{"Pear":5,"GremlinMask":2,"Mark of Pain":9,"Charon\u0027s Ashes":14,"The Courier":14,"Art of War":4,"Toxic Egg 2":13,"Burning Blood":0},{"Pear":21,"GremlinMask":8,"Mark of Pain":47,"Charon\u0027s Ashes":82,"The Courier":82,"Art of War":18,"Toxic Egg 2":73,"Burning Blood":0}],"Burning Blood":90},"card_choices":[{"not_picked":["Double Tap","Impervious"],"picked":"Bludgeon","floor":0.0},{"not_picked":["Warcry","Body Slam"],"picked":"Cleave","floor":1.0},{"not_picked":["Warcry","Flex"],"picked":"Wild Strike","floor":2.0},{"not_picked":["Wild Strike","Dropkick"],"picked":"Fiend Fire","floor":5.0},{"not_picked":["Pummel","Anger"],"picked":"Metallicize","floor":7.0},{"not_picked":["Rupture","Wild Strike"],"picked":"True Grit","floor":8.0},{"not_picked":["Inflame","Twin Strike"],"picked":"Shrug It Off","floor":11.0},{"not_picked":["Twin Strike","Headbutt"],"picked":"Burning Pact","floor":13.0},{"not_picked":["Armaments","Flex"],"picked":"Disarm","floor":14.0},{"not_picked":["Barricade","Bludgeon"],"picked":"Juggernaut","floor":16.0},{"not_picked":["Armaments","Iron Wave"],"picked":"Feel No Pain","floor":18.0},{"not_picked":["Entrench","Pummel","Wild Strike"],"picked":"SKIP","floor":20.0},{"not_picked":["Entrench","Pummel","Wild Strike"],"picked":"SKIP","floor":20.0},{"not_picked":["Flex","Wild Strike","Cleave"],"picked":"SKIP","floor":22.0},{"not_picked":["Combust+1","Pummel"],"picked":"Shrug It Off+1","floor":23.0},{"not_picked":["Thunderclap","Reckless Charge","Anger"],"picked":"SKIP","floor":25},{"not_picked":["Body Slam","Bloodletting+1","Iron Wave"],"picked":"SKIP","floor":29}],"player_experience":1832975,"relics_obtained":[{"floor":7.0,"key":"Art of War"},{"floor":9.0,"key":"Pear"},{"floor":23.0,"key":"Toxic Egg 2"},{"floor":25,"key":"Charon\u0027s Ashes"},{"floor":26,"key":"The Courier"}],"event_choices":[{"damage_healed":0.0,"max_hp_gain":0.0,"max_hp_loss":0.0,"gold_gain":0.0,"event_name":"FaceTrader","player_choice":"Trade","floor":4.0,"gold_loss":0.0,"damage_taken":0.0,"relics_obtained":["GremlinMask"]},{"damage_healed":0.0,"max_hp_gain":0.0,"max_hp_loss":0.0,"gold_gain":0.0,"cards_transformed":["Strike_R"],"event_name":"Living Wall","player_choice":"Change","floor":12.0,"gold_loss":0.0,"damage_taken":0.0,"cards_obtained":["Wild Strike"]},{"damage_healed":0.0,"max_hp_gain":0.0,"max_hp_loss":0.0,"gold_gain":0.0,"event_name":"Match and Keep!","player_choice":"0 cards matched","floor":19.0,"gold_loss":0.0,"damage_taken":0.0,"cards_obtained":[]},{"damage_healed":0,"gold_gain":0,"player_choice":"Became a vampire","damage_taken":0,"max_hp_gain":0,"max_hp_loss":26,"event_name":"Vampires","floor":28,"gold_loss":0,"cards_obtained":["Bite","Bite","Bite","Bite","Bite"]}],"is_beta":false,"boss_relics":[{"not_picked":["Philosopher\u0027s Stone","Sozu"],"picked":"Mark of Pain"}],"items_purged_floors":[],"is_endless":false,"potions_floor_spawned":[5,7,14,18,22],"killed_by":"Book of Stabbing","ascension_level":20}}