{"host":"s1zmgfx0020qwdb2","time":1613660765,"event":{"mods":["AchievementEnabler","BaseMod","BetterRewards","Colored Map","Colored Powertips","Minty Spire (QoL Compilation)","StSLib","Together in Spire"],"gold_per_floor":[110,41,53,64,164,193,205,205,205,231,244,263,290,46,46,151,201,214,3,3,14,31,31,57,57,57,82,62,81,81,81,81,183,183,199,43,43,93,93,121,121,156,156,170,186,486,486,24,24,24,24],"floor_reached":50,"language":"DEU","playtime":4414,"items_purged":["Defend_B"],"score":631,"play_id":"3230bd54-10b7-4ee9-811e-e5789a412eb4","local_time":"20210218160605","is_ascension_mode":false,"campfire_choices":[{"floor":8,"key":"REST"},{"floor":15,"key":"REST"},{"floor":23,"key":"REST"},{"floor":25,"key":"REST"},{"floor":32,"key":"REST"},{"floor":41,"key":"REST"},{"data":"Storm","floor":47,"key":"SMITH"},{"data":"1","floor":49,"key":"LIFT"}],"circlet_count":0,"master_deck":["Strike_B","Strike_B","Strike_B","Strike_B","Defend_B","Defend_B","Defend_B","Zap","Dualcast","Self Repair","Conserve Battery","Defragment+1","Conserve Battery+1","Darkness","Genetic Algorithm","Barrage","Auto Shields+1","Darkness+1","Stack+1","Barrage","Beam Cell","Multi-Cast+1","Doom and Gloom","FTL","Trip+1","Chaos+1","Storm+1","Necronomicurse","Sweeping Beam","Genetic Algorithm+1","Electrodynamics","Streamline","Redo+1","All For One","Coolheaded+1","Coolheaded+1","Doom and Gloom","Double Energy+1","Barrage","Coolheaded+1","Trip+1","Dramatic Entrance","Streamline","Madness+1","Madness+1","BootSequence+1","Barrage+1","Melter+1","Defragment","Doom and Gloom+1","Dramatic Entrance+1"],"relics":["Cracked Core","MealTicket","Bronze Scales","Toxic Egg 2","Potion Belt","PreservedInsect","Tiny House","Necronomicon","Vajra","Bag of Preparation","Centennial Puzzle","Black Star","Orrery","Girya","Molten Egg 2","Eternal Feather","Lantern","FossilizedHelix","Happy Flower","Ice Cream"],"acts_visited":["Exordium","TheCity","TheBeyond"],"potions_floor_usage":[16,33,33],"damage_taken":[{"damage":5,"enemies":"2 Louse","floor":1,"turns":2},{"damage":8,"enemies":"Cultist","floor":3,"turns":4},{"damage":5,"enemies":"Small Slimes","floor":4,"turns":2},{"damage":24,"enemies":"3 Sentries","floor":6,"turns":7},{"damage":13,"enemies":"Blue Slaver","floor":7,"turns":4},{"damage":29,"enemies":"Lagavulin","floor":10,"turns":5},{"damage":0,"enemies":"Large Slime","floor":11,"turns":5},{"damage":9,"enemies":"Exordium Thugs","floor":12,"turns":5},{"damage":15,"enemies":"Gremlin Nob","floor":13,"turns":3},{"damage":27,"enemies":"Hexaghost","floor":16,"turns":6},{"damage":30,"enemies":"Shell Parasite","floor":18,"turns":6},{"damage":0,"enemies":"3 Byrds","floor":21,"turns":2},{"damage":14,"enemies":"Centurion and Healer","floor":22,"turns":5},{"damage":23,"enemies":"Gremlin Leader","floor":24,"turns":4},{"damage":0,"enemies":"Book of Stabbing","floor":27,"turns":2},{"damage":18,"enemies":"Shelled Parasite and Fungi","floor":29,"turns":3},{"damage":9,"enemies":"Collector","floor":33,"turns":4},{"damage":0,"enemies":"3 Darklings","floor":35,"turns":2},{"damage":31,"enemies":"Mind Bloom Boss Battle","floor":38,"turns":6},{"damage":0,"enemies":"Nemesis","floor":40,"turns":2},{"damage":0,"enemies":"Reptomancer","floor":42,"turns":2},{"damage":0,"enemies":"3 Shapes","floor":44,"turns":1},{"damage":0,"enemies":"Spire Growth","floor":45,"turns":1},{"damage":83,"enemies":"Time Eater","floor":50,"turns":6}],"seed_played":"1461083313936530612","potions_obtained":[{"floor":3,"key":"AttackPotion"},{"floor":7,"key":"FocusPotion"},{"floor":12,"key":"LiquidMemories"},{"floor":13,"key":"Dexterity Potion"},{"floor":16,"key":"FocusPotion"},{"floor":17,"key":"Explosive Potion"},{"floor":28,"key":"Dexterity Potion"},{"floor":35,"key":"Energy Potion"},{"floor":42,"key":"Fruit Juice"}],"is_trial":false,"path_per_floor":["M","$","M","M","?","E","M","R","T","E","M","M","E","$","R","B",null,"M","$","?","M","M","R","E","R","T","E","?","M","?","?","R","B",null,"M","$","?","?","?","E","R","E","T","M","M","?","R","$","R","B"],"character_chosen":"DEFECT","items_purchased":["Defragment","PreservedInsect","Beam Cell","Trip+1","Chaos+1","Storm","Orrery","Doom and Gloom+1","Dramatic Entrance+1","Ice Cream"],"campfire_rested":6,"item_purchase_floors":[2,14,14,19,19,19,36,48,48,48],"current_hp_per_floor":[75,75,74,69,69,52,46,68,68,46,53,51,43,58,75,55,80,57,72,56,56,42,66,50,74,74,74,74,56,56,56,80,71,80,80,80,75,44,34,34,80,80,80,80,80,80,80,80,80,0,0],"gold":24,"neow_bonus":"THREE_CARDS","is_daily":false,"chose_seed":false,"campfire_upgraded":1,"win_rate":0.0,"timestamp":1613660765,"path_taken":["M","$","M","M","?","E","M","R","T","E","M","M","E","?","R","BOSS","M","$","?","M","M","R","E","R","T","E","?","?","?","?","R","BOSS","M","$","?","?","?","E","R","E","T","M","M","?","R","$","R","BOSS"],"items_purchased_type":["Card","Relic","Card","Card","Card","Card","Relic","Card","Card","Relic"],"build_version":"2020-12-22","purchased_purges":1,"victory":false,"max_hp_per_floor":[75,75,75,75,75,75,75,75,75,75,75,75,75,75,75,75,80,80,80,80,80,80,80,80,80,80,80,80,80,80,80,80,80,80,80,80,80,80,80,80,80,80,80,80,80,80,80,80,80,80,80],"card_choices":[{"not_picked":["Turbo","Compile Driver"],"picked":"Self Repair","floor":0},{"not_picked":["Barrage","Steam"],"picked":"Conserve Battery","floor":1},{"not_picked":["Rebound","Scrape"],"picked":"Conserve Battery","floor":3},{"not_picked":["Reboot","Compile Driver"],"picked":"Darkness","floor":4},{"not_picked":["Hyperbeam","Streamline"],"picked":"Genetic Algorithm","floor":6},{"not_picked":["Aggregate","Storm"],"picked":"Barrage","floor":7},{"not_picked":["Storm","Turbo+1"],"picked":"Auto Shields+1","floor":10},{"not_picked":["Stack+1","Gash"],"picked":"Darkness+1","floor":11},{"not_picked":["Undo+1","Steam+1"],"picked":"Stack+1","floor":12},{"not_picked":["Reboot+1","Ball Lightning"],"picked":"Barrage","floor":13},{"not_picked":["Core Surge","Machine Learning"],"picked":"Multi-Cast+1","floor":16},{"not_picked":["Compile Driver","Rebound"],"picked":"Doom and Gloom","floor":17},{"not_picked":["Cold Snap","Rebound"],"picked":"FTL","floor":18},{"not_picked":["Steam Power+1","Reinforced Body+1"],"picked":"Sweeping Beam","floor":21},{"not_picked":["Leap+1","Double Energy+1"],"picked":"Genetic Algorithm+1","floor":22},{"not_picked":["Rip and Tear","Beam Cell+1"],"picked":"Electrodynamics","floor":24},{"not_picked":["Hologram+1","Sweeping Beam"],"picked":"Streamline","floor":27},{"not_picked":["Force Field+1","Streamline"],"picked":"Redo+1","floor":29},{"not_picked":["Machine Learning","Reboot+1"],"picked":"All For One","floor":33},{"not_picked":["Force Field+1","Conserve Battery+1"],"picked":"Coolheaded+1","floor":35},{"not_picked":["Reinforced Body+1","Cold Snap"],"picked":"Coolheaded+1","floor":36},{"not_picked":["Compile Driver+1","Sweeping Beam"],"picked":"Doom and Gloom","floor":36},{"not_picked":["Redo+1","Genetic Algorithm+1"],"picked":"Double Energy+1","floor":36},{"not_picked":["Ball Lightning+1","Gash"],"picked":"Barrage","floor":36},{"not_picked":["Skim+1","Compile Driver+1"],"picked":"Coolheaded+1","floor":36},{"not_picked":["Good Instincts+1","Transmutation+1"],"picked":"Trip+1","floor":37},{"not_picked":["Chrysalis+1","Violence+1"],"picked":"Dramatic Entrance","floor":37},{"not_picked":["Sweeping Beam","Gash+1"],"picked":"Streamline","floor":38},{"not_picked":["Go for the Eyes+1","Reinforced Body+1"],"picked":"BootSequence+1","floor":40},{"not_picked":["Skim+1","Sweeping Beam+1"],"picked":"Barrage+1","floor":42},{"not_picked":["Gash+1","Skim+1"],"picked":"Melter+1","floor":44},{"not_picked":["Rip and Tear+1","Rebound+1"],"picked":"Defragment","floor":45}],"player_experience":20746,"relics_obtained":[{"floor":6,"key":"MealTicket"},{"floor":9,"key":"Bronze Scales"},{"floor":10,"key":"Toxic Egg 2"},{"floor":13,"key":"Potion Belt"},{"floor":20,"key":"Necronomicon"},{"floor":24,"key":"Vajra"},{"floor":26,"key":"Bag of Preparation"},{"floor":27,"key":"Centennial Puzzle"},{"floor":38,"key":"Girya"},{"floor":40,"key":"Molten Egg 2"},{"floor":40,"key":"Eternal Feather"},{"floor":42,"key":"Lantern"},{"floor":42,"key":"FossilizedHelix"},{"floor":43,"key":"Happy Flower"}],"event_choices":[{"damage_healed":0,"gold_gain":100,"player_choice":"Pray","damage_taken":0,"max_hp_gain":0,"max_hp_loss":0,"event_name":"Golden Shrine","floor":5,"gold_loss":0},{"damage_healed":0,"gold_gain":0,"player_choice":"Obtained Book","damage_taken":16,"max_hp_gain":0,"max_hp_loss":0,"event_name":"Cursed Tome","floor":20,"gold_loss":0},{"damage_healed":0,"gold_gain":0,"player_choice":"Bought 1 Potion","damage_taken":0,"max_hp_gain":0,"max_hp_loss":0,"event_name":"The Woman in Blue","floor":28,"gold_loss":0},{"damage_healed":0,"gold_gain":0,"player_choice":"Forge","damage_taken":0,"max_hp_gain":0,"max_hp_loss":0,"event_name":"Accursed Blacksmith","floor":31,"gold_loss":0,"cards_upgraded":["Defragment"]},{"damage_healed":0,"gold_gain":0,"player_choice":"Memory 2","damage_taken":5,"max_hp_gain":0,"max_hp_loss":0,"event_name":"SensoryStone","floor":37,"gold_loss":0},{"damage_healed":0,"gold_gain":0,"player_choice":"Fight","damage_taken":0,"max_hp_gain":0,"max_hp_loss":0,"event_name":"MindBloom","floor":38,"gold_loss":0},{"damage_healed":0,"gold_gain":0,"player_choice":"Embrace Madness","damage_taken":10,"max_hp_gain":0,"max_hp_loss":0,"event_name":"Winding Halls","floor":39,"gold_loss":0,"cards_obtained":["Madness","Madness"]},{"damage_healed":0,"gold_gain":300,"player_choice":"Gold","damage_taken":0,"max_hp_gain":0,"max_hp_loss":0,"event_name":"Wheel of Change","floor":46,"gold_loss":0}],"is_beta":false,"boss_relics":[{"not_picked":["Busted Crown","FrozenCore"],"picked":"Tiny House"},{"not_picked":["Calling Bell","Runic Dome"],"picked":"Black Star"}],"items_purged_floors":[14],"is_endless":false,"potions_floor_spawned":[3,7,12,13,16,24,29,35,42],"killed_by":"Time Eater","ascension_level":0}}