{"host":"1vqon1dbpr5c1qll","time":1613645248,"event":{"mods":["2.2 Compatiblity","AchievementEnabler","BaseMod","BetterRewards","Colored Map","DeckTracker","Hermit","Highlight Path","Lobotomy","Minty Spire (QoL Compilation)","Permanent Neow","Quick Restart","Random Character Button","Replay The Spire","StSLib","SuperFastMode","The Cursed","The Servant 0.9.4","everything is the same but u backflip on backflip"],"gold_per_floor":[114,129,129,129,148,167,167,186,211,249,268,306,325,363,363,488,488,507,526,526,68,87,125,125,200,200,219,257,276,276,314,314,414,464,479,494,494,509,524,554,569,569,594,95,111,126,156,6,6,6],"floor_reached":51,"language":"KOR","playtime":2246,"items_purged":[],"score":1091,"play_id":"9909b19f-3a79-4805-96b1-be9a2f9b5e44","local_time":"20210218194728","daily_mods":["Cursed Run","ControlledChaos","Lethality"],"is_ascension_mode":false,"campfire_choices":[{"data":"Neutralize","floor":7,"key":"SMITH"},{"floor":15,"key":"REST"},{"floor":24,"key":"REST"},{"data":"After Image","floor":42,"key":"SMITH"},{"floor":49,"key":"REST"}],"circlet_count":0,"master_deck":["Defend_G","Defend_G","Defend_G+1","Defend_G","Defend_G","Survivor","Neutralize+1","Slice","Bane","Injury","Flying Knee","Deflect","Slice","ReplayTheSpireMod:IOU","Cloak And Dagger","ReplayTheSpireMod:Tripwire","Deflect","Infinite Blades","Leg Sweep","Tools of the Trade","ReplayTheSpireMod:The Works","Sucker Punch+1","Footwork+1","Footwork","Poisoned Stab+1","All Out Attack+1","Hallucinations","Injury","Dagger Spray","After Image+1","Blade Dance+1","Bite+1","Bite+1","Bite+1","Bite+1","Bite+1","Die Die Die","Voices","Die Die Die+1","Dagger Throw+1","Quick Slash+1","Well Laid Plans","Backflip+1","Flying Knee+1","Slice+1","Hidden Blade+1","Parasite","Blade Dance","Cloak And Dagger+1","Flying Knee","Blur+1","Decay"],"relics":["Cursed Key","Darkstone Periapt","Du-Vu Doll","Frozen Eye","Bloody Idol","Potion Belt","Bottled Flame","Lantern","Gremlin Food","ChewingGum","Snack Pack","TwistedFunnel","Matryoshka","Pen Nib","Sundial","Art of War","Happy Flower","Mirror","Oddly Smooth Stone","Tiny House","Replay:Rubber Ducky","Whetstone","Replay:Bottled Eggs","OrangePellets","Replay:PocketPolymizer","Basket Of Snakes","Nunchaku"],"acts_visited":["Exordium","TheCity","TheBeyond"],"potions_floor_usage":[12,14,16,19,33,35,39,45,46,50,50,50],"damage_taken":[{"damage":5.0,"enemies":"Jaw Worm","floor":1.0,"turns":2.0},{"damage":0.0,"enemies":"2 Louse","floor":2.0,"turns":2.0},{"damage":0.0,"enemies":"Cultist","floor":5.0,"turns":3.0},{"damage":0,"enemies":"Looter","floor":6,"turns":2},{"damage":0,"enemies":"Blue Slaver","floor":8,"turns":2},{"damage":2,"enemies":"Replay:BlueRogue","floor":10,"turns":4},{"damage":8,"enemies":"Exordium Wildlife","floor":11,"turns":4},{"damage":2,"enemies":"3 Sentries","floor":12,"turns":3},{"damage":5,"enemies":"3 Louse","floor":13,"turns":3},{"damage":5,"enemies":"Lagavulin","floor":14,"turns":6},{"damage":13,"enemies":"The Guardian","floor":16,"turns":7},{"damage":4,"enemies":"Shell Parasite","floor":18,"turns":4},{"damage":35,"enemies":"3 Byrds","floor":19,"turns":4},{"damage":6,"enemies":"3 Cultists","floor":22,"turns":6},{"damage":13,"enemies":"Book of Stabbing","floor":23,"turns":4},{"damage":21,"enemies":"Shelled Parasite and Fungi","floor":27,"turns":4},{"damage":11,"enemies":"Slavers","floor":28,"turns":3},{"damage":12,"enemies":"Snake Plant","floor":29,"turns":3},{"damage":13,"enemies":"Book of Stabbing","floor":31,"turns":3},{"damage":30,"enemies":"Automaton","floor":33,"turns":7},{"damage":4,"enemies":"Orb Walker","floor":35,"turns":3},{"damage":15,"enemies":"3 Shapes","floor":36,"turns":6},{"damage":14,"enemies":"Writhing Mass","floor":38,"turns":4},{"damage":10,"enemies":"3 Darklings","floor":39,"turns":3},{"damage":13,"enemies":"Giant Head","floor":40,"turns":7},{"damage":11,"enemies":"Spire Growth","floor":41,"turns":4},{"damage":4,"enemies":"2 Orb Walkers","floor":45,"turns":3},{"damage":1,"enemies":"Jaw Worm Horde","floor":46,"turns":3},{"damage":0,"enemies":"R_Hoarder","floor":47,"turns":5},{"damage":60,"enemies":"Awakened One","floor":50,"turns":9}],"seed_played":"-4060160915487772418","potions_obtained":[{"floor":1.0,"key":"Adrenaline Potion"},{"floor":5,"key":"PowerPotion"},{"floor":11,"key":"Explosive Potion"},{"floor":13,"key":"Fire Potion"},{"floor":23,"key":"Weak Potion"},{"floor":29,"key":"Weak Potion"},{"floor":31,"key":"SteroidPotion"},{"floor":34,"key":"LiquidMemories"},{"floor":36,"key":"Energy Potion"},{"floor":38,"key":"LiquidBronze"},{"floor":40,"key":"SteroidPotion"},{"floor":46,"key":"Fruit Juice"}],"is_trial":false,"path_per_floor":["M","M","?","?","M","M","R","M","T","E","M","E","M","E","R","B",null,"M","M","?","$","M","E","R","T","T","M","E","M","?","E","R_BF","B",null,"M","M","?","M","M","E","M","R","T","$","?","M","E","$","R","B",null],"character_chosen":"THE_SILENT","items_purchased":["Snack Pack","TwistedFunnel","Footwork","Replay:Bottled Eggs","OrangePellets","Blade Dance","Explosive Potion","Nunchaku"],"campfire_rested":3,"item_purchase_floors":[21,21,21,44,44,44,44,48],"current_hp_per_floor":[65,65,71,71,71,71,71,71,77,75,67,65,60,55,79,72,88,84,49,49,49,47,40,66,72,78,59,50,40,40,33,33,36,80,80,72,72,71,70,80,80,80,86,86,86,91,91,91,91,53],"gold":6,"neow_bonus":"","is_daily":true,"chose_seed":false,"campfire_upgraded":2,"win_rate":0.0,"timestamp":1613645248,"path_taken":["M","M","?","?","M","M","R","M","T","E","M","E","M","E","R","BOSS","M","M","?","$","M","E","R","?","T","M","E","M","?","E","R_BF","BOSS","M","M","?","M","M","E","M","R","T","?","?","M","E","?","R","BOSS"],"items_purchased_type":["Relic","Relic","Card","Relic","Relic","Card","Potion","Relic"],"build_version":"2020-12-22","purchased_purges":0,"victory":true,"max_hp_per_floor":[70,70,76,76,76,76,76,76,82,82,82,82,82,82,82,88,88,88,88,88,88,88,88,88,94,100,100,100,100,69,69,69,75,80,80,80,80,80,80,80,80,80,86,86,86,91,91,91,91,97],"card_choices":[{"not_picked":["Heel Hook","Caltrops"],"picked":"Slice","floor":1.0},{"not_picked":["Quick Slash","Catalyst"],"picked":"Bane","floor":2.0},{"not_picked":["Deadly Poison","Acrobatics"],"picked":"Flying Knee","floor":5},{"not_picked":["Well Laid Plans","Flechettes"],"picked":"Deflect","floor":6},{"not_picked":["ReplayTheSpireMod:Tripwire","Outmaneuver"],"picked":"Slice","floor":8},{"not_picked":["Tools of the Trade","Sucker Punch"],"picked":"Cloak And Dagger","floor":10},{"not_picked":["Backflip","Crippling Poison"],"picked":"ReplayTheSpireMod:Tripwire","floor":11},{"not_picked":["ReplayTheSpireMod:Exploit Weakness","Replay:Bag of Tricks"],"picked":"Deflect","floor":12},{"not_picked":["Deadly Poison","ReplayTheSpireMod:Shiv Toss"],"picked":"Infinite Blades","floor":13},{"not_picked":["Crippling Poison","Skewer"],"picked":"Leg Sweep","floor":14},{"not_picked":["Night Terror","ReplayTheSpireMod:From All Sides"],"picked":"Tools of the Trade","floor":16},{"not_picked":["ReplayTheSpireMod:Scrap Shanks","Predator"],"picked":"ReplayTheSpireMod:The Works","floor":18},{"not_picked":["Footwork","Bane"],"picked":"Sucker Punch+1","floor":19},{"not_picked":["Toxin Wave","Crippling Poison"],"picked":"Poisoned Stab+1","floor":22},{"not_picked":["Bane+1","Flechettes+1"],"picked":"All Out Attack+1","floor":23},{"not_picked":["Setup","Well Laid Plans+1"],"picked":"Dagger Spray","floor":27},{"not_picked":["Flying Knee","Skewer+1"],"picked":"After Image","floor":28},{"not_picked":["Prepared","Dagger Throw+1"],"picked":"Blade Dance+1","floor":29},{"not_picked":["Underhanded Strike","PiercingWail"],"picked":"Die Die Die","floor":31},{"not_picked":["Storm of Steel","Burst"],"picked":"Die Die Die","floor":33},{"not_picked":["Acrobatics","Prepared"],"picked":"Dagger Throw+1","floor":34},{"not_picked":["Dagger Throw+1","Bane"],"picked":"Quick Slash+1","floor":35},{"not_picked":["Fluid Movement","Concentrate+1"],"picked":"Well Laid Plans","floor":36},{"not_picked":["Masterful Stab","Unload"],"picked":"Backflip+1","floor":38},{"not_picked":["Backflip","Dagger Throw+1"],"picked":"Flying Knee+1","floor":39},{"not_picked":["Setup","Outmaneuver+1"],"picked":"Slice+1","floor":40},{"not_picked":["Finisher","Poisoned Stab"],"picked":"Hidden Blade+1","floor":41},{"not_picked":["Concentrate+1","ReplayTheSpireMod:Exploit Weakness+1"],"picked":"Cloak And Dagger","floor":45},{"not_picked":["Poisoned Stab","Slice+1"],"picked":"Flying Knee","floor":46},{"not_picked":["Outmaneuver+1","Heel Hook"],"picked":"Blur+1","floor":47}],"player_experience":999686,"relics_obtained":[{"floor":9,"key":"Potion Belt"},{"floor":10,"key":"Bottled Flame"},{"floor":12,"key":"Lantern"},{"floor":14,"key":"Gremlin Food"},{"floor":23,"key":"Matryoshka"},{"floor":25,"key":"Pen Nib"},{"floor":25,"key":"Sundial"},{"floor":26,"key":"Art of War"},{"floor":26,"key":"Happy Flower"},{"floor":28,"key":"Mirror"},{"floor":31,"key":"Oddly Smooth Stone"},{"floor":40,"key":"Replay:Rubber Ducky"},{"floor":43,"key":"Whetstone"},{"floor":45,"key":"Replay:PocketPolymizer"},{"floor":47,"key":"Basket Of Snakes"}],"event_choices":[{"damage_healed":0.0,"max_hp_gain":0.0,"max_hp_loss":0.0,"gold_gain":0.0,"event_name":"Golden Idol","player_choice":"Take Wound","floor":3.0,"gold_loss":0.0,"damage_taken":0.0,"relics_obtained":["Golden Idol"],"cards_obtained":["Injury"]},{"damage_healed":0.0,"max_hp_gain":0.0,"max_hp_loss":0.0,"gold_gain":0.0,"event_name":"The Cleric","player_choice":"Leave","floor":4.0,"gold_loss":0.0,"damage_taken":0.0},{"damage_healed":0,"gold_gain":0,"player_choice":"Ignored","damage_taken":0,"max_hp_gain":0,"max_hp_loss":0,"event_name":"Beggar","floor":20,"gold_loss":0},{"damage_healed":0,"gold_gain":0,"player_choice":"Became a vampire","damage_taken":0,"max_hp_gain":0,"max_hp_loss":31,"event_name":"Vampires","floor":30,"gold_loss":0,"cards_obtained":["Bite","Bite","Bite","Bite","Bite"]},{"damage_healed":0,"gold_gain":0,"player_choice":"Gave Idol","damage_taken":0,"relics_obtained":["Bloody Idol"],"max_hp_gain":0,"max_hp_loss":0,"event_name":"Forgotten Altar","floor":32,"relics_lost":["Golden Idol"],"gold_loss":0},{"cards_removed":["Replay:Hysterical Blindness"],"damage_healed":0,"gold_gain":0,"player_choice":"Purged","damage_taken":0,"max_hp_gain":0,"max_hp_loss":0,"event_name":"Purifier","floor":37,"gold_loss":0},{"damage_healed":0,"gold_gain":0,"player_choice":"Fight","damage_taken":0,"max_hp_gain":0,"max_hp_loss":0,"event_name":"Mysterious Sphere","floor":45,"gold_loss":0}],"is_beta":false,"boss_relics":[{"not_picked":["SacredBark","Runic Dome"],"picked":"ChewingGum"},{"not_picked":["Snecko Eye","Velvet Choker"],"picked":"Tiny House"}],"items_purged_floors":[],"is_endless":false,"potions_floor_spawned":[1,5,11,13,23,29,31,36,38,40,46],"ascension_level":0}}