{"host":"cfqfeqi6u2qx5u0e","time":1613673636,"event":{"mods":["AchievementEnabler","BaseMod","Colored Powertips","Minty Spire (QoL Compilation)","Quick Restart","StSLib"],"gold_per_floor":[115,133,133,150,170,203,203,223,223,255,282,252,267,282,282,387,387,405,405,415,94,111,111,128,128,128,128,163,163,190,208,208,310,310,345,388,22,81,104,132,0,13,13,2094,2094,236,265,324,324,324,324,324,0,43,43],"floor_reached":56,"language":"ENG","playtime":6014,"items_purged":[],"score":1639,"play_id":"c3a6d2d5-488f-441d-bde3-fc09d76c2e18","local_time":"20210218104036","is_ascension_mode":true,"campfire_choices":[{"floor":7,"key":"RECALL"},{"floor":15,"key":"REST"},{"floor":27,"key":"REST"},{"data":"LessonLearned","floor":29,"key":"SMITH"},{"data":"MasterReality","floor":32,"key":"SMITH"},{"floor":45,"key":"REST"},{"data":"Transmutation","floor":49,"key":"SMITH"},{"data":"Ghostly","floor":52,"key":"SMITH"}],"circlet_count":0,"master_deck":["Strike_P","Strike_P+1","Strike_P","Strike_P","Defend_P","Defend_P","Defend_P","Defend_P","Eruption+1","Vigilance","BattleHymn","Evaluate","Perseverance","LikeWater+1","FollowUp","Wallop","Pray","CrushJoints+1","PathToVictory","MasterReality+1","LessonLearned+1","BowlingBash+1","Ghostly","Ghostly","Ghostly","Ghostly","Ghostly+1","Halt","FollowUp","LikeWater","Prostrate+1","Necronomicurse","ClearTheMind+1","CrushJoints+1","TalkToTheHand+1","Wish","Prostrate+1","ReachHeaven","PathToVictory","EmptyBody+1","Evaluate","WreathOfFlame+1","Sanctity+1","Fasting2+1","TalkToTheHand+1","LessonLearned+1","Transmutation+1","BattleHymn","JustLucky+1","EmptyFist+1","DeusExMachina"],"relics":["PureWater","Shuriken","The Courier","Orichalcum","Odd Mushroom","Busted Crown","Vajra","Yang","Necronomicon","InkBottle","Akabeko","SlaversCollar","Thread and Needle","CeramicFish","Mango","Toy Ornithopter","Letter Opener","Red Mask","Du-Vu Doll","MealTicket","Potion Belt","PreservedInsect","Prayer Wheel","Incense Burner","Orrery","Strange Spoon","Bronze Scales","Boot","Strawberry","CaptainsWheel","Molten Egg 2","Kunai","Centennial Puzzle","Question Card","Anchor","Nunchaku","Mercury Hourglass","Cauldron","Sundial"],"acts_visited":["Exordium","TheCity","TheBeyond","TheEnding"],"potions_floor_usage":[6,6,6,6,6,11,13,16,16,16,24,30,33,38,47,48,50,54,55,55,55],"damage_taken":[{"damage":4,"enemies":"Jaw Worm","floor":1,"turns":4},{"damage":0,"enemies":"Cultist","floor":2,"turns":2},{"damage":5,"enemies":"Small Slimes","floor":4,"turns":3},{"damage":7,"enemies":"Looter","floor":5,"turns":4},{"damage":23,"enemies":"Lagavulin","floor":6,"turns":7},{"damage":9,"enemies":"Exordium Thugs","floor":8,"turns":4},{"damage":3,"enemies":"Gremlin Nob","floor":10,"turns":4},{"damage":15,"enemies":"The Mushroom Lair","floor":11,"turns":5},{"damage":4,"enemies":"3 Louse","floor":13,"turns":3},{"damage":0,"enemies":"Large Slime","floor":14,"turns":5},{"damage":19,"enemies":"The Guardian","floor":16,"turns":4},{"damage":4,"enemies":"Chosen","floor":18,"turns":4},{"damage":0,"enemies":"Spheric Guardian","floor":20,"turns":4},{"damage":3,"enemies":"Chosen and Byrds","floor":22,"turns":4},{"damage":10,"enemies":"Shelled Parasite and Fungi","floor":24,"turns":6},{"damage":1,"enemies":"Book of Stabbing","floor":28,"turns":5},{"damage":0,"enemies":"Slavers","floor":30,"turns":8},{"damage":0,"enemies":"Centurion and Healer","floor":31,"turns":4},{"damage":0,"enemies":"Automaton","floor":33,"turns":5},{"damage":18,"enemies":"3 Darklings","floor":35,"turns":5},{"damage":5,"enemies":"Orb Walker","floor":36,"turns":4},{"damage":0,"enemies":"Mind Bloom Boss Battle","floor":38,"turns":2},{"damage":24,"enemies":"Reptomancer","floor":40,"turns":3},{"damage":0,"enemies":"Jaw Worm Horde","floor":42,"turns":5},{"damage":11,"enemies":"Maw","floor":47,"turns":6},{"damage":0,"enemies":"Nemesis","floor":48,"turns":3},{"damage":0,"enemies":"Donu and Deca","floor":50,"turns":7},{"damage":0,"enemies":"Shield and Spear","floor":54,"turns":6},{"damage":32,"enemies":"The Heart","floor":55,"turns":8}],"seed_played":"1704288541774337828","potions_obtained":[{"floor":1,"key":"EntropicBrew"},{"floor":2,"key":"Regen Potion"},{"floor":3,"key":"FearPotion"},{"floor":3,"key":"BlessingOfTheForge"},{"floor":11,"key":"DistilledChaos"},{"floor":12,"key":"BlessingOfTheForge"},{"floor":12,"key":"Explosive Potion"},{"floor":13,"key":"Ambrosia"},{"floor":22,"key":"GamblersBrew"},{"floor":28,"key":"Swift Potion"},{"floor":31,"key":"PowerPotion"},{"floor":33,"key":"Swift Potion"},{"floor":38,"key":"Energy Potion"},{"floor":47,"key":"AttackPotion"},{"floor":48,"key":"Block Potion"},{"floor":53,"key":"Strength Potion"},{"floor":53,"key":"Weak Potion"},{"floor":53,"key":"LiquidMemories"},{"floor":53,"key":"SpeedPotion"},{"floor":53,"key":"SmokeBomb"}],"is_trial":false,"path_per_floor":["M","M","?","M","M","E","R","M","T","E","?","?","M","M","R","B",null,"M","?","M","$","M","?","M","?","T","R","E","R","E","M","R","B",null,"M","M","$","?","T","E","?","M","T","$","R","$","M","E","R","B",null,"R","$","E","B",null],"character_chosen":"WATCHER","items_purchased":["Vajra","Yang","Thread and Needle","CeramicFish","MealTicket","Potion Belt","PreservedInsect","Prayer Wheel","Incense Burner","Orrery","Strange Spoon","Bronze Scales","Boot","Strawberry","CaptainsWheel","Molten Egg 2","Kunai","TalkToTheHand+1","LessonLearned+1","Centennial Puzzle","Question Card","Anchor","Transmutation","Mercury Hourglass","Cauldron"],"campfire_rested":3,"item_purchase_floors":[21,21,37,37,44,44,44,44,44,44,46,46,46,46,46,46,46,46,46,46,46,46,46,53,53],"current_hp_per_floor":[75,75,75,70,63,55,55,46,46,43,28,28,24,24,47,28,79,75,39,39,39,36,36,26,10,10,21,20,20,20,20,20,20,39,21,16,16,30,30,6,6,6,6,6,21,43,37,42,42,47,60,60,60,60,38],"gold":43,"neow_bonus":"TEN_PERCENT_HP_BONUS","is_daily":false,"chose_seed":false,"campfire_upgraded":4,"win_rate":0.0,"timestamp":1613673636,"path_taken":["M","M","?","M","?","E","R","M","T","E","?","?","M","M","R","BOSS","M","?","M","$","M","?","M","?","T","R","E","R","E","M","R","BOSS","M","M","$","?","?","E","?","?","T","$","R","$","M","E","R","BOSS","R","$","E","BOSS"],"items_purchased_type":["Relic","Relic","Relic","Relic","Relic","Relic","Relic","Relic","Relic","Relic","Relic","Relic","Relic","Relic","Relic","Relic","Relic","Card","Card","Relic","Relic","Relic","Card","Relic","Relic"],"build_version":"2020-12-22","purchased_purges":0,"victory":true,"max_hp_per_floor":[79,79,79,79,79,79,79,79,79,79,79,79,79,79,79,79,79,79,39,39,39,39,39,39,39,39,39,39,39,39,39,39,39,39,39,39,39,53,53,53,53,53,53,53,53,60,60,60,60,60,60,60,60,60,60],"card_choices":[{"not_picked":["Tantrum","InnerPeace"],"picked":"BattleHymn","floor":1},{"not_picked":["Crescendo","JustLucky"],"picked":"Evaluate","floor":2},{"not_picked":["BowlingBash","Weave"],"picked":"Perseverance","floor":4},{"not_picked":["Halt","FollowUp"],"picked":"LikeWater","floor":5},{"not_picked":["CutThroughFate","FlurryOfBlows"],"picked":"FollowUp","floor":6},{"not_picked":["ThirdEye","FollowUp"],"picked":"Wallop","floor":8},{"not_picked":["JustLucky","CutThroughFate"],"picked":"Pray","floor":10},{"not_picked":["Adaptation","ClearTheMind"],"picked":"CrushJoints","floor":11},{"not_picked":["BowlingBash","EmptyMind"],"picked":"PathToVictory","floor":13},{"not_picked":["JustLucky","MentalFortress"],"picked":"MasterReality","floor":14},{"not_picked":["Ragnarok","Establishment"],"picked":"LessonLearned","floor":16},{"not_picked":[],"picked":"BowlingBash+1","floor":18},{"not_picked":[],"picked":"Halt","floor":20},{"not_picked":[],"picked":"FollowUp","floor":22},{"not_picked":[],"picked":"Prostrate+1","floor":24},{"not_picked":[],"picked":"ClearTheMind+1","floor":28},{"not_picked":[],"picked":"CrushJoints+1","floor":30},{"not_picked":[],"picked":"TalkToTheHand","floor":31},{"not_picked":[],"picked":"Wish","floor":33},{"not_picked":[],"picked":"Prostrate+1","floor":35},{"not_picked":[],"picked":"ReachHeaven","floor":36},{"not_picked":[],"picked":"PathToVictory","floor":38},{"not_picked":["Crescendo+1"],"picked":"SKIP","floor":40},{"not_picked":["ClearTheMind"],"picked":"SKIP","floor":42},{"not_picked":[],"picked":"EmptyBody+1","floor":44},{"not_picked":[],"picked":"Evaluate","floor":44},{"not_picked":[],"picked":"WreathOfFlame+1","floor":44},{"not_picked":[],"picked":"Sanctity+1","floor":44},{"not_picked":[],"picked":"Fasting2+1","floor":44},{"not_picked":["Halt+1"],"picked":"BattleHymn","floor":47},{"not_picked":["Collect+1"],"picked":"JustLucky+1","floor":47},{"not_picked":["Establishment"],"picked":"EmptyFist+1","floor":48},{"not_picked":["Nirvana"],"picked":"DeusExMachina","floor":54}],"player_experience":93149,"relics_obtained":[{"floor":6,"key":"Shuriken"},{"floor":9,"key":"The Courier"},{"floor":10,"key":"Orichalcum"},{"floor":11,"key":"Odd Mushroom"},{"floor":25,"key":"Necronomicon"},{"floor":28,"key":"InkBottle"},{"floor":30,"key":"Akabeko"},{"floor":38,"key":"Mango"},{"floor":39,"key":"Toy Ornithopter"},{"floor":40,"key":"Letter Opener"},{"floor":43,"key":"Du-Vu Doll"},{"floor":48,"key":"Nunchaku"},{"floor":54,"key":"Sundial"}],"event_choices":[{"damage_healed":0,"gold_gain":0,"player_choice":"Got Potions","damage_taken":0,"max_hp_gain":0,"max_hp_loss":0,"event_name":"Lab","floor":3,"gold_loss":0},{"damage_healed":0,"gold_gain":0,"player_choice":"Fought Mushrooms","damage_taken":0,"max_hp_gain":0,"max_hp_loss":0,"event_name":"Mushrooms","floor":11,"gold_loss":0},{"damage_healed":0,"gold_gain":0,"player_choice":"Bought 2 Potions","damage_taken":0,"max_hp_gain":0,"max_hp_loss":0,"event_name":"The Woman in Blue","floor":12,"gold_loss":0},{"damage_healed":0,"gold_gain":0,"player_choice":"Became a Ghost","damage_taken":0,"max_hp_gain":0,"max_hp_loss":40,"event_name":"Ghosts","floor":19,"gold_loss":0,"cards_obtained":["Ghostly","Ghostly","Ghostly","Ghostly","Ghostly"]},{"damage_healed":0,"gold_gain":0,"player_choice":"Read","damage_taken":0,"max_hp_gain":0,"max_hp_loss":0,"event_name":"The Library","floor":23,"gold_loss":0,"cards_obtained":["LikeWater"]},{"damage_healed":0,"gold_gain":0,"player_choice":"Obtained Book","damage_taken":16,"max_hp_gain":0,"max_hp_loss":0,"event_name":"Cursed Tome","floor":25,"gold_loss":0},{"damage_healed":0,"gold_gain":0,"player_choice":"Fight","damage_taken":0,"max_hp_gain":0,"max_hp_loss":0,"event_name":"MindBloom","floor":38,"gold_loss":0},{"damage_healed":0,"gold_gain":0,"player_choice":"Paid","damage_taken":0,"relics_obtained":["Red Mask"],"max_hp_gain":0,"max_hp_loss":0,"event_name":"Tomb of Lord Red Mask","floor":41,"gold_loss":132}],"is_beta":false,"boss_relics":[{"not_picked":["Snecko Eye","Black Star"],"picked":"Busted Crown"},{"not_picked":["HolyWater","Runic Dome"],"picked":"SlaversCollar"}],"items_purged_floors":[],"is_endless":false,"potions_floor_spawned":[1,2,11,13,22,28,31,33,38,47,48],"ascension_level":1}}