{"host":"phniwng9zo19jwdb","time":1613668378,"event":{"mods":["AchievementEnabler","BaseMod","Colored Powertips","Dark Map","Faster Ascension Climbing","GifTheSpireLib","Minty Spire (QoL Compilation)","Permanent Neow","Rare Cards Sparkle","Relic Filter Mod","StSLib","Weighted Paths"],"gold_per_floor":[111,111,111,111,131,131,160,160,160,173,193,225,33,58,58,129,129,141,411,422,21,41,73,73,107,107,136,26,44,74,93,93,167,167,186,186,206,206,226,254,254,279,302,302,337,337,349,360,360,360,360,360,360,22,56,56,56],"floor_reached":56,"language":"ENG","playtime":2760,"items_purged":["Strike_G","Decay"],"score":2326,"play_id":"24e2e029-8f6c-4a34-b6bf-e7210e1b794b","local_time":"20210218181258","is_ascension_mode":true,"campfire_choices":[{"data":"Crippling Poison","floor":6.0,"key":"SMITH"},{"data":"Dodge and Roll","floor":8.0,"key":"SMITH"},{"data":"Noxious Fumes","floor":15.0,"key":"SMITH"},{"data":"Night Terror","floor":24.0,"key":"SMITH"},{"data":"Blade Dance","floor":32.0,"key":"SMITH"},{"data":"Prepared","floor":41.0,"key":"SMITH"},{"floor":49,"key":"RECALL"},{"data":"Footwork","floor":53,"key":"SMITH"}],"circlet_count":0,"master_deck":["AscendersBane","Defend_G","Defend_G","Defend_G","Defend_G","Defend_G+1","Survivor","Neutralize","Slice","Crippling Poison+1","Dodge and Roll+1","Dash","Backflip","Endless Agony","Noxious Fumes+1","Die Die Die","Blade Dance","Acrobatics","Night Terror+1","Footwork+1","Reflex+1","Blade Dance+1","Acrobatics","Deflect+1","Poisoned Stab+1","Dash+1","Prepared+1","Calculated Gamble+1","Catalyst"],"relics":["WristBlade","Eternal Feather","Happy Flower","Dead Branch","The Courier","Centennial Puzzle","ClockworkSouvenir","Sundial","Coffee Dripper","Meat on the Bone","Tiny Chest","Bag of Marbles","Bronze Scales","Shuriken","Blue Candle","Red Mask","Astrolabe","Ninja Scroll","Ancient Tea Set","Ice Cream","Art of War","White Beast Statue","OrangePellets","Lantern","Incense Burner"],"acts_visited":["Exordium","TheCity","TheBeyond","TheEnding"],"potions_floor_usage":[45,48,56,56],"damage_taken":[{"damage":5.0,"enemies":"Small Slimes","floor":1.0,"turns":4.0},{"damage":4.0,"enemies":"Jaw Worm","floor":5.0,"turns":4.0},{"damage":18.0,"enemies":"Lagavulin","floor":7.0,"turns":7.0},{"damage":0.0,"enemies":"2 Louse","floor":10.0,"turns":3.0},{"damage":2.0,"enemies":"Exordium Thugs","floor":11.0,"turns":4.0},{"damage":4.0,"enemies":"3 Sentries","floor":12.0,"turns":8.0},{"damage":0.0,"enemies":"Gremlin Nob","floor":14.0,"turns":3.0},{"damage":19.0,"enemies":"Slime Boss","floor":16.0,"turns":9.0},{"damage":6.0,"enemies":"Spheric Guardian","floor":18.0,"turns":5.0},{"damage":0.0,"enemies":"2 Thieves","floor":20.0,"turns":4.0},{"damage":0.0,"enemies":"Centurion and Healer","floor":22.0,"turns":3.0},{"damage":31.0,"enemies":"Slavers","floor":23.0,"turns":5.0},{"damage":1.0,"enemies":"Gremlin Leader","floor":25.0,"turns":4.0},{"damage":3.0,"enemies":"Book of Stabbing","floor":27.0,"turns":4.0},{"damage":6.0,"enemies":"Snecko","floor":29.0,"turns":2.0},{"damage":0.0,"enemies":"Masked Bandits","floor":30.0,"turns":2.0},{"damage":0.0,"enemies":"Shelled Parasite and Fungi","floor":31.0,"turns":3.0},{"damage":4.0,"enemies":"Champ","floor":33.0,"turns":5.0},{"damage":0.0,"enemies":"Orb Walker","floor":35.0,"turns":2.0},{"damage":0.0,"enemies":"3 Shapes","floor":37.0,"turns":1.0},{"damage":1.0,"enemies":"Transient","floor":39.0,"turns":6.0},{"damage":13.0,"enemies":"Nemesis","floor":40.0,"turns":4.0},{"damage":0.0,"enemies":"Reptomancer","floor":42.0,"turns":1.0},{"damage":0,"enemies":"Giant Head","floor":45,"turns":5},{"damage":0,"enemies":"3 Darklings","floor":47,"turns":2},{"damage":0,"enemies":"Jaw Worm Horde","floor":48,"turns":2},{"damage":12,"enemies":"Donu and Deca","floor":50,"turns":4},{"damage":16,"enemies":"Awakened One","floor":51,"turns":11},{"damage":27,"enemies":"Shield and Spear","floor":55,"turns":3},{"damage":77,"enemies":"The Heart","floor":56,"turns":5}],"seed_played":"8068227525765348616","potions_obtained":[{"floor":1.0,"key":"Weak Potion"},{"floor":5.0,"key":"PowerPotion"},{"floor":11.0,"key":"AttackPotion"},{"floor":14.0,"key":"GamblersBrew"},{"floor":25.0,"key":"Energy Potion"},{"floor":27.0,"key":"Regen Potion"},{"floor":33.0,"key":"ColorlessPotion"},{"floor":40.0,"key":"FearPotion"},{"floor":47,"key":"Explosive Potion"},{"floor":48,"key":"PowerPotion"},{"floor":55,"key":"Regen Potion"}],"is_trial":false,"path_per_floor":["M","?","T","?","M","R","E","R","T","M","M","E","$","E","R","B",null,"M","?","M","$","M","E","R","E","T","E","?","M","?","M","R","B",null,"M","T","M","?","M","E","R","E","T","?","E","T","M","M","R","B","B",null,"R","$","E","B"],"character_chosen":"THE_SILENT","items_purchased":["ClockworkSouvenir","Noxious Fumes","Meat on the Bone","Tiny Chest","OrangePellets","Lantern"],"campfire_rested":0,"item_purchase_floors":[13,13,21,21,54,54],"current_hp_per_floor":[54,59,59,59,55,64,46,55,55,55,53,49,49,49,61,42,64,58,25,25,25,37,18,30,41,41,38,38,44,44,44,59,55,67,67,67,67,67,66,53,68,68,68,68,68,68,68,68,71,59,43,64,71,71,44,0,0],"gold":56,"neow_bonus":"BOSS_RELIC","is_daily":false,"chose_seed":false,"campfire_upgraded":7,"win_rate":0.0,"timestamp":1613668378,"path_taken":["M","?","?","?","?","R","E","R","T","M","?","E","$","E","R","BOSS","M","?","?","$","M","E","R","E","T","E","?","?","?","M","R","BOSS","M","?","?","?","M","E","R","E","T","?","E","?","M","M","R","BOSS","BOSS","R","$","E","BOSS"],"items_purchased_type":["Relic","Card","Relic","Relic","Relic","Relic"],"build_version":"2020-12-22","purchased_purges":2,"victory":false,"max_hp_per_floor":[66,71,71,71,71,71,71,71,71,71,71,71,71,71,71,71,71,71,71,71,71,71,71,71,71,71,71,71,71,71,71,71,71,71,71,71,71,71,71,71,71,71,71,71,71,71,71,71,71,71,71,71,71,71,71,71,71],"card_choices":[{"not_picked":["Heel Hook","Catalyst"],"picked":"Slice","floor":1.0},{"not_picked":["Acrobatics","Slice"],"picked":"Crippling Poison","floor":5.0},{"not_picked":["Dagger Spray","All Out Attack"],"picked":"Dodge and Roll","floor":7.0},{"not_picked":["Outmaneuver","Endless Agony"],"picked":"Dash","floor":10.0},{"not_picked":["Dodge and Roll","Dash"],"picked":"Backflip","floor":11.0},{"not_picked":["A Thousand Cuts","Deflect"],"picked":"Endless Agony","floor":12.0},{"not_picked":["All Out Attack","Masterful Stab","Poisoned Stab"],"picked":"SKIP","floor":14.0},{"not_picked":["Doppelganger","Unload"],"picked":"Die Die Die","floor":16.0},{"not_picked":["Dagger Throw","Choke","Sucker Punch"],"picked":"SKIP","floor":18.0},{"not_picked":["Crippling Poison","Deadly Poison"],"picked":"Blade Dance","floor":20.0},{"not_picked":["Poisoned Stab","Deflect"],"picked":"Acrobatics","floor":22.0},{"not_picked":["Endless Agony","Deflect"],"picked":"Night Terror","floor":23.0},{"not_picked":["Dagger Spray","Predator"],"picked":"Footwork","floor":25.0},{"not_picked":["Storm of Steel","Dagger Throw"],"picked":"Reflex+1","floor":27.0},{"not_picked":["All Out Attack","Concentrate+1"],"picked":"Blade Dance","floor":29.0},{"not_picked":["Cloak And Dagger","Flechettes+1"],"picked":"Accuracy+1","floor":30.0},{"not_picked":["Blade Dance","Finisher"],"picked":"Acrobatics","floor":31.0},{"not_picked":["Deadly Poison","Flying Knee"],"picked":"Prepared","floor":35.0},{"not_picked":["All Out Attack+1","Bane+1","Poisoned Stab+1"],"picked":"SKIP","floor":37.0},{"not_picked":["Poisoned Stab+1","Bouncing Flask+1","Prepared"],"picked":"SKIP","floor":39.0},{"not_picked":["Dash","Bouncing Flask","Blur"],"picked":"SKIP","floor":40.0},{"not_picked":["Sucker Punch","Grand Finale","Quick Slash"],"picked":"SKIP","floor":42.0},{"not_picked":["Dodge and Roll","Slice","Blade Dance"],"picked":"SKIP","floor":45},{"not_picked":["Outmaneuver","Deadly Poison"],"picked":"Calculated Gamble+1","floor":47},{"not_picked":["Quick Slash","Deflect","Poisoned Stab"],"picked":"SKIP","floor":48},{"not_picked":["Well Laid Plans","Masterful Stab"],"picked":"Catalyst","floor":55}],"player_experience":158678,"relics_obtained":[{"floor":3.0,"key":"Eternal Feather"},{"floor":7.0,"key":"Dead Branch"},{"floor":9.0,"key":"The Courier"},{"floor":12.0,"key":"Centennial Puzzle"},{"floor":14.0,"key":"Sundial"},{"floor":23.0,"key":"Bag of Marbles"},{"floor":25.0,"key":"Bronze Scales"},{"floor":26.0,"key":"Shuriken"},{"floor":27.0,"key":"Blue Candle"},{"floor":30.0,"key":"Red Mask"},{"floor":36.0,"key":"Ninja Scroll"},{"floor":40.0,"key":"Ancient Tea Set"},{"floor":42.0,"key":"Ice Cream"},{"floor":45,"key":"Art of War"},{"floor":46,"key":"White Beast Statue"},{"floor":55,"key":"Incense Burner"}],"event_choices":[{"damage_healed":0.0,"max_hp_gain":5.0,"max_hp_loss":0.0,"gold_gain":0.0,"event_name":"Big Fish","player_choice":"Donut","floor":2.0,"gold_loss":0.0,"damage_taken":0.0},{"damage_healed":0.0,"max_hp_gain":0.0,"max_hp_loss":0.0,"gold_gain":0.0,"event_name":"WeMeetAgain","player_choice":"Gave Potion","floor":4.0,"gold_loss":0.0,"damage_taken":0.0,"relics_obtained":["Happy Flower"]},{"damage_healed":0.0,"max_hp_gain":0.0,"max_hp_loss":0.0,"gold_gain":270.0,"event_name":"Knowing Skull","player_choice":"GOLD POTION GOLD GOLD ","floor":19.0,"potions_obtained":["EssenceOfSteel"],"gold_loss":0.0,"damage_taken":33.0,"cards_obtained":[]},{"cards_removed":["Strike_G"],"damage_healed":0.0,"max_hp_gain":0.0,"max_hp_loss":0.0,"gold_gain":0.0,"event_name":"Designer","player_choice":"Upgrade and Remove","floor":28.0,"gold_loss":110.0,"damage_taken":0.0,"cards_upgraded":["Defend_G"]},{"damage_healed":0.0,"max_hp_gain":0.0,"max_hp_loss":0.0,"gold_gain":0.0,"event_name":"Masked Bandits","player_choice":"Fought Bandits","floor":30.0,"gold_loss":0.0,"damage_taken":0.0},{"cards_removed":["Accuracy"],"damage_healed":0.0,"max_hp_gain":0.0,"max_hp_loss":0.0,"gold_gain":0.0,"event_name":"Falling","player_choice":"Removed Power","floor":38.0,"gold_loss":0.0,"damage_taken":0.0},{"damage_healed":0.0,"max_hp_gain":0.0,"max_hp_loss":0.0,"gold_gain":0.0,"event_name":"Wheel of Change","player_choice":"Cursed","floor":44.0,"gold_loss":0.0,"damage_taken":0.0,"cards_obtained":["Decay"]}],"is_beta":false,"boss_relics":[{"not_picked":["Fusion Hammer","SacredBark"],"picked":"Coffee Dripper"},{"not_picked":["Runic Pyramid","Cursed Key"],"picked":"Astrolabe"}],"items_purged_floors":[21,54],"is_endless":false,"potions_floor_spawned":[1,5,11,14,22,25,27,30,33,37,39,40,47,48,55],"killed_by":"The Heart","ascension_level":20}}