{"host":"4i5my69dv6e41930","time":1613623450,"event":{"mods":["AchievementEnabler","BaseMod","Minty Spire (QoL Compilation)","Relic Stats"],"gold_per_floor":[117,128,128,128,53,84,96,96,96,96,110,110,110,125,125,214,214,227,211,8,31,54,54,78,98,98,12,12,41,141,56,56,129,129,139,139,139,139,14,32,32,51,51,51,51],"floor_reached":44,"language":"ENG","playtime":6354,"items_purged":["Strike_G","Strike_G","Strike_G"],"score":883,"play_id":"fc07617c-82cd-4442-bba4-261e9b1ec29a","local_time":"20210217234410","is_ascension_mode":true,"campfire_choices":[{"data":"Noxious Fumes","floor":8.0,"key":"SMITH"},{"data":"Blade Dance","floor":12.0,"key":"SMITH"},{"data":"Survivor","floor":15.0,"key":"SMITH"},{"data":"Wraith Form v2","floor":23.0,"key":"SMITH"},{"data":"Noxious Fumes","floor":32.0,"key":"SMITH"},{"data":"Malaise","floor":41.0,"key":"SMITH"}],"circlet_count":0,"master_deck":["AscendersBane","Strike_G","Strike_G","Defend_G","Defend_G","Defend_G","Defend_G","Defend_G","Survivor+1","Neutralize+1","Flying Knee","Cloak And Dagger","Escape Plan","Noxious Fumes+1","Blade Dance+1","Malaise+1","Noxious Fumes+1","Acrobatics","PiercingWail","Backflip","Wraith Form v2+1","Prepared+1","PiercingWail","Bullet Time","Dark Shackles","Bandage Up","PiercingWail","Acrobatics"],"relics":["Ring of the Snake","NeowsBlessing","Thread and Needle","Bloody Idol","Cursed Key","StrikeDummy","Torii","Matryoshka","Potion Belt","SlaversCollar"],"acts_visited":["TheBeyond"],"potions_floor_usage":[44],"damage_taken":[{"damage":0.0,"enemies":"2 Louse","floor":1.0,"turns":1.0},{"damage":0.0,"enemies":"Small Slimes","floor":2.0,"turns":1.0},{"damage":0.0,"enemies":"Gremlin Nob","floor":6.0,"turns":1.0},{"damage":0.0,"enemies":"Jaw Worm","floor":7.0,"turns":4.0},{"damage":0.0,"enemies":"Blue Slaver","floor":11.0,"turns":5.0},{"damage":13.0,"enemies":"Exordium Wildlife","floor":14.0,"turns":5.0},{"damage":11.0,"enemies":"Slime Boss","floor":16.0,"turns":13.0},{"damage":1.0,"enemies":"3 Byrds","floor":18.0,"turns":6.0},{"damage":1.0,"enemies":"2 Thieves","floor":19.0,"turns":4.0},{"damage":7.0,"enemies":"Centurion and Healer","floor":21.0,"turns":7.0},{"damage":10.0,"enemies":"3 Cultists","floor":22.0,"turns":6.0},{"damage":5.0,"enemies":"Snake Plant","floor":24.0,"turns":7.0},{"damage":0.0,"enemies":"Cultist and Chosen","floor":25.0,"turns":7.0},{"damage":3.0,"enemies":"Gremlin Leader","floor":29.0,"turns":8.0},{"damage":0.0,"enemies":"Colosseum Slavers","floor":30.0,"turns":5.0},{"damage":0.0,"enemies":"Colosseum Nobs","floor":30.0,"turns":6.0},{"damage":2.0,"enemies":"Collector","floor":33.0,"turns":11.0},{"damage":0.0,"enemies":"Orb Walker","floor":35.0,"turns":5.0},{"damage":0.0,"enemies":"3 Shapes","floor":40.0,"turns":6.0},{"damage":2.0,"enemies":"Writhing Mass","floor":42.0,"turns":10.0},{"damage":88,"enemies":"Giant Head","floor":44,"turns":10}],"seed_played":"2225449039557861726","potions_obtained":[{"floor":1.0,"key":"GhostInAJar"},{"floor":6.0,"key":"Dexterity Potion"},{"floor":18.0,"key":"Strength Potion"},{"floor":19.0,"key":"CunningPotion"},{"floor":22.0,"key":"AttackPotion"},{"floor":24.0,"key":"ColorlessPotion"},{"floor":35.0,"key":"FearPotion"}],"is_trial":false,"path_per_floor":["M","M","?","?","$","E","M","R","T","?","M","R","?","M","R","B",null,"M","M","$","M","M","R","M","M","T","$","?","E","?","?","R","B",null,"M","?","?","T","$","M","R","M","T","E"],"character_chosen":"THE_SILENT","items_purchased":["PiercingWail","Backflip","EssenceOfSteel"],"campfire_rested":0,"item_purchase_floors":[20,20,27],"current_hp_per_floor":[59,59,59,59,59,59,59,59,59,59,59,59,64,51,51,40,59,58,57,57,50,40,40,35,35,35,35,35,37,42,42,42,45,60,65,62,52,52,52,61,61,62,62,0,0],"gold":51,"neow_bonus":"THREE_ENEMY_KILL","is_daily":false,"chose_seed":false,"campfire_upgraded":6,"win_rate":0.0,"timestamp":1613623450,"path_taken":["M","M","?","?","$","E","M","R","T","?","M","R","?","M","R","BOSS","M","M","$","M","M","R","M","M","T","$","?","E","?","?","R","BOSS","M","?","?","?","?","M","R","M","T","E"],"items_purchased_type":["Card","Card","Potion"],"build_version":"2020-12-22","purchased_purges":3,"victory":false,"max_hp_per_floor":[66,66,66,66,66,66,66,66,66,60,60,60,65,65,65,65,65,65,65,65,65,65,65,65,65,65,65,65,65,65,65,65,65,65,65,62,62,62,62,62,62,62,62,62,62],"relic_stats":{"Torii":7,"counters":[8,61],"Bloody Idol":27,"Cursed Key":0,"obtain_stats":[{"Potion Belt":31,"SlaversCollar":34,"Matryoshka":30,"NeowsBlessing":0,"Torii":30,"Golden Idol":0,"Bloody Idol":28,"Thread and Needle":0,"Cursed Key":0,"StrikeDummy":29,"Ring of the Snake":0},{"Potion Belt":3,"SlaversCollar":4,"Matryoshka":3,"NeowsBlessing":0,"Torii":3,"Golden Idol":0,"Bloody Idol":0,"Thread and Needle":0,"Cursed Key":0,"StrikeDummy":1,"Ring of the Snake":0},{"Potion Belt":19,"SlaversCollar":30,"Matryoshka":19,"NeowsBlessing":0,"Torii":19,"Golden Idol":0,"Bloody Idol":0,"Thread and Needle":0,"Cursed Key":0,"StrikeDummy":8,"Ring of the Snake":0}],"Ring of the Snake":[16]},"card_choices":[{"not_picked":["Acrobatics","Quick Slash"],"picked":"Flying Knee","floor":1.0},{"not_picked":["Underhanded Strike","A Thousand Cuts"],"picked":"Cloak And Dagger","floor":2.0},{"not_picked":["Slice","Outmaneuver"],"picked":"Escape Plan","floor":6.0},{"not_picked":["Infinite Blades","Outmaneuver"],"picked":"Noxious Fumes","floor":7.0},{"not_picked":["Flying Knee","Slice"],"picked":"Blade Dance","floor":11.0},{"not_picked":["Poisoned Stab","Eviscerate","Phantasmal Killer"],"picked":"SKIP","floor":14.0},{"not_picked":["Unload","Glass Knife"],"picked":"Malaise","floor":16.0},{"not_picked":["Endless Agony","Cloak And Dagger"],"picked":"Noxious Fumes","floor":18.0},{"not_picked":["Prepared","Noxious Fumes"],"picked":"Acrobatics","floor":19.0},{"not_picked":["Blade Dance","Dodge and Roll","Reflex+1"],"picked":"SKIP","floor":21.0},{"not_picked":["Acrobatics","Poisoned Stab"],"picked":"Wraith Form v2","floor":22.0},{"not_picked":["Deadly Poison","Slice","Poisoned Stab"],"picked":"SKIP","floor":24.0},{"not_picked":["Dagger Spray","Sucker Punch"],"picked":"Prepared+1","floor":25.0},{"not_picked":["Finisher","Prepared","Outmaneuver"],"picked":"SKIP","floor":29.0},{"not_picked":["Flying Knee","Deadly Poison"],"picked":"PiercingWail","floor":30.0},{"not_picked":["A Thousand Cuts","Doppelganger"],"picked":"Bullet Time","floor":33.0},{"not_picked":["Bane","Concentrate","Underhanded Strike"],"picked":"SKIP","floor":35.0},{"not_picked":["Swift Strike","Deep Breath"],"picked":"Dark Shackles","floor":37.0},{"not_picked":["Purity","Swift Strike"],"picked":"Bandage Up","floor":37.0},{"not_picked":["Blade Dance","Dagger Spray"],"picked":"PiercingWail","floor":40.0},{"not_picked":["Dagger Spray","Cloak And Dagger+1"],"picked":"Acrobatics","floor":42.0}],"player_experience":31050,"relics_obtained":[{"floor":6.0,"key":"Thread and Needle"},{"floor":29.0,"key":"StrikeDummy"},{"floor":30.0,"key":"Torii"},{"floor":30.0,"key":"Matryoshka"}],"event_choices":[{"damage_healed":0.0,"max_hp_gain":0.0,"max_hp_loss":0.0,"gold_gain":0.0,"event_name":"Living Wall","player_choice":"Grow","floor":3.0,"gold_loss":0.0,"damage_taken":0.0,"cards_upgraded":["Neutralize"]},{"damage_healed":0.0,"max_hp_gain":0.0,"max_hp_loss":0.0,"gold_gain":0.0,"event_name":"Liars Game","player_choice":"Ignored","floor":4.0,"gold_loss":0.0,"damage_taken":0.0},{"damage_healed":0.0,"max_hp_gain":0.0,"max_hp_loss":6.0,"gold_gain":0.0,"event_name":"Golden Idol","player_choice":"Lose Max HP","floor":10.0,"gold_loss":0.0,"damage_taken":0.0,"relics_obtained":["Golden Idol"]},{"damage_healed":0.0,"max_hp_gain":5.0,"max_hp_loss":0.0,"gold_gain":0.0,"event_name":"Big Fish","player_choice":"Donut","floor":13.0,"gold_loss":0.0,"damage_taken":0.0},{"damage_healed":0.0,"max_hp_gain":0.0,"max_hp_loss":0.0,"gold_gain":0.0,"event_name":"Forgotten Altar","player_choice":"Gave Idol","floor":28.0,"relics_lost":["Golden Idol"],"gold_loss":0.0,"damage_taken":0.0,"relics_obtained":["Bloody Idol"]},{"damage_healed":0.0,"max_hp_gain":0.0,"max_hp_loss":0.0,"gold_gain":0.0,"event_name":"Colosseum","player_choice":"Fight","floor":30.0,"gold_loss":0.0,"damage_taken":0.0},{"damage_healed":0.0,"max_hp_gain":0.0,"max_hp_loss":0.0,"gold_gain":0.0,"event_name":"Colosseum","player_choice":"Fought Nobs","floor":30.0,"gold_loss":0.0,"damage_taken":0.0},{"damage_healed":0.0,"max_hp_gain":0.0,"max_hp_loss":0.0,"gold_gain":0.0,"event_name":"Addict","player_choice":"Obtained Relic","floor":31.0,"gold_loss":85.0,"damage_taken":0.0,"relics_obtained":["Potion Belt"]},{"damage_healed":0.0,"max_hp_gain":0.0,"max_hp_loss":3.0,"gold_gain":0.0,"event_name":"Winding Halls","player_choice":"Max HP","floor":36.0,"gold_loss":0.0,"damage_taken":0.0},{"damage_healed":0.0,"max_hp_gain":0.0,"max_hp_loss":0.0,"gold_gain":0.0,"event_name":"SensoryStone","player_choice":"Memory 3","floor":37.0,"gold_loss":0.0,"damage_taken":10.0}],"is_beta":false,"boss_relics":[{"not_picked":["Black Star","Runic Dome"],"picked":"Cursed Key"},{"not_picked":["WristBlade","Philosopher\u0027s Stone"],"picked":"SlaversCollar"}],"items_purged_floors":[5,20,39],"is_endless":false,"potions_floor_spawned":[1,6,7,14,18,19,22,24,35],"killed_by":"Giant Head","ascension_level":19}}