{"host":"mnpd8gh7cwxsn5kh","time":1613684844,"event":{"mods":["BaseMod","Bestiary","Block Reminder","Colored Map","Colored Powertips","Highlight Path","Minty Spire (QoL Compilation)","Relic Sorter","Relic Stats"],"gold_per_floor":[212,222,232,20,20,49,49,81,152,168,225,253,268,166,166,244,244,258,528,538,554,570,601,263,288,288,301,316,316,336,361,361,434,434,454,473,473,492,108,136,136,154,154,188,204,238,238,268,268,268],"floor_reached":51,"language":"ENG","playtime":4621,"items_purged":[],"score":1952,"play_id":"1005b9ed-cb44-4c8e-9d5c-9451d96eda57","local_time":"20210218224724","is_ascension_mode":true,"campfire_choices":[{"data":"Armaments","floor":7.0,"key":"SMITH"},{"data":"True Grit","floor":15.0,"key":"SMITH"},{"data":"Shockwave","floor":32.0,"key":"SMITH"},{"floor":47,"key":"RECALL"},{"floor":49,"key":"REST"}],"circlet_count":0,"master_deck":["AscendersBane","Strike_R","Strike_R","Strike_R","Strike_R+1","Defend_R","Defend_R","Defend_R","Defend_R","Bash","Twin Strike","Perfected Strike+1","Twin Strike","Perfected Strike+1","Armaments+1","Feed","Shockwave+1","Pommel Strike","Battle Trance","True Grit+1","Immolate","Sentinel+1","Shrug It Off","Battle Trance","Warcry+1","Shrug It Off","Twin Strike","Seeing Red","Twin Strike+1","Spot Weakness","Limit Break","Ghostly Armor","Perfected Strike","Inflame+1","Perfected Strike"],"relics":["Burning Blood","Nunchaku","FossilizedHelix","Whetstone","White Beast Statue","Incense Burner","Orichalcum","SlaversCollar","Pantograph","StrikeDummy","Turnip","Strawberry","Singing Bowl","Fusion Hammer","PreservedInsect","Oddly Smooth Stone","Art of War","Bag of Marbles","Ornamental Fan","Pear","Blue Candle"],"acts_visited":["Exordium","TheCity","TheBeyond"],"potions_floor_usage":[33,36,42,50,50],"damage_taken":[{"damage":11.0,"enemies":"2 Louse","floor":1.0,"turns":4.0},{"damage":1.0,"enemies":"Cultist","floor":2.0,"turns":3.0},{"damage":18.0,"enemies":"Small Slimes","floor":3.0,"turns":4.0},{"damage":32.0,"enemies":"Gremlin Nob","floor":6.0,"turns":4.0},{"damage":7.0,"enemies":"Lagavulin","floor":8.0,"turns":6.0},{"damage":0.0,"enemies":"Exordium Thugs","floor":10.0,"turns":3.0},{"damage":0.0,"enemies":"Gremlin Nob","floor":11.0,"turns":3.0},{"damage":0.0,"enemies":"Gremlin Nob","floor":12.0,"turns":3.0},{"damage":0.0,"enemies":"Lots of Slimes","floor":13.0,"turns":1.0},{"damage":27.0,"enemies":"Hexaghost","floor":16.0,"turns":10.0},{"damage":0.0,"enemies":"Spheric Guardian","floor":18.0,"turns":3.0},{"damage":0.0,"enemies":"Shell Parasite","floor":20.0,"turns":3.0},{"damage":20.0,"enemies":"Shelled Parasite and Fungi","floor":21.0,"turns":7.0},{"damage":0.0,"enemies":"Snecko","floor":22.0,"turns":6.0},{"damage":7.0,"enemies":"Slavers","floor":23.0,"turns":6.0},{"damage":0.0,"enemies":"Book of Stabbing","floor":25.0,"turns":4.0},{"damage":0.0,"enemies":"3 Cultists","floor":27.0,"turns":4.0},{"damage":0.0,"enemies":"Snake Plant","floor":28.0,"turns":2.0},{"damage":17.0,"enemies":"Shelled Parasite and Fungi","floor":30.0,"turns":4.0},{"damage":11.0,"enemies":"Gremlin Leader","floor":31.0,"turns":6.0},{"damage":7,"enemies":"Collector","floor":33,"turns":7},{"damage":0,"enemies":"3 Shapes","floor":35,"turns":5},{"damage":0,"enemies":"3 Darklings","floor":36,"turns":3},{"damage":0,"enemies":"Sphere and 2 Shapes","floor":38,"turns":9},{"damage":24,"enemies":"Reptomancer","floor":40,"turns":4},{"damage":0,"enemies":"4 Shapes","floor":42,"turns":5},{"damage":0,"enemies":"Nemesis","floor":44,"turns":5},{"damage":0,"enemies":"Transient","floor":45,"turns":6},{"damage":0,"enemies":"Reptomancer","floor":46,"turns":2},{"damage":0,"enemies":"Nemesis","floor":48,"turns":1},{"damage":42,"enemies":"Awakened One","floor":50,"turns":9}],"seed_played":"-1486796746227119340","potions_obtained":[{"floor":6.0,"key":"BloodPotion"},{"floor":8.0,"key":"GamblersBrew"},{"floor":10.0,"key":"PowerPotion"},{"floor":11.0,"key":"ColorlessPotion"},{"floor":13.0,"key":"Explosive Potion"},{"floor":16.0,"key":"Fire Potion"},{"floor":20.0,"key":"Dexterity Potion"},{"floor":21.0,"key":"ColorlessPotion"},{"floor":22.0,"key":"Strength Potion"},{"floor":23.0,"key":"GamblersBrew"},{"floor":25.0,"key":"FearPotion"},{"floor":27.0,"key":"CultistPotion"},{"floor":28.0,"key":"SkillPotion"},{"floor":30.0,"key":"BloodPotion"},{"floor":31.0,"key":"DistilledChaos"},{"floor":33,"key":"HeartOfIron"},{"floor":36,"key":"SpeedPotion"},{"floor":38,"key":"Fire Potion"},{"floor":42,"key":"EssenceOfSteel"}],"is_trial":false,"path_per_floor":["M","M","M","$","?","E","R","E","T","M","?","E","M","$","R","B",null,"M","?","M","M","M","E","$","E","T","M","M","?","M","E","R","B",null,"M","M","?","M","$","E","$","M","T","E","M","E","R","E","R","B",null],"character_chosen":"IRONCLAD","items_purchased":["Perfected Strike","Nunchaku","Battle Trance","True Grit","StrikeDummy","Shrug It Off","PreservedInsect","Perfected Strike","Oddly Smooth Stone"],"campfire_rested":1,"item_purchase_floors":[4,4,14,14,24,24,39,39,39],"current_hp_per_floor":[63,68,56,56,61,35,35,34,34,59,65,74,80,80,80,59,79,88,61,67,53,59,61,61,67,74,80,86,86,75,91,91,100,101,106,109,109,115,115,99,99,110,110,121,127,139,139,142,142,106],"gold":268,"neow_bonus":"HUNDRED_GOLD","is_daily":false,"chose_seed":false,"campfire_upgraded":3,"win_rate":0.0,"timestamp":1613684844,"path_taken":["M","M","M","$","?","E","R","E","T","M","?","E","M","$","R","BOSS","M","?","M","M","M","E","$","E","T","M","?","?","M","E","R","BOSS","M","?","?","M","$","E","?","M","T","E","?","E","R","E","R","BOSS"],"items_purchased_type":["Card","Relic","Card","Card","Relic","Card","Relic","Card","Relic"],"build_version":"2020-12-22","purchased_purges":0,"victory":true,"max_hp_per_floor":[75,75,75,75,80,80,80,80,80,83,83,86,86,86,86,86,86,89,89,89,89,89,92,92,92,99,99,99,99,99,101,101,101,101,106,109,109,115,115,117,117,122,122,127,127,139,139,142,142,142],"relic_stats":{"Singing Bowl":14,"counters":[31,142],"Blue Candle":[0],"PreservedInsect":224,"Whetstone":["Perfected Strike","Strike_R"],"Orichalcum":[294],"Burning Blood":156,"Nunchaku":[23],"Ornamental Fan":[32],"Pantograph":10,"Turnip":[13],"Art of War":[1],"obtain_stats":[{"Pear":46,"Singing Bowl":31,"Blue Candle":48,"Oddly Smooth Stone":39,"PreservedInsect":39,"Incense Burner":11,"Whetstone":8,"Orichalcum":12,"Burning Blood":0,"White Beast Statue":9,"SlaversCollar":17,"Nunchaku":4,"Ornamental Fan":44,"Pantograph":23,"Strawberry":26,"Turnip":25,"Fusion Hammer":34,"Art of War":40,"Bag of Marbles":43,"StrikeDummy":24,"FossilizedHelix":6},{"Pear":29,"Singing Bowl":20,"Blue Candle":30,"Oddly Smooth Stone":24,"PreservedInsect":24,"Incense Burner":7,"Whetstone":5,"Orichalcum":8,"Burning Blood":0,"White Beast Statue":5,"SlaversCollar":10,"Nunchaku":3,"Ornamental Fan":27,"Pantograph":15,"Strawberry":16,"Turnip":16,"Fusion Hammer":21,"Art of War":25,"Bag of Marbles":26,"StrikeDummy":15,"FossilizedHelix":4},{"Pear":132,"Singing Bowl":86,"Blue Candle":133,"Oddly Smooth Stone":110,"PreservedInsect":110,"Incense Burner":27,"Whetstone":21,"Orichalcum":30,"Burning Blood":0,"White Beast Statue":21,"SlaversCollar":41,"Nunchaku":11,"Ornamental Fan":124,"Pantograph":66,"Strawberry":70,"Turnip":70,"Fusion Hammer":93,"Art of War":114,"Bag of Marbles":119,"StrikeDummy":66,"FossilizedHelix":15}]},"card_choices":[{"not_picked":["Thunderclap","Feel No Pain"],"picked":"Twin Strike","floor":1.0},{"not_picked":["Headbutt","Havoc"],"picked":"Perfected Strike","floor":2.0},{"not_picked":["Clash","Flex"],"picked":"Twin Strike","floor":3.0},{"not_picked":["Intimidate","Wild Strike"],"picked":"Armaments","floor":6.0},{"not_picked":["Shockwave","Thunderclap"],"picked":"Feed","floor":8.0},{"not_picked":["Dropkick","Anger"],"picked":"Shockwave","floor":10.0},{"not_picked":["Rage","Flex","Armaments"],"picked":"SKIP","floor":12.0},{"not_picked":["Thunderclap","Power Through"],"picked":"Pommel Strike","floor":13.0},{"not_picked":["Brutality","Bludgeon"],"picked":"Immolate","floor":16.0},{"not_picked":["Burning Pact","Anger"],"picked":"Sentinel+1","floor":18.0},{"not_picked":["Clothesline","Sword Boomerang"],"picked":"Shrug It Off","floor":20.0},{"not_picked":["Warcry","Combust","Armaments"],"picked":"SKIP","floor":21.0},{"not_picked":["Rupture","Brutality"],"picked":"Battle Trance","floor":22.0},{"not_picked":["Sword Boomerang","Blood for Blood"],"picked":"Warcry+1","floor":23.0},{"not_picked":["Cleave","Searing Blow+1"],"picked":"Twin Strike","floor":25.0},{"not_picked":["Cleave+1","Havoc"],"picked":"Seeing Red","floor":27.0},{"not_picked":["Armaments+1","Second Wind"],"picked":"Twin Strike+1","floor":28.0},{"not_picked":["Bloodletting","Armaments"],"picked":"Spot Weakness","floor":30.0},{"not_picked":["Pommel Strike","Armaments","Clash"],"picked":"Singing Bowl","floor":31.0},{"not_picked":["Corruption","Bludgeon"],"picked":"Limit Break","floor":33},{"not_picked":["Body Slam","Sword Boomerang","Burning Pact"],"picked":"Singing Bowl","floor":35},{"not_picked":["Disarm","Havoc"],"picked":"Ghostly Armor","floor":36},{"not_picked":["Metallicize","Anger","True Grit+1"],"picked":"Singing Bowl","floor":38},{"not_picked":["Flame Barrier","Pommel Strike","Battle Trance"],"picked":"Singing Bowl","floor":40},{"not_picked":["Body Slam","Thunderclap","Berserk"],"picked":"Singing Bowl","floor":42},{"not_picked":["Uppercut","Evolve+1","Sword Boomerang+1"],"picked":"Singing Bowl","floor":44},{"not_picked":["Flex","Rupture"],"picked":"Inflame+1","floor":45},{"not_picked":["Corruption","Entrench","Clothesline"],"picked":"Singing Bowl","floor":46},{"not_picked":["Heavy Blade","Clash"],"picked":"Perfected Strike","floor":48}],"player_experience":602168,"relics_obtained":[{"floor":6.0,"key":"FossilizedHelix"},{"floor":8.0,"key":"Whetstone"},{"floor":9.0,"key":"White Beast Statue"},{"floor":11.0,"key":"Incense Burner"},{"floor":12.0,"key":"Orichalcum"},{"floor":23.0,"key":"Pantograph"},{"floor":25.0,"key":"Turnip"},{"floor":26.0,"key":"Strawberry"},{"floor":31.0,"key":"Singing Bowl"},{"floor":40,"key":"Art of War"},{"floor":43,"key":"Bag of Marbles"},{"floor":44,"key":"Ornamental Fan"},{"floor":46,"key":"Pear"},{"floor":48,"key":"Blue Candle"}],"event_choices":[{"damage_healed":0.0,"max_hp_gain":5.0,"max_hp_loss":0.0,"gold_gain":0.0,"event_name":"Big Fish","player_choice":"Donut","floor":5.0,"gold_loss":0.0,"damage_taken":0.0},{"damage_healed":0.0,"max_hp_gain":0.0,"max_hp_loss":0.0,"gold_gain":0.0,"event_name":"Dead Adventurer","player_choice":"Searched \u00272\u0027 times","floor":11.0,"gold_loss":0.0,"damage_taken":0.0},{"damage_healed":0.0,"max_hp_gain":0.0,"max_hp_loss":0.0,"gold_gain":270.0,"event_name":"Knowing Skull","player_choice":"GOLD GOLD GOLD ","floor":19.0,"potions_obtained":[],"gold_loss":0.0,"damage_taken":27.0,"cards_obtained":[]},{"damage_healed":0.0,"max_hp_gain":0.0,"max_hp_loss":0.0,"gold_gain":270.0,"event_name":"Knowing Skull","player_choice":"GOLD GOLD GOLD ","floor":19.0,"potions_obtained":[],"gold_loss":0.0,"damage_taken":27.0,"cards_obtained":[]},{"damage_healed":0.0,"max_hp_gain":0.0,"max_hp_loss":0.0,"gold_gain":0.0,"event_name":"Accursed Blacksmith","player_choice":"Forge","floor":29.0,"gold_loss":0.0,"damage_taken":0.0,"cards_upgraded":["Perfected Strike"]},{"cards_removed":["Strike_R"],"damage_healed":0,"gold_gain":0,"player_choice":"Purged","damage_taken":0,"max_hp_gain":0,"max_hp_loss":0,"event_name":"Purifier","floor":37,"gold_loss":0}],"is_beta":false,"boss_relics":[{"not_picked":["Pandora\u0027s Box","Empty Cage"],"picked":"SlaversCollar"},{"not_picked":["Sozu","SacredBark"],"picked":"Fusion Hammer"}],"items_purged_floors":[],"is_endless":false,"potions_floor_spawned":[6,8,10,11,12,13,16,18,20,21,22,23,25,27,28,30,31,33,35,36,38,40,42,44,45,46,48],"ascension_level":19}}