{"host":"bq4pt811tk9yrmjl","time":1613671626,"event":{"mods":["AchievementEnabler","BaseMod","Colored Map","Colored Powertips","Defuse TimeMaze Blight","Minty Spire (QoL Compilation)","Smile Girya","StSLib","SuperFastMode"],"gold_per_floor":[112,112,125,125,125,150,150,150,230,230,262,262,287,28,28,130,130,140,87,87,186,36,90,90,90,90,90,109,109,179,205,205,305,305,325,208,218,176,186,186,198,198,221,259,371,402,414,438,450,462,474,486,34,67,67,67],"floor_reached":55,"language":"ENG","playtime":1572,"items_purged":["Strike_P"],"score":811,"play_id":"d4261f3d-bf23-46bb-95cd-83c025362d72","local_time":"20210218160706","is_ascension_mode":true,"campfire_choices":[{"data":"PathToVictory","floor":8.0,"key":"SMITH"},{"data":"Vigilance","floor":10.0,"key":"SMITH"},{"data":"PathToVictory","floor":12.0,"key":"SMITH"},{"data":"Apotheosis","floor":15.0,"key":"SMITH"},{"floor":24.0,"key":"REST"},{"floor":27.0,"key":"RECALL"},{"floor":32.0,"key":"REST"},{"floor":40.0,"key":"REST"},{"floor":42.0,"key":"REST"},{"data":"Devotion","floor":47.0,"key":"SMITH"},{"floor":49.0,"key":"REST"},{"data":"MasterReality","floor":52.0,"key":"SMITH"}],"circlet_count":0,"master_deck":["Strike_P","Strike_P","Strike_P","Defend_P+1","Defend_P","Defend_P","Defend_P","Eruption","Vigilance+1","PathToVictory+1","JustLucky","DeceiveReality+1","PathToVictory+1","Consecrate","Apotheosis+1","MasterReality+1","PathToVictory","PathToVictory","Vault","PathToVictory+1","Devotion+1","Evaluate","EmptyBody+1"],"relics":["PureWater","NeowsBlessing","Tiny Chest","War Paint","Ice Cream","SacredBark","Regal Pillow","Damaru","Art of War","The Courier","Darkstone Periapt","Busted Crown","MawBank","Frozen Egg 2","TungstenRod","Lantern"],"acts_visited":["Exordium","TheCity","TheBeyond","TheEnding"],"potions_floor_usage":[54,55,55],"damage_taken":[{"damage":0.0,"enemies":"Jaw Worm","floor":1.0,"turns":1.0},{"damage":0.0,"enemies":"2 Louse","floor":3.0,"turns":1.0},{"damage":0.0,"enemies":"Lagavulin","floor":6.0,"turns":1.0},{"damage":26.0,"enemies":"Gremlin Nob","floor":11.0,"turns":5.0},{"damage":4.0,"enemies":"3 Sentries","floor":13.0,"turns":12.0},{"damage":22.0,"enemies":"Hexaghost","floor":16.0,"turns":7.0},{"damage":0.0,"enemies":"Shell Parasite","floor":18.0,"turns":6.0},{"damage":0.0,"enemies":"Chosen","floor":28.0,"turns":3.0},{"damage":26.0,"enemies":"Slavers","floor":31.0,"turns":6.0},{"damage":71.0,"enemies":"Automaton","floor":33.0,"turns":10.0},{"damage":7.0,"enemies":"3 Darklings","floor":35.0,"turns":5.0},{"damage":9.0,"enemies":"3 Shapes","floor":37.0,"turns":6.0},{"damage":29.0,"enemies":"Sphere and 2 Shapes","floor":39.0,"turns":7.0},{"damage":1.0,"enemies":"Transient","floor":41.0,"turns":6.0},{"damage":0.0,"enemies":"Giant Head","floor":44.0,"turns":7.0},{"damage":0.0,"enemies":"Writhing Mass","floor":46.0,"turns":4.0},{"damage":16.0,"enemies":"Sphere and 2 Shapes","floor":48.0,"turns":9.0},{"damage":83.0,"enemies":"Time Eater","floor":50.0,"turns":11.0},{"damage":87,"enemies":"Shield and Spear","floor":54,"turns":8},{"damage":23,"enemies":"The Heart","floor":55,"turns":4}],"seed_played":"-5773271723665912890","potions_obtained":[{"floor":11.0,"key":"FearPotion"},{"floor":13.0,"key":"Explosive Potion"},{"floor":18.0,"key":"LiquidBronze"},{"floor":39.0,"key":"Block Potion"},{"floor":41.0,"key":"Regen Potion"},{"floor":46.0,"key":"BlessingOfTheForge"}],"is_trial":false,"path_per_floor":["M","?","M","?","$","E","?","R","T","R","E","R","E","$","R","B",null,"M","$","?","?","$","T","R","?","T","R","M","?","T","E","R","B",null,"M","$","M","$","M","R","M","R","T","E","?","M","R","M","R","B",null,"R","$","E","B"],"character_chosen":"WATCHER","items_purchased":["Apotheosis","Regen Potion","PathToVictory","Regal Pillow","Devotion","PowerPotion","TungstenRod","Regen Potion","FearPotion","Ancient Potion"],"campfire_rested":5,"item_purchase_floors":[14,14,19,22,36,38,53,53,53,53],"current_hp_per_floor":[72,72,72,72,72,72,77,77,77,77,51,51,47,47,47,40,77,77,77,63,63,63,63,82,82,82,82,82,82,82,56,82,11,82,75,75,66,66,37,76,75,82,82,82,82,82,82,66,82,39,82,82,82,22,0,0],"gold":67,"neow_bonus":"THREE_ENEMY_KILL","is_daily":false,"chose_seed":false,"campfire_upgraded":6,"win_rate":0.0,"timestamp":1613671626,"path_taken":["M","?","M","?","$","E","?","R","T","R","E","R","E","$","R","BOSS","M","$","?","?","$","?","R","?","T","R","?","?","?","E","R","BOSS","M","?","M","$","M","R","M","R","T","E","?","M","R","M","R","BOSS","R","$","E","BOSS"],"items_purchased_type":["Card","Potion","Card","Relic","Card","Potion","Relic","Potion","Potion","Potion"],"build_version":"2020-12-22","purchased_purges":1,"victory":false,"max_hp_per_floor":[72,72,72,72,72,72,77,77,77,77,77,77,77,77,77,77,77,77,77,82,82,82,82,82,82,82,82,82,82,82,82,82,82,82,82,82,82,82,82,82,82,82,82,82,82,82,82,82,82,82,82,82,82,82,82,82],"card_choices":[{"not_picked":["EmptyFist","JustLucky"],"picked":"PathToVictory","floor":1.0},{"not_picked":["CutThroughFate","Protect"],"picked":"JustLucky","floor":3.0},{"not_picked":["WheelKick","CutThroughFate"],"picked":"DeceiveReality","floor":6.0},{"not_picked":["FlurryOfBlows","MentalFortress"],"picked":"PathToVictory","floor":11.0},{"not_picked":["Judgement","Omniscience"],"picked":"Consecrate","floor":13.0},{"not_picked":["DeusExMachina","Establishment"],"picked":"MasterReality","floor":16.0},{"not_picked":["EmptyBody","Crescendo+1"],"picked":"PathToVictory","floor":18.0},{"not_picked":["Worship+1","SashWhip","ClearTheMind"],"picked":"SKIP","floor":28.0},{"not_picked":["SignatureMove","Evaluate","CrushJoints"],"picked":"SKIP","floor":31.0},{"not_picked":["Judgement","DeusExMachina"],"picked":"Vault","floor":33.0},{"not_picked":[],"picked":"PathToVictory+1","floor":35.0},{"not_picked":["CutThroughFate"],"picked":"SKIP","floor":37.0},{"not_picked":["FollowUp"],"picked":"SKIP","floor":39.0},{"not_picked":["ReachHeaven"],"picked":"SKIP","floor":41.0},{"not_picked":[],"picked":"Evaluate","floor":44.0},{"not_picked":["FearNoEvil"],"picked":"SKIP","floor":46.0},{"not_picked":[],"picked":"EmptyBody+1","floor":48.0},{"not_picked":["Brilliance"],"picked":"SKIP","floor":54}],"player_experience":269535,"relics_obtained":[{"floor":6.0,"key":"Tiny Chest"},{"floor":11.0,"key":"War Paint"},{"floor":13.0,"key":"Ice Cream"},{"floor":23.0,"key":"Damaru"},{"floor":26.0,"key":"Art of War"},{"floor":30.0,"key":"The Courier"},{"floor":31.0,"key":"Darkstone Periapt"},{"floor":43.0,"key":"MawBank"},{"floor":44.0,"key":"Frozen Egg 2"},{"floor":54,"key":"Lantern"}],"event_choices":[{"damage_healed":0.0,"max_hp_gain":0.0,"max_hp_loss":0.0,"gold_gain":0.0,"event_name":"The Cleric","player_choice":"Leave","floor":2.0,"gold_loss":0.0,"damage_taken":0.0},{"damage_healed":0.0,"max_hp_gain":0.0,"max_hp_loss":0.0,"gold_gain":0.0,"event_name":"Golden Wing","player_choice":"Ignored","floor":4.0,"gold_loss":0.0,"damage_taken":0.0},{"damage_healed":0.0,"max_hp_gain":5.0,"max_hp_loss":0.0,"gold_gain":0.0,"event_name":"Big Fish","player_choice":"Donut","floor":7.0,"gold_loss":0.0,"damage_taken":0.0},{"damage_healed":0.0,"max_hp_gain":5.0,"max_hp_loss":0.0,"gold_gain":0.0,"event_name":"Forgotten Altar","player_choice":"Shed Blood","floor":20.0,"gold_loss":0.0,"damage_taken":19.0},{"damage_healed":0.0,"max_hp_gain":0.0,"max_hp_loss":0.0,"gold_gain":99.0,"event_name":"Nest","player_choice":"Stole From Cult","floor":21.0,"gold_loss":0.0,"damage_taken":0.0},{"damage_healed":0.0,"max_hp_gain":0.0,"max_hp_loss":0.0,"gold_gain":0.0,"event_name":"Beggar","player_choice":"Ignored","floor":25.0,"gold_loss":0.0,"damage_taken":0.0},{"damage_healed":0.0,"max_hp_gain":0.0,"max_hp_loss":0.0,"gold_gain":0.0,"event_name":"Vampires","player_choice":"Ignored","floor":29.0,"gold_loss":0.0,"damage_taken":0.0},{"damage_healed":0.0,"max_hp_gain":0.0,"max_hp_loss":0.0,"gold_gain":100.0,"event_name":"Golden Shrine","player_choice":"Pray","floor":45.0,"gold_loss":0.0,"damage_taken":0.0}],"is_beta":false,"boss_relics":[{"not_picked":["Runic Pyramid","Snecko Eye"],"picked":"SacredBark"},{"not_picked":["Astrolabe","Calling Bell"],"picked":"Busted Crown"}],"items_purged_floors":[53],"is_endless":false,"potions_floor_spawned":[11,13,18,28,39,41,46],"killed_by":"The Heart","ascension_level":1}}