{"host":"o9lehcdjc4u6j9un","time":1613666800,"event":{"mods":["Aspiration","BaseMod","Better-Laid Plans","Bossed Relics","Colored Map","Downfall","Gremlin Mod","Hermit","Koishi","Marisa£®ÏF”Í°°ƒß¿Ì…≥£©","Minty Spire (QoL Compilation)","Reimu£®≤©¿ˆ¡È√Œ£©","Remilia£®¿Ÿ√◊¿Ú—«£©","Robot Space Explorer","StSLib","The Alterego","The Hierophant","The Jungle","The Marked","The Runesmith","The Senshi","The Servant 0.9.4","Yakumo Yukari mod","Youmu£®ªÍ∆«—˝√Œ£©","≤–¡Ù÷ÆŒÔ"],"gold_per_floor":[111,111,131,131,148,148,174,174,174,174,186,186,214,224,224,322,322,337,262,272,285,200,200,101,130,205,231,247,247,247,147,147,147,147],"floor_reached":33,"language":"ZHS","playtime":1434,"items_purged":["Strike_R","Wrath_TH"],"score":334,"play_id":"b1871265-b6a4-40cd-8a1a-7319aa9bc57b","local_time":"20210219004640","is_ascension_mode":true,"campfire_choices":[{"data":"Rage","floor":6,"key":"SMITH"},{"data":"Body Slam","floor":8,"key":"SMITH"},{"data":"Anger","floor":10,"key":"SMITH"},{"data":"Inflame","floor":15,"key":"SMITH"},{"data":"Brutality","floor":23,"key":"SMITH"},{"data":"EndlessPower","floor":32,"key":"SMITH"}],"circlet_count":0,"master_deck":["Strike_R","Strike_R","Defend_R","Defend_R","Bash","Headbutt","Power Through","Wild Strike","Ghostly Armor","Body Slam+1","Shrug It Off","Anger+1","Rage+1","Inflame+1","Clash","Dropkick","Brutality+1","Sword Boomerang+1","Anger","Pommel Strike","Combust+1","Twin Strike","Seeing Red","EndlessPower+1"],"relics":["Burning Blood","aspiration:HiddenCompartment","MealTicket","White Beast Statue","Lantern","aspiration:MobileForge","Oddly Smooth Stone","Nunchaku","CrazyTorch:ReiMu","Magic Flower"],"acts_visited":["Exordium","TheCity"],"potions_floor_usage":[13,13,18,20,21,25,25,27],"damage_taken":[{"damage":0.0,"enemies":"Small Slimes","floor":1.0,"turns":3.0},{"damage":11,"enemies":"Jaw Worm","floor":3,"turns":3},{"damage":0,"enemies":"2 Louse","floor":5,"turns":2},{"damage":11,"enemies":"3 Sentries","floor":7,"turns":8},{"damage":2,"enemies":"Looter","floor":11,"turns":3},{"damage":0,"enemies":"Gremlin Nob","floor":13,"turns":3},{"damage":0,"enemies":"Large Slime","floor":14,"turns":5},{"damage":35,"enemies":"The Guardian","floor":16,"turns":7},{"damage":2,"enemies":"Spheric Guardian","floor":18,"turns":3},{"damage":20,"enemies":"3 Byrds","floor":20,"turns":5},{"damage":11,"enemies":"Cultist and Chosen","floor":21,"turns":4},{"damage":8,"enemies":"Slavers","floor":25,"turns":4},{"damage":21,"enemies":"Book of Stabbing","floor":27,"turns":4},{"damage":24,"enemies":"Shelled Parasite and Fungi","floor":28,"turns":3},{"damage":65,"enemies":"Champ","floor":33,"turns":6}],"seed_played":"-1019151460812621608","potions_obtained":[{"floor":1.0,"key":"Fire Potion"},{"floor":7,"key":"AttackPotion"},{"floor":11,"key":"AttackPotion"},{"floor":13,"key":"Swift Potion"},{"floor":14,"key":"FearPotion"},{"floor":18,"key":"Fire Potion"},{"floor":20,"key":"SkillPotion"},{"floor":21,"key":"Guardian:BlockOnCardUsePotion"},{"floor":25,"key":"SneckoOil"},{"floor":27,"key":"BloodPotion"},{"floor":28,"key":"ZuzhouPotion:ReiMu"}],"is_trial":false,"path_per_floor":["M","?","M","?","M","R","E","R","T","R","M","?","E","M","R","B",null,"M","?","M","M","?","R","$","E","T","E","M","?","?","$","R","B"],"character_chosen":"IRONCLAD","items_purchased":["Pommel Strike"],"campfire_rested":0,"item_purchase_floors":[24],"current_hp_per_floor":[72,72,67,64,70,70,65,65,65,65,69,62,68,72,72,43,72,72,72,58,53,53,53,68,66,66,51,36,36,36,51,51,0,0],"gold":147,"neow_bonus":"REMOVE_TWO","is_daily":false,"chose_seed":false,"campfire_upgraded":6,"win_rate":0.0,"timestamp":1613666800,"path_taken":["M","?","M","?","M","R","E","R","T","R","?","?","E","M","R","BOSS","M","?","M","M","?","R","$","E","T","E","M","?","?","$","R","BOSS"],"items_purchased_type":["Card"],"build_version":"2020-12-22","purchased_purges":2,"victory":false,"max_hp_per_floor":[72,72,72,72,72,72,72,72,72,72,72,72,72,72,72,72,72,72,72,72,72,72,72,72,72,72,72,72,72,72,72,72,72,72],"card_choices":[{"not_picked":["Disarm","Burning Pact"],"picked":"Headbutt","floor":1.0},{"not_picked":["Reckless Charge","Warcry"],"picked":"Anger","floor":3},{"not_picked":["Thunderclap","Uppercut"],"picked":"Rage","floor":5},{"not_picked":["Battle Trance","Ghostly Armor"],"picked":"Inflame","floor":7},{"not_picked":["Disarm","Evolve"],"picked":"Clash","floor":11},{"not_picked":["Power Through","Pommel Strike","True Grit"],"picked":"SKIP","floor":13},{"not_picked":["Dual Wield","Iron Wave"],"picked":"Dropkick","floor":14},{"not_picked":["Corruption","Bludgeon"],"picked":"Brutality","floor":16},{"not_picked":["Ghostly Armor+1","Battle Trance","Wild Strike"],"picked":"SKIP","floor":18},{"not_picked":["Iron Wave","Pommel Strike"],"picked":"Sword Boomerang+1","floor":20},{"not_picked":["Rage","Sword Boomerang"],"picked":"Anger","floor":21},{"not_picked":["Fiend Fire","Dark Embrace"],"picked":"Combust+1","floor":25},{"not_picked":["Iron Wave+1","Warcry"],"picked":"Twin Strike","floor":27},{"not_picked":["Sword Boomerang","Shrug It Off"],"picked":"Seeing Red","floor":28}],"player_experience":343186,"relics_obtained":[{"floor":7,"key":"MealTicket"},{"floor":9,"key":"White Beast Statue"},{"floor":13,"key":"Lantern"},{"floor":25,"key":"Nunchaku"},{"floor":26,"key":"CrazyTorch:ReiMu"},{"floor":27,"key":"Magic Flower"}],"event_choices":[{"damage_healed":0,"gold_gain":0,"player_choice":"Success","damage_taken":3,"relics_obtained":["aspiration:HiddenCompartment"],"max_hp_gain":0,"max_hp_loss":0,"event_name":"Scrap Ooze","floor":4,"gold_loss":0},{"cards_removed":["Strike_R"],"damage_healed":0,"gold_gain":0,"player_choice":"Card Removal","damage_taken":7,"max_hp_gain":0,"max_hp_loss":0,"event_name":"Golden Wing","floor":12,"gold_loss":0},{"cards_removed":["Strike_R"],"damage_healed":0,"gold_gain":0,"player_choice":"Gave Gold","damage_taken":0,"max_hp_gain":0,"max_hp_loss":0,"event_name":"Beggar","floor":19,"gold_loss":75},{"damage_healed":0,"gold_gain":0,"player_choice":"Obtained Relic","damage_taken":0,"relics_obtained":["Oddly Smooth Stone"],"max_hp_gain":0,"max_hp_loss":0,"event_name":"Addict","floor":22,"gold_loss":85},{"damage_healed":0,"gold_gain":0,"player_choice":"Ignored","damage_taken":0,"max_hp_gain":0,"max_hp_loss":0,"event_name":"Vampires","floor":29,"gold_loss":0}],"is_beta":false,"boss_relics":[{"not_picked":["aspiration:RandomNobGenerator","SlaversCollar"],"picked":"aspiration:MobileForge"}],"items_purged_floors":[24,31],"is_endless":false,"potions_floor_spawned":[1,7,11,13,14,16,18,20,21,25,27,28],"killed_by":"Champ","ascension_level":1}}