{"host":"x730sfaw5rd1mxd8","time":1613607750,"event":{"mods":["BaseMod","BetterRewards","Colored Powertips","Highlight Path","Minty Spire (QoL Compilation)","Relic Sorter","Relic Stats","Replay The Spire","StSLib"],"gold_per_floor":[116,128,143,155,155,155,155,198,198,242,242,267,288,326,326,420,420,441,465,481,406,406,406,437,503,503,553,578,618,668,712,712,807,807,820,836,886,936,955,998,1017,1017,1017,686,705,740,765,815,815,815,815,815,815,390,421,421],"floor_reached":57,"language":"ENG","playtime":5429,"items_purged":["Strike_G","Strike_G","Strike_G","Strike_G"],"score":3038,"play_id":"dff9a614-89c4-4438-8cb3-34b495d0a880","local_time":"20210217192230","is_ascension_mode":true,"campfire_choices":[{"data":"Apotheosis","floor":6,"key":"SMITH"},{"data":"Footwork","floor":11,"key":"SMITH"},{"floor":15,"key":"REST"},{"floor":23,"key":"RECALL"},{"data":"Caltrops","floor":32,"key":"SMITH"},{"data":"Tactician","floor":42,"key":"SMITH"},{"data":"Poison Darts","floor":49,"key":"SMITH"},{"floor":53,"key":"REST"}],"circlet_count":0,"master_deck":["AscendersBane","Defend_G","Defend_G","Defend_G+1","Defend_G+1","Defend_G","Survivor","Neutralize","Malaise","Infinite Blades","Dagger Throw+1","Hidden Blade","Noxious Fumes","Footwork+1","Dagger Spray","Deflect","Apotheosis+1","Predator","Infinite Blades","Dodge and Roll","Deadly Poison","Slice","Tactician+1","Blade Dance","Poison Darts+1","Outmaneuver+1","Well Laid Plans+1","Blade Dance","Caltrops+1","After Image+1","A Thousand Cuts+1","ReplayTheSpireMod:Speed Training+1","Blade Dance+1","Concentrate+1","Outmaneuver","After Image+1","Poison Darts+1","Infinite Blades+1"],"relics":["Ring of the Snake","Snack Pack","Ornamental Fan","InkBottle","Nunchaku","Pen Nib","Replay:Accelerometer","Chemical X","Centennial Puzzle","Membership Card","ReplayTheSpireMod:Lightbulb","Regal Pillow","Golden Idol","Bottled Lightning","Black Star","SsserpentHead","Mirror","Lantern","Blood Vial","Simple Rune","Basket Of Snakes","Golden Egg","SlaversCollar","Frozen Egg 2","Juzu Bracelet","StrikeDummy","Byrd Skull","Potion Belt","OrangePellets","Strawberry","Snake Skull","Pantograph","Paper Crane","Blue Candle"],"acts_visited":["Exordium","TheCity","TheBeyond","TheEnding"],"potions_floor_usage":[10,14,24,24,56,56,56,56],"damage_taken":[{"damage":0,"enemies":"Small Slimes","floor":1,"turns":6},{"damage":0,"enemies":"Jaw Worm","floor":2,"turns":4},{"damage":2,"enemies":"Cultist","floor":3,"turns":3},{"damage":2,"enemies":"2 Fungi Beasts","floor":4,"turns":3},{"damage":9,"enemies":"Replay:BlueRogue","floor":8,"turns":6},{"damage":1,"enemies":"3 Sentries","floor":10,"turns":4},{"damage":0,"enemies":"Exordium Wildlife","floor":12,"turns":3},{"damage":0,"enemies":"Red Slaver","floor":13,"turns":4},{"damage":6,"enemies":"Gremlin Nob","floor":14,"turns":5},{"damage":23,"enemies":"The Guardian","floor":16,"turns":8},{"damage":10,"enemies":"Spheric Guardian","floor":18,"turns":4},{"damage":2,"enemies":"Chosen","floor":19,"turns":5},{"damage":0,"enemies":"3 Cultists","floor":20,"turns":5},{"damage":7,"enemies":"Gremlin Leader","floor":24,"turns":4},{"damage":5,"enemies":"Cultist and Chosen","floor":25,"turns":5},{"damage":3,"enemies":"Shelled Parasite and Fungi","floor":28,"turns":5},{"damage":4,"enemies":"Book of Stabbing","floor":29,"turns":4},{"damage":0,"enemies":"Gremlin Leader","floor":31,"turns":5},{"damage":25,"enemies":"Automaton","floor":33,"turns":7},{"damage":17,"enemies":"3 Darklings","floor":35,"turns":5},{"damage":15,"enemies":"Orb Walker","floor":36,"turns":4},{"damage":0,"enemies":"Jaw Worm Horde","floor":39,"turns":3},{"damage":0,"enemies":"Giant Head","floor":40,"turns":5},{"damage":4,"enemies":"Spire Growth","floor":41,"turns":4},{"damage":1,"enemies":"3 Darklings","floor":45,"turns":3},{"damage":0,"enemies":"Nemesis","floor":46,"turns":5},{"damage":0,"enemies":"Maw","floor":47,"turns":4},{"damage":0,"enemies":"Replay:Hell Engine","floor":50,"turns":7},{"damage":7,"enemies":"Time Eater","floor":51,"turns":8},{"damage":3,"enemies":"Shield and Spear","floor":55,"turns":5},{"damage":20,"enemies":"The Heart","floor":56,"turns":6}],"seed_played":"6541604663272156718","potions_obtained":[{"floor":2,"key":"Swift Potion"},{"floor":12,"key":"Weak Potion"},{"floor":14,"key":"PowerPotion"},{"floor":24,"key":"Elixir"},{"floor":28,"key":"Energy Potion"},{"floor":33,"key":"Energy Potion"},{"floor":41,"key":"Dexterity Potion"},{"floor":45,"key":"Explosive Potion"}],"is_trial":false,"path_per_floor":["M","M","M","M","$","R","?","E","T","E","R","M","M","E","R","B",null,"M","M","M","?","?","R","E","M","T","?","M","E","?","E","R","B",null,"M","M","?","?","M","E","M","R","T","$","M","E","M","?","R","B","B",null,"R","$","E","B",null],"character_chosen":"THE_SILENT","items_purchased":["Chemical X","Malaise","Centennial Puzzle","Nunchaku","Infinite Blades","Membership Card","Snack Pack","Dagger Throw+1","Hidden Blade","Noxious Fumes","Footwork","InkBottle","Dagger Spray","Deflect","Apotheosis","ReplayTheSpireMod:Lightbulb","Regal Pillow","Predator","Infinite Blades","Dodge and Roll","Block Potion","Byrd Skull","Potion Belt","OrangePellets","Poison Darts","Snake Skull","Pantograph","LiquidBronze","Block Potion","Strength Potion","Infinite Blades+1"],"campfire_rested":2,"item_purchase_floors":[0,0,0,0,0,0,0,0,0,0,0,0,0,0,0,0,0,0,0,0,0,44,44,44,54,54,54,54,54,54,54],"current_hp_per_floor":[63,66,66,64,64,64,41,38,38,39,39,41,45,43,66,51,62,56,58,62,62,62,62,59,60,60,60,65,66,60,66,66,59,64,57,48,48,48,60,66,66,66,66,66,66,73,73,69,69,69,64,68,69,69,69,62],"gold":421,"neow_bonus":"","is_daily":false,"chose_seed":false,"campfire_upgraded":5,"win_rate":0.0,"timestamp":1613607750,"path_taken":["M","M","M","M","$","R","?","E","T","E","R","M","M","E","R","BOSS","M","M","M","?","?","R","E","?","T","?","M","E","?","E","R","BOSS","M","M","?","?","M","E","M","R","T","$","M","E","M","?","R","BOSS","BOSS","R","$","E","BOSS"],"items_purchased_type":["Relic","Card","Relic","Relic","Card","Relic","Relic","Card","Card","Card","Card","Relic","Card","Card","Card","Relic","Relic","Card","Card","Card","Potion","Relic","Relic","Relic","Card","Relic","Relic","Potion","Potion","Potion","Card"],"build_version":"2020-12-22","purchased_purges":4,"victory":true,"max_hp_per_floor":[66,66,66,66,66,66,66,66,66,66,66,66,66,66,66,66,66,66,66,66,66,66,66,66,66,66,66,66,66,66,66,66,66,66,66,66,66,66,66,66,66,66,66,66,66,73,73,69,69,69,69,69,69,69,69,69],"relic_stats":{"Regal Pillow":4,"counters":[514,2215],"Golden Idol":668,"Blue Candle":[0],"Pen Nib":[43],"Snake Skull":[11],"Juzu Bracelet":1,"Blood Vial":10,"SsserpentHead":300,"OrangePellets":[9],"Nunchaku":[45],"Centennial Puzzle":[59],"Ornamental Fan":[404],"Pantograph":0,"Black Star":6,"Chemical X":[55],"obtain_stats":[{"TwistedFunnel":0,"Replay:Accelerometer":26,"Golden Egg":29,"Vampiric Spirits":0,"Whetstone":55,"Bottled Tornado":54,"Boot":55,"Sling":55,"Old Coin":36,"Blood Vial":20,"Replay:Wanted Poster":34,"Replay:Ringing Soul":48,"Sundial":10,"Replay:Bronze Core":17,"MealTicket":27,"Fusion Hammer":36,"Necronomicon":22,"Replay:Bottled Flurry":30,"Kunai":26,"Replay:Wax Seal":10,"Electric Blood":17,"Replay:Bottled Steam":43,"Pear":46,"Blue Candle":30,"Counterbalance":0,"Tingsha":0,"Eternal Feather":21,"Pen Nib":48,"Replay:Ancient Bell":17,"Paper Crane":8,"Akabeko":43,"SlaversCollar":17,"Snecko Scales":34,"Bird Faced Urn":12,"ReplayTheSpireMod:Ring of Collecting":11,"Snecko Eye":34,"Mark of Pain":0,"StrikeDummy":6,"Unceasing Top":27,"Abe\u0027s Treasure":17,"Ring of the Serpent":34,"Regal Pillow":0,"Lantern":25,"Singing Bowl":10,"Torii":0,"Magic Flower":11,"Painkiller Herb":19,"StoneCalendar":30,"Blue Doll":31,"Bag of Preparation":55,"Replay:Multitool":44,"Cursed Key":34,"Smiling Mask":41,"Burning Blood":0,"Pet Ghost":23,"Replay:Rubber Ducky":55,"Matryoshka":0,"Shovel":0,"Chemical X":21,"Replay:Bottled Eggs":48,"InkBottle":0,"Ring of the Snake":0,"Potion Belt":0,"Lee\u0027s Waffle":54,"The Specimen":25,"Golden Idol":11,"Basket Of Snakes":39,"Thread and Needle":0,"The Courier":14,"PreservedInsect":22,"Omamori":23,"Frozen Egg 2":0,"MawBank":31,"Replay:Arrowhead":9,"Busted Crown":17,"Ornamental Fan":55,"Bloody Idol":19,"Orrery":0,"Turnip":46,"Art of War":40,"Durian":0,"Bottled Lightning":47,"ReplayTheSpireMod:Ring of Challenge":38,"ReplayTheSpireMod:Onyx Gauntlets":34,"ReplayTheSpireMod:Lightbulb":30,"Toy Ornithopter":26,"Ice Cream":14,"Divine Protection":45,"Calipers":32,"Gremlin Horn":9,"Nilry\u0027s Codex":23,"Vajra":28,"Sozu":17,"Centennial Puzzle":9,"Lizard Tail":0,"HornCleat":14,"DollysMirror":30,"Strawberry":28,"Honey Jar":34,"Prayer Wheel":0,"Iron Hammer":0,"Toxic Egg 2":0,"Byrd Skull":11,"Happy Flower":55,"Ring of Hypnosis":4,"ReplayTheSpireMod:CursedCoin":0,"Replay:Grab Bag":34,"Oddly Smooth Stone":26,"Ring of Chaos":47,"Replay:Kaleidoscope":25,"Letter Opener":41,"War Paint":54,"Question Card":0,"Du-Vu Doll":0,"OrangePellets":0,"Bottled Flame":15,"Replay:Baseball":0,"Shuriken":12,"Bronze Scales":12,"Simple Rune":55,"Onion Ring":54,"Molten Egg 2":43,"ReplayTheSpireMod:TigerMarble":17,"Black Star":17,"Grinning Jar":23,"Mirror":24,"Pocketwatch":0,"Meat on the Bone":38,"Darkstone Periapt":5,"ReplayFunnel":55,"Replay:PocketPolymizer":27,"SacredBark":34,"Mango":6,"Snake Skull":29,"Incense Burner":45,"Juzu Bracelet":43,"Replay:Mystery Machine":20,"ClockworkSouvenir":45,"SsserpentHead":22,"Dream Catcher":43,"Nunchaku":24,"Replay:Bandana":10,"TheAbacus":0,"Mummified Hand":48,"Pantograph":23,"Gambling Chip":24,"Tiny Chest":29,"Red Mask":22,"Replay:Bottled Snecko":8,"Replay:Drink Me":34,"Red Skull":6,"Gremlin Food":44,"BargainBundle":7,"ReplayTheSpireMod:Ninjato":40,"Replay:Towering Pillar of Hats":10,"Quantum Egg":46,"Guide Book":0,"Replay:WaspNest":0,"Orichalcum":56,"Odd Mushroom":10,"Medical Kit":42,"White Beast Statue":53,"Mercury Hourglass":0,"Calling Bell":17,"Anchor":11,"CaptainsWheel":43,"Pondfish Scales":55,"ChewingGum":34,"Ring of Fury":26,"Snack Pack":8,"Coffee Dripper":17,"Bag of Marbles":11,"Membership Card":0},{"TwistedFunnel":186,"Replay:Accelerometer":294,"Golden Egg":355,"Vampiric Spirits":61,"Whetstone":91,"Bottled Tornado":218,"Boot":91,"Sling":91,"Old Coin":409,"Blood Vial":26,"Replay:Wanted Poster":297,"Replay:Ringing Soul":275,"Sundial":256,"Replay:Bronze Core":349,"MealTicket":58,"Fusion Hammer":80,"Necronomicon":168,"Replay:Bottled Flurry":236,"Kunai":142,"Replay:Wax Seal":224,"Electric Blood":51,"Replay:Bottled Steam":119,"Pear":122,"Blue Candle":30,"Counterbalance":279,"Tingsha":93,"Eternal Feather":200,"Pen Nib":153,"Replay:Ancient Bell":380,"Paper Crane":66,"Akabeko":212,"SlaversCollar":24,"Snecko Scales":115,"Bird Faced Urn":22,"ReplayTheSpireMod:Ring of Collecting":458,"Snecko Eye":326,"Mark of Pain":0,"StrikeDummy":98,"Unceasing Top":143,"Abe\u0027s Treasure":229,"Ring of the Serpent":268,"Regal Pillow":93,"Lantern":294,"Singing Bowl":21,"Torii":186,"Magic Flower":49,"Painkiller Herb":72,"StoneCalendar":174,"Blue Doll":406,"Bag of Preparation":91,"Replay:Multitool":120,"Cursed Key":31,"Smiling Mask":211,"Burning Blood":0,"Pet Ghost":56,"Replay:Rubber Ducky":91,"Matryoshka":61,"Shovel":279,"Chemical X":200,"Replay:Bottled Eggs":245,"InkBottle":219,"Ring of the Snake":0,"Potion Belt":126,"Lee\u0027s Waffle":277,"The Specimen":76,"Golden Idol":5,"Basket Of Snakes":82,"Thread and Needle":309,"The Courier":7,"PreservedInsect":11,"Omamori":293,"Frozen Egg 2":14,"MawBank":79,"Replay:Arrowhead":131,"Busted Crown":8,"Ornamental Fan":91,"Bloody Idol":319,"Orrery":126,"Turnip":38,"Art of War":36,"Durian":186,"Bottled Lightning":365,"ReplayTheSpireMod:Ring of Challenge":81,"ReplayTheSpireMod:Onyx Gauntlets":268,"ReplayTheSpireMod:Lightbulb":205,"Toy Ornithopter":171,"Ice Cream":23,"Divine Protection":182,"Calipers":296,"Gremlin Horn":20,"Nilry\u0027s Codex":75,"Vajra":77,"Sozu":258,"Centennial Puzzle":5,"Lizard Tail":452,"HornCleat":257,"DollysMirror":144,"Strawberry":13,"Honey Jar":237,"Prayer Wheel":93,"Iron Hammer":248,"Toxic Egg 2":156,"Byrd Skull":66,"Happy Flower":91,"Ring of Hypnosis":421,"ReplayTheSpireMod:CursedCoin":418,"Replay:Grab Bag":268,"Oddly Smooth Stone":57,"Ring of Chaos":122,"Replay:Kaleidoscope":204,"Letter Opener":362,"War Paint":185,"Question Card":186,"Du-Vu Doll":309,"OrangePellets":93,"Bottled Flame":70,"Replay:Baseball":93,"Shuriken":226,"Bronze Scales":6,"Simple Rune":91,"Onion Ring":247,"Molten Egg 2":304,"ReplayTheSpireMod:TigerMarble":164,"Black Star":493,"Grinning Jar":169,"Mirror":497,"Pocketwatch":41,"Meat on the Bone":117,"Darkstone Periapt":18,"ReplayFunnel":91,"Replay:PocketPolymizer":403,"SacredBark":470,"Mango":19,"Snake Skull":78,"Incense Burner":87,"Juzu Bracelet":333,"Replay:Mystery Machine":428,"ClockworkSouvenir":151,"SsserpentHead":496,"Dream Catcher":37,"Nunchaku":75,"Replay:Bandana":100,"TheAbacus":370,"Mummified Hand":183,"Pantograph":12,"Gambling Chip":27,"Tiny Chest":266,"Red Mask":140,"Replay:Bottled Snecko":161,"Replay:Drink Me":407,"Red Skull":47,"Gremlin Food":87,"BargainBundle":223,"ReplayTheSpireMod:Ninjato":149,"Replay:Towering Pillar of Hats":66,"Quantum Egg":87,"Guide Book":93,"Replay:WaspNest":61,"Orichalcum":92,"Odd Mushroom":377,"Medical Kit":119,"White Beast Statue":368,"Mercury Hourglass":61,"Calling Bell":164,"Anchor":66,"CaptainsWheel":86,"Pondfish Scales":91,"ChewingGum":176,"Ring of Fury":465,"Snack Pack":48,"Coffee Dripper":137,"Bag of Marbles":161,"Membership Card":61},{"TwistedFunnel":766,"Replay:Accelerometer":1268,"Golden Egg":1525,"Vampiric Spirits":244,"Whetstone":364,"Bottled Tornado":916,"Boot":364,"Sling":364,"Old Coin":1735,"Blood Vial":107,"Replay:Wanted Poster":1276,"Replay:Ringing Soul":1193,"Sundial":1097,"Replay:Bronze Core":1503,"MealTicket":230,"Fusion Hammer":315,"Necronomicon":684,"Replay:Bottled Flurry":1006,"Kunai":570,"Replay:Wax Seal":943,"Electric Blood":208,"Replay:Bottled Steam":471,"Pear":484,"Blue Candle":123,"Counterbalance":1218,"Tingsha":376,"Eternal Feather":815,"Pen Nib":627,"Replay:Ancient Bell":1602,"Paper Crane":257,"Akabeko":879,"SlaversCollar":100,"Snecko Scales":459,"Bird Faced Urn":86,"ReplayTheSpireMod:Ring of Collecting":1944,"Snecko Eye":1378,"Mark of Pain":0,"StrikeDummy":392,"Unceasing Top":574,"Abe\u0027s Treasure":971,"Ring of the Serpent":1158,"Regal Pillow":376,"Lantern":1268,"Singing Bowl":82,"Torii":766,"Magic Flower":200,"Painkiller Herb":279,"StoneCalendar":706,"Blue Doll":1713,"Bag of Preparation":364,"Replay:Multitool":475,"Cursed Key":130,"Smiling Mask":874,"Burning Blood":0,"Pet Ghost":224,"Replay:Rubber Ducky":364,"Matryoshka":244,"Shovel":1218,"Chemical X":815,"Replay:Bottled Eggs":1055,"InkBottle":925,"Ring of the Snake":0,"Potion Belt":505,"Lee\u0027s Waffle":1204,"The Specimen":292,"Golden Idol":17,"Basket Of Snakes":325,"Thread and Needle":1312,"The Courier":25,"PreservedInsect":40,"Omamori":1267,"Frozen Egg 2":51,"MawBank":304,"Replay:Arrowhead":520,"Busted Crown":30,"Ornamental Fan":364,"Bloody Idol":1345,"Orrery":505,"Turnip":156,"Art of War":146,"Durian":766,"Bottled Lightning":1556,"ReplayTheSpireMod:Ring of Challenge":318,"ReplayTheSpireMod:Onyx Gauntlets":1158,"ReplayTheSpireMod:Lightbulb":842,"Toy Ornithopter":696,"Ice Cream":93,"Divine Protection":740,"Calipers":1273,"Gremlin Horn":78,"Nilry\u0027s Codex":288,"Vajra":296,"Sozu":1110,"Centennial Puzzle":17,"Lizard Tail":1925,"HornCleat":1103,"DollysMirror":580,"Strawberry":48,"Honey Jar":1014,"Prayer Wheel":376,"Iron Hammer":1074,"Toxic Egg 2":649,"Byrd Skull":257,"Happy Flower":364,"Ring of Hypnosis":1800,"ReplayTheSpireMod:CursedCoin":1794,"Replay:Grab Bag":1158,"Oddly Smooth Stone":226,"Ring of Chaos":484,"Replay:Kaleidoscope":837,"Letter Opener":1550,"War Paint":758,"Question Card":766,"Du-Vu Doll":1312,"OrangePellets":376,"Bottled Flame":268,"Replay:Baseball":376,"Shuriken":952,"Bronze Scales":20,"Simple Rune":364,"Onion Ring":1066,"Molten Egg 2":1291,"ReplayTheSpireMod:TigerMarble":674,"Black Star":2112,"Grinning Jar":689,"Mirror":2130,"Pocketwatch":170,"Meat on the Bone":463,"Darkstone Periapt":65,"ReplayFunnel":364,"Replay:PocketPolymizer":1701,"SacredBark":1997,"Mango":73,"Snake Skull":300,"Incense Burner":344,"Juzu Bracelet":1411,"Replay:Mystery Machine":1825,"ClockworkSouvenir":618,"SsserpentHead":2126,"Dream Catcher":151,"Nunchaku":288,"Replay:Bandana":399,"TheAbacus":1574,"Mummified Hand":745,"Pantograph":44,"Gambling Chip":111,"Tiny Chest":1149,"Red Mask":561,"Replay:Bottled Snecko":663,"Replay:Drink Me":1724,"Red Skull":189,"Gremlin Food":344,"BargainBundle":937,"ReplayTheSpireMod:Ninjato":609,"Replay:Towering Pillar of Hats":257,"Quantum Egg":344,"Guide Book":376,"Replay:WaspNest":244,"Orichalcum":369,"Odd Mushroom":1589,"Medical Kit":471,"White Beast Statue":1566,"Mercury Hourglass":244,"Calling Bell":674,"Anchor":257,"CaptainsWheel":341,"Pondfish Scales":364,"ChewingGum":717,"Ring of Fury":1979,"Snack Pack":196,"Coffee Dripper":549,"Bag of Marbles":663,"Membership Card":244}],"InkBottle":[181],"Ring of the Snake":[472]},"card_choices":[{"not_picked":["Escape Plan","ReplayTheSpireMod:The Works","Quick Slash"],"picked":"SKIP","floor":1},{"not_picked":["Leg Sweep","Cloak And Dagger"],"picked":"Deadly Poison","floor":2},{"not_picked":["PiercingWail","Acrobatics","Underhanded Strike"],"picked":"SKIP","floor":3},{"not_picked":["Hidden Blade","Bouncing Flask"],"picked":"Slice","floor":4},{"not_picked":["ReplayTheSpireMod:Scrap Shanks","Bouncing Flask"],"picked":"Tactician","floor":8},{"not_picked":["Calculated Gamble","Predator","Masterful Stab"],"picked":"SKIP","floor":10},{"not_picked":["Dodge and Roll","Reflex","PiercingWail"],"picked":"SKIP","floor":12},{"not_picked":["Heel Hook","Dagger Spray","Noxious Fumes"],"picked":"SKIP","floor":13},{"not_picked":["Setup","Quick Slash"],"picked":"Blade Dance","floor":14},{"not_picked":["Venomology","Die Die Die"],"picked":"Poison Darts","floor":16},{"not_picked":["Dodge and Roll","Slice"],"picked":"Outmaneuver+1","floor":18},{"not_picked":["Slice","Heel Hook","Flechettes"],"picked":"SKIP","floor":19},{"not_picked":["ReplayTheSpireMod:Speed Training","Underhanded Strike"],"picked":"Well Laid Plans+1","floor":20},{"not_picked":["Sucker Punch+1","All Out Attack","Hidden Blade"],"picked":"SKIP","floor":24},{"not_picked":["Expertise","Backflip"],"picked":"Blade Dance","floor":25},{"not_picked":["Sucker Punch","Deflect","Dagger Throw"],"picked":"SKIP","floor":28},{"not_picked":["Sucker Punch","Deflect","Dagger Throw"],"picked":"SKIP","floor":28},{"not_picked":["Slice","Dagger Throw+1"],"picked":"Caltrops","floor":29},{"not_picked":["Backflip","Well Laid Plans"],"picked":"After Image","floor":31},{"not_picked":["Wraith Form v2","Replay:Bag of Tricks"],"picked":"A Thousand Cuts","floor":33},{"not_picked":["PiercingWail","Sucker Punch"],"picked":"ReplayTheSpireMod:Speed Training","floor":35},{"not_picked":["Escape Plan+1","Cloak And Dagger+1"],"picked":"Blade Dance+1","floor":36},{"not_picked":["Setup+1","Flying Knee"],"picked":"Concentrate+1","floor":39},{"not_picked":["Flying Knee","Deadly Poison"],"picked":"Outmaneuver","floor":40},{"not_picked":["Dagger Spray+1","Bouncing Flask","Flying Knee"],"picked":"SKIP","floor":41},{"not_picked":["PiercingWail","Deflect","Draining Mist"],"picked":"SKIP","floor":45},{"not_picked":["ReplayTheSpireMod:Scrap Shanks+1","Dagger Spray"],"picked":"After Image+1","floor":46},{"not_picked":["Sucker Punch","Backstab","Infinite Blades+1"],"picked":"SKIP","floor":47},{"not_picked":["Masterful Stab","Hidden Blade","Setup+1"],"picked":"SKIP","floor":55}],"player_experience":4181899,"relics_obtained":[{"floor":8,"key":"Replay:Accelerometer"},{"floor":10,"key":"Ornamental Fan"},{"floor":14,"key":"Bottled Lightning"},{"floor":24,"key":"Pen Nib"},{"floor":24,"key":"Mirror"},{"floor":26,"key":"Lantern"},{"floor":29,"key":"Blood Vial"},{"floor":29,"key":"Simple Rune"},{"floor":31,"key":"Basket Of Snakes"},{"floor":31,"key":"Golden Egg"},{"floor":40,"key":"Frozen Egg 2"},{"floor":40,"key":"Juzu Bracelet"},{"floor":43,"key":"StrikeDummy"},{"floor":46,"key":"Strawberry"},{"floor":55,"key":"Paper Crane"},{"floor":55,"key":"Blue Candle"}],"event_choices":[{"damage_healed":0,"gold_gain":0,"player_choice":"Take Damage","damage_taken":23,"relics_obtained":["Golden Idol"],"max_hp_gain":0,"max_hp_loss":0,"event_name":"Golden Idol","floor":7,"gold_loss":0},{"cards_removed":["Strike_G"],"damage_healed":0,"gold_gain":0,"player_choice":"Gave Gold","damage_taken":0,"max_hp_gain":0,"max_hp_loss":0,"event_name":"Beggar","floor":21,"gold_loss":75},{"damage_healed":0,"gold_gain":0,"player_choice":"Trade","damage_taken":0,"relics_obtained":["SsserpentHead"],"max_hp_gain":0,"max_hp_loss":0,"event_name":"FaceTrader","floor":22,"gold_loss":0},{"damage_healed":0,"gold_gain":0,"player_choice":"Ignored","damage_taken":0,"max_hp_gain":0,"max_hp_loss":0,"event_name":"The Mausoleum","floor":27,"gold_loss":0},{"damage_healed":0,"gold_gain":0,"player_choice":"","damage_taken":6,"max_hp_gain":0,"max_hp_loss":0,"event_name":"Knowing Skull","floor":30,"potions_obtained":[],"gold_loss":0,"cards_obtained":[]},{"damage_healed":0,"gold_gain":0,"player_choice":"Ignored","damage_taken":0,"max_hp_gain":0,"max_hp_loss":0,"event_name":"Tomb of Lord Red Mask","floor":37,"gold_loss":0},{"damage_healed":0,"gold_gain":0,"player_choice":"Upgraded","damage_taken":0,"max_hp_gain":0,"max_hp_loss":0,"event_name":"Upgrade Shrine","floor":38,"gold_loss":0,"cards_upgraded":["ReplayTheSpireMod:Speed Training"]},{"damage_healed":0,"gold_gain":0,"player_choice":"Max HP","damage_taken":0,"max_hp_gain":0,"max_hp_loss":4,"event_name":"Winding Halls","floor":48,"gold_loss":0}],"is_beta":false,"boss_relics":[{"not_picked":["Calling Bell","SacredBark"],"picked":"Black Star"},{"not_picked":["WristBlade","Pandora\u0027s Box"],"picked":"SlaversCollar"}],"items_purged_floors":[0,0,0,0],"is_endless":false,"potions_floor_spawned":[2,12,14,20,24,28,33,36,40,41,45],"ascension_level":20}}