{"host":"0mhttqdumuceah7q","time":1613656665,"event":{"mods":["AchievementEnabler","BaseMod","Colored Map","DeckTracker","Minty Spire (QoL Compilation)","Permanent Neow"],"gold_per_floor":[114,125,142,142,162,188,188,215,238,271,89,104,120,137,137,232,232,242,242,257,273,51,80,97,79,79,79,111,111,144,154,154,253,253,271,322,322,336,18,53,53,87,87,107,107,121,140,140,140],"floor_reached":48,"language":"KOR","playtime":2471,"items_purged":["Pain","Bash"],"score":760,"play_id":"756ed355-2f8e-46a7-832f-a3dec9abb993","local_time":"20210218225745","is_ascension_mode":true,"campfire_choices":[{"data":"Combust","floor":7.0,"key":"SMITH"},{"floor":15.0,"key":"REST"},{"floor":27,"key":"REST"},{"floor":29,"key":"REST"},{"floor":32,"key":"REST"},{"floor":41,"key":"REST"}],"circlet_count":0,"master_deck":["Swift Strike","Battle Trance","Combust+1","Feed","Iron Wave","Brutality","Rupture","Rage","Shrug It Off","Seeing Red","Blood for Blood","Corruption","Intimidate","Clothesline+1","Iron Wave+1","Heavy Blade+1","Twin Strike+1","Bloodletting","Twin Strike+1","Clash+1","Fiend Fire+1","Clash+1","Fiend Fire+1","Sever Soul+1","Pummel+1","True Grit","Double Tap","Feel No Pain","Sword Boomerang+1","Metallicize","Twin Strike+1","Pommel Strike+1","Clothesline+1","Clash+1","Clash+1","Heavy Blade+1","Reckless Charge+1","Armaments+1","Cleave+1"],"relics":["Burning Blood","WarpedTongs","The Courier","Centennial Puzzle","Omamori","Ancient Tea Set","Toolbox","SlaversCollar","Molten Egg 2","Strawberry","Ornamental Fan","Bottled Lightning","Akabeko","Pandora\u0027s Box","Ice Cream","Bottled Tornado","Regal Pillow","Lantern"],"acts_visited":["Exordium","TheCity","TheBeyond"],"potions_floor_usage":[23,23,33,40,40,42],"damage_taken":[{"damage":7.0,"enemies":"2 Louse","floor":1.0,"turns":3.0},{"damage":1.0,"enemies":"Cultist","floor":2.0,"turns":3.0},{"damage":5.0,"enemies":"Jaw Worm","floor":3.0,"turns":4.0},{"damage":25.0,"enemies":"Red Slaver","floor":5.0,"turns":4.0},{"damage":13.0,"enemies":"Gremlin Nob","floor":6.0,"turns":3.0},{"damage":17.0,"enemies":"3 Sentries","floor":8.0,"turns":4.0},{"damage":33.0,"enemies":"Lagavulin","floor":10.0,"turns":5.0},{"damage":25.0,"enemies":"Exordium Thugs","floor":12.0,"turns":4.0},{"damage":2.0,"enemies":"Large Slime","floor":13.0,"turns":5.0},{"damage":2.0,"enemies":"Lots of Slimes","floor":14.0,"turns":2.0},{"damage":49.0,"enemies":"The Guardian","floor":16.0,"turns":6.0},{"damage":3.0,"enemies":"Spheric Guardian","floor":18.0,"turns":4.0},{"damage":16.0,"enemies":"Chosen","floor":20.0,"turns":5.0},{"damage":36.0,"enemies":"Shelled Parasite and Fungi","floor":21.0,"turns":6.0},{"damage":39,"enemies":"Slavers","floor":23,"turns":5},{"damage":36,"enemies":"Sentry and Sphere","floor":24,"turns":6},{"damage":22,"enemies":"Gremlin Leader","floor":28,"turns":5},{"damage":49,"enemies":"Book of Stabbing","floor":30,"turns":5},{"damage":16,"enemies":"Centurion and Healer","floor":31,"turns":4},{"damage":21,"enemies":"Automaton","floor":33,"turns":6},{"damage":60,"enemies":"3 Darklings","floor":35,"turns":6},{"damage":28,"enemies":"2 Orb Walkers","floor":36,"turns":5},{"damage":7,"enemies":"Orb Walker","floor":38,"turns":2},{"damage":24,"enemies":"Nemesis","floor":40,"turns":5},{"damage":24,"enemies":"Reptomancer","floor":42,"turns":4},{"damage":26,"enemies":"4 Shapes","floor":44,"turns":6},{"damage":29,"enemies":"3 Darklings","floor":46,"turns":5},{"damage":15,"enemies":"Spire Growth","floor":47,"turns":3},{"damage":0,"enemies":"Sphere and 2 Shapes","floor":48,"turns":1}],"seed_played":"-4092604604208703015","potions_obtained":[{"floor":3.0,"key":"AttackPotion"},{"floor":6.0,"key":"Strength Potion"},{"floor":8.0,"key":"BlessingOfTheForge"},{"floor":12.0,"key":"Strength Potion"},{"floor":13.0,"key":"Swift Potion"},{"floor":18.0,"key":"Energy Potion"},{"floor":28,"key":"ElixirPotion"},{"floor":30,"key":"Strength Potion"},{"floor":33,"key":"ColorlessPotion"},{"floor":36,"key":"SkillPotion"},{"floor":38,"key":"AttackPotion"}],"is_trial":false,"path_per_floor":["M","M","M","?","M","E","R","E","T","E","$","M","M","M","R","B",null,"M","?","M","M","$","E","M","$","T","R","E","R","E","M","R","B",null,"M","?","?","M","$","E","R","E","T","M","$","M","M","M"],"character_chosen":"IRONCLAD","items_purchased":["Toolbox","Molten Egg 2","Heavy Blade+1","Twin Strike+1","Bottled Tornado","Clash+1"],"campfire_rested":5,"item_purchase_floors":[11,22,22,25,39,39],"current_hp_per_floor":[79,80,80,80,65,61,61,53,53,29,29,13,20,27,57,14,102,106,106,96,66,66,44,17,17,17,53,37,73,30,23,59,44,123,69,47,47,46,46,28,79,61,61,41,41,18,9,9,9],"gold":140,"neow_bonus":"RANDOM_COLORLESS","is_daily":false,"chose_seed":false,"campfire_upgraded":1,"win_rate":0.0,"timestamp":1613656665,"path_taken":["M","M","M","?","M","E","R","E","T","E","$","M","?","M","R","BOSS","M","?","?","M","$","E","M","?","T","R","E","R","E","M","R","BOSS","M","?","?","M","$","E","R","E","T","M","$","?","M","M"],"items_purchased_type":["Relic","Relic","Card","Card","Relic","Card"],"build_version":"2020-12-22","purchased_purges":2,"victory":false,"max_hp_per_floor":[80,80,80,80,84,87,87,90,90,93,93,96,99,102,102,102,102,106,106,106,106,106,117,120,120,120,120,120,120,120,123,123,123,123,123,123,123,123,123,123,123,123,123,123,123,123,123,123,123],"card_choices":[{"not_picked":["Madness","Panacea"],"picked":"Swift Strike","floor":0.0},{"not_picked":["Sentinel","Body Slam"],"picked":"Battle Trance","floor":1.0},{"not_picked":["Evolve","Sever Soul"],"picked":"Combust","floor":2.0},{"not_picked":["Body Slam","Armaments"],"picked":"Feed","floor":3.0},{"not_picked":["Sentinel","Armaments"],"picked":"Iron Wave","floor":5.0},{"not_picked":["Flex","Heavy Blade"],"picked":"Brutality","floor":6.0},{"not_picked":["True Grit","Body Slam"],"picked":"Rupture","floor":8.0},{"not_picked":["Clash","Power Through"],"picked":"Rage","floor":10.0},{"not_picked":["Metallicize","Thunderclap"],"picked":"Shrug It Off","floor":12.0},{"not_picked":["Battle Trance","Twin Strike"],"picked":"Seeing Red","floor":13.0},{"not_picked":["Sword Boomerang","Intimidate"],"picked":"Blood for Blood","floor":14.0},{"not_picked":["Fiend Fire","Bludgeon"],"picked":"Corruption","floor":16.0},{"not_picked":["Wild Strike","Disarm"],"picked":"Intimidate","floor":18.0},{"not_picked":["Rage","Headbutt"],"picked":"Clothesline+1","floor":20.0},{"not_picked":["Reckless Charge","Perfected Strike"],"picked":"Iron Wave+1","floor":21.0},{"not_picked":["Rampage+1","Power Through+1"],"picked":"Twin Strike+1","floor":23},{"not_picked":["Dropkick+1","Rampage+1"],"picked":"Bloodletting","floor":24},{"not_picked":["Armaments+1","Evolve"],"picked":"Clash+1","floor":28},{"not_picked":["Anger+1","Twin Strike+1"],"picked":"Fiend Fire+1","floor":30},{"not_picked":["Clothesline+1","True Grit"],"picked":"Clash+1","floor":31},{"not_picked":["Berserk","Exhume"],"picked":"Fiend Fire+1","floor":33},{"not_picked":["Reckless Charge+1","Body Slam+1"],"picked":"Twin Strike+1","floor":35},{"not_picked":["Reckless Charge+1","Thunderclap+1"],"picked":"Pommel Strike+1","floor":36},{"not_picked":["Sword Boomerang+1","Fire Breathing+1"],"picked":"Clash+1","floor":38},{"not_picked":["Dual Wield","Dropkick+1","Havoc"],"picked":"SKIP","floor":40},{"not_picked":["Brutality","Dark Embrace"],"picked":"Heavy Blade+1","floor":42},{"not_picked":["Iron Wave+1","Warcry"],"picked":"Reckless Charge+1","floor":44},{"not_picked":["Whirlwind+1","Cleave+1"],"picked":"Armaments+1","floor":46},{"not_picked":["Thunderclap+1","Anger+1"],"picked":"Cleave+1","floor":47}],"player_experience":121313,"relics_obtained":[{"floor":6.0,"key":"The Courier"},{"floor":8.0,"key":"Centennial Puzzle"},{"floor":9.0,"key":"Omamori"},{"floor":10.0,"key":"Ancient Tea Set"},{"floor":23,"key":"Strawberry"},{"floor":26,"key":"Ornamental Fan"},{"floor":28,"key":"Bottled Lightning"},{"floor":30,"key":"Akabeko"},{"floor":36,"key":"Ice Cream"},{"floor":40,"key":"Regal Pillow"},{"floor":42,"key":"Lantern"}],"event_choices":[{"damage_healed":0.0,"max_hp_gain":0.0,"max_hp_loss":0.0,"gold_gain":0.0,"event_name":"Accursed Blacksmith","player_choice":"Rummage","floor":4.0,"gold_loss":0.0,"damage_taken":0.0,"relics_obtained":["WarpedTongs"],"cards_obtained":["Pain"]},{"cards_removed":["Defend_R"],"damage_healed":0.0,"max_hp_gain":0.0,"max_hp_loss":0.0,"gold_gain":0.0,"event_name":"Purifier","player_choice":"Purged","floor":19.0,"gold_loss":0.0,"damage_taken":0.0},{"damage_healed":0,"gold_gain":0,"player_choice":"Fight","damage_taken":0,"max_hp_gain":0,"max_hp_loss":0,"event_name":"Mysterious Sphere","floor":36,"gold_loss":0},{"damage_healed":0,"gold_gain":0,"cards_transformed":["Metallicize"],"player_choice":"Transformed","damage_taken":0,"max_hp_gain":0,"max_hp_loss":0,"event_name":"Transmorgrifier","floor":37,"gold_loss":0,"cards_obtained":["Clothesline"]}],"is_beta":false,"boss_relics":[{"not_picked":["Runic Dome","Empty Cage"],"picked":"SlaversCollar"},{"not_picked":["Fusion Hammer","Sozu"],"picked":"Pandora\u0027s Box"}],"items_purged_floors":[11,39],"is_endless":false,"potions_floor_spawned":[3,6,8,12,13,18,28,30,33,36,38],"killed_by":"Sphere and 2 Shapes","ascension_level":3}}