{"host":"a9gsz7kv8aebwp1f","time":1613691668,"event":{"mods":["AchievementEnabler","BaseMod","Minty Spire (QoL Compilation)"],"gold_per_floor":[112,112,122,149,114,149,149,181,181,3,14,14,29,92,92,194,194,206,226,226,14,14,14,14,32,32,32,32],"floor_reached":27,"language":"KOR","playtime":935,"items_purged":["Biased Cognition"],"score":350,"play_id":"0aecdedc-8cdc-4d16-a00e-1145ba03518a","local_time":"20210219084108","is_ascension_mode":true,"campfire_choices":[{"floor":7,"key":"REST"},{"floor":12,"key":"REST"},{"floor":15,"key":"REST"},{"data":"Reprogram","floor":23,"key":"SMITH"}],"circlet_count":0,"master_deck":["AscendersBane","Strike_B","Strike_B+1","Strike_B+1","Strike_B","Defend_B","Defend_B","Defend_B","Defend_B","Zap","Dualcast+1","Streamline","Reprogram+1","BootSequence","Steam","Hologram","FTL+1","Reprogram","Buffer+1","Self Repair+1","Gash+1","BootSequence","Rip and Tear","Gash"],"relics":["Cracked Core","Boot","Mercury Hourglass","TungstenRod","Gremlin Horn","ClockworkSouvenir","Frozen Egg 2","SlaversCollar","Enchiridion","MutagenicStrength","Whetstone","Eternal Feather"],"acts_visited":["Exordium","TheCity"],"potions_floor_usage":[14,16,16,27],"damage_taken":[{"damage":0,"enemies":"Cultist","floor":1,"turns":4},{"damage":12,"enemies":"Jaw Worm","floor":3,"turns":2},{"damage":38,"enemies":"Gremlin Nob","floor":6,"turns":4},{"damage":40,"enemies":"Lagavulin","floor":8,"turns":5},{"damage":0,"enemies":"Small Slimes","floor":11,"turns":2},{"damage":0,"enemies":"2 Fungi Beasts","floor":13,"turns":2},{"damage":14,"enemies":"Lagavulin Event","floor":14,"turns":5},{"damage":34,"enemies":"Hexaghost","floor":16,"turns":11},{"damage":12,"enemies":"3 Byrds","floor":18,"turns":4},{"damage":14,"enemies":"2 Thieves","floor":19,"turns":4},{"damage":27,"enemies":"3 Cultists","floor":25,"turns":5},{"damage":22,"enemies":"Cultist and Chosen","floor":27,"turns":6}],"seed_played":"-5211324548299359017","potions_obtained":[{"floor":3,"key":"Strength Potion"},{"floor":11,"key":"Regen Potion"},{"floor":14,"key":"DuplicationPotion"},{"floor":25,"key":"FearPotion"}],"is_trial":false,"path_per_floor":["M","?","M","T","?","E","R","E","T","$","M","R","M","?","R","B",null,"M","M","?","$","?","R","T","M","T","M"],"character_chosen":"DEFECT","items_purchased":["ClockworkSouvenir","Steam","BootSequence","Rip and Tear"],"campfire_rested":3,"item_purchase_floors":[10,10,21,21],"current_hp_per_floor":[68,53,41,41,59,21,43,3,3,3,3,25,25,23,45,11,59,47,43,31,31,31,31,31,14,14,0,0],"gold":32,"neow_bonus":"UPGRADE_CARD","is_daily":false,"chose_seed":false,"campfire_upgraded":1,"win_rate":0.0,"timestamp":1613691668,"path_taken":["M","?","M","?","?","E","R","E","T","$","M","R","M","?","R","BOSS","M","M","?","$","?","R","?","?","T","M"],"items_purchased_type":["Relic","Card","Card","Card"],"build_version":"2020-12-22","purchased_purges":1,"victory":false,"max_hp_per_floor":[75,75,75,75,75,75,75,75,75,75,75,75,75,75,75,75,75,75,75,75,75,75,75,75,75,75,75,75],"card_choices":[{"not_picked":["Go for the Eyes","Ball Lightning"],"picked":"Streamline","floor":1},{"not_picked":["Go for the Eyes","Cold Snap"],"picked":"Biased Cognition","floor":3},{"not_picked":["Steam","Barrage"],"picked":"Reprogram","floor":6},{"not_picked":["Melter","Storm"],"picked":"BootSequence","floor":8},{"not_picked":["Self Repair","Lockon"],"picked":"Hologram","floor":11},{"not_picked":["Hologram","Tempest"],"picked":"FTL","floor":13},{"not_picked":["Steam Power","Conserve Battery"],"picked":"Reprogram","floor":14},{"not_picked":["Thunder Strike","Fission"],"picked":"Buffer+1","floor":16},{"not_picked":["Cold Snap","Gash"],"picked":"Self Repair+1","floor":18},{"not_picked":["Conserve Battery","Compile Driver+1"],"picked":"Gash","floor":19},{"not_picked":["Consume","Glacier"],"picked":"Gash","floor":25}],"player_experience":465513,"relics_obtained":[{"floor":4,"key":"Boot"},{"floor":6,"key":"Mercury Hourglass"},{"floor":8,"key":"TungstenRod"},{"floor":9,"key":"Gremlin Horn"},{"floor":20,"key":"Enchiridion"},{"floor":24,"key":"Whetstone"},{"floor":26,"key":"Eternal Feather"}],"event_choices":[{"damage_healed":0,"gold_gain":0,"player_choice":"Entered Light","damage_taken":15,"max_hp_gain":0,"max_hp_loss":0,"event_name":"Shining Light","floor":2,"gold_loss":0,"cards_upgraded":["Strike_B","Strike_B"]},{"damage_healed":18,"gold_gain":0,"player_choice":"Healed","damage_taken":0,"max_hp_gain":0,"max_hp_loss":0,"event_name":"The Cleric","floor":5,"gold_loss":35},{"damage_healed":0,"gold_gain":0,"player_choice":"Searched \u00272\u0027 times","damage_taken":0,"relics_obtained":["Frozen Egg 2"],"max_hp_gain":0,"max_hp_loss":0,"event_name":"Dead Adventurer","floor":14,"gold_loss":0},{"damage_healed":0,"gold_gain":0,"player_choice":"Obtained Book","damage_taken":16,"max_hp_gain":0,"max_hp_loss":0,"event_name":"Cursed Tome","floor":20,"gold_loss":0},{"damage_healed":0,"gold_gain":0,"player_choice":"Inject Mutagens","damage_taken":0,"relics_obtained":["MutagenicStrength"],"max_hp_gain":0,"max_hp_loss":0,"event_name":"Drug Dealer","floor":22,"gold_loss":0}],"is_beta":false,"boss_relics":[{"not_picked":["Philosopher\u0027s Stone","Ectoplasm"],"picked":"SlaversCollar"}],"items_purged_floors":[21],"is_endless":false,"potions_floor_spawned":[3,11,13,14,25],"killed_by":"Cultist and Chosen","ascension_level":12}}