{"host":"7fomwthvpaeu368e","time":1613666650,"event":{"mods":["ATMod(∞¢Ë™Mod)","AchievementEnabler","Act Like it!","Arknights","Aspiration","Astrologer","BaseMod","Downfall","Gensokyo","Highlight Path","KinomotoSakuraMod(ƒæ÷Æ±æ”£)","KomeijiMod","Marisa£®ÏF”Í°°ƒß¿Ì…≥£©","Marked Mod","Minty Spire (QoL Compilation)","Relic Filter Mod","Remilia£®¿Ÿ√◊¿Ú—«£©","Shop Mod","Spicy Shops","StSLib","The Administrix","The Alterego","The Bug Knight","The Cursed","The Gatherer","The Hierophant","The Mystic","The Runesmith","The Servant 0.9.4","WarShipGirlsR/’ΩΩ¢…Ÿ≈ÆR mod","Youmu£®ªÍ∆«—˝√Œ£©","Yuri Mod","[IsaacMod]“‘»ˆº‚À˛"],"gold_per_floor":[114,134,134,84,98,127,50,76,76,36,63,75,103,119,119,221,221,239,254,254,179,196,227,227,259,282,294,324,343,378,391,391,489,489,506,516,143,155,36,70,85,112,136,148,175,175,225,242,242,242,242],"floor_reached":50,"language":"ZHS","playtime":3749,"items_purged":["Body Slam"],"score":750,"play_id":"6304d501-91e1-4b28-911f-ad36cb3fa42d","local_time":"20210219004410","is_ascension_mode":true,"campfire_choices":[{"floor":15.0,"key":"RECALL"},{"data":"Sword Boomerang","floor":24.0,"key":"SMITH"},{"data":"Blood for Blood","floor":32,"key":"SMITH"},{"floor":46,"key":"REST"},{"floor":49,"key":"REST"}],"circlet_count":0,"master_deck":["Strike_R","Strike_R","Strike_R","Strike_R","Strike_R","Bash","AT_DivineConfetti","Heavy Blade","Berserk","Sword Boomerang+1","Flex","AT_DrawKnifeCut","Flex","Rampage","Warcry","Thunderclap","Juggernaut","Flex","Reaper","Seeing Red","Blood for Blood+1","Blood for Blood","AT_IchimonjiDouble+1","AT_IchimonjiDouble+1","Perfected Strike","Shrug It Off+1","Perfected Strike","Infernal Blade+1","Pommel Strike","Barricade","Rampage+1","Thunderclap+1","Inflame","Sword Boomerang+1","Seeing Red","Seeing Red+1","Iron Wave+1","AT_IchimonjiDouble+1","Perfected Strike","Clash+1","Cleave+1"],"relics":["Black Blood","AT_ATBox","HushsDoor","DeadEye","Orichalcum","ThirstyCross","Centennial Puzzle","Odd Mushroom","aspiration:ChemicalBlood","HoshigumaDish","Blood Vial","Void","Anchor","Boot","WingedGreaves","SlaversCollar","AT_RedTearstoneRing","Membership Card","SharpPlug","Bag of Preparation","NineVolt","CaptainsWheel","CatCart"],"acts_visited":["Exordium","TheCity","TheBeyond"],"potions_floor_usage":[28,28,29,29,30,31,33,33,33,33,33,38,40,40,40,41,41,41,42,42,44,44,44,45,45,47,47,47,48,50,50,50],"damage_taken":[{"damage":15.0,"enemies":"ats:Genji","floor":1.0,"turns":4.0},{"damage":1.0,"enemies":"2 Louse","floor":2.0,"turns":2.0},{"damage":6.0,"enemies":"Jaw Worm","floor":5.0,"turns":2.0},{"damage":6.0,"enemies":"HollowMod:MossKnight","floor":6.0,"turns":3.0},{"damage":9.0,"enemies":"The Mushroom Lair","floor":8.0,"turns":3.0},{"damage":28.0,"enemies":"Lagavulin","floor":11.0,"turns":4.0},{"damage":2.0,"enemies":"3 Louse","floor":12.0,"turns":3.0},{"damage":8.0,"enemies":"Gremlin Nob","floor":13.0,"turns":3.0},{"damage":5.0,"enemies":"Looter","floor":14.0,"turns":2.0},{"damage":23.0,"enemies":"Hexaghost","floor":16.0,"turns":6.0},{"damage":14.0,"enemies":"Shell Parasite","floor":18.0,"turns":3.0},{"damage":5.0,"enemies":"Spheric Guardian","floor":19.0,"turns":3.0},{"damage":23.0,"enemies":"Centurion and Healer","floor":22.0,"turns":2.0},{"damage":30.0,"enemies":"HollowMod:Nosk","floor":23.0,"turns":5.0},{"damage":30.0,"enemies":"Slavers","floor":25.0,"turns":4.0},{"damage":6.0,"enemies":"3 Cultists","floor":27.0,"turns":3.0},{"damage":45,"enemies":"Book of Stabbing","floor":28,"turns":5},{"damage":32,"enemies":"Snake Plant","floor":29,"turns":3},{"damage":24,"enemies":"Slavers","floor":30,"turns":3},{"damage":13,"enemies":"Centurion and Healer","floor":31,"turns":3},{"damage":65,"enemies":"Collector","floor":33,"turns":8},{"damage":35,"enemies":"3 Darklings","floor":35,"turns":4},{"damage":13,"enemies":"Orb Walker","floor":36,"turns":3},{"damage":26,"enemies":"Jaw Worm Horde","floor":38,"turns":3},{"damage":40,"enemies":"Reptomancer","floor":40,"turns":5},{"damage":68,"enemies":"Writhing Mass","floor":41,"turns":4},{"damage":48,"enemies":"Giant Head","floor":42,"turns":6},{"damage":12,"enemies":"Transient","floor":44,"turns":5},{"damage":0,"enemies":"Reptomancer","floor":45,"turns":2},{"damage":56,"enemies":"Orin","floor":47,"turns":10},{"damage":23,"enemies":"Jaw Worm Horde","floor":48,"turns":2},{"damage":88,"enemies":"Donu and Deca","floor":50,"turns":5}],"seed_played":"6945579377160987576","potions_obtained":[{"floor":1.0,"key":"Dexterity Potion"},{"floor":2.0,"key":"Regen Potion"},{"floor":14.0,"key":"Guardian:BlockOnCardUsePotion"},{"floor":16.0,"key":"Explosive Potion"},{"floor":18.0,"key":"BlessingOfTheForge"},{"floor":28,"key":"BloodPotion"},{"floor":29,"key":"LiquidMemories"},{"floor":33,"key":"Regen Potion"},{"floor":40,"key":"LiquidMemories"},{"floor":41,"key":"SkillPotion"},{"floor":41,"key":"FearPotion"},{"floor":41,"key":"champ:CounterPotion"},{"floor":44,"key":"Energy Potion"},{"floor":47,"key":"Regen Potion"}],"is_trial":false,"path_per_floor":["M","M","?","?","M","E","$","?","T","$","E","M","E","M","R","B",null,"M","M","?","?","M","E","R","E","T","M","E","M","E","M","R","B",null,"M","M","$","M","$","E","M","E","T","M","E","R","?","M","R","B"],"character_chosen":"IRONCLAD","items_purchased":["AT_DrawKnifeCut","Rampage","AT_RedTearstoneRing","Membership Card","Inflame","Seeing Red"],"campfire_rested":2,"item_purchase_floors":[7,10,37,37,37,39],"current_hp_per_floor":[71,76,76,76,76,76,76,73,73,73,60,64,62,63,63,46,80,78,80,80,80,69,58,58,56,56,76,53,46,61,62,62,36,80,57,58,58,46,46,46,36,18,18,20,34,58,33,29,53,0,0],"gold":242,"neow_bonus":"RANDOM_COMMON_RELIC","is_daily":false,"chose_seed":false,"campfire_upgraded":2,"win_rate":0.0,"timestamp":1613666650,"path_taken":["M","M","?","?","M","E","$","?","T","?","E","?","E","M","R","BOSS","M","M","?","?","?","E","R","E","T","M","E","M","E","M","R","BOSS","M","M","?","M","$","E","M","E","T","M","E","R","?","M","R","BOSS"],"items_purchased_type":["Card","Card","Relic","Relic","Card","Card"],"build_version":"2020-12-22","purchased_purges":1,"victory":false,"max_hp_per_floor":[80,80,80,80,80,80,80,80,80,80,80,80,80,80,80,80,80,80,80,80,80,80,80,80,80,80,80,80,80,80,80,80,80,80,80,80,80,80,80,80,80,80,80,80,80,80,80,80,80,80,80],"card_choices":[{"not_picked":[],"picked":"Bomb","floor":0.0},{"not_picked":["Cleave","Whirlwind"],"picked":"Heavy Blade","floor":1.0},{"not_picked":["Clothesline","Bomb"],"picked":"Berserk","floor":2.0},{"not_picked":["Clothesline","Body Slam"],"picked":"Sword Boomerang","floor":5.0},{"not_picked":["Clash","Power Through"],"picked":"Flex","floor":6.0},{"not_picked":["Thunderclap","Metallicize"],"picked":"Flex","floor":8.0},{"not_picked":["Juggernaut","AT_BodySlamDance"],"picked":"Warcry","floor":11.0},{"not_picked":["AT_GerminateFire","Iron Wave"],"picked":"Thunderclap","floor":12.0},{"not_picked":["Reckless Charge","Metallicize"],"picked":"Juggernaut","floor":13.0},{"not_picked":["Headbutt","Twin Strike"],"picked":"Flex","floor":14.0},{"not_picked":["Bludgeon","Brutality"],"picked":"Reaper","floor":16.0},{"not_picked":["Clothesline","AT_DrawKnifeCut"],"picked":"Seeing Red","floor":18.0},{"not_picked":["Warcry","Cleave"],"picked":"Blood for Blood","floor":19.0},{"not_picked":["Cleave","Blood for Blood"],"picked":"AT_IchimonjiDouble+1","floor":22.0},{"not_picked":["Sword Boomerang+1","Flame Barrier+1"],"picked":"AT_IchimonjiDouble+1","floor":23.0},{"not_picked":["Heavy Blade","Thunderclap"],"picked":"Perfected Strike","floor":25.0},{"not_picked":["Iron Wave","Headbutt+1"],"picked":"Shrug It Off+1","floor":27.0},{"not_picked":["Hemokinesis","Burning Pact+1","Rupture"],"picked":"SKIP","floor":28},{"not_picked":["Clash+1","Heavy Blade"],"picked":"Perfected Strike","floor":29},{"not_picked":["Seeing Red","Flex+1"],"picked":"Infernal Blade+1","floor":30},{"not_picked":["Cleave","Anger"],"picked":"Pommel Strike","floor":31},{"not_picked":["Corruption","Bludgeon"],"picked":"Barricade","floor":33},{"not_picked":["Iron Wave+1","Body Slam+1"],"picked":"Rampage+1","floor":35},{"not_picked":["Perfected Strike+1","Pommel Strike"],"picked":"Thunderclap+1","floor":36},{"not_picked":["Ghostly Armor","Pummel"],"picked":"Sword Boomerang+1","floor":38},{"not_picked":["Iron Wave","Juggernaut"],"picked":"Seeing Red+1","floor":40},{"not_picked":["Sword Boomerang","Disarm"],"picked":"Iron Wave+1","floor":41},{"not_picked":["True Grit","Fiend Fire"],"picked":"AT_IchimonjiDouble+1","floor":42},{"not_picked":["AT_DiedThrough","Shrug It Off+1","Fire Breathing"],"picked":"SKIP","floor":44},{"not_picked":["Searing Blow","Battle Trance"],"picked":"Perfected Strike","floor":45},{"not_picked":["Warcry+1","AT_BodySlamDance"],"picked":"Clash+1","floor":47},{"not_picked":["AT_DrawKnifeCut+1","Body Slam"],"picked":"Cleave+1","floor":48}],"player_experience":52715,"relics_obtained":[{"floor":6.0,"key":"Centennial Puzzle"},{"floor":8.0,"key":"Odd Mushroom"},{"floor":11.0,"key":"aspiration:ChemicalBlood"},{"floor":13.0,"key":"HoshigumaDish"},{"floor":23.0,"key":"Blood Vial"},{"floor":25.0,"key":"Void"},{"floor":26.0,"key":"Anchor"},{"floor":28,"key":"Boot"},{"floor":30,"key":"WingedGreaves"},{"floor":40,"key":"SharpPlug"},{"floor":42,"key":"Bag of Preparation"},{"floor":43,"key":"NineVolt"},{"floor":45,"key":"CaptainsWheel"},{"floor":47,"key":"CatCart"}],"event_choices":[{"cards_removed":["Defend_R"],"damage_healed":0.0,"max_hp_gain":0.0,"max_hp_loss":0.0,"gold_gain":0.0,"event_name":"The Cleric","player_choice":"Card Removal","floor":4.0,"gold_loss":50.0,"damage_taken":0.0},{"damage_healed":0.0,"max_hp_gain":0.0,"max_hp_loss":0.0,"gold_gain":0.0,"event_name":"Mushrooms","player_choice":"Fought Mushrooms","floor":8.0,"gold_loss":0.0,"damage_taken":0.0},{"damage_healed":0.0,"max_hp_gain":0.0,"max_hp_loss":0.0,"gold_gain":0.0,"cards_transformed":["Defend_R","Defend_R"],"event_name":"Drug Dealer","player_choice":"Became Test Subject","floor":20.0,"gold_loss":0.0,"damage_taken":0.0,"cards_obtained":["Body Slam","Blood for Blood"]},{"cards_removed":["Defend_R"],"damage_healed":0.0,"max_hp_gain":0.0,"max_hp_loss":0.0,"gold_gain":0.0,"event_name":"Beggar","player_choice":"Gave Gold","floor":21.0,"gold_loss":75.0,"damage_taken":0.0},{"damage_healed":0,"gold_gain":0,"player_choice":"Fight","damage_taken":0,"max_hp_gain":0,"max_hp_loss":0,"event_name":"OrinTheCat","floor":47,"gold_loss":0}],"is_beta":false,"boss_relics":[{"not_picked":["Astrolabe","AT_TrinityForce"],"picked":"Black Blood"},{"not_picked":[]},{"not_picked":["Mark of Pain","Runic Pyramid"],"picked":"SlaversCollar"},{"not_picked":[]}],"items_purged_floors":[37],"is_endless":false,"potions_floor_spawned":[1,2,14,16,18,23,28,30,33,35,40,41,44,47],"killed_by":"Donu and Deca","ascension_level":2}}