{"host":"yqztwemefsbhfep8","time":1613610596,"event":{"mods":["BaseMod","Downfall","Minty Spire (QoL Compilation)","StSLib"],"gold_per_floor":[99,115,135,7,19,4,4,22,22,49,49,62,80,18,35,138,138,38,53,73,84,95,195,220,233,251,251,151,186,205,205,205,205],"floor_reached":31,"language":"ENG","playtime":1729,"items_purged":[],"score":327,"play_id":"2e2b5007-2861-4253-b818-27c894c7934d","local_time":"20210217170956","is_ascension_mode":true,"campfire_choices":[{"data":"hexamod:Float","floor":1.0,"key":"SMITH"},{"data":"hexamod:FastForward","floor":18.0,"key":"SMITH"},{"floor":28,"key":"REST"}],"circlet_count":0,"master_deck":["hexamod:Strike","hexamod:Strike","hexamod:Strike","hexamod:Strike","hexamod:Defend","hexamod:Defend","hexamod:Defend","hexamod:Defend","hexamod:Sear","hexamod:Float+1","hexamod:BurningTouch","hexamod:GhostflameBarrier","hexamod:ExtraCrispy","hexamod:HauntingEcho","hexamod:DynamicBlow","hexamod:BurningTouch","hexamod:AdvancingGuard","hexamod:PowerFromBeyond","hexamod:WildfireWeapon","hexamod:FastForward+1","hexamod:WildfireWeapon","hexamod:HeatShield","hexamod:ThermalTransfer","hexamod:FlamesFromBeyond","hexamod:SpectersWail","hexamod:GhostLash+1"],"relics":["hexamod:SpiritBrand","Bag of Marbles","Pantograph","Ice Cream","hexamod:IceCube","downfall:HeartBlessingGreen","downfall:HeartBlessingBlue","Juzu Bracelet"],"acts_visited":["Exordium","TheCity"],"potions_floor_usage":[21,22,29],"damage_taken":[{"damage":2.0,"enemies":"Small Slimes","floor":2.0,"turns":3.0},{"damage":1.0,"enemies":"Jaw Worm","floor":3.0,"turns":3.0},{"damage":0.0,"enemies":"downfall:FleeingMerchant","floor":4.0,"turns":4.0},{"damage":0.0,"enemies":"Cultist","floor":5.0,"turns":3.0},{"damage":0.0,"enemies":"downfall:FleeingMerchant","floor":6.0,"turns":4.0},{"damage":7.0,"enemies":"2 Fungi Beasts","floor":8.0,"turns":3.0},{"damage":1.0,"enemies":"Lagavulin","floor":10.0,"turns":3.0},{"damage":2.0,"enemies":"Blue Slaver","floor":12.0,"turns":3.0},{"damage":0.0,"enemies":"Exordium Wildlife","floor":13.0,"turns":3.0},{"damage":10.0,"enemies":"downfall:FleeingMerchant","floor":14.0,"turns":4.0},{"damage":6.0,"enemies":"Lots of Slimes","floor":15.0,"turns":5.0},{"damage":37.0,"enemies":"DF_ARCHETYPE_STREAMLINE","floor":16.0,"turns":9.0},{"damage":13,"enemies":"Shell Parasite","floor":19,"turns":5},{"damage":14,"enemies":"downfall:LooterAlt2","floor":20,"turns":7},{"damage":17,"enemies":"Centurion and Healer","floor":21,"turns":6},{"damage":15,"enemies":"Snecko","floor":22,"turns":4},{"damage":4,"enemies":"Cultist and Chosen","floor":25,"turns":5},{"damage":16,"enemies":"Snake Plant","floor":26,"turns":4},{"damage":23,"enemies":"Book of Stabbing","floor":29,"turns":5},{"damage":9,"enemies":"3 Cultists","floor":30,"turns":4},{"damage":14,"enemies":"Shelled Parasite and Fungi","floor":31,"turns":2}],"seed_played":"6321859425799804274","potions_obtained":[{"floor":3.0,"key":"DistilledChaos"},{"floor":5.0,"key":"Regen Potion"},{"floor":8.0,"key":"DistilledChaos"},{"floor":13.0,"key":"AttackPotion"},{"floor":20,"key":"Swift Potion"},{"floor":22,"key":"bronze:BurnAndBuffPotion"},{"floor":25,"key":"Energy Potion"}],"is_trial":false,"path_per_floor":["R","M","M","$","M","$","T","M","?","E","?","M","M","$","M","B",null,"R","M","M","M","M","?","T","M","M","?","R","E","M","M"],"character_chosen":"THE_SPIRIT","items_purchased":["hexamod:GhostflameBarrier","hexamod:ExtraCrispy","hexamod:FastForward"],"campfire_rested":1,"item_purchase_floors":[4,4,14],"current_hp_per_floor":[70,68,67,67,67,67,67,60,65,64,64,62,62,52,46,34,75,75,62,48,45,30,30,30,26,10,10,45,22,13,0,0,0],"gold":205,"neow_bonus":"RANDOM_COMMON_RELIC","is_daily":false,"chose_seed":false,"campfire_upgraded":2,"win_rate":0.0,"timestamp":1613610596,"path_taken":["R","M","M","$","M","$","T","M","?","E","?","M","M","?","M","BOSS","R","M","M","?","M","?","T","M","M","?","R","E","M","M"],"items_purchased_type":["Card","Card","Card"],"build_version":"2020-12-22","purchased_purges":0,"victory":false,"max_hp_per_floor":[70,70,70,70,70,70,70,70,75,75,75,75,75,75,75,75,75,75,75,75,75,75,75,75,75,75,75,85,85,85,85,85,85],"card_choices":[{"not_picked":["hexamod:GhostLash","hexamod:InspiringFlames","hexamod:SwordOfDarkness"],"picked":"SKIP","floor":2.0},{"not_picked":["hexamod:PhantomCloak","hexamod:GhostLash"],"picked":"hexamod:BurningTouch","floor":3.0},{"not_picked":["hexamod:GhostOfSpirePresent","hexamod:HeatCrush","hexamod:NightmareStrike"],"picked":"SKIP","floor":4.0},{"not_picked":["hexamod:GhostShield","hexamod:ChargedBarrage"],"picked":"hexamod:HauntingEcho","floor":5.0},{"not_picked":["hexamod:GhostShield","hexamod:Again"],"picked":"hexamod:DynamicBlow","floor":6.0},{"not_picked":["hexamod:FastForward","hexamod:GhostflameBarrier"],"picked":"hexamod:BurningTouch","floor":8.0},{"not_picked":["hexamod:InspiringFlames","hexamod:NightmareGuise"],"picked":"hexamod:AdvancingGuard","floor":10.0},{"not_picked":["hexamod:SpectersWail","hexamod:FastForward"],"picked":"hexamod:PowerFromBeyond","floor":12.0},{"not_picked":["hexamod:ThirdSeal","hexamod:AdvancingGuard"],"picked":"hexamod:WildfireWeapon","floor":13.0},{"not_picked":["hexamod:SwordOfDarkness","hexamod:ThermalTransfer","hexamod:Firestarter"],"picked":"SKIP","floor":14.0},{"not_picked":["hexamod:SkipABeat","hexamod:GhostLash","hexamod:FastForward"],"picked":"SKIP","floor":15.0},{"not_picked":["hexamod:TurnItUp","hexamod:TimeOfNeed"],"picked":"hexamod:WildfireWeapon","floor":16.0},{"not_picked":["hexamod:GhostShield","hexamod:HauntingEcho+1"],"picked":"hexamod:HeatShield","floor":19},{"not_picked":["hexamod:GhostShield","hexamod:NightmareGuise+1"],"picked":"hexamod:ThermalTransfer","floor":20},{"not_picked":["hexamod:SpectersWail","hexamod:NightmareStrike+1"],"picked":"hexamod:FlamesFromBeyond","floor":21},{"not_picked":["hexamod:GhostOfSpirePast+1","hexamod:HauntingEcho","hexamod:FirstSeal"],"picked":"SKIP","floor":22},{"not_picked":["hexamod:SwordOfDarkness","hexamod:GhostOfSpirePast"],"picked":"hexamod:SpectersWail","floor":25},{"not_picked":["hexamod:Firestarter","hexamod:ExtraCrispy","hexamod:ThermalTransfer"],"picked":"SKIP","floor":26},{"not_picked":["hexamod:GhostOfSpirePresent","hexamod:SwordOfDarkness+1"],"picked":"hexamod:GhostLash+1","floor":29},{"not_picked":["hexamod:Hexaguard","hexamod:BurningTouch","hexamod:ShieldOfDarkness"],"picked":"SKIP","floor":30}],"player_experience":329041,"relics_obtained":[{"floor":7.0,"key":"Pantograph"},{"floor":10.0,"key":"Ice Cream"},{"floor":29,"key":"Juzu Bracelet"}],"event_choices":[{"damage_healed":0.0,"max_hp_gain":5.0,"max_hp_loss":0.0,"gold_gain":0.0,"event_name":"Big Fish","player_choice":"Donut","floor":9.0,"gold_loss":0.0,"damage_taken":0.0}],"is_beta":false,"boss_relics":[{"not_picked":["SlaversCollar","Runic Dome"],"picked":"hexamod:IceCube"}],"items_purged_floors":[],"is_endless":false,"potions_floor_spawned":[3,5,8,13,20,22,25],"killed_by":"Shelled Parasite and Fungi","ascension_level":1}}