{"host":"kmq7aw60w430zvtx","time":1613606522,"event":{"mods":["BaseMod","Downfall","GifTheSpireLib","Hermit","Hubris","Infinite Spire","Minty Spire (QoL Compilation)","Reliquary","Replay The Spire","Spire Arcade","StSLib","The Construct","The Cursed","The Hierophant","The Jungle","The Necromancer","The Runesmith"],"gold_per_floor":[109,109,119,15,15,15,43,43,43,43,61,61,61,61,73,91,91,196,196,207,195,125,144,144,144],"floor_reached":24,"language":"ENG","playtime":1077,"items_purged":[],"score":274,"play_id":"0689bf03-2689-449f-81ca-2499199e6882","local_time":"20210218010202","is_ascension_mode":true,"campfire_choices":[{"floor":6,"key":"REST"},{"floor":12,"key":"REST"},{"floor":17,"key":"RECALL"}],"circlet_count":0,"master_deck":["Strike_G","Strike_G","Strike_G+1","Strike_G+1","Defend_G","Defend_G","Defend_G","Defend_G","Defend_G","Survivor","Neutralize","Blade Dance","Dagger Throw","ReplayTheSpireMod:Scrap Shanks","Cloak And Dagger+1","Phantasmal Killer","Prepared","Blur","Cloak And Dagger","Glass Knife","hubris:SlightOfHand","All Out Attack","Dash","Flying Knee+1"],"relics":["Ring of the Snake","Replay:Wax Seal","hubris:AncientText","Whetstone","hubris:Towel","Regal Pillow","Ring of Chaos"],"acts_visited":["Exordium","TheCity"],"potions_floor_usage":[7,18,24],"damage_taken":[{"damage":0,"enemies":"Jaw Worm","floor":1,"turns":7},{"damage":0,"enemies":"Small Slimes","floor":3,"turns":3},{"damage":26,"enemies":"Lagavulin","floor":7,"turns":9},{"damage":0,"enemies":"Cultist","floor":11,"turns":3},{"damage":1,"enemies":"Blue Slaver","floor":15,"turns":3},{"damage":3,"enemies":"2 Fungi Beasts","floor":16,"turns":4},{"damage":29,"enemies":"Fading Forest","floor":18,"turns":11},{"damage":12,"enemies":"Chosen","floor":20,"turns":6},{"damage":24,"enemies":"2 Thieves","floor":21,"turns":4},{"damage":23,"enemies":"Sentry and Sphere","floor":23,"turns":5},{"damage":17,"enemies":"Centurion and Healer","floor":24,"turns":3}],"seed_played":"-3045255066408529139","potions_obtained":[{"floor":3,"key":"SkillPotion"},{"floor":7,"key":"Poison Potion"},{"floor":15,"key":"CunningPotion"},{"floor":16,"key":"Ancient Potion"}],"is_trial":false,"path_per_floor":["M","?","M","$","?","R","E","?","T","$","M","R","PTL","PTL","M","M","R","B",null,"M","M","$","M","M"],"character_chosen":"THE_SILENT","items_purchased":["ReplayTheSpireMod:Scrap Shanks","Cloak And Dagger+1","Dash"],"campfire_rested":2,"item_purchase_floors":[4,4,22],"current_hp_per_floor":[63,56,56,56,38,59,33,33,33,33,33,69,69,69,68,65,65,36,62,50,26,26,3,0,0],"gold":144,"neow_bonus":"RANDOM_COMMON_RELIC","is_daily":false,"chose_seed":false,"campfire_upgraded":0,"win_rate":0.0,"timestamp":1613606522,"path_taken":["M","?","M","$","?","R","E","?","T","?","M","R","PTL","PTL","M","?","R","BOSS","M","M","$","M","M"],"items_purchased_type":["Card","Card","Card"],"build_version":"2020-12-22","purchased_purges":0,"victory":false,"max_hp_per_floor":[70,70,70,70,70,70,70,70,70,70,70,70,70,70,70,70,70,70,70,70,70,70,70,70,70],"card_choices":[{"not_picked":["Acrobatics","Cloak And Dagger"],"picked":"Blade Dance","floor":1},{"not_picked":["Draining Mist","Backflip"],"picked":"Dagger Throw","floor":3},{"not_picked":["Bane","Acrobatics"],"picked":"Phantasmal Killer","floor":7},{"not_picked":["Bouncing Flask","Poisoned Stab"],"picked":"Prepared","floor":11},{"not_picked":["Sucker Punch","Fluid Movement"],"picked":"Blur","floor":15},{"not_picked":["Fluid Movement","Quick Slash"],"picked":"Cloak And Dagger","floor":16},{"not_picked":["Grand Finale","Night Terror"],"picked":"Glass Knife","floor":18},{"not_picked":["Backflip","Reflex"],"picked":"hubris:SlightOfHand","floor":20},{"not_picked":["Deflect","ReplayTheSpireMod:Tripwire"],"picked":"All Out Attack","floor":21},{"not_picked":["ReplayTheSpireMod:Tripwire+1","Well Laid Plans"],"picked":"Flying Knee+1","floor":23}],"player_experience":379065,"relics_obtained":[{"floor":7,"key":"Whetstone"},{"floor":9,"key":"Regal Pillow"}],"event_choices":[{"cards_removed":["Strike_G"],"damage_healed":0,"gold_gain":0,"player_choice":"Card Removal","damage_taken":7,"max_hp_gain":0,"max_hp_loss":0,"event_name":"Golden Wing","floor":2,"gold_loss":0},{"damage_healed":0,"gold_gain":0,"player_choice":"Success","damage_taken":18,"relics_obtained":["hubris:AncientText"],"max_hp_gain":0,"max_hp_loss":0,"event_name":"Scrap Ooze","floor":5,"gold_loss":0}],"is_beta":false,"boss_relics":[{"not_picked":["Honey Jar","infinitespire:Cupcake"],"picked":"Ring of Chaos"}],"items_purged_floors":[],"is_endless":false,"potions_floor_spawned":[3,7,15,16],"killed_by":"Centurion and Healer","ascension_level":8}}