{"host":"ufhw4cf0hh51lveu","time":1613636505,"event":{"mods":["BaseMod","DeckTracker","Lobotomy","Minty Spire (QoL Compilation)","SuperFastMode"],"gold_per_floor":[119,119,130,130,130,130,148,159,182,202,223,243,243,262,262,262,262],"floor_reached":16,"language":"KOR","playtime":441,"items_purged":[],"score":94,"play_id":"244f2d57-521f-4c70-84f2-3fd3e38f7837","local_time":"20210218172145","is_ascension_mode":false,"campfire_choices":[{"data":"Dagger Spray","floor":6,"key":"SMITH"},{"floor":13,"key":"REST"},{"floor":15,"key":"REST"}],"circlet_count":0,"master_deck":["Strike_G","Strike_G","Strike_G","Strike_G","Strike_G","Defend_G","Defend_G","Defend_G","Defend_G","Defend_G","Survivor","Neutralize","WhitesApple","Dagger Throw","Parasite","WallGazer","Dagger Spray+1","Regret","RedShoes","PiercingWail","Parasite","Wellcheers","Poisoned Stab","PunishingBird","SingingMachine","Dagger Throw","BigBadWolf","Poisoned Stab","Woodsman","Deadly Poison","Parasite"],"relics":["Ring of the Snake","CogitoBucket","Bag of Preparation","Anchor","Odd Mushroom","ChangeAnything"],"acts_visited":["Exordium"],"potions_floor_usage":[11,12],"damage_taken":[{"damage":2,"enemies":"Jaw Worm","floor":1,"turns":8},{"damage":0,"enemies":"Small Slimes","floor":3,"turns":3},{"damage":2,"enemies":"2 Louse","floor":7,"turns":2},{"damage":8,"enemies":"Gremlin Gang","floor":8,"turns":4},{"damage":0,"enemies":"2 Fungi Beasts","floor":10,"turns":2},{"damage":2,"enemies":"The Mushroom Lair","floor":11,"turns":2},{"damage":18,"enemies":"Exordium Thugs","floor":12,"turns":3},{"damage":61,"enemies":"Gremlin Gang","floor":14,"turns":6},{"damage":30,"enemies":"The Guardian","floor":16,"turns":4}],"seed_played":"6976366973143328027","potions_obtained":[{"floor":3,"key":"AttackPotion"},{"floor":7,"key":"ColorlessPotion"},{"floor":10,"key":"Swift Potion"}],"is_trial":false,"path_per_floor":["M","?","M","?","?","R","M","M","T","M","?","M","R","M","R","B"],"character_chosen":"THE_SILENT","items_purchased":[],"campfire_rested":2,"item_purchase_floors":[],"current_hp_per_floor":[68,68,68,68,68,68,66,58,58,61,59,41,62,5,26,0,0],"gold":262,"neow_bonus":"","is_daily":false,"chose_seed":false,"campfire_upgraded":1,"win_rate":0.0,"timestamp":1613636505,"path_taken":["M","?","M","?","?","R","?","M","T","M","?","M","R","M","R","BOSS"],"items_purchased_type":[],"build_version":"2020-12-22","purchased_purges":0,"victory":false,"max_hp_per_floor":[70,70,70,70,70,70,70,70,70,70,70,70,70,70,70,70,70],"card_choices":[{"not_picked":["VoidDream","FairyFestival"],"picked":"WhitesApple","floor":1},{"not_picked":["Reflex","Underhanded Strike"],"picked":"Dagger Throw","floor":1},{"not_picked":["RedShoes","BeautyBeast"],"picked":"WallGazer","floor":3},{"not_picked":["Noxious Fumes","Glass Knife"],"picked":"Dagger Spray","floor":3},{"not_picked":["Bloodbath","NakedNest"],"picked":"RedShoes","floor":7},{"not_picked":["Accuracy","Bane"],"picked":"PiercingWail","floor":7},{"not_picked":["BigBadWolf","Woodsman"],"picked":"Wellcheers","floor":8},{"not_picked":["Cloak And Dagger","Flying Knee"],"picked":"Poisoned Stab","floor":8},{"not_picked":["OSAHOGD","OldLady"],"picked":"PunishingBird","floor":10},{"not_picked":["Cloak And Dagger","Accuracy","Flying Knee"],"picked":"SKIP","floor":10},{"not_picked":["ShyLook","BeautyBeast"],"picked":"SingingMachine","floor":11},{"not_picked":["Quick Slash","Dodge and Roll"],"picked":"Dagger Throw","floor":11},{"not_picked":["BeautyBeast","CrumblingArmor"],"picked":"BigBadWolf","floor":12},{"not_picked":["A Thousand Cuts","All Out Attack"],"picked":"Poisoned Stab","floor":12},{"not_picked":["OldLady","QueenBee"],"picked":"Woodsman","floor":14},{"not_picked":["Prepared","Predator"],"picked":"Deadly Poison","floor":14}],"player_experience":47332,"relics_obtained":[{"floor":9,"key":"Anchor"},{"floor":11,"key":"Odd Mushroom"}],"event_choices":[{"damage_healed":0,"gold_gain":0,"player_choice":"Ignored","damage_taken":0,"max_hp_gain":0,"max_hp_loss":0,"event_name":"Golden Wing","floor":2,"gold_loss":0},{"damage_healed":0,"gold_gain":0,"player_choice":"Box","damage_taken":0,"relics_obtained":["Bag of Preparation"],"max_hp_gain":0,"max_hp_loss":0,"event_name":"Big Fish","floor":4,"gold_loss":0,"cards_obtained":["Regret"]},{"damage_healed":0,"gold_gain":0,"player_choice":"Ignored","damage_taken":0,"max_hp_gain":0,"max_hp_loss":0,"event_name":"Shining Light","floor":5,"gold_loss":0},{"damage_healed":0,"gold_gain":0,"player_choice":"Fought Mushrooms","damage_taken":0,"max_hp_gain":0,"max_hp_loss":0,"event_name":"Mushrooms","floor":11,"gold_loss":0}],"is_beta":false,"boss_relics":[],"items_purged_floors":[],"is_endless":false,"potions_floor_spawned":[3,7,10],"killed_by":"The Guardian","ascension_level":0}}