{"host":"qy6st0zp32tctd9l","time":1613688568,"event":{"mods":["BaseMod","Colored Map","Downfall","GifTheSpireLib","Hermit","Marisa£®ÏF”Í°°ƒß¿Ì…≥£©","Minty Spire (QoL Compilation)","Remilia£®¿Ÿ√◊¿Ú—«£©","StSLib","The Cursed","The Servant 0.9.4","UnlockEverythingMod"],"gold_per_floor":[114,39,57,57,74,106,124,139,139,139,150,175,75,75,75],"floor_reached":14,"language":"ZHS","playtime":540,"items_purged":["Strike_S","Strike_S"],"score":194,"play_id":"f52dfb77-380b-4911-bb6c-e0039c8e3d39","local_time":"20210219064928","is_ascension_mode":true,"campfire_choices":[{"floor":10.0,"key":"REST"}],"circlet_count":0,"master_deck":["AscendersBane","Strike_S","Defend_S","Defend_S","Defend_S","Defend_S","KidneyShot","Exchange","BestPractice","ReturningBlade","Moondial","Desolation","Contraction","Moonlight","TimeTheft"],"relics":["Uniform","Orichalcum","Omamori","Bag of Marbles","Juzu Bracelet"],"acts_visited":["Exordium"],"potions_floor_usage":[14,14],"damage_taken":[{"damage":5.0,"enemies":"2 Louse","floor":1.0,"turns":4.0},{"damage":8.0,"enemies":"Small Slimes","floor":3.0,"turns":4.0},{"damage":0.0,"enemies":"Jaw Worm","floor":5.0,"turns":6.0},{"damage":16.0,"enemies":"Gremlin Nob","floor":6.0,"turns":6.0},{"damage":8.0,"enemies":"2 Fungi Beasts","floor":7.0,"turns":4.0},{"damage":0.0,"enemies":"Red Slaver","floor":8.0,"turns":6.0},{"damage":5.0,"enemies":"Blue Slaver","floor":11.0,"turns":3.0},{"damage":9.0,"enemies":"3 Sentries","floor":12.0,"turns":6.0},{"damage":0,"enemies":"Gremlin Nob","floor":14,"turns":3}],"seed_played":"3031283993860773525","potions_obtained":[{"floor":3.0,"key":"Ancient Potion"},{"floor":7.0,"key":"SkillPotion"},{"floor":11.0,"key":"EssenceOfSteel"},{"floor":12.0,"key":"Strength Potion"}],"is_trial":false,"path_per_floor":["M","$","M","?","M","E","M","M","T","R","M","E","$","E"],"character_chosen":"THE_SERVANT","items_purchased":[],"campfire_rested":1,"item_purchase_floors":[],"current_hp_per_floor":[49,49,41,34,34,18,10,10,10,28,23,14,14,14,14],"gold":75,"neow_bonus":"RANDOM_COMMON_RELIC","is_daily":false,"chose_seed":false,"campfire_upgraded":0,"win_rate":0.0,"timestamp":1613688568,"path_taken":["M","$","M","?","M","E","M","M","T","R","M","E","$","E"],"items_purchased_type":[],"build_version":"2020-12-22","purchased_purges":2,"victory":false,"max_hp_per_floor":[60,60,60,60,60,60,60,60,60,60,60,60,60,60,60],"card_choices":[{"not_picked":["Replace","GearUp"],"picked":"BestPractice","floor":1.0},{"not_picked":["Defy","Unruled"],"picked":"ReturningBlade","floor":3.0},{"not_picked":["DoubleEdge","Reset"],"picked":"Moondial","floor":5.0},{"not_picked":["RealityMarble","Gouge"],"picked":"Desolation","floor":6.0},{"not_picked":["Rearm","Desolation"],"picked":"Contraction","floor":7.0},{"not_picked":["SurpressingFire","TimeWarp"],"picked":"Moonlight","floor":8.0},{"not_picked":["Potential","Rewind","TimeWarp"],"picked":"SKIP","floor":11.0},{"not_picked":["Unruled","Ricochet"],"picked":"TimeTheft","floor":12.0}],"player_experience":228773,"relics_obtained":[{"floor":6.0,"key":"Omamori"},{"floor":9.0,"key":"Bag of Marbles"},{"floor":12.0,"key":"Juzu Bracelet"}],"event_choices":[{"cards_removed":["Strike_S"],"damage_healed":0.0,"max_hp_gain":0.0,"max_hp_loss":0.0,"gold_gain":0.0,"event_name":"Golden Wing","player_choice":"Card Removal","floor":4.0,"gold_loss":0.0,"damage_taken":7.0}],"is_beta":false,"boss_relics":[],"items_purged_floors":[2,13],"is_endless":false,"potions_floor_spawned":[3,7,11,12],"killed_by":"Gremlin Nob","ascension_level":18}}