{"host":"ilhhjx796p2x2wmd","time":1613661412,"event":{"mods":["AchievementEnabler","BaseMod","BetterRewards","Colored Map","Colored Powertips","DeckTracker","Highlight Path","Minty Spire (QoL Compilation)","Permanent Neow","Rare Cards Sparkle","Shop Mod"],"gold_per_floor":[112,37,48,64,83,83,83,114,114,127,88,98,98,114,114,216,216,234,202,127,227,237,237,46,57,132,160,183,214,252,39,39,39,39],"floor_reached":33,"language":"KOR","playtime":1774,"items_purged":["Decay","Strike_G"],"score":366,"play_id":"b87f114d-386b-4159-8596-db3c2fd92f3a","local_time":"20210219001652","is_ascension_mode":true,"campfire_choices":[{"data":"Apotheosis","floor":6.0,"key":"SMITH"},{"floor":13.0,"key":"REST"},{"data":"Prepared","floor":15.0,"key":"SMITH"},{"data":"Burst","floor":23.0,"key":"SMITH"},{"data":"Secret Technique","floor":32.0,"key":"SMITH"}],"circlet_count":0,"master_deck":["Strike_G","Strike_G","Strike_G","Defend_G","Defend_G","Defend_G","Defend_G","Defend_G","Survivor","Neutralize","Apotheosis+1","Quick Slash","Heel Hook","Quick Slash","Cloak And Dagger","Expertise","Escape Plan","Footwork+1","Well Laid Plans+1","Prepared+1","Burst+1","Sucker Punch+1","Acrobatics","Finesse","Envenom+1","Acrobatics","Secret Technique+1","Underhanded Strike"],"relics":["Ring of the Snake","Eternal Feather","Pantograph","Frozen Egg 2","Sozu","Membership Card","Meat on the Bone","MawBank","Lantern","Frozen Eye"],"acts_visited":["Exordium","TheCity"],"potions_floor_usage":[],"damage_taken":[{"damage":0.0,"enemies":"Cultist","floor":1.0,"turns":4.0},{"damage":1.0,"enemies":"Jaw Worm","floor":3.0,"turns":4.0},{"damage":4.0,"enemies":"Small Slimes","floor":4.0,"turns":3.0},{"damage":14.0,"enemies":"Exordium Wildlife","floor":5.0,"turns":4.0},{"damage":16.0,"enemies":"3 Sentries","floor":8.0,"turns":9.0},{"damage":4.0,"enemies":"Red Slaver","floor":10.0,"turns":4.0},{"damage":8.0,"enemies":"Exordium Thugs","floor":12.0,"turns":5.0},{"damage":2.0,"enemies":"Exordium Wildlife","floor":14.0,"turns":5.0},{"damage":6.0,"enemies":"The Guardian","floor":16.0,"turns":11.0},{"damage":1.0,"enemies":"Shell Parasite","floor":18.0,"turns":6.0},{"damage":9.0,"enemies":"2 Thieves","floor":19.0,"turns":5.0},{"damage":0.0,"enemies":"Centurion and Healer","floor":22.0,"turns":6.0},{"damage":4.0,"enemies":"Snake Plant","floor":25.0,"turns":5.0},{"damage":43.0,"enemies":"Slavers","floor":27.0,"turns":14.0},{"damage":20.0,"enemies":"Sentry and Sphere","floor":28.0,"turns":8.0},{"damage":8.0,"enemies":"Centurion and Healer","floor":29.0,"turns":8.0},{"damage":73,"enemies":"Champ","floor":33,"turns":13}],"seed_played":"-8253060683094630451","potions_obtained":[{"floor":3.0,"key":"Regen Potion"},{"floor":5.0,"key":"Poison Potion"},{"floor":8.0,"key":"PowerPotion"},{"floor":10.0,"key":"SpeedPotion"}],"is_trial":false,"path_per_floor":["M","$","M","M","M","R","?","E","T","M","$","M","R","M","R","B",null,"M","M","?","?","M","R","$","M","T","E","M","M","T","$","R","B"],"character_chosen":"THE_SILENT","items_purchased":["Footwork+1","Membership Card","Finesse","Secret Technique","Underhanded Strike","Frozen Eye"],"campfire_rested":1,"item_purchase_floors":[11,24,24,31,31,31],"current_hp_per_floor":[63,63,62,58,44,44,26,25,25,21,21,13,46,44,56,64,69,68,59,59,59,59,70,70,66,66,35,27,31,31,31,46,0,0],"gold":39,"neow_bonus":"RANDOM_COLORLESS_2","is_daily":false,"chose_seed":false,"campfire_upgraded":4,"win_rate":0.0,"timestamp":1613661412,"path_taken":["M","$","?","M","M","R","?","E","T","M","$","M","R","M","R","BOSS","M","M","?","?","M","R","$","M","T","E","?","M","?","$","R","BOSS"],"items_purchased_type":["Card","Relic","Card","Card","Card","Relic"],"build_version":"2020-12-22","purchased_purges":2,"victory":false,"max_hp_per_floor":[70,70,70,70,70,70,70,70,70,70,70,70,70,70,70,70,70,70,70,70,70,70,70,70,70,70,70,70,70,70,70,70,70,70],"card_choices":[{"not_picked":["Violence","Metamorphosis"],"picked":"Apotheosis","floor":0.0},{"not_picked":["Flechettes","Accuracy"],"picked":"Quick Slash","floor":1.0},{"not_picked":["Dagger Throw","Underhanded Strike"],"picked":"Heel Hook","floor":3.0},{"not_picked":["Well Laid Plans","Predator"],"picked":"Quick Slash","floor":4.0},{"not_picked":["Dodge and Roll","Dagger Throw"],"picked":"Cloak And Dagger","floor":5.0},{"not_picked":["Heel Hook","Eviscerate"],"picked":"Expertise","floor":8.0},{"not_picked":["Catalyst","Venomology"],"picked":"Escape Plan","floor":10.0},{"not_picked":["Sucker Punch","Dagger Spray"],"picked":"Well Laid Plans+1","floor":12.0},{"not_picked":["Flechettes","Underhanded Strike"],"picked":"Prepared","floor":14.0},{"not_picked":["Phantasmal Killer","Corpse Explosion"],"picked":"Burst","floor":16.0},{"not_picked":["Deflect+1","Bouncing Flask"],"picked":"Sucker Punch+1","floor":18.0},{"not_picked":["Backstab+1","PiercingWail","Dodge and Roll"],"picked":"SKIP","floor":19.0},{"not_picked":["Cloak And Dagger","PiercingWail"],"picked":"Acrobatics","floor":22.0},{"not_picked":["Acrobatics","Blade Dance","Bane"],"picked":"SKIP","floor":25.0},{"not_picked":["Terror","Slice+1"],"picked":"Envenom+1","floor":27.0},{"not_picked":["Underhanded Strike","Blade Dance"],"picked":"Acrobatics","floor":28.0},{"not_picked":["Setup","Bane","Prepared"],"picked":"SKIP","floor":29.0}],"player_experience":341723,"relics_obtained":[{"floor":8.0,"key":"Pantograph"},{"floor":9.0,"key":"Frozen Egg 2"},{"floor":26.0,"key":"Meat on the Bone"},{"floor":27.0,"key":"MawBank"},{"floor":30.0,"key":"Lantern"}],"event_choices":[{"damage_healed":0.0,"max_hp_gain":0.0,"max_hp_loss":0.0,"gold_gain":0.0,"event_name":"Scrap Ooze","player_choice":"Success","floor":7.0,"gold_loss":0.0,"damage_taken":18.0,"relics_obtained":["Eternal Feather"]},{"cards_removed":["Strike_G"],"damage_healed":0.0,"max_hp_gain":0.0,"max_hp_loss":0.0,"gold_gain":0.0,"event_name":"Beggar","player_choice":"Gave Gold","floor":20.0,"gold_loss":75.0,"damage_taken":0.0},{"damage_healed":0.0,"max_hp_gain":0.0,"max_hp_loss":0.0,"gold_gain":100.0,"event_name":"Golden Shrine","player_choice":"Pray","floor":21.0,"gold_loss":0.0,"damage_taken":0.0}],"is_beta":false,"boss_relics":[{"not_picked":["Ring of the Serpent","Busted Crown"],"picked":"Sozu"}],"items_purged_floors":[2,31],"is_endless":false,"potions_floor_spawned":[3,5,8,10,19,22,25,27],"killed_by":"Champ","ascension_level":7}}