{"host":"8ztb9kwpjc2zof9s","time":1613624851,"event":{"mods":["BaseMod","Block Reminder","Curses Come First","Minty Spire (QoL Compilation)","Relic Stats","StSLib"],"gold_per_floor":[217,236,139,139,139,172,172,206,232,307,331,347,13,27,27,120,120,139,79,79,79],"floor_reached":20,"language":"ENG","playtime":1535,"items_purged":["Strike_G"],"score":300,"play_id":"336845a4-253e-4595-b906-27ed89d380e0","local_time":"20210217210731","is_ascension_mode":true,"campfire_choices":[{"floor":7,"key":"REST"},{"floor":15,"key":"REST"}],"circlet_count":0,"master_deck":["AscendersBane","Strike_G","Strike_G","Strike_G","Strike_G","Defend_G","Defend_G","Defend_G","Defend_G","Defend_G","Survivor","Neutralize","Deadly Poison","Well Laid Plans","Acrobatics","A Thousand Cuts","Reflex","Backflip","Prepared","Footwork+1","Leg Sweep","After Image+1","Outmaneuver"],"relics":["Ring of the Snake","Golden Idol","Vajra","Frozen Egg 2","Anchor","Matryoshka","SacredBark"],"acts_visited":["Exordium","TheCity"],"potions_floor_usage":[6,12,12,16,18],"damage_taken":[{"damage":8,"enemies":"Small Slimes","floor":1,"turns":5},{"damage":0,"enemies":"Cultist","floor":2,"turns":4},{"damage":32,"enemies":"3 Sentries","floor":6,"turns":17},{"damage":18,"enemies":"Lagavulin","floor":8,"turns":10},{"damage":0,"enemies":"2 Louse","floor":11,"turns":4},{"damage":0,"enemies":"Large Slime","floor":12,"turns":5},{"damage":1,"enemies":"3 Louse","floor":14,"turns":5},{"damage":31,"enemies":"Slime Boss","floor":16,"turns":19},{"damage":32,"enemies":"Chosen","floor":18,"turns":15},{"damage":18,"enemies":"2 Thieves","floor":19,"turns":4},{"damage":16,"enemies":"3 Cultists","floor":20,"turns":4}],"seed_played":"2479622702244610848","potions_obtained":[{"floor":2,"key":"SkillPotion"},{"floor":8,"key":"BlessingOfTheForge"},{"floor":11,"key":"ColorlessPotion"},{"floor":12,"key":"Poison Potion"},{"floor":16,"key":"Regen Potion"}],"is_trial":false,"path_per_floor":["M","M","$","?","?","E","R","E","T","?","M","M","$","M","R","B",null,"M","M","M"],"character_chosen":"THE_SILENT","items_purchased":["Acrobatics","Footwork+1","Matryoshka"],"campfire_rested":2,"item_purchase_floors":[3,13,13],"current_hp_per_floor":[55,55,55,55,60,28,49,31,31,24,24,24,24,23,44,13,56,34,16,0,0],"gold":79,"neow_bonus":"HUNDRED_GOLD","is_daily":false,"chose_seed":false,"campfire_upgraded":0,"win_rate":0.0,"timestamp":1613624851,"path_taken":["M","M","$","?","?","E","R","E","T","?","M","M","$","?","R","BOSS","M","M","M"],"items_purchased_type":["Card","Card","Relic"],"build_version":"2020-12-22","purchased_purges":1,"victory":false,"max_hp_per_floor":[70,70,70,65,70,70,70,70,70,70,70,70,70,70,70,70,70,70,70,70,70],"relic_stats":{"counters":[11,92],"Golden Idol":48,"obtain_stats":[{"Anchor":9,"Matryoshka":13,"Golden Idol":4,"SacredBark":17,"Vajra":6,"Frozen Egg 2":8,"Ring of the Snake":0},{"Anchor":4,"Matryoshka":6,"Golden Idol":2,"SacredBark":8,"Vajra":3,"Frozen Egg 2":4,"Ring of the Snake":0},{"Anchor":36,"Matryoshka":45,"Golden Idol":9,"SacredBark":69,"Vajra":26,"Frozen Egg 2":36,"Ring of the Snake":0}],"Ring of the Snake":[22]},"card_choices":[{"not_picked":["Quick Slash","Calculated Gamble"],"picked":"Deadly Poison","floor":1},{"not_picked":["Backflip","Bane"],"picked":"Well Laid Plans","floor":2},{"not_picked":["Dagger Spray","Well Laid Plans"],"picked":"A Thousand Cuts","floor":6},{"not_picked":["Blur","PiercingWail"],"picked":"Reflex","floor":8},{"not_picked":["Bane","Deadly Poison"],"picked":"Backflip","floor":11},{"not_picked":["Burst","Quick Slash"],"picked":"Prepared","floor":12},{"not_picked":["Backflip","Quick Slash"],"picked":"Leg Sweep","floor":14},{"not_picked":["A Thousand Cuts+1","Night Terror"],"picked":"After Image+1","floor":16},{"not_picked":["Poisoned Stab","Distraction","Heel Hook"],"picked":"SKIP","floor":18},{"not_picked":["Calculated Gamble","Catalyst"],"picked":"Outmaneuver","floor":19}],"player_experience":353845,"relics_obtained":[{"floor":6,"key":"Vajra"},{"floor":8,"key":"Frozen Egg 2"},{"floor":9,"key":"Anchor"}],"event_choices":[{"damage_healed":0,"gold_gain":0,"player_choice":"Lose Max HP","damage_taken":0,"relics_obtained":["Golden Idol"],"max_hp_gain":0,"max_hp_loss":5,"event_name":"Golden Idol","floor":4,"gold_loss":0},{"damage_healed":0,"gold_gain":0,"player_choice":"Donut","damage_taken":0,"max_hp_gain":5,"max_hp_loss":0,"event_name":"Big Fish","floor":5,"gold_loss":0},{"damage_healed":0,"gold_gain":75,"player_choice":"Touch","damage_taken":7,"max_hp_gain":0,"max_hp_loss":0,"event_name":"FaceTrader","floor":10,"gold_loss":0}],"is_beta":false,"boss_relics":[{"not_picked":["Calling Bell","Coffee Dripper"],"picked":"SacredBark"}],"items_purged_floors":[3],"is_endless":false,"potions_floor_spawned":[2,8,11,12,16],"killed_by":"3 Cultists","ascension_level":13}}