{"host":"wf1r1zhguvoo22rf","time":1613617938,"event":{"mods":["BaseMod","Colored Powertips","Minty Spire (QoL Compilation)","StSLib"],"gold_per_floor":[109,129,129,142,159,159,192,192,192,192,225,244,99,113,113,215,215,231,231,231,231,249,249,249,266,341,355,182,182,194,206,206,309,309,319,36,46,58,58,58,77,77,77,77,77,90,90,109,109,109,109],"floor_reached":50,"language":"ENG","playtime":3698,"items_purged":[],"score":506,"play_id":"fc9e960f-75a0-4668-ae2a-f8bb9c0cc5d0","local_time":"20210218051218","is_ascension_mode":false,"campfire_choices":[{"floor":6,"key":"REST"},{"floor":8,"key":"REST"},{"floor":10,"key":"REST"},{"data":"WindmillStrike","floor":15,"key":"SMITH"},{"floor":23,"key":"REST"},{"floor":29,"key":"REST"},{"data":"Establishment","floor":32,"key":"SMITH"},{"floor":40,"key":"REST"},{"data":"Magnetism","floor":42,"key":"SMITH"},{"data":"Judgement","floor":45,"key":"SMITH"},{"floor":49,"key":"REST"}],"circlet_count":0,"master_deck":["Strike_P+1","Strike_P+1","Strike_P+1","Strike_P+1","Defend_P+1","Defend_P+1","Defend_P+1","Defend_P+1","Eruption+1","Vigilance+1","CrushJoints+1","FlurryOfBlows+1","WindmillStrike+1","FlurryOfBlows+1","Conclude+1","Consecrate+1","ClearTheMind+1","FlurryOfBlows+1","Establishment+1","Protect+1","Consecrate+1","LikeWater+1","Devotion+1","EmptyFist+1","Prostrate+1","Consecrate+1","Consecrate+1","Devotion+1","Magnetism+1","MentalFortress+1","Consecrate+1","Judgement+1","Madness+1","Madness+1","Consecrate+1"],"relics":["HolyWater","Meat on the Bone","Question Card","Sundial","Oddly Smooth Stone","Nilry\u0027s Codex","Eternal Feather","Pantograph","Sling","SlaversCollar","Pocketwatch","Mark of the Bloom"],"acts_visited":["Exordium","TheCity","TheBeyond"],"potions_floor_usage":[33,38,50],"damage_taken":[{"damage":3,"enemies":"Jaw Worm","floor":1,"turns":2},{"damage":0,"enemies":"Small Slimes","floor":2,"turns":2},{"damage":0,"enemies":"2 Louse","floor":4,"turns":1},{"damage":22,"enemies":"Lots of Slimes","floor":5,"turns":4},{"damage":51,"enemies":"Lagavulin","floor":7,"turns":7},{"damage":13,"enemies":"3 Sentries","floor":11,"turns":4},{"damage":0,"enemies":"Large Slime","floor":12,"turns":2},{"damage":7,"enemies":"Red Slaver","floor":14,"turns":2},{"damage":16,"enemies":"Slime Boss","floor":16,"turns":6},{"damage":9,"enemies":"3 Byrds","floor":18,"turns":4},{"damage":0,"enemies":"Spheric Guardian","floor":22,"turns":2},{"damage":33,"enemies":"Snake Plant","floor":25,"turns":4},{"damage":10,"enemies":"Chosen and Byrds","floor":27,"turns":6},{"damage":31,"enemies":"Centurion and Healer","floor":30,"turns":6},{"damage":6,"enemies":"Snake Plant","floor":31,"turns":4},{"damage":65,"enemies":"Champ","floor":33,"turns":9},{"damage":9,"enemies":"3 Shapes","floor":35,"turns":4},{"damage":29,"enemies":"3 Darklings","floor":37,"turns":6},{"damage":49,"enemies":"Spire Growth","floor":38,"turns":4},{"damage":33,"enemies":"Maw","floor":41,"turns":6},{"damage":17,"enemies":"3 Darklings","floor":46,"turns":5},{"damage":47,"enemies":"Spire Growth","floor":48,"turns":5},{"damage":13,"enemies":"Time Eater","floor":50,"turns":2}],"seed_played":"-38008901555442178","potions_obtained":[{"floor":2,"key":"FairyPotion"},{"floor":11,"key":"SpeedPotion"},{"floor":14,"key":"StancePotion"},{"floor":18,"key":"BottledMiracle"},{"floor":22,"key":"CultistPotion"},{"floor":37,"key":"SteroidPotion"},{"floor":46,"key":"LiquidBronze"}],"is_trial":false,"path_per_floor":["M","M","?","M","M","R","E","R","T","R","E","M","$","M","R","B",null,"M","?","?","?","M","R","T","M","T","M","$","R","M","M","R","B",null,"M","$","M","M","?","R","M","R","T","?","R","M","?","M","R","B"],"character_chosen":"WATCHER","items_purchased":["Oddly Smooth Stone","Sling","Prostrate","Magnetism","MentalFortress","Consecrate"],"campfire_rested":7,"item_purchase_floors":[13,28,28,36,36,36],"current_hp_per_floor":[76,76,76,76,54,77,26,49,49,72,59,59,59,52,52,48,79,70,70,70,54,54,77,77,44,44,46,46,79,48,42,57,26,79,70,70,41,35,35,76,43,61,61,51,69,52,52,5,5,0,0],"gold":109,"neow_bonus":"TEN_PERCENT_HP_BONUS","is_daily":false,"chose_seed":false,"campfire_upgraded":4,"win_rate":0.0,"timestamp":1613617938,"path_taken":["M","M","?","M","M","R","E","R","T","R","E","M","$","M","R","BOSS","M","?","?","?","M","R","?","?","T","M","?","R","?","M","R","BOSS","M","$","M","M","?","R","?","R","T","?","R","M","?","M","R","BOSS"],"items_purchased_type":["Relic","Relic","Card","Card","Card","Card"],"build_version":"2020-12-22","purchased_purges":0,"victory":false,"max_hp_per_floor":[79,79,79,79,79,79,79,79,79,79,79,79,79,79,79,79,79,79,79,79,79,79,79,79,79,79,79,79,79,79,79,79,79,79,79,79,79,79,79,79,79,79,79,79,79,79,79,79,79,79,79],"card_choices":[{"not_picked":["ClearTheMind","WheelKick"],"picked":"CrushJoints","floor":1},{"not_picked":["PathToVictory","Halt"],"picked":"FlurryOfBlows","floor":2},{"not_picked":["WreathOfFlame","ThirdEye"],"picked":"WindmillStrike","floor":4},{"not_picked":["Worship","FollowUp"],"picked":"FlurryOfBlows","floor":5},{"not_picked":["Judgement","Nirvana"],"picked":"Conclude","floor":7},{"not_picked":["FlurryOfBlows","ClearTheMind","Alpha"],"picked":"Consecrate","floor":11},{"not_picked":["Crescendo","Sanctity","FlyingSleeves"],"picked":"ClearTheMind","floor":12},{"not_picked":["InnerPeace","FollowUp","PathToVictory"],"picked":"FlurryOfBlows","floor":14},{"not_picked":["LessonLearned","MasterReality","Alpha"],"picked":"Establishment","floor":16},{"not_picked":["Wallop","ClearTheMind","Evaluate+1"],"picked":"Protect+1","floor":18},{"not_picked":["SashWhip+1","WaveOfTheHand","JustLucky+1"],"picked":"LikeWater","floor":22},{"not_picked":["SignatureMove","Prostrate+1","EmptyMind"],"picked":"Devotion","floor":25},{"not_picked":["Vengeance","EmptyBody","WreathOfFlame+1"],"picked":"EmptyFist","floor":27},{"not_picked":["CrushJoints","FollowUp","LikeWater+1"],"picked":"Consecrate","floor":30},{"not_picked":["CarveReality","Meditate","ClearTheMind"],"picked":"Consecrate+1","floor":31},{"not_picked":["Blasphemy","DeusExMachina","Omniscience"],"picked":"Devotion","floor":33},{"not_picked":["FollowUp","SashWhip","Evaluate","FlyingSleeves"],"picked":"SKIP","floor":35},{"not_picked":["WaveOfTheHand","PathToVictory","Worship+1","CutThroughFate"],"picked":"SKIP","floor":37},{"not_picked":["EmptyFist","ClearTheMind+1","ThirdEye+1"],"picked":"Judgement","floor":38},{"not_picked":["Crescendo","FlyingSleeves","FollowUp","ClearTheMind+1"],"picked":"SKIP","floor":41},{"not_picked":["Swivel+1","BowlingBash","FlyingSleeves+1"],"picked":"Consecrate+1","floor":46},{"not_picked":["EmptyMind+1","Crescendo","Halt+1","CarveReality+1"],"picked":"SKIP","floor":48}],"player_experience":245260,"relics_obtained":[{"floor":7,"key":"Meat on the Bone"},{"floor":9,"key":"Question Card"},{"floor":11,"key":"Sundial"},{"floor":21,"key":"Nilry\u0027s Codex"},{"floor":24,"key":"Eternal Feather"},{"floor":26,"key":"Pantograph"},{"floor":43,"key":"Pocketwatch"}],"event_choices":[{"damage_healed":0,"gold_gain":0,"player_choice":"Ignored","damage_taken":0,"max_hp_gain":0,"max_hp_loss":0,"event_name":"Golden Wing","floor":3,"gold_loss":0},{"damage_healed":0,"gold_gain":0,"player_choice":"Simplicity","damage_taken":0,"max_hp_gain":0,"max_hp_loss":0,"event_name":"Back to Basics","floor":19,"gold_loss":0,"cards_upgraded":["Strike_P","Strike_P","Strike_P","Strike_P","Defend_P","Defend_P","Defend_P","Defend_P"]},{"damage_healed":0,"gold_gain":0,"player_choice":"Read","damage_taken":0,"max_hp_gain":0,"max_hp_loss":0,"event_name":"The Library","floor":20,"gold_loss":0,"cards_obtained":["Consecrate"]},{"damage_healed":0,"gold_gain":0,"player_choice":"Obtained Book","damage_taken":16,"max_hp_gain":0,"max_hp_loss":0,"event_name":"Cursed Tome","floor":21,"gold_loss":0},{"damage_healed":0,"gold_gain":0,"player_choice":"Ignored","damage_taken":0,"max_hp_gain":0,"max_hp_loss":0,"event_name":"Purifier","floor":39,"gold_loss":0},{"damage_healed":0,"gold_gain":0,"player_choice":"Embrace Madness","damage_taken":10,"max_hp_gain":0,"max_hp_loss":0,"event_name":"Winding Halls","floor":44,"gold_loss":0,"cards_obtained":["Madness","Madness"]},{"damage_healed":0,"gold_gain":0,"player_choice":"Upgrade","damage_taken":0,"relics_obtained":["Mark of the Bloom"],"max_hp_gain":0,"max_hp_loss":0,"event_name":"MindBloom","floor":47,"gold_loss":0,"cards_upgraded":["Eruption","Vigilance","CrushJoints","FlurryOfBlows","FlurryOfBlows","Conclude","Consecrate","ClearTheMind","FlurryOfBlows","Consecrate","LikeWater","Devotion","EmptyFist","Prostrate","Consecrate","Devotion","MentalFortress","Consecrate","Madness","Madness"]}],"is_beta":false,"boss_relics":[{"not_picked":["Fusion Hammer","Empty Cage"],"picked":"HolyWater"},{"not_picked":["Snecko Eye","VioletLotus"],"picked":"SlaversCollar"}],"items_purged_floors":[],"is_endless":false,"potions_floor_spawned":[2,11,14,16,18,22,27,30,37,46],"killed_by":"Time Eater","ascension_level":0}}