{"host":"d52brwsy6af8zvaq","time":1613609458,"event":{"mods":["AchievementEnabler","BaseMod","Bestiary","Highlight Path","Minty Spire (QoL Compilation)","Quick Restart","Relic Stats","ojb\u0027s Better Paths Mod"],"gold_per_floor":[119,135,36,36,55,55,87,99,125,125,155,155,180,199,199,270,270,288,288,238,17,34,34,34,60,60,60,74,74,89,89,89],"floor_reached":31,"language":"ENG","playtime":2679,"items_purged":["Strike_B","Strike_B"],"score":546,"play_id":"15f6bac1-6671-48b0-8389-45da5fec5fc0","local_time":"20210217175058","is_ascension_mode":true,"campfire_choices":[{"data":"Zap","floor":6.0,"key":"SMITH"},{"floor":10.0,"key":"REST"},{"data":"Defragment","floor":12.0,"key":"SMITH"},{"floor":15.0,"key":"REST"},{"data":"Coolheaded","floor":23.0,"key":"SMITH"}],"circlet_count":0,"master_deck":["AscendersBane","Strike_B","Strike_B","Defend_B","Defend_B","Defend_B","Defend_B","Zap+1","Dualcast+1","Cold Snap","Streamline","Coolheaded+1","Rebound","Go for the Eyes","Defragment+1","Hologram+1","White Noise","Conserve Battery","Coolheaded","Multi-Cast+1","Echo Form","Chill","FTL","Leap","Decay","Turbo"],"relics":["Cracked Core","Lantern","Ancient Tea Set","War Paint","Akabeko","Nuclear Battery","Art of War","Cables"],"acts_visited":["Exordium","TheCity"],"potions_floor_usage":[30],"damage_taken":[{"damage":1.0,"enemies":"2 Louse","floor":1.0,"turns":3.0},{"damage":0.0,"enemies":"Cultist","floor":2.0,"turns":3.0},{"damage":6.0,"enemies":"Small Slimes","floor":5.0,"turns":3.0},{"damage":25.0,"enemies":"Gremlin Nob","floor":7.0,"turns":4.0},{"damage":6.0,"enemies":"Exordium Wildlife","floor":8.0,"turns":4.0},{"damage":16.0,"enemies":"3 Sentries","floor":11.0,"turns":6.0},{"damage":26.0,"enemies":"Gremlin Nob","floor":13.0,"turns":4.0},{"damage":0.0,"enemies":"Exordium Thugs","floor":14.0,"turns":3.0},{"damage":11.0,"enemies":"Hexaghost","floor":16.0,"turns":11.0},{"damage":14.0,"enemies":"Spheric Guardian","floor":18.0,"turns":4.0},{"damage":2.0,"enemies":"Chosen","floor":22.0,"turns":6.0},{"damage":37.0,"enemies":"Book of Stabbing","floor":25.0,"turns":5.0},{"damage":4.0,"enemies":"Snecko","floor":28.0,"turns":8.0},{"damage":2,"enemies":"3 Cultists","floor":30,"turns":6},{"damage":53,"enemies":"Shelled Parasite and Fungi","floor":31,"turns":2}],"seed_played":"8644094506327597847","potions_obtained":[{"floor":2.0,"key":"Explosive Potion"},{"floor":4.0,"key":"FairyPotion"},{"floor":4.0,"key":"Fire Potion"},{"floor":11.0,"key":"Explosive Potion"},{"floor":14.0,"key":"Regen Potion"},{"floor":28.0,"key":"ColorlessPotion"},{"floor":30,"key":"LiquidBronze"}],"is_trial":false,"path_per_floor":["M","M","$","?","M","R","E","M","T","R","E","R","E","M","R","B",null,"M","?","?","$","M","R","$","E","T","?","M","?","M","M"],"character_chosen":"DEFECT","items_purchased":["Rebound","Chill","FTL"],"campfire_rested":2,"item_purchase_floors":[3,21,21],"current_hp_per_floor":[63,63,63,63,57,57,32,26,26,47,31,31,5,5,26,15,57,43,43,43,43,41,41,41,16,16,16,12,12,10,0,0],"gold":89,"neow_bonus":"THREE_CARDS","is_daily":false,"chose_seed":false,"campfire_upgraded":3,"win_rate":0.0,"timestamp":1613609458,"path_taken":["M","M","$","?","M","R","E","M","T","R","E","R","E","?","R","BOSS","M","?","?","$","?","R","?","E","T","?","M","?","M","M"],"items_purchased_type":["Card","Card","Card"],"build_version":"2020-12-22","purchased_purges":2,"victory":false,"max_hp_per_floor":[71,71,71,71,71,71,71,71,71,71,71,71,71,71,71,71,71,71,71,71,71,71,71,71,71,71,71,71,71,71,71,71],"relic_stats":{"counters":[15,72],"Art of War":[4],"War Paint":["Hologram","Dualcast"],"obtain_stats":[{"Lantern":7,"Art of War":25,"War Paint":11,"Cracked Core":0,"Ancient Tea Set":9,"Akabeko":13,"Nuclear Battery":17,"Cables":26},{"Lantern":4,"Art of War":12,"War Paint":6,"Cracked Core":0,"Ancient Tea Set":5,"Akabeko":7,"Nuclear Battery":9,"Cables":12},{"Lantern":13,"Art of War":56,"War Paint":23,"Cracked Core":0,"Ancient Tea Set":17,"Akabeko":27,"Nuclear Battery":41,"Cables":56}],"Cables":[13,1,8,0,4]},"card_choices":[{"not_picked":["FTL","Go for the Eyes"],"picked":"Cold Snap","floor":0.0},{"not_picked":["Auto Shields","Stack"],"picked":"Streamline","floor":1.0},{"not_picked":["Cold Snap","Leap"],"picked":"Coolheaded","floor":2.0},{"not_picked":["Multi-Cast","Conserve Battery"],"picked":"Go for the Eyes","floor":5.0},{"not_picked":["Turbo","Coolheaded"],"picked":"Defragment","floor":7.0},{"not_picked":["Blizzard","Go for the Eyes"],"picked":"Hologram","floor":8.0},{"not_picked":["Thunder Strike","Reprogram"],"picked":"White Noise","floor":11.0},{"not_picked":["Gash","Recycle"],"picked":"Conserve Battery","floor":13.0},{"not_picked":["Leap","Go for the Eyes"],"picked":"Coolheaded","floor":14.0},{"not_picked":["Hyperbeam","Creative AI"],"picked":"Multi-Cast","floor":16.0},{"not_picked":["Hologram","Compile Driver","Streamline+1"],"picked":"SKIP","floor":18.0},{"not_picked":["Gash+1","Hologram","Genetic Algorithm"],"picked":"SKIP","floor":22.0},{"not_picked":["Sweeping Beam","Double Energy"],"picked":"Leap","floor":25.0},{"not_picked":["Tempest","Creative AI"],"picked":"Turbo","floor":28.0},{"not_picked":["Reprogram","Doom and Gloom","Coolheaded"],"picked":"SKIP","floor":30}],"player_experience":2298042,"relics_obtained":[{"floor":7.0,"key":"Lantern"},{"floor":9.0,"key":"Ancient Tea Set"},{"floor":11.0,"key":"War Paint"},{"floor":13.0,"key":"Akabeko"},{"floor":25.0,"key":"Art of War"},{"floor":26.0,"key":"Cables"}],"event_choices":[{"damage_healed":0.0,"max_hp_gain":0.0,"max_hp_loss":0.0,"gold_gain":0.0,"event_name":"Lab","player_choice":"Got Potions","floor":4.0,"gold_loss":0.0,"damage_taken":0.0},{"damage_healed":0.0,"max_hp_gain":0.0,"max_hp_loss":0.0,"gold_gain":0.0,"event_name":"The Library","player_choice":"Read","floor":19.0,"gold_loss":0.0,"damage_taken":0.0,"cards_obtained":["Echo Form"]},{"damage_healed":0.0,"max_hp_gain":0.0,"max_hp_loss":0.0,"gold_gain":0.0,"event_name":"Designer","player_choice":"Upgrade","floor":20.0,"gold_loss":50.0,"damage_taken":0.0,"cards_upgraded":["Multi-Cast"]},{"damage_healed":0.0,"max_hp_gain":0.0,"max_hp_loss":0.0,"gold_gain":0.0,"event_name":"Forgotten Altar","player_choice":"Smashed Altar","floor":27.0,"gold_loss":0.0,"damage_taken":0.0,"cards_obtained":["Decay"]},{"damage_healed":0.0,"max_hp_gain":0.0,"max_hp_loss":0.0,"gold_gain":0.0,"event_name":"Vampires","player_choice":"Ignored","floor":29.0,"gold_loss":0.0,"damage_taken":0.0}],"is_beta":false,"boss_relics":[{"not_picked":["Runic Pyramid","Busted Crown"],"picked":"Nuclear Battery"}],"items_purged_floors":[3,21],"is_endless":false,"potions_floor_spawned":[2,7,11,14,16,28,30],"killed_by":"Shelled Parasite and Fungi","ascension_level":20}}