{"host":"x7btokbb0w2jhl7e","time":1613627431,"event":{"mods":["Act Like it!","BaseMod","Gensokyo","Marisa£®ÏF”Í°°ƒß¿Ì…≥£©","Minty Spire (QoL Compilation)","Quick Restart","StSLib","°æ“≈ŒÔø®≈∆°øREMEMod"],"gold_per_floor":[111,41,141,141,141,168,168,201,201,236,252,265,265,282,282,359,359,399,324,324,324,424,424,453,453,502,534,233,249,268,297,297,374,374,389,389,329,125,125,125,152,152,178,178,194,223,238,273,273,273,273,273,273,87,113,113],"floor_reached":57,"language":"ZHS","playtime":2709,"items_purged":["Strike_G","Writhe","Pride","Strike_G"],"score":2915,"play_id":"220d61ce-7e4d-4f89-a496-29a31bff4646","local_time":"20210218135031","is_ascension_mode":true,"campfire_choices":[{"data":"Immolate","floor":7.0,"key":"SMITH"},{"data":"Noxious Fumes","floor":13.0,"key":"SMITH"},{"data":"Neutralize","floor":15.0,"key":"SMITH"},{"data":"REME_LeechingPoison","floor":23.0,"key":"SMITH"},{"data":"Prepared","floor":25.0,"key":"SMITH"},{"data":"Acrobatics","floor":32.0,"key":"SMITH"},{"data":"Blade Dance","floor":40.0,"key":"SMITH"},{"data":"Tactician","floor":44.0,"key":"SMITH"},{"floor":49.0,"key":"RECALL"},{"data":"Footwork","floor":53,"key":"SMITH"}],"circlet_count":0,"master_deck":["AscendersBane","Defend_G","Defend_G","Defend_G","Defend_G","Defend_G","Survivor","Neutralize+1","Immolate+1","Noxious Fumes+1","Prepared+1","REME_LeechingPoison+1","CurseOfTheBell","Acrobatics+1","Accuracy+1","Infinite Blades","Terror","After Image","Blade Dance+1","Gensokyo:PrivateSquare","Gensokyo:CustomPotion","Phantasmal Killer","Tactician+1","Footwork+1","Tactician+1","Adrenaline","Reflex+1"],"relics":["Ring of the Snake","REME_ComplimentaryCards","NeowsBlessing","REME_PuzzleBoxRelic","Boot","Dream Catcher","Letter Opener","Meat on the Bone","Calling Bell","Bronze Scales","REME_PoisonedDagger","Incense Burner","Centennial Puzzle","REME_IWantAll","The Specimen","Girya","Anchor","Potion Belt","Membership Card","Vajra","Juzu Bracelet","Philosopher\u0027s Stone","Shuriken","Nunchaku","Blue Candle","Eternal Feather","REME_HandOfSuture","Pear","Akabeko"],"acts_visited":["Gensokyo:Gensokyo","Gensokyo:Gensokyoer","Gensokyo:Gensokyoest","TheEnding"],"potions_floor_usage":[56,56,56],"damage_taken":[{"damage":0.0,"enemies":"Gensokyo:3_Fairies","floor":1.0,"turns":1.0},{"damage":0.0,"enemies":"Gensokyo:Mamizou","floor":6.0,"turns":1.0},{"damage":0.0,"enemies":"Gensokyo:Aya","floor":8.0,"turns":1.0},{"damage":6.0,"enemies":"Gensokyo:Cirno","floor":10.0,"turns":5.0},{"damage":0.0,"enemies":"Gensokyo:Python","floor":11.0,"turns":3.0},{"damage":0.0,"enemies":"Gensokyo:2_Kodama","floor":12.0,"turns":1.0},{"damage":0.0,"enemies":"Gensokyo:2_Rabbits","floor":14.0,"turns":2.0},{"damage":25.0,"enemies":"Gensokyo:Kokoro","floor":16.0,"turns":10.0},{"damage":15.0,"enemies":"Gensokyo:Chomper","floor":18.0,"turns":5.0},{"damage":20.0,"enemies":"Gensokyo:Chomper","floor":22.0,"turns":7.0},{"damage":42.0,"enemies":"Gensokyo:Koishi","floor":24.0,"turns":6.0},{"damage":34.0,"enemies":"Gensokyo:Tenshi","floor":27.0,"turns":5.0},{"damage":0.0,"enemies":"Gensokyo:AngelMirror","floor":29.0,"turns":3.0},{"damage":3.0,"enemies":"Gensokyo:Swordslinger","floor":30.0,"turns":4.0},{"damage":12.0,"enemies":"Gensokyo:Koishi","floor":31.0,"turns":6.0},{"damage":71.0,"enemies":"Gensokyo:Eiki","floor":33.0,"turns":8.0},{"damage":0.0,"enemies":"Gensokyo:3_Bats","floor":35.0,"turns":3.0},{"damage":0.0,"enemies":"Gensokyo:Doremy","floor":41.0,"turns":4.0},{"damage":0.0,"enemies":"Gensokyo:AncientGuardian","floor":45.0,"turns":3.0},{"damage":22.0,"enemies":"Gensokyo:Kasen","floor":46.0,"turns":4.0},{"damage":0.0,"enemies":"Gensokyo:AtlasGolem","floor":47.0,"turns":4.0},{"damage":2.0,"enemies":"Gensokyo:Marisa","floor":48.0,"turns":4.0},{"damage":2.0,"enemies":"Gensokyo:Scarlet_Devils","floor":50.0,"turns":7.0},{"damage":3.0,"enemies":"Gensokyo:Yuyuko","floor":51.0,"turns":4.0},{"damage":7,"enemies":"Shield and Spear","floor":55,"turns":5},{"damage":85,"enemies":"The Heart","floor":56,"turns":9}],"seed_played":"-1450266850821770586","potions_obtained":[{"floor":10.0,"key":"SneckoOil"},{"floor":11.0,"key":"CunningPotion"},{"floor":14.0,"key":"SkillPotion"},{"floor":24.0,"key":"DuplicationPotion"},{"floor":27.0,"key":"GhostInAJar"},{"floor":31.0,"key":"Ancient Potion"},{"floor":35.0,"key":"DistilledChaos"},{"floor":46.0,"key":"Poison Potion"},{"floor":48.0,"key":"SkillPotion"}],"is_trial":false,"path_per_floor":["M","?","?","?","?","E","R","E","T","E","M","M","R","M","R","B",null,"M","$","?","?","?","R","E","R","T","E","$","M","M","E","R","B",null,"M","?","?","$","?","R","E","?","T","R","M","E","M","E","R","B","B",null,"R","$","E","B",null],"character_chosen":"THE_SILENT","items_purchased":["Membership Card","Vajra","Shuriken","Energy Potion","REME_HandOfSuture"],"campfire_rested":0,"item_purchase_floors":[28,28,38,54,54],"current_hp_per_floor":[59,59,59,59,59,59,59,59,59,53,53,53,53,53,53,42,62,53,53,53,53,48,48,34,34,34,38,38,45,55,54,54,42,57,62,62,62,62,62,62,62,50,50,50,62,62,62,62,62,60,60,62,62,62,65,22],"gold":113,"neow_bonus":"THREE_ENEMY_KILL","is_daily":false,"chose_seed":false,"campfire_upgraded":9,"win_rate":0.0,"timestamp":1613627431,"path_taken":["M","?","?","?","?","E","R","E","T","E","M","M","R","?","R","BOSS","M","$","?","?","?","R","E","R","T","E","$","M","M","E","R","BOSS","M","?","?","?","?","R","E","?","T","R","M","E","M","E","R","BOSS","BOSS","R","$","E","BOSS"],"items_purchased_type":["Relic","Relic","Relic","Potion","Relic"],"build_version":"2020-12-22","purchased_purges":4,"victory":true,"max_hp_per_floor":[66,66,66,66,66,66,66,66,66,66,66,66,66,66,66,68,68,68,68,62,62,62,62,62,62,62,62,62,62,62,62,62,62,62,62,62,62,62,62,62,62,62,62,62,62,62,62,62,62,62,62,62,62,62,72,72],"card_choices":[{"not_picked":["Eviscerate","Dash","Outmaneuver"],"picked":"SKIP","floor":1.0},{"not_picked":["Concentrate","Backflip","Flechettes"],"picked":"SKIP","floor":6.0},{"not_picked":["Well Laid Plans","Dash"],"picked":"Noxious Fumes","floor":8.0},{"not_picked":["Dagger Spray","Deadly Poison","Distraction"],"picked":"SKIP","floor":10.0},{"not_picked":["Infinite Blades","Underhanded Strike","Poisoned Stab"],"picked":"SKIP","floor":11.0},{"not_picked":["All Out Attack","Predator"],"picked":"Prepared","floor":12.0},{"not_picked":["Cloak And Dagger","Backflip","Prepared"],"picked":"SKIP","floor":14.0},{"not_picked":["REME_SpectralBlade","REME_ShadowForm"],"picked":"REME_LeechingPoison","floor":16.0},{"not_picked":["Outmaneuver","Finisher"],"picked":"Acrobatics","floor":18.0},{"not_picked":["Masterful Stab","Outmaneuver","Dagger Throw"],"picked":"SKIP","floor":24.0},{"not_picked":["Acrobatics","Blade Dance"],"picked":"Accuracy+1","floor":27.0},{"not_picked":["Predator","Cloak And Dagger","Backflip"],"picked":"SKIP","floor":29.0},{"not_picked":["Masterful Stab","Acrobatics"],"picked":"Infinite Blades","floor":30.0},{"not_picked":["Sucker Punch","Crippling Poison+1"],"picked":"Terror","floor":31.0},{"not_picked":["Corpse Explosion","Venomology"],"picked":"After Image","floor":33.0},{"not_picked":["Sucker Punch+1","Deadly Poison"],"picked":"Blade Dance","floor":35.0},{"not_picked":["Acrobatics","Sucker Punch"],"picked":"Tactician","floor":41.0},{"not_picked":["Masterful Stab","Cloak And Dagger"],"picked":"Footwork","floor":45.0},{"not_picked":["Flying Knee","Leg Sweep"],"picked":"Tactician+1","floor":46.0},{"not_picked":["Dodge and Roll","Poisoned Stab","Dagger Spray+1"],"picked":"SKIP","floor":47.0},{"not_picked":["Expertise","PiercingWail+1"],"picked":"Adrenaline","floor":48.0},{"not_picked":["Cloak And Dagger+1","Backflip"],"picked":"Reflex+1","floor":55}],"player_experience":270430,"relics_obtained":[{"floor":6.0,"key":"Boot"},{"floor":8.0,"key":"Dream Catcher"},{"floor":9.0,"key":"Letter Opener"},{"floor":10.0,"key":"Meat on the Bone"},{"floor":17.0,"key":"Bronze Scales"},{"floor":17.0,"key":"REME_PoisonedDagger"},{"floor":17.0,"key":"Incense Burner"},{"floor":22.0,"key":"REME_IWantAll"},{"floor":22.0,"key":"The Specimen"},{"floor":24.0,"key":"Girya"},{"floor":26.0,"key":"Anchor"},{"floor":27.0,"key":"Potion Belt"},{"floor":31.0,"key":"Juzu Bracelet"},{"floor":41.0,"key":"Nunchaku"},{"floor":46.0,"key":"Blue Candle"},{"floor":48.0,"key":"Eternal Feather"},{"floor":55,"key":"Pear"}],"event_choices":[],"is_beta":false,"boss_relics":[{"not_picked":["Busted Crown","Tiny House"],"picked":"Calling Bell"},{"not_picked":["Sozu","Ring of the Serpent"],"picked":"Philosopher\u0027s Stone"}],"items_purged_floors":[19,28,38,54],"is_endless":false,"potions_floor_spawned":[10,11,14,16,24,27,31,35,46,48],"ascension_level":20}}