{"host":"iudiqz5bwex5meyb","time":1613613787,"event":{"mods":["AchievementEnabler","BaseMod","Block Reminder","Colored Map","Minty Spire (QoL Compilation)","StSLib","ojb\u0027s Better Paths Mod","ojb\u0027s Info Mod"],"gold_per_floor":[117,117,133,150,163,163,190,207,234,290,290,290],"floor_reached":11,"language":"ENG","playtime":3703,"items_purged":[],"score":98,"play_id":"8f0ec489-69cf-4691-8922-4250601bdc07","local_time":"20210217200307","is_ascension_mode":true,"campfire_choices":[{"floor":6,"key":"REST"}],"circlet_count":0,"master_deck":["Strike_G","Strike_G","Strike_G","Strike_G","Defend_G","Defend_G","Defend_G","Defend_G","Defend_G","Survivor","Neutralize","Flying Knee","Noxious Fumes","Prepared","Backflip","Acrobatics","Blade Dance","Adrenaline","Dodge and Roll"],"relics":["Fusion Hammer","Pantograph","Pen Nib"],"acts_visited":["Exordium"],"potions_floor_usage":[7,7,11],"damage_taken":[{"damage":2,"enemies":"Jaw Worm","floor":1,"turns":5},{"damage":0,"enemies":"Cultist","floor":3,"turns":4},{"damage":1,"enemies":"Small Slimes","floor":4,"turns":3},{"damage":2,"enemies":"2 Fungi Beasts","floor":5,"turns":4},{"damage":51,"enemies":"Gremlin Nob","floor":7,"turns":6},{"damage":3,"enemies":"3 Louse","floor":8,"turns":4},{"damage":7,"enemies":"3 Sentries","floor":10,"turns":8},{"damage":16,"enemies":"Lagavulin","floor":11,"turns":6}],"seed_played":"4207605779461072130","potions_obtained":[{"floor":1,"key":"DuplicationPotion"},{"floor":4,"key":"Block Potion"},{"floor":10,"key":"Strength Potion"}],"is_trial":false,"path_per_floor":["M","?","M","M","M","R","E","M","T","?","E"],"character_chosen":"THE_SILENT","items_purchased":[],"campfire_rested":1,"item_purchase_floors":[],"current_hp_per_floor":[61,61,61,60,58,70,19,16,16,9,0,0],"gold":290,"neow_bonus":"BOSS_RELIC","is_daily":false,"chose_seed":false,"campfire_upgraded":0,"win_rate":0.0,"timestamp":1613613787,"path_taken":["M","?","M","M","M","R","E","?","T","?","E"],"items_purchased_type":[],"build_version":"2020-12-22","purchased_purges":0,"victory":false,"max_hp_per_floor":[70,70,70,70,70,70,70,70,70,70,70,70],"card_choices":[{"not_picked":["Tactician","Blur"],"picked":"Flying Knee","floor":1},{"not_picked":["Underhanded Strike","Dagger Spray"],"picked":"Prepared","floor":3},{"not_picked":["Slice","Deflect"],"picked":"Backflip","floor":4},{"not_picked":["Riddle With Holes","Underhanded Strike"],"picked":"Acrobatics","floor":5},{"not_picked":["Finisher","Sucker Punch"],"picked":"Blade Dance","floor":7},{"not_picked":["Dodge and Roll","Quick Slash"],"picked":"Adrenaline","floor":8},{"not_picked":["Dagger Spray","Quick Slash"],"picked":"Dodge and Roll","floor":10}],"player_experience":303461,"relics_obtained":[{"floor":7,"key":"Pantograph"},{"floor":10,"key":"Pen Nib"}],"event_choices":[{"damage_healed":0,"gold_gain":0,"cards_transformed":["Strike_G"],"player_choice":"Transformed","damage_taken":0,"max_hp_gain":0,"max_hp_loss":0,"event_name":"Transmorgrifier","floor":2,"gold_loss":0,"cards_obtained":["Noxious Fumes"]},{"damage_healed":0,"gold_gain":0,"player_choice":"Searched \u00271\u0027 times","damage_taken":0,"max_hp_gain":0,"max_hp_loss":0,"event_name":"Dead Adventurer","floor":10,"gold_loss":0}],"is_beta":false,"boss_relics":[],"items_purged_floors":[],"is_endless":false,"potions_floor_spawned":[1,4,10],"killed_by":"Lagavulin","ascension_level":6}}