{"host":"pi8b3ffzwvxqztac","time":1613619985,"event":{"mods":["BaseMod","Colored Map","Custom Start","Downfall","Minty Spire (QoL Compilation)","StSLib"],"gold_per_floor":[99,110,128,138,148,48,48,80,100,100,134,146,146,84,101,197,197,197,212,362,159,179,190,190,210,210,237,257,288,88,116,135,238,238,238,51,66,79,97,147,147,147,181,195,37,237,252,269,283,283,283,313,20,20,20,20],"floor_reached":57,"language":"ENG","playtime":5909,"items_purged":["Guardian:Strike_Guardian","Guardian:Strike_Guardian"],"score":1866,"play_id":"2fac6e3d-de17-4468-998c-86b30356072f","local_time":"20210218164625","is_ascension_mode":true,"campfire_choices":[{"floor":1.0,"key":"RECALL"},{"data":"Guardian:ConstructionForm","floor":6.0,"key":"SMITH"},{"floor":13.0,"key":"REST"},{"data":"Guardian:ConstructionForm","floor":18.0,"key":"SMITH"},{"floor":30.0,"key":"REST"},{"data":"Guardian:Emergency","floor":35.0,"key":"SMITH"},{"data":"1","floor":42,"key":"LIFT"},{"data":"2","floor":54,"key":"LIFT"}],"circlet_count":0,"master_deck":["Guardian:Defend_Guardian+1","Guardian:Defend_Guardian","Guardian:Defend_Guardian+1","Guardian:Defend_Guardian","Guardian:CurlUp","Guardian:TwinSlam","Guardian:FloatingOrbs","Guardian:PolyBeam","Guardian:ConstructionForm+1","Guardian:Recover","Guardian:Preprogram","Guardian:ShieldCharger","Guardian:ConstructionForm+1","Guardian:Emergency+1","Guardian:Recover","Guardian:Planning","Guardian:FierceBash","Guardian:ShieldCharger","Guardian:FloatingOrbs","Guardian:Suspension+1","Guardian:PiercingHide","Guardian:PiercingHide","Guardian:AncientConstruct","expansioncontent:DashGenerateEvil","Guardian:RollAttack+1","Guardian:Repulse+1","expansioncontent:Chronoboost","Guardian:TemporalShield"],"relics":["Guardian:ModeShifter","downfall:HeartBlessingRed","Singing Bowl","CultistMask","MealTicket","Blood Vial","Oddly Smooth Stone","Bag of Preparation","downfall:HeartBlessingBlue","downfall:HeartBlessingGreen","sneckomod:BlankCard","Cursed Key","Girya","Ginger","Guardian:StasisUpgradeRelic","bronze:DecasWashers","Membership Card","Guardian:PocketSentry"],"acts_visited":["Exordium","TheCity","TheBeyond","TheEnding"],"potions_floor_usage":[46,56,56],"damage_taken":[{"damage":0.0,"enemies":"Cultist","floor":2.0,"turns":5.0},{"damage":0.0,"enemies":"Jaw Worm","floor":3.0,"turns":6.0},{"damage":5.0,"enemies":"Small Slimes","floor":4.0,"turns":5.0},{"damage":7.0,"enemies":"3 Louse","floor":5.0,"turns":4.0},{"damage":0.0,"enemies":"3 Sentries","floor":8.0,"turns":10.0},{"damage":1.0,"enemies":"Exordium Thugs","floor":9.0,"turns":5.0},{"damage":20.0,"enemies":"Gremlin Nob","floor":11.0,"turns":4.0},{"damage":0.0,"enemies":"Large Slime","floor":12.0,"turns":5.0},{"damage":0.0,"enemies":"downfall:FleeingMerchant","floor":14.0,"turns":4.0},{"damage":0.0,"enemies":"Lots of Slimes","floor":15.0,"turns":2.0},{"damage":0.0,"enemies":"IC_STATUS_ARCHETYPE","floor":16.0,"turns":7.0},{"damage":0.0,"enemies":"3 Byrds","floor":19.0,"turns":6.0},{"damage":2.0,"enemies":"downfall:FleeingMerchant","floor":21.0,"turns":4.0},{"damage":2.0,"enemies":"Chosen","floor":22.0,"turns":6.0},{"damage":9.0,"enemies":"Centurion and Healer","floor":23.0,"turns":6.0},{"damage":0.0,"enemies":"Snecko","floor":25.0,"turns":5.0},{"damage":18.0,"enemies":"Book of Stabbing","floor":27.0,"turns":7.0},{"damage":16.0,"enemies":"Snake Plant","floor":28.0,"turns":8.0},{"damage":18.0,"enemies":"Gremlin Leader","floor":29.0,"turns":7.0},{"damage":18.0,"enemies":"Slavers","floor":31.0,"turns":6.0},{"damage":0.0,"enemies":"Chosen and Byrds","floor":32.0,"turns":7.0},{"damage":0.0,"enemies":"WA_ARCHETYPE_CALM","floor":33.0,"turns":8.0},{"damage":4,"enemies":"downfall:FleeingMerchant","floor":36,"turns":4},{"damage":0,"enemies":"3 Shapes","floor":37,"turns":5},{"damage":0,"enemies":"3 Darklings","floor":38,"turns":5},{"damage":0,"enemies":"Sphere and 2 Shapes","floor":39,"turns":4},{"damage":0,"enemies":"Sphere and 2 Shapes","floor":40,"turns":5},{"damage":0,"enemies":"Nemesis","floor":43,"turns":5},{"damage":0,"enemies":"Maw","floor":44,"turns":5},{"damage":0,"enemies":"downfall:FleeingMerchant","floor":45,"turns":4},{"damage":0,"enemies":"downfall:FleeingMerchant","floor":46,"turns":2},{"damage":0,"enemies":"4 Shapes","floor":47,"turns":5},{"damage":0,"enemies":"Jaw Worm Horde","floor":48,"turns":4},{"damage":0,"enemies":"Maw","floor":49,"turns":5},{"damage":0,"enemies":"SI_POISON_ARCHETYPE","floor":50,"turns":8},{"damage":10,"enemies":"downfall:CharBossMerchant","floor":52,"turns":8},{"damage":2,"enemies":"downfall:NeowBoss","floor":55,"turns":11},{"damage":19,"enemies":"downfall:NeowBossFinal","floor":56,"turns":8}],"seed_played":"-5423891806907648923","potions_obtained":[{"floor":3.0,"key":"hexamod:SoulburnPotion"},{"floor":5.0,"key":"Energy Potion"},{"floor":8.0,"key":"PowerPotion"},{"floor":9.0,"key":"Explosive Potion"},{"floor":15.0,"key":"GamblersBrew"},{"floor":16.0,"key":"PowerPotion"},{"floor":22.0,"key":"Weak Potion"},{"floor":25.0,"key":"Guardian:AcceleratePotion"},{"floor":27.0,"key":"Guardian:AcceleratePotion"},{"floor":28.0,"key":"LiquidMemories"},{"floor":31.0,"key":"Slimebound:ThreeZeroPotion"},{"floor":37,"key":"Dexterity Potion"},{"floor":38,"key":"Strength Potion"},{"floor":44,"key":"SkillPotion"},{"floor":47,"key":"SteroidPotion"},{"floor":48,"key":"FairyPotion"}],"is_trial":false,"path_per_floor":["R","M","M","M","M","R","T","E","M","?","E","M","R","$","M","B",null,"R","M","?","$","M","M","T","M","?","E","M","E","R","E","M","B",null,"R","$","M","M","M","?","T","R","E","M","?","$","M","M","M","B",null,"E","$","R","B","B",null],"character_chosen":"GUARDIAN","items_purchased":["Guardian:Planning","Guardian:FloatingOrbs","Blood Vial","expansioncontent:DashGenerateEvil","Guardian:StasisUpgradeRelic","expansioncontent:Chronoboost","Membership Card","Guardian:PocketSentry","Guardian:TemporalShield"],"campfire_rested":2,"item_purchase_floors":[14,21,21,36,45,46,53,53,53],"current_hp_per_floor":[51,51,51,46,39,39,39,39,38,38,18,18,42,57,57,57,74,74,74,74,80,80,73,73,75,75,59,45,29,66,52,54,56,85,85,92,94,98,100,102,102,102,102,104,106,108,110,112,114,114,114,106,116,116,114,97],"gold":20,"neow_bonus":"REMOVE_TWO","is_daily":false,"chose_seed":false,"campfire_upgraded":3,"win_rate":0.0,"timestamp":1613619985,"path_taken":["R","M","M","M","M","R","T","E","M","?","E","M","R","$","M","BOSS","R","M","?","$","M","M","T","?","?","E","M","E","R","E","M","BOSS","R","$","M","M","M","?","T","R","E","M","?","$","M","M","M","BOSS","E","$","R","BOSS","BOSS"],"items_purchased_type":["Card","Card","Relic","Card","Relic","Card","Relic","Relic","Card"],"build_version":"2020-12-22","purchased_purges":2,"victory":true,"max_hp_per_floor":[80,80,80,80,80,80,80,80,80,80,80,80,80,80,80,80,80,80,80,80,82,82,82,82,82,82,82,82,82,92,94,94,94,94,94,96,96,98,100,102,102,102,102,104,106,108,110,112,114,114,114,116,116,116,116,116],"card_choices":[{"not_picked":["Guardian:Planning","Guardian:PrimingBeam"],"picked":"Guardian:FloatingOrbs","floor":2.0},{"not_picked":["Guardian:Recover","Guardian:WalkerClaw"],"picked":"Guardian:PolyBeam","floor":3.0},{"not_picked":["Guardian:Reroute","Guardian:BodySlam"],"picked":"Guardian:ConstructionForm","floor":4.0},{"not_picked":["Guardian:BodySlam","Guardian:GuardianWhirl"],"picked":"Guardian:Recover","floor":5.0},{"not_picked":["Guardian:PiercingHide","Guardian:MultiBeam"],"picked":"Guardian:Preprogram","floor":8.0},{"not_picked":["Guardian:Gem_Green","Guardian:Gem_Cyan"],"picked":"Guardian:ShieldCharger","floor":9.0},{"not_picked":["Guardian:Preprogram","Guardian:MultiBeam"],"picked":"Guardian:ConstructionForm","floor":11.0},{"not_picked":["Guardian:ChargeCore","Guardian:Gem_Lightblue"],"picked":"Guardian:Emergency","floor":12.0},{"not_picked":["Guardian:PrimingBeam","Guardian:DecasProtection"],"picked":"Guardian:Recover","floor":14.0},{"not_picked":["Guardian:ChargeCore","Guardian:BodySlam"],"picked":"Guardian:Gem_Yellow","floor":15.0},{"not_picked":["Guardian:BaubleBeam","Guardian:TimeSifter"],"picked":"Guardian:FierceBash","floor":16.0},{"not_picked":["Guardian:Incinerate","Guardian:Planning"],"picked":"Guardian:ShieldCharger","floor":19.0},{"not_picked":["Guardian:StasisEngine","Guardian:Clone","Guardian:PrimingBeam"],"picked":"Singing Bowl","floor":21.0},{"not_picked":["Guardian:TemporalShield","Guardian:PiercingHide"],"picked":"Guardian:Gem_White","floor":22.0},{"not_picked":["Guardian:Gem_Red","Guardian:RollAttack"],"picked":"Guardian:Suspension+1","floor":23.0},{"not_picked":["Guardian:Incinerate+1","Guardian:BronzeOrb"],"picked":"Guardian:Gem_White","floor":25.0},{"not_picked":["Guardian:Recover","Guardian:FuturePlans"],"picked":"Guardian:Gem_Orange","floor":27.0},{"not_picked":["Guardian:Reroute","Guardian:Gem_Yellow"],"picked":"Guardian:Gem_White","floor":28.0},{"not_picked":["Guardian:Incinerate","Guardian:TemporalShield"],"picked":"Guardian:PiercingHide","floor":29.0},{"not_picked":["Guardian:Recover","Guardian:EvasiveProtocol+1","Guardian:TemporalShield"],"picked":"Singing Bowl","floor":31.0},{"not_picked":["Guardian:Gem_Blue","Guardian:RefractedBeam"],"picked":"Guardian:PiercingHide","floor":32.0},{"not_picked":["Guardian:HyperBeam_Guardian","Guardian:GatlingBeam"],"picked":"Guardian:AncientConstruct","floor":33.0},{"not_picked":["Guardian:TemporalShield","Guardian:Planning+1","Guardian:PrismaticBeam+1"],"picked":"Singing Bowl","floor":36},{"not_picked":["Guardian:ShieldCharger","Guardian:RefractedBeam"],"picked":"Guardian:RollAttack+1","floor":37},{"not_picked":["Guardian:ArmoredProtocol","Guardian:RollAttack+1","Guardian:TemporalStrike"],"picked":"Singing Bowl","floor":38},{"not_picked":["Guardian:ShieldCharger+1","Guardian:VentSteam+1","Guardian:FloatingOrbs"],"picked":"Singing Bowl","floor":39},{"not_picked":["Guardian:RollAttack+1","Guardian:TimeBomb","Guardian:PolyBeam+1"],"picked":"Singing Bowl","floor":40},{"not_picked":["Guardian:FloatingOrbs+1","Guardian:PrismaticBeam"],"picked":"Guardian:Repulse+1","floor":43},{"not_picked":["Guardian:PolyBeam+1","Guardian:Gem_Red","Guardian:Gem_Cyan"],"picked":"Singing Bowl","floor":44},{"not_picked":["Guardian:RefractedBeam","Guardian:Recover","Guardian:RollAttack"],"picked":"Singing Bowl","floor":45},{"not_picked":["Guardian:TemporalStrike","Guardian:ShieldCharger+1","Guardian:HyperBeam_Guardian"],"picked":"Singing Bowl","floor":46},{"not_picked":["Guardian:ChargeCore+1","Guardian:EvasiveProtocol","Guardian:Recover"],"picked":"Singing Bowl","floor":47},{"not_picked":["Guardian:FloatingOrbs+1","Guardian:EvasiveProtocol","Guardian:Recover+1"],"picked":"Singing Bowl","floor":48},{"not_picked":["Guardian:PrimingBeam","Guardian:Gem_Green","Guardian:TimeBomb+1"],"picked":"Singing Bowl","floor":49},{"not_picked":["Guardian:EvasiveProtocol","Guardian:Planning+1","Guardian:Gem_Crimson"],"picked":"Singing Bowl","floor":52}],"player_experience":814669,"relics_obtained":[{"floor":7.0,"key":"War Paint"},{"floor":8.0,"key":"Singing Bowl"},{"floor":11.0,"key":"MealTicket"},{"floor":27.0,"key":"Oddly Smooth Stone"},{"floor":29.0,"key":"Bag of Preparation"},{"floor":31.0,"key":"sneckomod:BlankCard"},{"floor":40,"key":"Girya"},{"floor":43,"key":"Ginger"},{"floor":52,"key":"bronze:DecasWashers"}],"event_choices":[{"damage_healed":0.0,"max_hp_gain":0.0,"max_hp_loss":0.0,"gold_gain":0.0,"event_name":"FaceTrader","player_choice":"Trade","floor":10.0,"gold_loss":0.0,"damage_taken":0.0,"relics_obtained":["CultistMask"]},{"damage_healed":0.0,"max_hp_gain":0.0,"max_hp_loss":0.0,"gold_gain":0.0,"event_name":"The Library","player_choice":"Read","floor":26.0,"gold_loss":0.0,"damage_taken":0.0,"cards_obtained":["Guardian:Gem_Orange"]}],"is_beta":false,"boss_relics":[{"not_picked":["Coffee Dripper","Fusion Hammer","Runic Dome"]},{"not_picked":["Tiny House","Guardian:ModeShifterPlus"],"picked":"Cursed Key"}],"items_purged_floors":[46,53],"is_endless":false,"potions_floor_spawned":[3,5,8,9,15,16,22,25,27,28,31,37,38,44,47,48,52],"ascension_level":6}}