{"host":"nhhqxetgwwd7qseb","time":1613622584,"event":{"mods":["ATMod(阿瑾Mod)","Act Like it!","BaseMod","Chen","Dota2Spire","Downfall","Energized Spire","Gensokyo","GungeonMod","Hallownest","Hermit","Koishi","LagranYue(拉格朗・月)","Marisa（F雨　魔理沙）","Minty Spire (QoL Compilation)","Quick Restart","Rare Cards Sparkle","Reimu（博丽灵梦）","Remilia（蕾米莉亚）","Replay The Spire","SOS（斯巴达之子）","StSLib","The Alterego","The Bladedancer","The Bug Knight","The Senshi","The Servant 0.9.4","TheWitcher","UnlockEverythingMod","WarShipGirlsR/战舰少女R mod","Warlord Emblem","Yakumo Yukari mod","Youmu（魂魄妖梦）","【功能Mod】混沌之环修复补丁","【功能Mod】聪明的最终Boss","【遗物卡牌】REMEMod"],"gold_per_floor":[99,113,129,129,69,81,128,148,164,229,29,64,64,79,98,203,203,203,220,148,159,174,194,220,232,245,145,155,167,167,186,206,305,305,305,325,335,350,8,8,34,34,34,112,112,127,127,143,143,173,173,208,30,30,30,30],"floor_reached":57,"language":"ZHS","playtime":5655,"items_purged":["Spreading Infection"],"score":1328,"play_id":"d2307b5f-aba0-4a7d-9389-bc3d639e2aa0","local_time":"20210218122944","is_ascension_mode":false,"campfire_choices":[{"floor":1.0,"key":"RECALL"},{"data":"Guardian:ShieldCharger","floor":11.0,"key":"SMITH"},{"floor":18.0,"key":"DIG"},{"data":"Guardian:ChargeCore","floor":27.0,"key":"SMITH"},{"data":"Guardian:ConstructionForm","floor":30.0,"key":"SMITH"},{"floor":35.0,"key":"DIG"},{"data":"Guardian:ConstructionForm","floor":42.0,"key":"SMITH"},{"data":"Guardian:FloatingOrbs","floor":45.0,"key":"SMITH"},{"data":"Inflame","floor":47.0,"key":"SMITH"},{"data":"Guardian:ChargeCore","floor":54,"key":"SMITH"}],"circlet_count":0,"master_deck":["Guardian:Strike_Guardian","Guardian:Strike_Guardian","Guardian:Strike_Guardian","Guardian:Strike_Guardian","Guardian:Defend_Guardian","Guardian:Defend_Guardian","Guardian:Defend_Guardian","Guardian:Defend_Guardian","Guardian:CurlUp","Guardian:TwinSlam","Inflame+1","Guardian:ShieldSpikes","Guardian:TemporalStrike","Guardian:ChargeCore+1","Guardian:RollAttack","Guardian:ShieldCharger+1","Guardian:Suspension","Guardian:FloatingOrbs+1","Guardian:StasisField","CurseOfTheBell","Guardian:TimeCapacitor","Guardian:TimeCapacitor","Guardian:ChargeCore+1","Guardian:Suspension+1","Guardian:ConstructionForm+1","Guardian:FloatingOrbs+1","Guardian:ConstructionForm+1","Guardian:TemporalStrike+1","Guardian:ShieldCharger+1","Guardian:ShieldCharger+1"],"relics":["Guardian:ModeShifter","REME_ComplimentaryCards","AT_ATBox","Guardian:PickAxe","Tiny Chest","HornCleat","downfall:HeartBlessingRed","downfall:HeartBlessingGreen","Snack Pack","Calling Bell","REME_HandOfSuture","ReplayTheSpireMod:Ninjato","FossilizedHelix","AT_ArcaneBoots","downfall:HeartBlessingBlue","Replay:Grab Bag","energizedSpire:EnergizedDie","LagranYue:SoulBurningRelic","Empty Cage","AT_BladeRuinedKing","DemoMod:GlassGuonStoneRelic","AT_ImmortalShieldbow","Letter Opener","REME_CardOfGreed","Replay:Wax Seal","Darkstone Periapt","Golden Egg"],"acts_visited":["Exordium","TheCity","TheBeyond","TheEnding"],"potions_floor_usage":[56,56],"damage_taken":[{"damage":1.0,"enemies":"Cultist","floor":2.0,"turns":4.0},{"damage":7.0,"enemies":"Small Slimes","floor":3.0,"turns":4.0},{"damage":23.0,"enemies":"Small Slimes","floor":4.0,"turns":11.0},{"damage":0.0,"enemies":"downfall:FleeingMerchant","floor":5.0,"turns":4.0},{"damage":11.0,"enemies":"Jaw Worm","floor":6.0,"turns":4.0},{"damage":0.0,"enemies":"Exordium Thugs","floor":8.0,"turns":5.0},{"damage":9.0,"enemies":"downfall:LooterAlt","floor":9.0,"turns":3.0},{"damage":6.0,"enemies":"3 Sentries","floor":10.0,"turns":12.0},{"damage":8.0,"enemies":"Gremlin Nob","floor":12.0,"turns":4.0},{"damage":10.0,"enemies":"Lots of Slimes","floor":14.0,"turns":4.0},{"damage":0.0,"enemies":"Exordium Thugs","floor":15.0,"turns":5.0},{"damage":8.0,"enemies":"WA_ARCHETYPE_RETAIN","floor":16.0,"turns":7.0},{"damage":10.0,"enemies":"Spheric Guardian","floor":19.0,"turns":4.0},{"damage":0.0,"enemies":"downfall:FleeingMerchant","floor":20.0,"turns":4.0},{"damage":0.0,"enemies":"downfall:LooterAlt2","floor":21.0,"turns":5.0},{"damage":0.0,"enemies":"Snake Plant","floor":22.0,"turns":6.0},{"damage":0.0,"enemies":"Sentry and Sphere","floor":23.0,"turns":5.0},{"damage":0.0,"enemies":"Snecko","floor":25.0,"turns":5.0},{"damage":3.0,"enemies":"Shelled Parasite and Fungi","floor":26.0,"turns":9.0},{"damage":0.0,"enemies":"3 Cultists","floor":28.0,"turns":3.0},{"damage":10.0,"enemies":"Sentry and Sphere","floor":29.0,"turns":6.0},{"damage":14.0,"enemies":"Snake Plant","floor":31.0,"turns":6.0},{"damage":0.0,"enemies":"Snecko","floor":32.0,"turns":4.0},{"damage":48.0,"enemies":"IC_MUSHROOM_ARCHETYPE","floor":33.0,"turns":8.0},{"damage":0.0,"enemies":"3 Shapes","floor":36.0,"turns":5.0},{"damage":15.0,"enemies":"3 Darklings","floor":37.0,"turns":5.0},{"damage":0.0,"enemies":"Jaw Worm Horde","floor":38.0,"turns":4.0},{"damage":0.0,"enemies":"downfall:FleeingMerchant","floor":39.0,"turns":4.0},{"damage":0.0,"enemies":"Maw","floor":43.0,"turns":4.0},{"damage":0.0,"enemies":"Transient","floor":46.0,"turns":5.0},{"damage":0.0,"enemies":"4 Shapes","floor":48.0,"turns":3.0},{"damage":0.0,"enemies":"Jaw Worm Horde","floor":49.0,"turns":2.0},{"damage":0.0,"enemies":"DF_ARCHETYPE_ORBS","floor":50.0,"turns":4.0},{"damage":0,"enemies":"downfall:CharBossMerchant","floor":52,"turns":5},{"damage":0,"enemies":"downfall:NeowBoss","floor":55,"turns":9},{"damage":0,"enemies":"downfall:NeowBossFinal","floor":56,"turns":6}],"seed_played":"257119538013896740","potions_obtained":[{"floor":3.0,"key":"SpeedPotion"},{"floor":6.0,"key":"SteroidPotion"},{"floor":8.0,"key":"REME_GoldPotion"},{"floor":10.0,"key":"EssenceOfSteel"},{"floor":16.0,"key":"LiquidBronze"},{"floor":19.0,"key":"Dota2Spire:Clarity"},{"floor":22.0,"key":"Fire Potion"},{"floor":23.0,"key":"Weak Potion"},{"floor":37.0,"key":"LiquidBronze"},{"floor":38.0,"key":"Weak Potion"},{"floor":43.0,"key":"REME_GoldPotion"},{"floor":52,"key":"champ:CounterPotion"}],"is_trial":false,"path_per_floor":["R","M","M","?","$","M","T","M","M","E","R","E","?","M","M","B",null,"R","M","$","M","M","M","T","M","M","R","M","M","R","M","M","B",null,"R","M","M","M","$","?","T","R","M","T","R","M","R","M","M","B",null,"E","$","R","B","B",null],"character_chosen":"GUARDIAN","items_purchased":["Guardian:ChargeCore","Guardian:TimeCapacitor","AT_ImmortalShieldbow","Letter Opener","REME_CardOfGreed","MagicPotion:ReiMu"],"campfire_rested":0,"item_purchase_floors":[5,20,39,39,39,53],"current_hp_per_floor":[88,87,80,45,45,34,34,34,25,19,19,11,16,10,12,12,88,88,78,82,86,88,88,88,88,88,98,98,92,92,80,80,60,98,98,98,85,88,90,90,90,90,93,93,93,97,97,98,98,98,98,98,98,98,98,98],"gold":30,"neow_bonus":"TEN_PERCENT_HP_BONUS","is_daily":false,"chose_seed":false,"campfire_upgraded":7,"win_rate":0.0,"timestamp":1613622584,"path_taken":["R","M","?","?","?","M","T","?","M","E","R","E","?","M","M","BOSS","R","M","$","M","M","M","T","M","M","R","M","M","R","M","M","BOSS","R","M","M","M","$","?","T","R","M","?","R","M","R","M","M","BOSS","E","$","R","BOSS","BOSS"],"items_purchased_type":["Card","Card","Relic","Relic","Relic","Potion"],"build_version":"2020-12-22","purchased_purges":1,"victory":true,"max_hp_per_floor":[88,88,88,88,88,88,88,88,88,88,88,88,88,88,88,88,88,88,88,88,88,88,88,88,88,88,98,98,98,98,98,98,98,98,98,98,98,98,98,98,98,98,98,98,98,98,98,98,98,98,98,98,98,98,98,98],"card_choices":[{"not_picked":["Guardian:DonusPower","Guardian:CrystalBeam"],"picked":"Guardian:ShieldSpikes","floor":2.0},{"not_picked":["Guardian:RollAttack","Guardian:Gem_Lightblue"],"picked":"Guardian:Gem_Cyan","floor":3.0},{"not_picked":["Guardian:Gem_Lightblue","Guardian:CrystalBeam"],"picked":"Guardian:TemporalStrike","floor":5.0},{"not_picked":["Guardian:DecasProtection","Guardian:ChargeCore"],"picked":"Guardian:RollAttack","floor":6.0},{"not_picked":["Guardian:TimeBomb","Guardian:TemporalStrike"],"picked":"Guardian:ShieldCharger","floor":8.0},{"not_picked":["Guardian:Gem_Lightblue","Guardian:EvasiveProtocol"],"picked":"Guardian:Gem_Fragmented","floor":9.0},{"not_picked":["Guardian:Gem_Green","Guardian:Reroute","Guardian:VentSteam"],"picked":"SKIP","floor":10.0},{"not_picked":["Guardian:TemporalShield","Guardian:DecasProtection"],"picked":"Guardian:Suspension","floor":12.0},{"not_picked":["Guardian:TemporalShield","Guardian:Reroute","Guardian:DonusPower"],"picked":"SKIP","floor":14.0},{"not_picked":["Guardian:Gem_Purple","Guardian:DecasProtection"],"picked":"Guardian:FloatingOrbs","floor":15.0},{"not_picked":["Guardian:FastForward","Guardian:Gem_Synthetic"],"picked":"Guardian:StasisField","floor":16.0},{"not_picked":["Guardian:VentSteam+1","Guardian:Gem_Yellow","Guardian:TemporalShield"],"picked":"SKIP","floor":19.0},{"not_picked":["Guardian:Planning","Guardian:Incinerate+1","Guardian:PiercingHide+1"],"picked":"SKIP","floor":20.0},{"not_picked":["Guardian:WalkerClaw","Guardian:Gem_Red"],"picked":"Guardian:ChargeCore","floor":21.0},{"not_picked":["Guardian:WalkerClaw+1","Guardian:PrimingBeam+1","Guardian:Gem_Green"],"picked":"SKIP","floor":22.0},{"not_picked":["Guardian:PrismaticBarrier","Guardian:BronzeArmor","Guardian:Gem_Blue"],"picked":"SKIP","floor":23.0},{"not_picked":["Guardian:TemporalStrike","Guardian:Recover+1"],"picked":"Guardian:Suspension+1","floor":25.0},{"not_picked":["Guardian:Recover","Guardian:Gem_Green","Guardian:Gem_Blue"],"picked":"SKIP","floor":26.0},{"not_picked":["Guardian:RefractedBeam","Guardian:RollAttack"],"picked":"Guardian:ConstructionForm","floor":28.0},{"not_picked":["Guardian:WalkerClaw","Guardian:Gem_Lightblue","Guardian:ChargeCore"],"picked":"SKIP","floor":29.0},{"not_picked":["Guardian:SpikerProtocol","Guardian:BronzeArmor","Guardian:Suspension"],"picked":"SKIP","floor":31.0},{"not_picked":["Guardian:Suspension+1","Guardian:RefractedBeam"],"picked":"Guardian:FloatingOrbs+1","floor":32.0},{"not_picked":["Guardian:SphericShield","Guardian:HyperBeam_Guardian"],"picked":"Guardian:ConstructionForm","floor":33.0},{"not_picked":["Guardian:Preprogram+1","Guardian:Recover+1","Guardian:TemporalShield"],"picked":"SKIP","floor":36.0},{"not_picked":["Guardian:VentSteam+1","Guardian:DonusPower+1","Guardian:PiercingHide"],"picked":"SKIP","floor":37.0},{"not_picked":["Guardian:PrimingBeam+1","Guardian:Gem_Green","Guardian:PiercingHide+1"],"picked":"SKIP","floor":38.0},{"not_picked":["Guardian:BronzeOrb+1","Guardian:WalkerClaw+1","Guardian:ConstructionForm"],"picked":"SKIP","floor":39.0},{"not_picked":["Guardian:FloatingOrbs+1","Guardian:TemporalShield"],"picked":"Guardian:TemporalStrike+1","floor":43.0},{"not_picked":["Guardian:Clone+1","Guardian:MultiBeam+1"],"picked":"Guardian:ShieldCharger+1","floor":46.0},{"not_picked":["Guardian:VentSteam+1","Guardian:SpikerProtocol+1","Guardian:PiercingHide"],"picked":"SKIP","floor":48.0},{"not_picked":["Guardian:Gem_Lightblue","Guardian:Gem_Green","Guardian:ShieldCharger+1"],"picked":"SKIP","floor":49.0},{"not_picked":["Guardian:Gem_Green","Guardian:BronzeOrb+1"],"picked":"Guardian:ShieldCharger+1","floor":52}],"player_experience":82705,"relics_obtained":[{"floor":7.0,"key":"Tiny Chest"},{"floor":10.0,"key":"HornCleat"},{"floor":12.0,"key":"Snack Pack"},{"floor":17.0,"key":"REME_HandOfSuture"},{"floor":17.0,"key":"ReplayTheSpireMod:Ninjato"},{"floor":17.0,"key":"FossilizedHelix"},{"floor":18.0,"key":"AT_SpeedBoots"},{"floor":35.0,"key":"AT_BladeRuinedKing"},{"floor":41.0,"key":"Replay:Wax Seal"},{"floor":44.0,"key":"Darkstone Periapt"},{"floor":52,"key":"Golden Egg"}],"event_choices":[{"cards_removed":["Guardian:Gem_Green"],"damage_healed":5.0,"max_hp_gain":0.0,"max_hp_loss":0.0,"gold_gain":0.0,"event_name":"Bonfire Elementals","player_choice":"Offered Common","floor":13.0,"gold_loss":0.0,"damage_taken":0.0},{"cards_removed":["Guardian:Gem_Green"],"damage_healed":5.0,"max_hp_gain":0.0,"max_hp_loss":0.0,"gold_gain":0.0,"event_name":"Bonfire Elementals","player_choice":"Offered Special","floor":13.0,"gold_loss":0.0,"damage_taken":0.0}],"is_beta":false,"boss_relics":[{"not_picked":["energizedSpire:CursedPentagram","energizedSpire:StickyHand"],"picked":"Calling Bell"},{"not_picked":["Kintsugi","Sozu"],"picked":"Replay:Grab Bag"},{"not_picked":["energizedSpire:RedRose","Fusion Hammer"],"picked":"energizedSpire:EnergizedDie"},{"not_picked":["LagranYue:ContractPerformanceRelic","Busted Crown"],"picked":"LagranYue:SoulBurningRelic"},{"not_picked":["WarlordEmblem:Scar","WarlordEmblem:SaveLoadDisk"],"picked":"Empty Cage"}],"items_purged_floors":[53],"is_endless":false,"potions_floor_spawned":[3,6,8,10,16,19,22,23,31,32,37,38,43,52],"ascension_level":0}}