{"host":"f7915vm1ahl7kex1","time":1613691876,"event":{"mods":["BaseMod","Colored Map","Downfall","Minty Spire (QoL Compilation)","Quick Restart","StSLib"],"gold_per_floor":[0,15,35,185,185,200,200,231,248,281,191,206,206,206,224,327,327,227,238,238,257,269,269,269,77,96,123,139,168,68,218,229,325,325,325,339,355,367,367,367,367,428,458,308,323,223,252,252,266,266,266,297,62,62,62,62],"floor_reached":57,"language":"ENG","playtime":2596,"items_purged":["downfall:Bewildered","Doubt","downfall:Malfunctioning","bronze:Strike"],"score":1439,"play_id":"283cee3c-aead-4a73-8ff6-19ddb3c24334","local_time":"20210218174436","is_ascension_mode":false,"campfire_choices":[{"data":"bronze:RecursiveStrike","floor":1.0,"key":"SMITH"},{"floor":13.0,"key":"RECALL"},{"data":"bronze:Boost","floor":18.0,"key":"SMITH"},{"floor":23.0,"key":"REST"},{"data":"bronze:FineTuning","floor":30.0,"key":"SMITH"},{"data":"bronze:GetLatest","floor":35.0,"key":"SMITH"},{"data":"bronze:ClassDefault","floor":40,"key":"SMITH"},{"data":"bronze:FindAndReplace","floor":46,"key":"SMITH"},{"floor":54,"key":"REST"}],"circlet_count":0,"master_deck":["bronze:Strike+1","bronze:Defend","bronze:Defend","bronze:Defend","bronze:Replicate","bronze:Goto","bronze:RecursiveStrike+1","bronze:Boost+1","bronze:GetLatest+1","bronze:Backtrace+1","bronze:FineTuning+1","bronze:Repulsor+1","Doubt","Parasite","bronze:ClassDefault+1","bronze:ForceShield","bronze:Shield+1","bronze:FindAndReplace+1","bronze:Frontload+1","bronze:Boost+1","downfall:Aged","Parasite","downfall:Aged","downfall:Aged","bronze:FindAndReplace"],"relics":["bronze:BronzeCore","downfall:ExtraCursedKey","Vajra","HornCleat","Blue Candle","Black Star","downfall:HeartBlessingRed","Eternal Feather","bronze:CableSpool","Gambling Chip","Meat on the Bone","downfall:HeartBlessingGreen","Philosopher\u0027s Stone","PreservedInsect","Bronze Scales","Whetstone","downfall:HeartBlessingBlue","Centennial Puzzle","Ice Cream","Darkstone Periapt","Incense Burner","Strawberry","Membership Card","Toy Ornithopter"],"acts_visited":["Exordium","TheCity","TheBeyond","TheEnding"],"potions_floor_usage":[56,56,56],"damage_taken":[{"damage":0.0,"enemies":"2 Louse","floor":2.0,"turns":2.0},{"damage":0.0,"enemies":"Jaw Worm","floor":3.0,"turns":2.0},{"damage":0.0,"enemies":"Cultist","floor":6.0,"turns":2.0},{"damage":2.0,"enemies":"Gremlin Nob","floor":8.0,"turns":3.0},{"damage":0.0,"enemies":"downfall:LooterAlt","floor":9.0,"turns":2.0},{"damage":5.0,"enemies":"3 Sentries","floor":10.0,"turns":6.0},{"damage":3.0,"enemies":"downfall:FleeingMerchant","floor":11.0,"turns":4.0},{"damage":0.0,"enemies":"Gremlin Gang","floor":12.0,"turns":2.0},{"damage":1.0,"enemies":"2 Fungi Beasts","floor":15.0,"turns":2.0},{"damage":20.0,"enemies":"IC_STATUS_ARCHETYPE","floor":16.0,"turns":5.0},{"damage":1.0,"enemies":"Chosen","floor":19.0,"turns":3.0},{"damage":11.0,"enemies":"downfall:LooterAlt2","floor":21.0,"turns":3.0},{"damage":26.0,"enemies":"Cultist and Chosen","floor":22.0,"turns":5.0},{"damage":3.0,"enemies":"downfall:FleeingMerchant","floor":25.0,"turns":4.0},{"damage":1.0,"enemies":"Snecko","floor":26.0,"turns":3.0},{"damage":5.0,"enemies":"Book of Stabbing","floor":27.0,"turns":3.0},{"damage":5.0,"enemies":"Snake Plant","floor":28.0,"turns":2.0},{"damage":17.0,"enemies":"Gremlin Leader","floor":29.0,"turns":4.0},{"damage":3.0,"enemies":"Centurion and Healer","floor":32.0,"turns":3.0},{"damage":27.0,"enemies":"WA_ARCHETYPE_CALM","floor":33.0,"turns":7.0},{"damage":2.0,"enemies":"3 Darklings","floor":36.0,"turns":4.0},{"damage":0.0,"enemies":"Orb Walker","floor":37.0,"turns":1.0},{"damage":1,"enemies":"Transient","floor":38,"turns":5},{"damage":0,"enemies":"downfall:FleeingMerchant","floor":42,"turns":1},{"damage":16,"enemies":"Giant Head","floor":43,"turns":6},{"damage":0,"enemies":"Writhing Mass","floor":45,"turns":3},{"damage":9,"enemies":"Nemesis","floor":47,"turns":1},{"damage":7,"enemies":"4 Shapes","floor":49,"turns":5},{"damage":23,"enemies":"SI_POISON_ARCHETYPE","floor":50,"turns":7},{"damage":62,"enemies":"downfall:CharBossMerchant","floor":52,"turns":7},{"damage":10,"enemies":"downfall:NeowBoss","floor":55,"turns":13},{"damage":49,"enemies":"downfall:NeowBossFinal","floor":56,"turns":7}],"seed_played":"5518844921722053689","potions_obtained":[{"floor":6.0,"key":"Block Potion"},{"floor":9.0,"key":"DuplicationPotion"},{"floor":12.0,"key":"bronze:FreeFunctionsPotion"},{"floor":15.0,"key":"SteroidPotion"},{"floor":19.0,"key":"ColorlessPotion"},{"floor":20.0,"key":"CultistPotion"},{"floor":32.0,"key":"Explosive Potion"},{"floor":33.0,"key":"SteroidPotion"},{"floor":45,"key":"Ancient Potion"}],"is_trial":false,"path_per_floor":["R","M","M","?","?","M","T","E","M","E","$","M","R","?","M","B",null,"R","M","?","M","M","R","T","$","M","E","M","E","R","?","M","B",null,"R","M","M","M","?","R","T","$","E","$","M","R","E","T","M","B",null,"E","$","R","B","B",null],"character_chosen":"THE_AUTOMATON","items_purchased":["bronze:ClassDefault","PreservedInsect","Membership Card","Toy Ornithopter"],"campfire_rested":2,"item_purchase_floors":[25,42,53,53],"current_hp_per_floor":[70,70,70,70,70,70,70,68,68,63,60,60,60,60,59,39,70,70,69,69,58,32,53,53,50,49,44,39,22,31,31,40,25,70,70,68,68,67,67,70,70,70,54,54,54,76,67,67,60,49,80,37,37,78,68,46],"gold":62,"neow_bonus":"TRANSFORM_TWO_CARDS","is_daily":false,"chose_seed":false,"campfire_upgraded":6,"win_rate":0.0,"timestamp":1613691876,"path_taken":["R","M","M","?","?","M","T","E","M","E","$","M","R","?","M","BOSS","R","M","?","M","M","R","T","$","M","E","M","E","R","?","M","BOSS","R","M","M","?","?","R","T","$","E","$","M","R","E","?","M","BOSS","E","$","R","BOSS","BOSS"],"items_purchased_type":["Card","Relic","Relic","Relic"],"build_version":"2020-12-22","purchased_purges":4,"victory":true,"max_hp_per_floor":[70,70,70,70,70,70,70,70,70,70,70,70,70,70,70,70,70,70,70,70,70,70,70,70,70,70,70,70,70,70,70,70,70,70,70,70,70,70,70,70,70,70,70,70,70,80,80,80,80,80,80,87,87,87,87,87],"card_choices":[{"not_picked":["bronze:WhirlingStrike","bronze:Allocate","bronze:Invalidate"],"picked":"SKIP","floor":2.0},{"not_picked":["bronze:Branch","bronze:Philosophize","bronze:DarkDash"],"picked":"SKIP","floor":3.0},{"not_picked":["bronze:Branch","bronze:Deprecate","bronze:BuggyMess"],"picked":"SKIP","floor":6.0},{"not_picked":["bronze:Overheat","bronze:WildBeam"],"picked":"bronze:GetLatest","floor":8.0},{"not_picked":["bronze:Safeguard","bronze:Shell","bronze:Philosophize"],"picked":"SKIP","floor":9.0},{"not_picked":["bronze:Overheat","bronze:Break","bronze:ForceShield"],"picked":"SKIP","floor":10.0},{"not_picked":["bronze:Invalidate","bronze:Break","bronze:OilSpill"],"picked":"SKIP","floor":11.0},{"not_picked":["bronze:BronzeArmor","bronze:ForceShield","bronze:BugBarrage"],"picked":"SKIP","floor":12.0},{"not_picked":["bronze:Overheat","bronze:ChildClass"],"picked":"bronze:Backtrace","floor":15.0},{"not_picked":["bronze:DelayedSlice","bronze:WildBeam"],"picked":"bronze:FineTuning","floor":19.0},{"not_picked":["bronze:CutThrough","bronze:BuggyMess"],"picked":"bronze:Repulsor+1","floor":21.0},{"not_picked":["bronze:BuggyMess","bronze:DigitalCarnage","bronze:BugBarrage"],"picked":"SKIP","floor":22.0},{"not_picked":["bronze:OilSpill","bronze:WhirlingStrike","bronze:Allocate+1"],"picked":"SKIP","floor":25.0},{"not_picked":["bronze:WildBeam","bronze:DigitalCarnage","bronze:CutThrough+1"],"picked":"SKIP","floor":26.0},{"not_picked":["bronze:HyperBeam","bronze:Iterate"],"picked":"bronze:ForceShield","floor":27.0},{"not_picked":["bronze:Deprecate","bronze:DelayedSlice","bronze:Overheat"],"picked":"SKIP","floor":28.0},{"not_picked":["bronze:Flail","bronze:Frontload","bronze:ChildClass"],"picked":"SKIP","floor":29.0},{"not_picked":["bronze:Safeguard","bronze:Shield+1","bronze:Iterate"],"picked":"SKIP","floor":32.0},{"not_picked":["bronze:Safeguard","bronze:Iterate"],"picked":"bronze:Shield+1","floor":32.0},{"not_picked":["bronze:Format","bronze:AlphaBuild"],"picked":"bronze:FindAndReplace","floor":33.0},{"not_picked":["bronze:Iterate","bronze:Shell+1","bronze:Shield"],"picked":"SKIP","floor":36.0},{"not_picked":["bronze:Shell","bronze:Optimize+1"],"picked":"bronze:Frontload+1","floor":37},{"not_picked":["bronze:FineTuning","bronze:Branch"],"picked":"bronze:Boost+1","floor":38},{"not_picked":["bronze:Iterate","bronze:MaxOutput","bronze:GetLatest"],"picked":"SKIP","floor":42},{"not_picked":["bronze:Shield","bronze:DelayedGuard+1","bronze:Turbo"],"picked":"SKIP","floor":43},{"not_picked":["bronze:Shield+1","bronze:ClassDefault","bronze:Repulsor+1"],"picked":"SKIP","floor":45},{"not_picked":["bronze:BitShift+1","bronze:WhirlingStrike+1","bronze:ChildClass"],"picked":"SKIP","floor":47},{"not_picked":["bronze:Branch","bronze:Philosophize+1","bronze:Flail"],"picked":"SKIP","floor":49},{"not_picked":["bronze:Branch","bronze:Philosophize+1","bronze:Flail"],"picked":"SKIP","floor":49},{"not_picked":["bronze:Branch+1","bronze:Shield+1"],"picked":"bronze:FindAndReplace","floor":52}],"player_experience":1206279,"relics_obtained":[{"floor":7.0,"key":"Vajra"},{"floor":8.0,"key":"HornCleat"},{"floor":10.0,"key":"Blue Candle"},{"floor":24.0,"key":"Eternal Feather"},{"floor":27.0,"key":"bronze:CableSpool"},{"floor":27.0,"key":"Gambling Chip"},{"floor":29.0,"key":"Meat on the Bone"},{"floor":29.0,"key":"Bag of Marbles"},{"floor":43,"key":"Bronze Scales"},{"floor":43,"key":"Whetstone"},{"floor":47,"key":"Centennial Puzzle"},{"floor":47,"key":"Ice Cream"},{"floor":48,"key":"Darkstone Periapt"},{"floor":52,"key":"Incense Burner"},{"floor":52,"key":"Strawberry"}],"event_choices":[],"is_beta":false,"boss_relics":[{"not_picked":["Astrolabe","Pandora\u0027s Box"],"picked":"Black Star"},{"not_picked":["Coffee Dripper","bronze:MakeshiftBattery"],"picked":"Philosopher\u0027s Stone"}],"items_purged_floors":[11,25,42,44],"is_endless":false,"potions_floor_spawned":[6,9,12,15,19,26,27,32,33,38,43,45,49],"ascension_level":0}}