{"host":"9rqk712yu6s3287p","time":1613658606,"event":{"mods":["ATMod(°¢èªMod)","Act Like it!","BaseMod","CapriCore","Chen","Gensokyo","Googly Eyes","Marisa£¨ìFÓê¡¡Ä§ÀíÉ³£©","Minty Spire (QoL Compilation)","MostiFishMod","Onozuka Komachi Mod","Reimu£¨²©ÀöÁéÃÎ£©","Remilia_Scarlet Moed£¨ÀÙÃ×ÀòÑÇ¡¤Ë¹¿¨À×ÌØ£©3.3.5","Remilia£¨ÀÙÃ×ÀòÑÇ£©","RumiaBox-Â¶Ã×æ«µÄÉñÃØºÐ×Ó","StSLib","The Administrix","The Immortal","The Servant 0.9.4","Yakumo Yukari mod","Youmu£¨»êÆÇÑýÃÎ£©","Yuyuko","[IsaacMod]ÒÔÈö¼âËþ","¡¾ÒÅÎï¿¨ÅÆ¡¿REMEMod"],"gold_per_floor":[159,195,278,376,456,580,580,689,689,813,934,1123,1265,1332,1344,1618,1630,1728,1495,1556,1472,1472,1637,1768,1945,2017,2135,2270,2394,2467,2617,2617,2864,2864,2940,3051,3106,3106,3176,3400,3400,3662,3742,3963,4105,4362,4586,4586,4586,4711,4975,4975,4975,4975,5324,5429],"floor_reached":57,"language":"ZHS","playtime":2072,"items_purged":[],"score":4565,"play_id":"245ecd88-a295-45d8-97bf-0aca71c88115","local_time":"20210218223006","daily_mods":["Shiny","Vintage","Heirloom","Time Dilation","Flight","Elite Swarm","Lethality","Midas","Binary"],"is_ascension_mode":true,"campfire_choices":[{"floor":15.0,"key":"RECALL"},{"floor":32.0,"key":"REST"},{"floor":49,"key":"REST"},{"floor":53,"key":"REST"}],"circlet_count":0,"master_deck":["AscendersBane","TricksterDevil+1","BatForm+1","ForecastOfChange+1","CurseOfVladTepes+1","ScarletMeister+1","QueenOfMidnight+1","BloodyHallows+1","HeartBreak+1","EquivalentExchange+1","KillingBlow+1","BloodyCatastrophe+1","ChaoticDestiny+1","BloodySeventeenLaser+1","HellCatastrophe+1","ScarletCoffin+1","DemonKingCradle+1","TransientEternity+1","CeilingFear+1"],"relics":["Snecko Eye","Busted Crown","AT_ATBox","DaveBox","REME_ComplimentaryCards","HushsDoor","TungstenRod","GuppysTail","Membership Card","StoneCalendar","Ancient Tea Set","SynthV:TestCard","Turnip","AT_MibuBalloonWealth","HollowDreamFlower","War Paint","Dream Catcher","REME_HandOfSuture","AT_RedTearstoneRing","SharpPlug","Prayer Wheel","AnarchistCookbook","Art of War","AT_RedNoBalance","MealTicket","D6","Omamori","HornCleat","MawBank","Orichalcum","Question Card","AT_LudenTempest","RuthlessExorcism:ReiMu","Pocketwatch","AT_ChloranthyRing","Whetstone","AddBug","RedBat","Whetstone","REME_PuzzleBoxRelic","Civilization","Toy Ornithopter","Bag of Marbles","MoreBug","SteamSale","Centennial Puzzle","BookofShadows","REME_IWantAll","AT_ForceNature","TimeFreeze","REME_HourglassOfDeath","Oddly Smooth Stone","StrikeDummy","BelialBook","Ice Cream","Boot","Mummified Hand","LastBattle","Calipers","Bag of Preparation","Whetstone","AT_SpeedBoots","SlaversCollar","Bronze Scales","GodSword7","InkBottle","SSSystem","InkBottle","Lantern","AT_TheCollector","Singing Bowl","REME_OnlineShoppingPlatform","GodSword6","Nunchaku","SalivaCoin","BFFS","Lizard Tail","AT_ArchangelStaff","Chaos","REME_LimitBreaker","Calling Bell","Du-Vu Doll","Ginger","Toolbox","ScarletDevilRocket","GuppysTail","Molten Egg 2","OriginationStaff","BookOfRevelations","DiscerningMonocle","MoneyPower","Gungnir","Runic Dome","Vajra","PlanX"],"acts_visited":["Exordium","TheCity","TheBeyond","TheEnding"],"potions_floor_usage":[56],"damage_taken":[{"damage":8.0,"enemies":"Cultist","floor":1.0,"turns":5.0},{"damage":17.0,"enemies":"Jaw Worm","floor":2.0,"turns":2.0},{"damage":0.0,"enemies":"2 Louse","floor":3.0,"turns":2.0},{"damage":0.0,"enemies":"2 Fungi Beasts","floor":4.0,"turns":2.0},{"damage":26.0,"enemies":"Exordium Thugs","floor":5.0,"turns":4.0},{"damage":1.0,"enemies":"Lagavulin","floor":6.0,"turns":4.0},{"damage":3.0,"enemies":"Gremlin Nob","floor":8.0,"turns":3.0},{"damage":0.0,"enemies":"Lagavulin","floor":10.0,"turns":3.0},{"damage":0.0,"enemies":"Gremlin Nob","floor":11.0,"turns":3.0},{"damage":0.0,"enemies":"3 Sentries","floor":12.0,"turns":4.0},{"damage":0.0,"enemies":"Gremlin Nob","floor":13.0,"turns":2.0},{"damage":0.0,"enemies":"Red Slaver","floor":14.0,"turns":2.0},{"damage":3.0,"enemies":"The Guardian","floor":16.0,"turns":6.0},{"damage":1.0,"enemies":"2 Thieves","floor":18.0,"turns":3.0},{"damage":0.0,"enemies":"Spheric Guardian","floor":20.0,"turns":2.0},{"damage":0.0,"enemies":"Slavers","floor":23.0,"turns":2.0},{"damage":6.0,"enemies":"Gremlin Leader","floor":24.0,"turns":2.0},{"damage":1.0,"enemies":"Slavers","floor":25.0,"turns":2.0},{"damage":2.0,"enemies":"Book of Stabbing","floor":27.0,"turns":2.0},{"damage":0.0,"enemies":"3 Cultists","floor":28.0,"turns":3.0},{"damage":0.0,"enemies":"REME_1_Revenger","floor":29.0,"turns":1.0},{"damage":0.0,"enemies":"Snecko","floor":30.0,"turns":1.0},{"damage":0.0,"enemies":"Gremlin Leader","floor":31.0,"turns":2.0},{"damage":1.0,"enemies":"Automaton","floor":33.0,"turns":1.0},{"damage":0.0,"enemies":"Orb Walker","floor":35.0,"turns":1.0},{"damage":7.0,"enemies":"3 Shapes","floor":36.0,"turns":2.0},{"damage":0.0,"enemies":"Spire Growth","floor":37.0,"turns":2.0},{"damage":1.0,"enemies":"Maw","floor":39.0,"turns":1.0},{"damage":0.0,"enemies":"Nemesis","floor":40.0,"turns":1.0},{"damage":0.0,"enemies":"Reptomancer","floor":42.0,"turns":1.0},{"damage":0.0,"enemies":"Nemesis","floor":44.0,"turns":1.0},{"damage":1,"enemies":"Sphere and 2 Shapes","floor":45,"turns":1},{"damage":3,"enemies":"Reptomancer","floor":46,"turns":1},{"damage":0,"enemies":"Giant Head","floor":47,"turns":2},{"damage":0,"enemies":"Time Eater","floor":50,"turns":2},{"damage":0,"enemies":"Donu and Deca","floor":51,"turns":1},{"damage":0,"enemies":"Shield and Spear","floor":55,"turns":1},{"damage":0,"enemies":"The Heart","floor":56,"turns":1}],"seed_played":"1986901999870999983","potions_obtained":[{"floor":1.0,"key":"SpeedPotion"},{"floor":1.0,"key":"Energy Potion"},{"floor":2.0,"key":"DistilledChaos"},{"floor":2.0,"key":"MagicPotion:ReiMu"},{"floor":3.0,"key":"REME_GoldPotion"},{"floor":3.0,"key":"GrandPatriotsElixir:ReiMu"},{"floor":4.0,"key":"SkillPotion"},{"floor":5.0,"key":"Regen Potion"},{"floor":6.0,"key":"EssenceOfSteel"},{"floor":6.0,"key":"SteroidPotion"},{"floor":10.0,"key":"BlessingOfTheForge"},{"floor":11.0,"key":"SteroidPotion"},{"floor":12.0,"key":"MagicPotion:ReiMu"},{"floor":13.0,"key":"GamblersBrew"},{"floor":16.0,"key":"Ancient Potion"},{"floor":18.0,"key":"ZuzhouPotion:ReiMu"},{"floor":24.0,"key":"Regen Potion"},{"floor":25.0,"key":"EssenceOfSteel"},{"floor":27.0,"key":"Explosive Potion"},{"floor":30.0,"key":"GamblersBrew"},{"floor":31.0,"key":"GrandPatriotsElixir:ReiMu"},{"floor":35.0,"key":"AttackPotion"},{"floor":35.0,"key":"Energy Potion"},{"floor":36.0,"key":"EssenceOfSteel"}],"is_trial":true,"path_per_floor":["M","M","M","M","M","E","?","E","T","E","E","E","E","M","R","B",null,"M","$","M","$","$","E","E","E","T","E","M","E","M","E","R","B",null,"M","M","M","$","M","E","$","E","T","E","M","E","E","$","R","B","B",null,"R","$","E","B",null],"character_chosen":"REMILIA","items_purchased":["Civilization","Toy Ornithopter","Bag of Marbles","SteamSale","Centennial Puzzle","BookofShadows","REME_IWantAll","AT_ForceNature","TimeFreeze","AT_TheCollector","Singing Bowl","REME_OnlineShoppingPlatform","BFFS","Lizard Tail","AT_ArchangelStaff","OriginationStaff","BookOfRevelations","DiscerningMonocle","MoneyPower","Gungnir","Runic Dome"],"campfire_rested":3,"item_purchase_floors":[19,19,19,21,21,21,22,22,22,38,38,38,41,41,41,48,48,48,54,54,54],"current_hp_per_floor":[55,42,42,46,25,41,41,43,43,39,40,55,39,39,39,39,62,38,53,58,71,71,75,74,85,85,90,95,100,105,110,110,115,115,120,118,127,130,135,142,142,149,149,156,161,168,175,175,177,182,187,187,189,189,196,201],"gold":5429,"neow_bonus":"","is_daily":false,"chose_seed":false,"campfire_upgraded":0,"win_rate":0.0,"timestamp":1613658606,"path_taken":["M","M","M","M","M","E","?","E","T","E","E","E","E","M","R","BOSS","M","$","M","$","$","E","E","E","T","E","M","E","M","E","R","BOSS","M","M","M","$","M","E","$","E","T","E","M","E","E","$","R","BOSS","BOSS","R","$","E","BOSS"],"items_purchased_type":["Relic","Relic","Relic","Relic","Relic","Relic","Relic","Relic","Relic","Relic","Relic","Relic","Relic","Relic","Relic","Relic","Relic","Relic","Relic","Relic","Relic"],"build_version":"2020-12-22","purchased_purges":0,"victory":true,"max_hp_per_floor":[70,70,70,70,70,70,70,70,70,70,70,70,70,70,70,70,70,70,70,71,71,71,75,80,85,85,90,95,100,105,110,110,115,115,120,125,130,130,135,142,142,149,149,156,161,168,175,175,177,182,187,187,189,189,196,201],"card_choices":[{"not_picked":["KillingBlow","TransientEternity"],"picked":"SKIP","floor":6.0},{"not_picked":["CeilingFear","BloodySeventeenLaser"],"picked":"SKIP","floor":8.0},{"not_picked":["BloodRain","ScarletCoffin"],"picked":"SKIP","floor":10.0},{"not_picked":["CeilingFear","BloodyHallows"],"picked":"SKIP","floor":11.0},{"not_picked":["QueenOfMidnight","ChaoticDestiny"],"picked":"SKIP","floor":12.0},{"not_picked":["HellCatastrophe","ScarletMeister","TransientEternity"],"picked":"SKIP","floor":13.0},{"not_picked":["BloodyHallows","KillingBlow","TricksterDevil"],"picked":"SKIP","floor":23.0},{"not_picked":["DemonKingCradle","ScarletCoffin","TricksterDevil"],"picked":"SKIP","floor":24.0},{"not_picked":["CeilingFear","ChaoticDestiny","QueenOfMidnight"],"picked":"SKIP","floor":25.0},{"not_picked":["ScarletCoffin","KillingBlow","CeilingFear"],"picked":"SKIP","floor":27.0},{"not_picked":["CurseOfVladTepes","ScarletMeister","HellCatastrophe"],"picked":"SKIP","floor":29.0},{"not_picked":["BloodRain","BloodySeventeenLaser","ScarletMeister"],"picked":"SKIP","floor":31.0},{"not_picked":["CeilingFear","BloodySeventeenLaser","TricksterDevil"],"picked":"Singing Bowl","floor":40.0},{"not_picked":["CeilingFear","HeartBreak","TransientEternity"],"picked":"Singing Bowl","floor":42.0},{"not_picked":["BloodyCatastrophe","BatForm","DemonKingCradle"],"picked":"Singing Bowl","floor":44.0},{"not_picked":["ScarletCoffin","CurseOfVladTepes","CeilingFear"],"picked":"Singing Bowl","floor":46},{"not_picked":["BloodySeventeenLaser+1","CeilingFear","ScarletMeister"],"picked":"Singing Bowl","floor":47},{"not_picked":["UnstableMagic+1","Septette","NightDance+1"],"picked":"Singing Bowl","floor":49},{"not_picked":["DiffusionOfMisfortune+1","RedRainbow+1","VampireKiss+1"],"picked":"Singing Bowl","floor":53},{"not_picked":["CeilingFear","HellCatastrophe+1","DemonKingCradle"],"picked":"Singing Bowl","floor":55}],"player_experience":554161,"relics_obtained":[{"floor":1.0,"key":"Ancient Tea Set"},{"floor":1.0,"key":"SynthV:TestCard"},{"floor":2.0,"key":"Turnip"},{"floor":2.0,"key":"AT_MibuBalloonWealth"},{"floor":3.0,"key":"HollowDreamFlower"},{"floor":3.0,"key":"War Paint"},{"floor":3.0,"key":"Dream Catcher"},{"floor":4.0,"key":"REME_HandOfSuture"},{"floor":4.0,"key":"AT_RedTearstoneRing"},{"floor":5.0,"key":"SharpPlug"},{"floor":5.0,"key":"Prayer Wheel"},{"floor":6.0,"key":"AnarchistCookbook"},{"floor":6.0,"key":"Art of War"},{"floor":8.0,"key":"AT_SilverBalance"},{"floor":8.0,"key":"MealTicket"},{"floor":9.0,"key":"D6"},{"floor":10.0,"key":"Omamori"},{"floor":10.0,"key":"HornCleat"},{"floor":11.0,"key":"MawBank"},{"floor":11.0,"key":"Orichalcum"},{"floor":12.0,"key":"Question Card"},{"floor":12.0,"key":"AT_LudenTempest"},{"floor":12.0,"key":"RuthlessExorcism:ReiMu"},{"floor":13.0,"key":"Pocketwatch"},{"floor":14.0,"key":"AT_ChloranthyRing"},{"floor":16.0,"key":"Whetstone"},{"floor":18.0,"key":"RedBat"},{"floor":18.0,"key":"Whetstone"},{"floor":18.0,"key":"REME_PuzzleBoxRelic"},{"floor":20.0,"key":"MoreBug"},{"floor":23.0,"key":"REME_HourglassOfDeath"},{"floor":24.0,"key":"Oddly Smooth Stone"},{"floor":25.0,"key":"StrikeDummy"},{"floor":25.0,"key":"BelialBook"},{"floor":27.0,"key":"Ice Cream"},{"floor":28.0,"key":"Boot"},{"floor":28.0,"key":"Mummified Hand"},{"floor":29.0,"key":"LastBattle"},{"floor":30.0,"key":"Calipers"},{"floor":31.0,"key":"Bag of Preparation"},{"floor":31.0,"key":"Whetstone"},{"floor":31.0,"key":"AT_SpeedBoots"},{"floor":35.0,"key":"Bronze Scales"},{"floor":36.0,"key":"GodSword7"},{"floor":36.0,"key":"InkBottle"},{"floor":37.0,"key":"SSSystem"},{"floor":37.0,"key":"InkBottle"},{"floor":37.0,"key":"Lantern"},{"floor":39.0,"key":"GodSword6"},{"floor":39.0,"key":"Nunchaku"},{"floor":40.0,"key":"SalivaCoin"},{"floor":42.0,"key":"Chaos"},{"floor":43.0,"key":"REME_LimitBreaker"},{"floor":44.0,"key":"Calling Bell"},{"floor":45,"key":"Du-Vu Doll"},{"floor":46,"key":"Ginger"},{"floor":46,"key":"Toolbox"},{"floor":47,"key":"ScarletDevilRocket"},{"floor":47,"key":"GuppysTail"},{"floor":47,"key":"Molten Egg 2"},{"floor":55,"key":"Vajra"},{"floor":55,"key":"PlanX"}],"event_choices":[{"cards_removed":["BloodRain"],"damage_healed":0.0,"max_hp_gain":0.0,"max_hp_loss":0.0,"gold_gain":0.0,"event_name":"Living Wall","player_choice":"Forget","floor":7.0,"gold_loss":0.0,"damage_taken":0.0}],"is_beta":false,"boss_relics":[{"not_picked":["Ectoplasm","Coffee Dripper"],"picked":"AddBug"},{"not_picked":[]},{"not_picked":["Cursed Key","Astrolabe"],"picked":"SlaversCollar"},{"not_picked":[]}],"items_purged_floors":[],"is_endless":false,"potions_floor_spawned":[1,2,3,6,10,13,25,27,30,31,35,40,42,45,46],"ascension_level":20}}