{"host":"31srvgftwd43oumg","time":1613682101,"event":{"mods":["BaseMod","BetterRewards","Card Forge","Downfall","Hubris","Infinite Spire","Koishi","Luminous","Marisa????????","Minty Spire (QoL Compilation)","Remilia??????","Replay The Spire","Shop Mod","StSLib","The Bug Knight","The Cursed","The Death Knight","The Exalted","The Hierophant","The Mystic","The Necromancer"],"gold_per_floor":[150,192,252,285,285,285,366,366,366,426,504,534,591,591,591,903,903,963,963,999,1053,1104,1104,1209,1209,1209,1251,1308,1308,1308,1383,1383,1674,1674,1734,1734,1779,1824,1824,1824,1908,1947,1999,2035,1447,1501,1501,1560,1560,1578],"floor_reached":51,"language":"ENG","playtime":2754,"items_purged":[],"score":1035,"play_id":"68173c4c-0b53-4cf2-bc2e-c8bc70dd4d43","local_time":"20210218150141","daily_mods":["SealedDeck","Heirloom","Midas"],"is_ascension_mode":false,"campfire_choices":[{"floor":6.0,"key":"REST"},{"floor":8.0,"key":"REST"},{"floor":23,"key":"REST"},{"floor":25,"key":"REST"},{"floor":32,"key":"DIG"},{"floor":40,"key":"REST"},{"floor":49,"key":"REST"}],"circlet_count":0,"master_deck":["Poisoned Stab+1","Poisoned Stab+1","Leg Sweep+1","Dodge and Roll+1","Deflect+1","Deflect+1","Deflect+1","Footwork+1","Footwork+1","All Out Attack+1","Dagger Spray","Noxious Fumes+1","Envenom+1","Catalyst+1","Caltrops+1","Footwork+1","Adrenaline+1","infinitespire:Collect+1","Caltrops+1"],"relics":["Ring of the Snake","Hammer of Thor","Seething Fire","Anvil of the Gods","hubris:GlazedTorus","Eternal Feather","Blue Candle","Akabeko","Replay:Bronze Core","Whetstone","Gremlin Food","infinitespire:Broken Mirror","infinitespire:EmpoweringShard","hubris:CrackedHourglass","Snake Skull","hubris:Backtick","DollysMirror","Centennial Puzzle","hubris:EmptyBottle","Replay:Bandana","Darkstone Periapt"],"acts_visited":["Exordium","TheCity","TheBeyond"],"potions_floor_usage":[21,31,33,50,50,50,50,50,50],"damage_taken":[{"damage":0.0,"enemies":"2 Louse","floor":1.0,"turns":2.0},{"damage":0.0,"enemies":"Small Slimes","floor":2.0,"turns":4.0},{"damage":0.0,"enemies":"infinitespire:Voidling","floor":3.0,"turns":4.0},{"damage":1.0,"enemies":"2 Fungi Beasts","floor":4.0,"turns":3.0},{"damage":0.0,"enemies":"Replay:BlueRogue","floor":7.0,"turns":5.0},{"damage":0.0,"enemies":"Large Slime","floor":10.0,"turns":7.0},{"damage":0.0,"enemies":"Lagavulin","floor":11.0,"turns":6.0},{"damage":0.0,"enemies":"Blue Slaver","floor":12.0,"turns":2.0},{"damage":0.0,"enemies":"3 Louse","floor":13.0,"turns":1.0},{"damage":0.0,"enemies":"Fading Forest","floor":16.0,"turns":11.0},{"damage":5,"enemies":"3 Byrds","floor":18,"turns":6},{"damage":0,"enemies":"Spheric Guardian","floor":20,"turns":4},{"damage":4,"enemies":"Snecko","floor":21,"turns":5},{"damage":0,"enemies":"Snake Plant","floor":22,"turns":4},{"damage":0,"enemies":"Book of Stabbing","floor":24,"turns":5},{"damage":0,"enemies":"Cultist and Chosen","floor":27,"turns":3},{"damage":0,"enemies":"Centurion and Healer","floor":28,"turns":6},{"damage":0,"enemies":"Replay:Snechameleon","floor":31,"turns":4},{"damage":18,"enemies":"Collector","floor":33,"turns":7},{"damage":24,"enemies":"3 Shapes","floor":35,"turns":2},{"damage":17,"enemies":"3 Darklings","floor":37,"turns":3},{"damage":0,"enemies":"Transient","floor":38,"turns":5},{"damage":0,"enemies":"HollowMod:StalkingDevout","floor":41,"turns":6},{"damage":12,"enemies":"Writhing Mass","floor":42,"turns":3},{"damage":4,"enemies":"Jaw Worm Horde","floor":44,"turns":3},{"damage":0,"enemies":"Maw","floor":46,"turns":5},{"damage":0,"enemies":"3 Darklings","floor":48,"turns":2},{"damage":0,"enemies":"hubris:GrandSnecko","floor":50,"turns":6}],"seed_played":"2103703475819698693","potions_obtained":[{"floor":1.0,"key":"CultistPotion"},{"floor":3.0,"key":"AttackPotion"},{"floor":7.0,"key":"EssenceOfSteel"},{"floor":24,"key":"Swift Potion"},{"floor":37,"key":"DeathKnight:BottledBloodEchoes"},{"floor":41,"key":"Strength Potion"}],"is_trial":true,"path_per_floor":["M","M","M","M","?","R","E","R","T","M","E","M","M","?","R","B",null,"M","?","M","M","M","R","E","R","T","M","M","?","?","E","R","B",null,"M","AVR","M","M","?","R","E","M","T","M","$","M","?","M","R","B",null],"character_chosen":"THE_SILENT","items_purchased":["hubris:EmptyBottle","Dexterity Potion","Replay:Bandana","Darkstone Periapt"],"campfire_rested":6,"item_purchase_floors":[45,45,45,45],"current_hp_per_floor":[70,70,70,69,69,70,70,70,70,70,70,70,70,70,70,70,70,65,65,65,61,61,70,70,70,70,70,70,70,70,70,70,52,70,46,46,29,29,29,59,59,47,47,43,43,43,43,43,70,70],"gold":1578,"neow_bonus":"","is_daily":false,"chose_seed":false,"campfire_upgraded":0,"win_rate":0.0,"timestamp":1613682101,"path_taken":["M","M","M","M","?","R","E","R","T","M","E","M","M","?","R","BOSS","M","?","M","M","M","R","E","R","T","M","M","?","?","E","R","BOSS","M","AVR","M","M","?","R","E","M","T","M","$","M","?","?","R","BOSS"],"items_purchased_type":["Relic","Potion","Relic","Relic"],"build_version":"2020-12-22","purchased_purges":0,"victory":true,"max_hp_per_floor":[70,70,70,70,70,70,70,70,70,70,70,70,70,70,70,70,70,70,70,70,70,70,70,70,70,70,70,70,70,70,70,70,70,70,70,70,70,70,70,70,70,70,70,70,70,70,70,70,70,70],"card_choices":[{"not_picked":["hubris:SlightOfHand","Quick Slash","Sneak Up"],"picked":"SKIP","floor":1.0},{"not_picked":["Outmaneuver","Poisoned Stab","hubris:SlightOfHand"],"picked":"SKIP","floor":2.0},{"not_picked":["Dash","Skewer","ReplayTheSpireMod:From All Sides"],"picked":"SKIP","floor":3.0},{"not_picked":["Dash","Backflip","Acrobatics"],"picked":"SKIP","floor":4.0},{"not_picked":["Dagger Throw","Outmaneuver","Poisoned Stab"],"picked":"SKIP","floor":7.0},{"not_picked":["Tactician","All Out Attack","Dodge and Roll"],"picked":"SKIP","floor":10.0},{"not_picked":["Tactician","All Out Attack","Dodge and Roll"],"picked":"SKIP","floor":10.0},{"not_picked":["Choke","Cloak And Dagger"],"picked":"Dagger Spray","floor":11.0},{"not_picked":["Underhanded Strike","hubris:Counter","Leg Sweep"],"picked":"SKIP","floor":12.0},{"not_picked":["Escape Plan","Noxious Fumes","hubris:SlightOfHand"],"picked":"SKIP","floor":13.0},{"not_picked":["Escape Plan","hubris:SlightOfHand"],"picked":"Noxious Fumes","floor":13.0},{"not_picked":["Corpse Explosion","ReplayTheSpireMod:From All Sides"],"picked":"Envenom","floor":16.0},{"not_picked":["ReplayTheSpireMod:Scrap Shanks","ReplayTheSpireMod:Tripwire","Poisoned Stab"],"picked":"SKIP","floor":18},{"not_picked":["Slice+1","Deflect","Tools of the Trade"],"picked":"SKIP","floor":20},{"not_picked":["Deflect","Slice+1"],"picked":"Catalyst+1","floor":21},{"not_picked":["Quick Slash","Dagger Throw","Dagger Spray"],"picked":"SKIP","floor":22},{"not_picked":["Blade Dance","Outmaneuver","Accuracy"],"picked":"SKIP","floor":24},{"not_picked":["Acrobatics+1","Backstab+1"],"picked":"Caltrops","floor":27},{"not_picked":["Blade Dance","ReplayTheSpireMod:Shiv Toss","Acrobatics"],"picked":"SKIP","floor":28},{"not_picked":["Unload","Riddle With Holes"],"picked":"Footwork","floor":31},{"not_picked":["Unload","Venomology"],"picked":"Adrenaline","floor":33},{"not_picked":["Reflex+1","Flying Knee","Dagger Throw"],"picked":"SKIP","floor":35},{"not_picked":["Flying Knee+1","Blade Dance+1","Sucker Punch+1"],"picked":"SKIP","floor":37},{"not_picked":["Prepared","Underhanded Strike+1","Quick Slash"],"picked":"SKIP","floor":38},{"not_picked":["Sucker Punch","Riddle With Holes+1","hubris:TrickCloak"],"picked":"SKIP","floor":41},{"not_picked":["Quick Slash+1","Bane+1","Backstab"],"picked":"SKIP","floor":42},{"not_picked":["Prepared+1","Quick Slash","Cloak And Dagger"],"picked":"SKIP","floor":44},{"not_picked":["Caltrops","Storm of Steel","Distraction"],"picked":"SKIP","floor":46},{"not_picked":["Deadly Poison","Cloak And Dagger","Calculated Gamble+1"],"picked":"SKIP","floor":48}],"player_experience":1032412,"relics_obtained":[{"floor":7.0,"key":"Eternal Feather"},{"floor":9.0,"key":"Blue Candle"},{"floor":11.0,"key":"Akabeko"},{"floor":24,"key":"Whetstone"},{"floor":26,"key":"Gremlin Food"},{"floor":31,"key":"infinitespire:Broken Mirror"},{"floor":32,"key":"infinitespire:EmpoweringShard"},{"floor":43,"key":"Centennial Puzzle"}],"event_choices":[{"damage_healed":0.0,"max_hp_gain":0.0,"max_hp_loss":0.0,"gold_gain":0.0,"event_name":"Living Wall","player_choice":"Grow","floor":5.0,"gold_loss":0.0,"damage_taken":0.0,"cards_upgraded":["Footwork"]},{"damage_healed":0.0,"max_hp_gain":0.0,"max_hp_loss":0.0,"gold_gain":0.0,"event_name":"Liars Game","player_choice":"Ignored","floor":14.0,"gold_loss":0.0,"damage_taken":0.0},{"damage_healed":0,"gold_gain":0,"player_choice":"Ignored","damage_taken":0,"max_hp_gain":0,"max_hp_loss":0,"event_name":"Ghosts","floor":19,"gold_loss":0},{"damage_healed":0,"gold_gain":0,"player_choice":"Bought 0 Potions","damage_taken":0,"max_hp_gain":0,"max_hp_loss":0,"event_name":"The Woman in Blue","floor":47,"gold_loss":0}],"is_beta":false,"boss_relics":[{"not_picked":["ChewingGum","Honey Jar"],"picked":"Replay:Bronze Core"},{"not_picked":["hubris:RunicObelisk","Bromod:ArcaneGrace"],"picked":"hubris:CrackedHourglass"}],"items_purged_floors":[],"is_endless":false,"potions_floor_spawned":[1,3,7,13,16,20,24,27,31,37,41,42,44],"ascension_level":0}}