{"host":"6gwm7y0tp7acoxay","time":1613616403,"event":{"mods":["BaseMod","Colored Map","Keyboard Shortcuts","Minty Spire (QoL Compilation)","Quick Restart","StSLib","SuperFastMode","everything is the same but u backflip on backflip"],"gold_per_floor":[10111,10122,10122,10135,9368,9402,9402,9412,9439,9458,8313,8342,8342,8360,8360,8437,8437,8452,8463,8482,7535,7535,7569,7569,6818,6870,6900,6912,6827,6857,6867,6867,6940,6940,6959,6959,6959,6023,6039,6039,6054,6054,6054,6079,5101,4208,4208,4227,4227,4227,4227,4227,4227,3139,3166,3166],"floor_reached":57,"language":"KOR","playtime":7961,"items_purged":["Strike_R","Strike_R","Strike_R","Strike_R","Wild Strike+1","Defend_R","Defend_R"],"score":3400,"play_id":"6c2b87ea-16e2-4c5b-bc4b-0c88953b088f","local_time":"20210218114643","is_ascension_mode":true,"campfire_choices":[{"data":"Armaments","floor":7.0,"key":"SMITH"},{"data":"Evolve","floor":15.0,"key":"SMITH"},{"floor":24.0,"key":"RECALL"},{"data":"Corruption","floor":32.0,"key":"SMITH"},{"data":"Corruption","floor":40.0,"key":"SMITH"},{"data":"Transmutation","floor":49.0,"key":"SMITH"},{"data":"Disarm","floor":53.0,"key":"SMITH"}],"circlet_count":0,"master_deck":["AscendersBane","Defend_R","Jack Of All Trades","Immolate+1","Feel No Pain","Armaments+1","Deep Breath","Battle Trance","Evolve+1","Thinking Ahead","Skim","Corruption+1","Finesse","Master of Strategy","Terror","Night Terror","Corruption+1","Entrench+1","Ghostly Armor+1","Discovery","Madness","Madness","Master of Strategy","Disarm+1","Transmutation+1","Purity","Impatience","Shockwave","Uppercut","Panache","True Grit"],"relics":["Burning Blood","PrismaticShard","PreservedInsect","Art of War","Oddly Smooth Stone","Potion Belt","Whetstone","Dead Branch","HandDrill","Juzu Bracelet","Mark of Pain","Medical Kit","Pear","Bronze Scales","Regal Pillow","TheAbacus","Self Forming Clay","Omamori","Orichalcum","Pen Nib","Vajra","Astrolabe","Chemical X","FossilizedHelix","Blood Vial","Shuriken","Toy Ornithopter","Toolbox","Strawberry","Happy Flower","Lee\u0027s Waffle","Thread and Needle","Boot","Paper Frog","Red Skull","ClockworkSouvenir","Centennial Puzzle"],"acts_visited":["TheCity","TheBeyond","TheEnding"],"potions_floor_usage":[56,56,56],"damage_taken":[{"damage":9.0,"enemies":"Jaw Worm","floor":1.0,"turns":4.0},{"damage":6.0,"enemies":"Cultist","floor":2.0,"turns":3.0},{"damage":0.0,"enemies":"2 Louse","floor":4.0,"turns":1.0},{"damage":8.0,"enemies":"Gremlin Nob","floor":6.0,"turns":3.0},{"damage":6.0,"enemies":"Large Slime","floor":8.0,"turns":3.0},{"damage":19.0,"enemies":"Exordium Wildlife","floor":10.0,"turns":5.0},{"damage":0.0,"enemies":"3 Sentries","floor":12.0,"turns":2.0},{"damage":4.0,"enemies":"3 Louse","floor":14.0,"turns":2.0},{"damage":14.0,"enemies":"The Guardian","floor":16.0,"turns":7.0},{"damage":7.0,"enemies":"Shell Parasite","floor":18.0,"turns":3.0},{"damage":19.0,"enemies":"2 Thieves","floor":19.0,"turns":3.0},{"damage":0.0,"enemies":"Snake Plant","floor":20.0,"turns":3.0},{"damage":5.0,"enemies":"Book of Stabbing","floor":23.0,"turns":3.0},{"damage":9.0,"enemies":"Slavers","floor":27.0,"turns":2.0},{"damage":0.0,"enemies":"Cultist and Chosen","floor":28.0,"turns":3.0},{"damage":2.0,"enemies":"Book of Stabbing","floor":30.0,"turns":4.0},{"damage":24.0,"enemies":"Shelled Parasite and Fungi","floor":31.0,"turns":2.0},{"damage":10.0,"enemies":"Automaton","floor":33.0,"turns":5.0},{"damage":1.0,"enemies":"3 Shapes","floor":35.0,"turns":2.0},{"damage":0.0,"enemies":"3 Darklings","floor":39.0,"turns":3.0},{"damage":0.0,"enemies":"Maw","floor":41.0,"turns":2.0},{"damage":0.0,"enemies":"Nemesis","floor":44.0,"turns":3.0},{"damage":0.0,"enemies":"Spire Growth","floor":48.0,"turns":2.0},{"damage":0.0,"enemies":"Awakened One","floor":50.0,"turns":6.0},{"damage":0.0,"enemies":"Time Eater","floor":51.0,"turns":4.0},{"damage":0.0,"enemies":"Shield and Spear","floor":55.0,"turns":1.0},{"damage":0,"enemies":"The Heart","floor":56,"turns":6}],"seed_played":"2944313374309842536","potions_obtained":[{"floor":8.0,"key":"Explosive Potion"},{"floor":10.0,"key":"FearPotion"},{"floor":14.0,"key":"DistilledChaos"},{"floor":19.0,"key":"BlessingOfTheForge"},{"floor":27.0,"key":"DistilledChaos"},{"floor":30.0,"key":"Explosive Potion"},{"floor":33.0,"key":"PowerPotion"}],"is_trial":false,"path_per_floor":["M","M","?","M","$","E","R","M","T","M","$","E","?","M","R","B",null,"M","M","M","$","?","E","R","$","T","E","M","?","E","M","R","B",null,"M","?","?","$","M","R","M","?","T","E","$","$","?","M","R","B","B",null,"R","$","E","B",null],"character_chosen":"IRONCLAD","items_purchased":["PrismaticShard","PreservedInsect","Art of War","Feel No Pain","Armaments","Deep Breath","Whetstone","Evolve","Dead Branch","HandDrill","Thinking Ahead","PowerPotion","ColorlessPotion","Medical Kit","Pear","Bronze Scales","Master of Strategy","TheAbacus","Self Forming Clay","Omamori","Chemical X","FossilizedHelix","Blood Vial","Discovery","Toolbox","Strawberry","Happy Flower","Master of Strategy","Disarm","Lee\u0027s Waffle","Thread and Needle","Boot","Paper Frog","Red Skull","ClockworkSouvenir","Shockwave","Uppercut","Panache","Dexterity Potion","True Grit"],"campfire_rested":0,"item_purchase_floors":[5,5,5,5,5,5,11,11,11,11,11,11,11,21,21,21,21,25,25,25,38,38,38,38,45,45,45,45,45,46,46,46,54,54,54,54,54,54,54,54],"current_hp_per_floor":[65,65,65,71,71,69,69,69,69,56,56,62,67,69,69,61,75,74,61,67,77,77,78,78,78,78,75,81,81,85,67,67,63,83,88,88,88,88,90,90,90,74,74,82,89,104,94,102,102,104,104,104,104,104,104,104],"gold":3166,"neow_bonus":"RANDOM_COLORLESS","is_daily":false,"chose_seed":false,"campfire_upgraded":6,"win_rate":0.0,"timestamp":1613616403,"path_taken":["M","M","?","M","$","E","R","M","T","M","?","E","?","M","R","BOSS","M","M","M","$","?","E","R","$","T","E","M","?","E","M","R","BOSS","M","?","?","$","M","R","M","?","T","E","?","$","?","M","R","BOSS","BOSS","R","$","E","BOSS"],"items_purchased_type":["Relic","Relic","Relic","Card","Card","Card","Relic","Card","Relic","Relic","Card","Potion","Potion","Relic","Relic","Relic","Card","Relic","Relic","Relic","Relic","Relic","Relic","Card","Relic","Relic","Relic","Card","Card","Relic","Relic","Relic","Relic","Relic","Relic","Card","Card","Card","Potion","Card"],"build_version":"2020-12-22","purchased_purges":7,"victory":true,"max_hp_per_floor":[75,75,75,75,75,75,75,75,75,75,75,75,80,80,80,80,80,80,80,80,90,90,90,90,90,90,90,90,90,90,90,90,90,90,90,90,90,90,90,90,90,90,90,90,97,104,104,104,104,104,104,104,104,104,104,104],"card_choices":[{"not_picked":["Finesse","Bandage Up"],"picked":"Jack Of All Trades","floor":0.0},{"not_picked":["Clothesline","Dual Wield"],"picked":"Wild Strike","floor":1.0},{"not_picked":["Twin Strike","Pommel Strike"],"picked":"Immolate","floor":2.0},{"not_picked":["Havoc","Clash","Blood for Blood"],"picked":"SKIP","floor":4.0},{"not_picked":["Storm","Reinforced Body","SashWhip"],"picked":"SKIP","floor":6.0},{"not_picked":["Evaluate","Aggregate","Metallicize"],"picked":"SKIP","floor":8.0},{"not_picked":["Stack","Prostrate"],"picked":"Battle Trance","floor":10.0},{"not_picked":["Warcry","Dodge and Roll"],"picked":"Skim","floor":12.0},{"not_picked":["ThirdEye","Setup","Cleave"],"picked":"SKIP","floor":14.0},{"not_picked":["Venomology","Grand Finale"],"picked":"Corruption","floor":16.0},{"not_picked":["Compile Driver","Headbutt","ClearTheMind"],"picked":"SKIP","floor":18.0},{"not_picked":["Bane+1","Anger","Armaments"],"picked":"SKIP","floor":19.0},{"not_picked":["Ball Lightning","Clash+1"],"picked":"Finesse","floor":20.0},{"not_picked":["Deadly Poison","Evaluate","CutThroughFate"],"picked":"SKIP","floor":23.0},{"not_picked":["PanicButton","Hello World","CutThroughFate"],"picked":"SKIP","floor":27.0},{"not_picked":["ThirdEye","Steam"],"picked":"Terror","floor":28.0},{"not_picked":["ThirdEye","Redo","Riddle With Holes"],"picked":"SKIP","floor":30.0},{"not_picked":["Outmaneuver+1","Evaluate+1"],"picked":"Night Terror","floor":31.0},{"not_picked":["Establishment","SpiritShield"],"picked":"Corruption","floor":33.0},{"not_picked":["Heatsinks","Flying Knee","Poisoned Stab"],"picked":"SKIP","floor":35.0},{"not_picked":["Dagger Throw","Caltrops+1","Barrage"],"picked":"SKIP","floor":39.0},{"not_picked":["Darkness+1","Compile Driver","Streamline"],"picked":"SKIP","floor":41.0},{"not_picked":["Madness","Cold Snap","Evaluate"],"picked":"SKIP","floor":44.0},{"not_picked":["Impatience","Good Instincts"],"picked":"Transmutation","floor":47.0},{"not_picked":["Good Instincts","Enlightenment"],"picked":"Purity","floor":47.0},{"not_picked":["Forethought","Dramatic Entrance"],"picked":"Impatience","floor":47.0},{"not_picked":["Flex","Consecrate+1","Dagger Spray"],"picked":"SKIP","floor":48.0},{"not_picked":["Tempest","Go for the Eyes","Devotion"],"picked":"SKIP","floor":55.0}],"player_experience":4563687,"relics_obtained":[{"floor":6.0,"key":"Oddly Smooth Stone"},{"floor":9.0,"key":"Potion Belt"},{"floor":12.0,"key":"Juzu Bracelet"},{"floor":23.0,"key":"Regal Pillow"},{"floor":27.0,"key":"Orichalcum"},{"floor":30.0,"key":"Vajra"},{"floor":43.0,"key":"Shuriken"},{"floor":44.0,"key":"Toy Ornithopter"},{"floor":55.0,"key":"Centennial Puzzle"}],"event_choices":[{"damage_healed":0.0,"max_hp_gain":0.0,"max_hp_loss":0.0,"gold_gain":0.0,"event_name":"Upgrade Shrine","player_choice":"Upgraded","floor":3.0,"gold_loss":0.0,"damage_taken":0.0,"cards_upgraded":["Immolate"]},{"damage_healed":0.0,"max_hp_gain":5.0,"max_hp_loss":0.0,"gold_gain":0.0,"event_name":"Big Fish","player_choice":"Donut","floor":13.0,"gold_loss":0.0,"damage_taken":0.0},{"damage_healed":0.0,"max_hp_gain":0.0,"max_hp_loss":0.0,"gold_gain":0.0,"event_name":"Ghosts","player_choice":"Ignored","floor":22.0,"gold_loss":0.0,"damage_taken":0.0},{"damage_healed":0.0,"max_hp_gain":0.0,"max_hp_loss":0.0,"gold_gain":0.0,"event_name":"Addict","player_choice":"Obtained Relic","floor":29.0,"gold_loss":85.0,"damage_taken":0.0,"relics_obtained":["Pen Nib"]},{"damage_healed":0.0,"max_hp_gain":0.0,"max_hp_loss":0.0,"gold_gain":0.0,"event_name":"Tomb of Lord Red Mask","player_choice":"Ignored","floor":36.0,"gold_loss":0.0,"damage_taken":0.0},{"cards_removed":["Combust"],"damage_healed":0.0,"max_hp_gain":0.0,"max_hp_loss":0.0,"gold_gain":0.0,"event_name":"Falling","player_choice":"Removed Power","floor":37.0,"gold_loss":0.0,"damage_taken":0.0},{"damage_healed":0.0,"max_hp_gain":0.0,"max_hp_loss":0.0,"gold_gain":0.0,"event_name":"Winding Halls","player_choice":"Embrace Madness","floor":42.0,"gold_loss":0.0,"damage_taken":16.0,"cards_obtained":["Madness","Madness"]},{"damage_healed":0.0,"max_hp_gain":0.0,"max_hp_loss":0.0,"gold_gain":0.0,"event_name":"SensoryStone","player_choice":"Memory 3","floor":47.0,"gold_loss":0.0,"damage_taken":10.0}],"is_beta":false,"boss_relics":[{"not_picked":["Velvet Choker","Tiny House"],"picked":"Mark of Pain"},{"not_picked":["Philosopher\u0027s Stone","Coffee Dripper"],"picked":"Astrolabe"}],"items_purged_floors":[5,11,21,25,38,45,46],"is_endless":false,"potions_floor_spawned":[8,10,14,19,27,30,33,44,48,55],"ascension_level":20}}