{"host":"e1li3exkvrfyv5jm","time":1613627583,"event":{"mods":["2.2 Compatiblity","A Magickal Journey","AchievementEnabler","Aspiration","BaseMod","Beaked The Cultist","Better Note","BetterRewards","CapriCore","Challenge The Spire","Colored Map","Colored Powertips","Downfall","Duelist Mod","GifTheSpireLib","Gremlin Mod","Hermit","Jorbs\u0027s Wanderer Trilogy","Koishi","Marisa????????","Melee Mod","Minty Spire (QoL Compilation)","Nova Terra(??·??)","Pikachu Mod","QueenMod","READ ME - Guardian Mod","READ ME - Snecko Mod","Rare Cards Sparkle","Relic Stats","Replay The Spire","Shop Mod","Somnambulant","Spikes Relics","StSLib","SuperFastMode","The Blackbeard","The Bladedancer","The Bug Knight","The Construct","The Cursed","The Death Knight","The Disciple","The Druid","The Elementalist","The Forsaken","The Gatherer","The Hayseed","The Hierophant","The Immortal","The Judge","The Jungle","The Necromancer","The Runesmith","The Saiyan","The Servant 0.9.4","The Showman","The Spell Scribe","The Vixen","TheFirefly","TheHeartMod","TheVacant","Warlord Emblem"],"gold_per_floor":[117,117,48,59,73,108,108,135,162,162,194,205,221,238,238,341,341,314,28,28,42,59,59,78,94,94,94,94],"floor_reached":27,"language":"ENG","playtime":2777,"items_purged":[],"score":369,"play_id":"0226ff9a-a138-4bd9-b311-f669cf404213","local_time":"20210218005303","is_ascension_mode":true,"campfire_choices":[{"data":"DeathKnight:Hysteria","floor":7,"key":"SMITH"},{"floor":10,"key":"REST"},{"floor":15,"key":"REST"},{"data":"DeathKnight:Contagion","floor":23,"key":"SMITH"}],"circlet_count":0,"master_deck":["DeathKnight:Strike_DeathKnight","DeathKnight:Strike_DeathKnight","DeathKnight:Strike_DeathKnight","DeathKnight:Strike_DeathKnight","DeathKnight:Strike_DeathKnight","DeathKnight:Defend_DeathKnight","DeathKnight:Defend_DeathKnight","DeathKnight:Defend_DeathKnight","DeathKnight:Defend_DeathKnight","DeathKnight:Defend_DeathKnight","DeathKnight:RuneTap","DeathKnight:RuneStrike","DeathKnight:Hysteria+1","DeathKnight:DeathGrip","DeathKnight:HowlingBlast","DeathKnight:IceboundArmor","DeathKnight:Hemostasis","DeathKnight:MindFreeze","DeathKnight:Hysteria","DeathKnight:Parry","DeathKnight:HornOfWinter","DeathKnight:Defile","AbeCurse","DeathKnight:IcyTouch","DeathKnight:Contagion+1","DeathKnight:Obliterate","theDuelist:CurseDarkness","DeathKnight:DeathRune","DeathKnight:Defile","DeathKnight:BloodStrike"],"relics":["DeathKnight:BrokenRuneblade","aspiration:BabyByrd","Anchor","Lantern","SnailShell","DeathKnight:LanathelsBloodyNail","Replay:Grab Bag","Replay:Bronze Core","Abe\u0027s Treasure","aspiration:MobileForge","Replay:Ringing Soul","GiantMaggot"],"acts_visited":["Exordium","TheCity"],"potions_floor_usage":[6,8,24,24,24],"damage_taken":[{"damage":3,"enemies":"2 Louse","floor":1,"turns":2},{"damage":5,"enemies":"Cultist","floor":4,"turns":4},{"damage":0,"enemies":"Small Slimes","floor":5,"turns":2},{"damage":10,"enemies":"Lagavulin","floor":6,"turns":6},{"damage":14,"enemies":"3 Sentries","floor":8,"turns":7},{"damage":23,"enemies":"Gremlin Nob","floor":11,"turns":6},{"damage":0,"enemies":"Gremlin Gang","floor":12,"turns":3},{"damage":12,"enemies":"Large Slime","floor":13,"turns":8},{"damage":0,"enemies":"Looter","floor":14,"turns":4},{"damage":2,"enemies":"Fading Forest","floor":16,"turns":11},{"damage":2,"enemies":"2 Thieves","floor":18,"turns":6},{"damage":3,"enemies":"Spheric Guardian","floor":21,"turns":1},{"damage":18,"enemies":"Centurion and Healer","floor":22,"turns":6},{"damage":19,"enemies":"Snecko","floor":24,"turns":6},{"damage":30,"enemies":"3 Cultists","floor":25,"turns":7},{"damage":25,"enemies":"Snake Plant","floor":27,"turns":3}],"seed_played":"2397735762685909098","potions_obtained":[{"floor":4,"key":"DistilledChaos"},{"floor":6,"key":"Energy Potion"},{"floor":11,"key":"Dexterity Potion"},{"floor":14,"key":"sneckomod:MuddlingPotion"},{"floor":18,"key":"Flashbang"}],"is_trial":false,"path_per_floor":["M","?","$","M","M","E","R","E","T","R","E","M","M","M","R","B",null,"M","$","?","M","M","R","M","M","T","M"],"character_chosen":"DEATH_KNIGHT","items_purchased":["DeathKnight:Hysteria","DeathKnight:DeathGrip","DeathKnight:Contagion","Replay:Ringing Soul"],"campfire_rested":2,"item_purchase_floors":[3,3,19,19],"current_hp_per_floor":[79,79,79,74,74,64,64,50,50,74,51,51,39,39,63,69,82,80,80,83,83,68,68,52,22,22,0,0],"gold":94,"neow_bonus":"TEN_PERCENT_HP_BONUS","is_daily":false,"chose_seed":false,"campfire_upgraded":2,"win_rate":0.0,"timestamp":1613627583,"path_taken":["M","?","$","M","M","E","R","E","T","R","E","M","M","M","R","BOSS","M","$","?","M","?","R","M","M","T","M"],"items_purchased_type":["Card","Card","Card","Relic"],"build_version":"2020-12-22","purchased_purges":0,"victory":false,"max_hp_per_floor":[82,82,82,82,82,82,82,82,82,82,82,82,82,82,82,82,82,82,82,85,88,91,91,94,94,94,94,94],"relic_stats":{"counters":[16,82],"obtain_stats":[{"DeathKnight:LanathelsBloodyNail":11,"Replay:Ringing Soul":19,"Anchor":6,"Lantern":8,"SnailShell":9,"aspiration:BabyByrd":2,"aspiration:MobileForge":17,"GiantMaggot":26,"Replay:Grab Bag":17,"Replay:Bronze Core":17,"DeathKnight:BrokenRuneblade":0,"Abe\u0027s Treasure":17},{"DeathKnight:LanathelsBloodyNail":6,"Replay:Ringing Soul":11,"Anchor":4,"Lantern":5,"SnailShell":5,"aspiration:BabyByrd":1,"aspiration:MobileForge":10,"GiantMaggot":15,"Replay:Grab Bag":10,"Replay:Bronze Core":10,"DeathKnight:BrokenRuneblade":0,"Abe\u0027s Treasure":10},{"DeathKnight:LanathelsBloodyNail":27,"Replay:Ringing Soul":59,"Anchor":14,"Lantern":21,"SnailShell":21,"aspiration:BabyByrd":2,"aspiration:MobileForge":53,"GiantMaggot":79,"Replay:Grab Bag":53,"Replay:Bronze Core":53,"DeathKnight:BrokenRuneblade":0,"Abe\u0027s Treasure":53}]},"card_choices":[{"not_picked":["DeathKnight:PillarOfFrost","DeathKnight:UnholyPresence","DeathKnight:UnholyAssault"],"picked":"SKIP","floor":1},{"not_picked":["DeathKnight:Ossuary","DeathKnight:DeathsAdvance"],"picked":"DeathKnight:HowlingBlast","floor":4},{"not_picked":["DeathKnight:HartStrike","DeathKnight:BloodBoil"],"picked":"DeathKnight:IceboundArmor","floor":5},{"not_picked":["DeathKnight:Culling","DeathKnight:Obliterate"],"picked":"DeathKnight:Hemostasis","floor":6},{"not_picked":["DeathKnight:BoneSpear","DeathKnight:Culling"],"picked":"DeathKnight:MindFreeze","floor":8},{"not_picked":["DeathKnight:RaiseAlly","DeathKnight:HartStrike"],"picked":"DeathKnight:Hysteria","floor":11},{"not_picked":["DeathKnight:BoneSpear","DeathKnight:PlagueStrike"],"picked":"DeathKnight:Parry","floor":12},{"not_picked":["DeathKnight:Culling","DeathKnight:UnholyPresence","DeathKnight:RunicCorruption"],"picked":"SKIP","floor":13},{"not_picked":["DeathKnight:Parry","DeathKnight:DreadStrike"],"picked":"DeathKnight:HornOfWinter","floor":14},{"not_picked":["DeathKnight:Outbreak","DeathKnight:Razorice"],"picked":"DeathKnight:Defile","floor":16},{"not_picked":["DeathKnight:Culling","DeathKnight:DeathCoil"],"picked":"DeathKnight:IcyTouch","floor":18},{"not_picked":["DeathKnight:RaiseAlly","DeathKnight:MutagenicPlague+1"],"picked":"DeathKnight:DeathRune","floor":21},{"not_picked":["DeathKnight:UnholyFrenzy+1","DeathKnight:PillarOfFrost+1"],"picked":"DeathKnight:Defile","floor":22},{"not_picked":["DeathKnight:UnholyPresence+1","DeathKnight:DeathCoil"],"picked":"DeathKnight:BloodStrike","floor":24},{"not_picked":["DeathKnight:PlagueStrike","DeathKnight:BoneSpear","DeathKnight:RunicCorruption"],"picked":"SKIP","floor":25}],"player_experience":372648,"relics_obtained":[{"floor":6,"key":"Anchor"},{"floor":8,"key":"Lantern"},{"floor":9,"key":"SnailShell"},{"floor":11,"key":"DeathKnight:LanathelsBloodyNail"},{"floor":26,"key":"GiantMaggot"}],"event_choices":[{"damage_healed":0,"gold_gain":0,"player_choice":"2 cards matched","damage_taken":0,"max_hp_gain":0,"max_hp_loss":0,"event_name":"Match and Keep!","floor":20,"gold_loss":0,"cards_obtained":["DeathKnight:Obliterate","theDuelist:CurseDarkness"]}],"is_beta":false,"boss_relics":[{"not_picked":["Snecko Heart","aspiration:FutureDiary"],"picked":"Replay:Grab Bag"},{"not_picked":["Ectoplasm","beaked:MawFillet"],"picked":"Replay:Bronze Core"},{"not_picked":["ReplayTheSpireMod:Onyx Gauntlets","bronze:MakeshiftBattery"],"picked":"Abe\u0027s Treasure"},{"not_picked":["aspiration:PoetsPen_weak","aspiration:WatcherSkillbook"],"picked":"aspiration:MobileForge"}],"items_purged_floors":[],"is_endless":false,"potions_floor_spawned":[4,6,11,14,18,21],"killed_by":"Snake Plant","ascension_level":4}}