{"host":"17aj8307sanlevtk","time":1613668241,"event":{"mods":["BaseMod","Colored Map","Colored Powertips","Conspire","Infinite Spire","Lobotomy","Marked Mod","Minty Spire (QoL Compilation)","Relic Stats","Replay The Spire","StSLib"],"gold_per_floor":[116,135,135,148,168,168,168,168,168,207,207,207,207,51,51,170,170,195,218,256,256,256],"floor_reached":21,"language":"ENG","playtime":551,"items_purged":[],"score":288,"play_id":"92c4fe90-2580-45da-9d75-eb05f348abec","local_time":"20210218111041","is_ascension_mode":true,"campfire_choices":[{"data":"Demon Form","floor":6,"key":"SMITH"},{"data":"Massacre","floor":8,"key":"SMITH"},{"data":"Run Through","floor":12,"key":"SMITH"},{"data":"Double Tap","floor":15,"key":"SMITH"}],"circlet_count":0,"master_deck":["conspire:GhostlyStrike","conspire:GhostlyStrike","conspire:GhostlyStrike","conspire:GhostlyStrike","conspire:GhostlyDefend","conspire:GhostlyDefend","conspire:GhostlyDefend","conspire:GhostlyDefend","Bash","QueenBee","Shrug It Off","CrumblingArmor","Demon Form+1","GreedKing","Run Through+1","Massacre+1","Double Tap+1","Corruption","BeautyBeast"],"relics":["Burning Blood","CogitoBucket","Golden Idol","Eternal Feather","ReplayTheSpireMod:Spearhead","Mirror","Painkiller Herb","Red Mask"],"acts_visited":["Exordium","TheCity"],"potions_floor_usage":[],"damage_taken":[{"damage":6,"enemies":"Cultist","floor":1,"turns":4},{"damage":0,"enemies":"Small Slimes","floor":2,"turns":3},{"damage":0,"enemies":"2 Louse","floor":4,"turns":1},{"damage":12,"enemies":"Looter","floor":5,"turns":3},{"damage":0,"enemies":"Lagavulin","floor":10,"turns":4},{"damage":63,"enemies":"Hexaghost","floor":16,"turns":5},{"damage":11,"enemies":"Spheric Guardian","floor":18,"turns":4},{"damage":10,"enemies":"2 Thieves","floor":19,"turns":2},{"damage":63,"enemies":"Masked Bandits","floor":20,"turns":4},{"damage":11,"enemies":"3 Cultists","floor":21,"turns":2}],"seed_played":"959300827902791299","potions_obtained":[{"floor":2,"key":"Languid Potion"},{"floor":5,"key":"Elixir"},{"floor":10,"key":"Ancient Potion"}],"is_trial":false,"path_per_floor":["M","M","?","M","M","R","?","R","T","E","?","R","T","$","R","B",null,"?","?","?","?"],"character_chosen":"IRONCLAD","items_purchased":["Double Tap"],"campfire_rested":0,"item_purchase_floors":[14],"current_hp_per_floor":[80,80,74,74,68,68,68,68,68,74,74,74,74,74,74,17,74,69,65,8,0,0],"gold":256,"neow_bonus":"","is_daily":false,"chose_seed":false,"campfire_upgraded":4,"win_rate":0.0,"timestamp":1613668241,"path_taken":["M","?","?","M","M","R","?","R","T","E","?","R","?","?","R","BOSS","?","?","?","?"],"items_purchased_type":["Card"],"build_version":"2020-12-22","purchased_purges":0,"victory":false,"max_hp_per_floor":[80,80,74,74,74,74,74,74,74,74,74,74,74,74,74,74,74,74,74,74,74,74],"relic_stats":{"counters":[11,33],"Golden Idol":57,"Eternal Feather":0,"obtain_stats":[{"CogitoBucket":0,"ReplayTheSpireMod:Spearhead":10,"Golden Idol":3,"Eternal Feather":9,"Painkiller Herb":17,"Red Mask":20,"Mirror":13,"Burning Blood":0},{"CogitoBucket":0,"ReplayTheSpireMod:Spearhead":5,"Golden Idol":2,"Eternal Feather":4,"Painkiller Herb":6,"Red Mask":10,"Mirror":5,"Burning Blood":0},{"CogitoBucket":0,"ReplayTheSpireMod:Spearhead":15,"Golden Idol":7,"Eternal Feather":11,"Painkiller Herb":20,"Red Mask":31,"Mirror":15,"Burning Blood":0}],"Burning Blood":42},"card_choices":[{"not_picked":["BeautyBeast","Bloodbath"],"picked":"QueenBee","floor":1},{"not_picked":["Second Wind","Warcry"],"picked":"Shrug It Off","floor":1},{"not_picked":["PunishingBird","Wellcheers"],"picked":"CrumblingArmor","floor":2},{"not_picked":["Sentinel","Infernal Blade"],"picked":"Demon Form","floor":2},{"not_picked":["Funeral","OSAHOGD"],"picked":"GreedKing","floor":4},{"not_picked":["Clash","Shrug It Off"],"picked":"Run Through","floor":4},{"not_picked":["Fire Breathing","Searing Blow"],"picked":"Massacre","floor":5},{"not_picked":["Shrug It Off","ReplayTheSpireMod:Corrosion Curse","ReplayTheSpireMod:Strike From Hell"],"picked":"SKIP","floor":10},{"not_picked":["Offering","Juggernaut"],"picked":"Corruption","floor":16},{"not_picked":["Run Through","Fire Breathing","Searing Blow"],"picked":"SKIP","floor":18},{"not_picked":["Wellcheers","OSAHOGD"],"picked":"BeautyBeast","floor":19},{"not_picked":["Brutality","Iron Wave","Anger"],"picked":"SKIP","floor":19},{"not_picked":["Brutality","Iron Wave","Anger"],"picked":"SKIP","floor":19}],"player_experience":580778,"relics_obtained":[{"floor":9,"key":"Eternal Feather"},{"floor":10,"key":"ReplayTheSpireMod:Spearhead"},{"floor":13,"key":"Mirror"},{"floor":20,"key":"Red Mask"}],"event_choices":[{"damage_healed":0,"gold_gain":0,"player_choice":"Lose Max HP","damage_taken":0,"relics_obtained":["Golden Idol"],"max_hp_gain":0,"max_hp_loss":6,"event_name":"Golden Idol","floor":3,"gold_loss":0},{"damage_healed":0,"gold_gain":0,"player_choice":"Agree","damage_taken":0,"max_hp_gain":0,"max_hp_loss":0,"event_name":"conspire:LoneGhost","floor":11,"gold_loss":0},{"damage_healed":0,"gold_gain":0,"player_choice":"Fought Bandits","damage_taken":0,"max_hp_gain":0,"max_hp_loss":0,"event_name":"Masked Bandits","floor":20,"gold_loss":0}],"is_beta":false,"boss_relics":[{"not_picked":["Runic Dome","Black Star"],"picked":"Painkiller Herb"}],"items_purged_floors":[],"is_endless":false,"potions_floor_spawned":[2,5,10,18,19,20],"killed_by":"3 Cultists","ascension_level":1}}