{"host":"qy1e0kd24tpj3i2m","time":1613650521,"event":{"mods":["Act Like it!","BaseMod","Better Skull","Better Vampires","Colored Map","Colored Powertips","Curses Come First","Custom Start","Displayed Cursed Tome","Extra Virgin Snecko Oil","Faster Ascension Climbing","Friendly Minions","GifTheSpireLib","Gremlin Skip","Highlight Path","Minty Spire (QoL Compilation)","Permanent Neow","Poor People Problems","Quick Restart","Red Circlet Mod","Relic Filter Mod","Relic Sorter","Reorder Act Four","SacredBarkPlus","Shop Mod","StSLib","SuperFastMode","Transform Curses","没有小屋子和绿帽子啦"],"gold_per_floor":[111,111,8,8,24,24,42,55,55,55,55,80,30,50,50,121,121,137,172,189,189,204,204,238,238,238,251,251,121,121,134,134,134,134],"floor_reached":33,"language":"ZHS","playtime":1870,"items_purged":["Strike_B","Strike_B","Strike_B"],"score":530,"play_id":"f60b9ebd-4cda-448e-8fce-1ffb4268b471","local_time":"20210218211521","is_ascension_mode":true,"campfire_choices":[{"data":"Beam Cell","floor":6.0,"key":"SMITH"},{"data":"Conserve Battery","floor":10.0,"key":"SMITH"},{"data":"Self Repair","floor":15.0,"key":"SMITH"},{"data":"Reinforced Body","floor":23.0,"key":"SMITH"},{"floor":25.0,"key":"REST"},{"data":"Reinforced Body","floor":32,"key":"SMITH"}],"circlet_count":0,"master_deck":["AscendersBane","Strike_B","Defend_B","Defend_B","Skim+1","Loop+1","All For One+1","Beam Cell+1","Gash","Conserve Battery+1","BootSequence","Self Repair+1","Core Surge","Reinforced Body+1","Reprogram+1","Reinforced Body+1","Streamline","Go for the Eyes","Melter","Reinforced Body+1"],"relics":["Mango","Turnip","Smiling Mask","Sozu","Red Mask","Omamori","Mummified Hand","Nloth\u0027s Gift"],"acts_visited":["Exordium","TheCity"],"potions_floor_usage":[],"damage_taken":[{"damage":3.0,"enemies":"2 Louse","floor":1.0,"turns":3.0},{"damage":0.0,"enemies":"Cultist","floor":5.0,"turns":3.0},{"damage":0.0,"enemies":"Small Slimes","floor":7.0,"turns":2.0},{"damage":7.0,"enemies":"Looter","floor":8.0,"turns":3.0},{"damage":15.0,"enemies":"Lagavulin","floor":12.0,"turns":5.0},{"damage":0.0,"enemies":"Gremlin Gang","floor":14.0,"turns":4.0},{"damage":11.0,"enemies":"The Guardian","floor":16.0,"turns":9.0},{"damage":13.0,"enemies":"Shell Parasite","floor":18.0,"turns":4.0},{"damage":14.0,"enemies":"Masked Bandits","floor":19.0,"turns":4.0},{"damage":32.0,"enemies":"3 Byrds","floor":20.0,"turns":6.0},{"damage":4.0,"enemies":"Centurion and Healer","floor":22.0,"turns":4.0},{"damage":21.0,"enemies":"Book of Stabbing","floor":24.0,"turns":5.0},{"damage":22.0,"enemies":"Snecko","floor":27.0,"turns":8.0},{"damage":29,"enemies":"Cultist and Chosen","floor":31,"turns":6},{"damage":36,"enemies":"Automaton","floor":33,"turns":12}],"seed_played":"1243011196625319004","potions_obtained":[{"floor":1.0,"key":"PowerPotion"},{"floor":14.0,"key":"Swift Potion"},{"floor":16.0,"key":"Explosive Potion"}],"is_trial":false,"path_per_floor":["M","?","$","?","M","R","M","M","T","R","$","E","$","M","R","B",null,"M","?","M","?","M","R","E","R","T","M","?","$","?","M","R","B"],"character_chosen":"DEFECT","items_purchased":["Beam Cell","Melter"],"campfire_rested":1,"item_purchase_floors":[3,29],"current_hp_per_floor":[61,61,61,75,75,75,75,68,68,68,68,53,53,53,53,52,77,74,70,48,48,54,54,33,58,58,46,46,46,46,27,27,0,0],"gold":134,"neow_bonus":"BOSS_RELIC","is_daily":false,"chose_seed":false,"campfire_upgraded":5,"win_rate":0.0,"timestamp":1613650521,"path_taken":["M","?","$","?","M","R","?","M","T","R","$","E","$","M","R","BOSS","M","?","M","?","?","R","E","R","T","M","?","$","?","M","R","BOSS"],"items_purchased_type":["Card","Card"],"build_version":"2020-12-22","purchased_purges":3,"victory":false,"max_hp_per_floor":[71,71,71,85,85,85,85,85,85,85,85,85,85,85,85,85,85,85,85,85,85,85,85,85,85,85,85,85,85,85,85,85,85,85],"card_choices":[{"not_picked":["Defragment","Steam","Rebound"],"picked":"SKIP","floor":1.0},{"not_picked":["Reinforced Body","Conserve Battery"],"picked":"Gash","floor":5.0},{"not_picked":["Steam","Steam Power","Storm"],"picked":"SKIP","floor":7.0},{"not_picked":["Loop","Steam Power"],"picked":"Conserve Battery","floor":8.0},{"not_picked":["Go for the Eyes","White Noise"],"picked":"BootSequence","floor":12.0},{"not_picked":["Barrage","Undo"],"picked":"Self Repair","floor":14.0},{"not_picked":["Meteor Strike","Seek"],"picked":"Core Surge","floor":16.0},{"not_picked":["Rebound","Steam"],"picked":"Reinforced Body","floor":18.0},{"not_picked":["Stack","Compile Driver"],"picked":"Reprogram+1","floor":19.0},{"not_picked":["Compile Driver","Rip and Tear","Recycle"],"picked":"SKIP","floor":20.0},{"not_picked":["Blizzard","Conserve Battery"],"picked":"Reinforced Body+1","floor":22.0},{"not_picked":["Recycle","Steam"],"picked":"Streamline","floor":24.0},{"not_picked":["Storm","Turbo"],"picked":"Go for the Eyes","floor":27.0},{"not_picked":["Force Field","Darkness"],"picked":"Reinforced Body","floor":31}],"player_experience":906572,"relics_obtained":[{"floor":4.0,"key":"Mango"},{"floor":9.0,"key":"Turnip"},{"floor":12.0,"key":"Smiling Mask"},{"floor":19.0,"key":"Red Mask"},{"floor":24.0,"key":"Omamori"},{"floor":26.0,"key":"Mummified Hand"}],"event_choices":[{"damage_healed":0.0,"max_hp_gain":0.0,"max_hp_loss":0.0,"gold_gain":0.0,"event_name":"Scrap Ooze","player_choice":"Fled","floor":2.0,"gold_loss":0.0,"damage_taken":0.0},{"damage_healed":0.0,"max_hp_gain":0.0,"max_hp_loss":0.0,"gold_gain":0.0,"event_name":"Wheel of Change","player_choice":"Relic","floor":4.0,"gold_loss":0.0,"damage_taken":0.0},{"damage_healed":0.0,"max_hp_gain":0.0,"max_hp_loss":0.0,"gold_gain":0.0,"event_name":"Masked Bandits","player_choice":"Fought Bandits","floor":19.0,"gold_loss":0.0,"damage_taken":0.0},{"cards_removed":["Defend_B"],"damage_healed":0.0,"max_hp_gain":0.0,"max_hp_loss":0.0,"gold_gain":0.0,"event_name":"Purifier","player_choice":"Purged","floor":21.0,"gold_loss":0.0,"damage_taken":0.0},{"damage_healed":0.0,"max_hp_gain":0.0,"max_hp_loss":0.0,"gold_gain":0.0,"event_name":"Vampires","player_choice":"Ignored","floor":28.0,"gold_loss":0.0,"damage_taken":0.0},{"damage_healed":0.0,"max_hp_gain":0.0,"max_hp_loss":0.0,"gold_gain":0.0,"event_name":"N\u0027loth","player_choice":"Traded Relic","floor":30.0,"relics_lost":["Astrolabe"],"gold_loss":0.0,"damage_taken":0.0,"relics_obtained":["Nloth\u0027s Gift"]}],"is_beta":false,"boss_relics":[{"not_picked":["SacredBark","Velvet Choker"],"picked":"Sozu"}],"items_purged_floors":[3,13,29],"is_endless":false,"potions_floor_spawned":[1,14,16,18,27],"killed_by":"Automaton","ascension_level":20}}