{"host":"wri98rxht4656ll8","time":1613680998,"event":{"mods":["AchievementEnabler","BaseMod","Colored Map","Colored Powertips","Minty Spire (QoL Compilation)","Permanent Neow","StSLib"],"gold_per_floor":[115,115,115,40,52,22,39,52,52,15,32,57,67,82,82,178,178,178,178,178,30,30,30,30,30,30,30,30,30,30,30,30,30,30,30,30,30,30,30,30,30,30,30,30,30,30,30,30,30,30],"floor_reached":51,"language":"ENG","playtime":3505,"items_purged":["Strike_G"],"score":892,"play_id":"5ef0bd9c-df44-4233-9f6d-8141ef1d34c5","local_time":"20210218214318","is_ascension_mode":true,"campfire_choices":[{"floor":15,"key":"REST"},{"data":"Catalyst","floor":23,"key":"SMITH"},{"floor":27,"key":"REST"},{"floor":32,"key":"REST"},{"floor":40,"key":"REST"},{"floor":42,"key":"REST"},{"floor":44,"key":"REST"},{"data":"Noxious Fumes","floor":49,"key":"SMITH"}],"circlet_count":0,"master_deck":["Strike_G+1","Strike_G+1","Strike_G","Strike_G","Defend_G","Defend_G","Defend_G","Defend_G","Defend_G","Survivor","Neutralize","Bouncing Flask","Flying Knee","Noxious Fumes+1","Leg Sweep","Poisoned Stab","Caltrops","Deadly Poison","Catalyst+1","Leg Sweep","Catalyst+1","Adrenaline","Noxious Fumes","Blur+1","Dash","Writhe"],"relics":["Ring of the Snake","Incense Burner","Pear","Bottled Tornado","Ectoplasm","Lantern","Mummified Hand","Mango","Vajra","Velvet Choker","Nunchaku","Blood Vial","Lizard Tail","Regal Pillow"],"acts_visited":["Exordium","TheCity","TheBeyond"],"potions_floor_usage":[16,16,24,29,31,33,33,38,41,46,50],"damage_taken":[{"damage":4,"enemies":"Small Slimes","floor":1,"turns":3},{"damage":0,"enemies":"2 Louse","floor":5,"turns":3},{"damage":0,"enemies":"Cultist","floor":7,"turns":3},{"damage":1,"enemies":"3 Louse","floor":8,"turns":3},{"damage":2,"enemies":"2 Fungi Beasts","floor":11,"turns":3},{"damage":9,"enemies":"Lagavulin","floor":12,"turns":6},{"damage":18,"enemies":"Lots of Slimes","floor":13,"turns":5},{"damage":1,"enemies":"Blue Slaver","floor":14,"turns":3},{"damage":26,"enemies":"The Guardian","floor":16,"turns":9},{"damage":24,"enemies":"3 Byrds","floor":18,"turns":5},{"damage":12,"enemies":"Chosen","floor":22,"turns":4},{"damage":15,"enemies":"3 Cultists","floor":24,"turns":5},{"damage":12,"enemies":"Cultist and Chosen","floor":28,"turns":6},{"damage":37,"enemies":"Slavers","floor":29,"turns":6},{"damage":17,"enemies":"Gremlin Leader","floor":31,"turns":5},{"damage":18,"enemies":"Champ","floor":33,"turns":9},{"damage":1,"enemies":"Orb Walker","floor":35,"turns":3},{"damage":29,"enemies":"3 Darklings","floor":38,"turns":7},{"damage":43,"enemies":"Jaw Worm Horde","floor":39,"turns":4},{"damage":42,"enemies":"Reptomancer","floor":41,"turns":8},{"damage":28,"enemies":"Mind Bloom Boss Battle","floor":45,"turns":5},{"damage":0,"enemies":"Giant Head","floor":46,"turns":4},{"damage":106,"enemies":"Awakened One","floor":50,"turns":15}],"seed_played":"-1209799740247723146","potions_obtained":[{"floor":1,"key":"DistilledChaos"},{"floor":6,"key":"Strength Potion"},{"floor":6,"key":"ColorlessPotion"},{"floor":8,"key":"Strength Potion"},{"floor":11,"key":"Energy Potion"},{"floor":14,"key":"Dexterity Potion"},{"floor":24,"key":"Ancient Potion"},{"floor":28,"key":"Strength Potion"},{"floor":29,"key":"FearPotion"},{"floor":31,"key":"Ancient Potion"},{"floor":33,"key":"DuplicationPotion"},{"floor":35,"key":"ColorlessPotion"},{"floor":38,"key":"PowerPotion"},{"floor":45,"key":"LiquidBronze"}],"is_trial":false,"path_per_floor":["M","?","?","$","M","?","M","M","T","$","M","E","M","M","R","B",null,"M","$","?","$","M","R","M","?","T","R","M","E","?","E","R","B",null,"M","$","$","M","M","R","E","R","T","R","?","E","?","?","R","B",null],"character_chosen":"THE_SILENT","items_purchased":["Leg Sweep","Lantern"],"campfire_rested":6,"item_purchase_floors":[10,21],"current_hp_per_floor":[66,52,40,40,40,40,40,39,49,49,47,38,20,19,43,17,80,56,56,56,56,44,44,29,29,29,53,41,18,18,1,29,11,94,93,93,93,64,21,49,7,35,35,63,37,39,63,104,104,52],"gold":30,"neow_bonus":"THREE_CARDS","is_daily":false,"chose_seed":false,"campfire_upgraded":2,"win_rate":0.0,"timestamp":1613680998,"path_taken":["M","?","?","$","M","?","M","?","T","$","M","E","M","M","R","BOSS","M","$","?","$","M","R","M","?","T","R","M","E","?","E","R","BOSS","M","?","$","?","M","R","E","R","T","R","?","E","?","?","R","BOSS"],"items_purchased_type":["Card","Relic"],"build_version":"2020-12-22","purchased_purges":1,"victory":true,"max_hp_per_floor":[70,70,70,70,70,70,70,70,80,80,80,80,80,80,80,80,80,80,80,80,80,80,80,80,80,80,80,80,94,94,94,94,94,94,94,94,94,94,94,94,94,94,94,94,94,94,94,104,104,104],"card_choices":[{"not_picked":["Acrobatics","Flying Knee"],"picked":"Bouncing Flask","floor":0},{"not_picked":["Flechettes","Dagger Spray","Heel Hook"],"picked":"SKIP","floor":1},{"not_picked":["Flying Knee","Riddle With Holes","Deflect"],"picked":"SKIP","floor":5},{"not_picked":["Dagger Spray","Blur"],"picked":"Flying Knee","floor":7},{"not_picked":["Slice","Blade Dance"],"picked":"Noxious Fumes","floor":8},{"not_picked":["Dagger Spray","Prepared"],"picked":"Poisoned Stab","floor":11},{"not_picked":["Predator","Dash"],"picked":"Caltrops","floor":12},{"not_picked":["Flying Knee","Blade Dance","Masterful Stab"],"picked":"SKIP","floor":13},{"not_picked":["Tactician","Endless Agony","Expertise"],"picked":"SKIP","floor":14},{"not_picked":["Poisoned Stab","Endless Agony"],"picked":"Deadly Poison","floor":18},{"not_picked":["Quick Slash+1","Cloak And Dagger+1","Acrobatics"],"picked":"SKIP","floor":22},{"not_picked":["Dagger Spray","PiercingWail+1","Acrobatics"],"picked":"SKIP","floor":24},{"not_picked":["Deflect","Caltrops"],"picked":"Leg Sweep","floor":28},{"not_picked":["Outmaneuver","Heel Hook"],"picked":"Bullet Time","floor":29},{"not_picked":["Blade Dance","Deflect","Acrobatics"],"picked":"SKIP","floor":31},{"not_picked":["Die Die Die","Unload"],"picked":"Adrenaline","floor":33},{"not_picked":["Dagger Throw+1","Cloak And Dagger","Dodge and Roll"],"picked":"SKIP","floor":35},{"not_picked":["Outmaneuver+1","Dodge and Roll","Deflect"],"picked":"SKIP","floor":38},{"not_picked":["Calculated Gamble","PiercingWail+1"],"picked":"Noxious Fumes","floor":39},{"not_picked":["Accuracy","Deflect+1","Cloak And Dagger"],"picked":"SKIP","floor":41},{"not_picked":["Acrobatics+1","Finisher"],"picked":"Blur+1","floor":45},{"not_picked":["Finisher","Prepared+1"],"picked":"Dash","floor":46}],"player_experience":226568,"relics_obtained":[{"floor":9,"key":"Pear"},{"floor":12,"key":"Bottled Tornado"},{"floor":26,"key":"Mummified Hand"},{"floor":29,"key":"Mango"},{"floor":31,"key":"Vajra"},{"floor":41,"key":"Nunchaku"},{"floor":43,"key":"Blood Vial"},{"floor":45,"key":"Lizard Tail"},{"floor":46,"key":"Regal Pillow"}],"event_choices":[{"damage_healed":0,"gold_gain":0,"player_choice":"Entered Light","damage_taken":14,"max_hp_gain":0,"max_hp_loss":0,"event_name":"Shining Light","floor":2,"gold_loss":0,"cards_upgraded":["Strike_G","Strike_G"]},{"damage_healed":0,"gold_gain":0,"player_choice":"Success","damage_taken":12,"relics_obtained":["Incense Burner"],"max_hp_gain":0,"max_hp_loss":0,"event_name":"Scrap Ooze","floor":3,"gold_loss":0},{"damage_healed":0,"gold_gain":0,"player_choice":"Bought 2 Potions","damage_taken":0,"max_hp_gain":0,"max_hp_loss":0,"event_name":"The Woman in Blue","floor":6,"gold_loss":0},{"damage_healed":0,"gold_gain":0,"player_choice":"Read","damage_taken":0,"max_hp_gain":0,"max_hp_loss":0,"event_name":"The Library","floor":20,"gold_loss":0,"cards_obtained":["Catalyst"]},{"damage_healed":0,"gold_gain":0,"player_choice":"Ignored","damage_taken":0,"max_hp_gain":0,"max_hp_loss":0,"event_name":"Cursed Tome","floor":25,"gold_loss":0},{"damage_healed":0,"gold_gain":0,"player_choice":"Copied","damage_taken":0,"max_hp_gain":0,"max_hp_loss":0,"event_name":"Duplicator","floor":30,"gold_loss":0,"cards_obtained":["Catalyst"]},{"damage_healed":0,"gold_gain":0,"player_choice":"Fight","damage_taken":0,"max_hp_gain":0,"max_hp_loss":0,"event_name":"MindBloom","floor":45,"gold_loss":0},{"damage_healed":24,"gold_gain":0,"player_choice":"Writhe","damage_taken":0,"max_hp_gain":0,"max_hp_loss":0,"event_name":"Winding Halls","floor":47,"gold_loss":0,"cards_obtained":["Writhe"]},{"cards_removed":["Bullet Time"],"damage_healed":31,"gold_gain":0,"player_choice":"Offered Rare","damage_taken":0,"max_hp_gain":10,"max_hp_loss":0,"event_name":"Bonfire Elementals","floor":48,"gold_loss":0}],"is_beta":false,"boss_relics":[{"not_picked":["Runic Dome","SacredBark"],"picked":"Ectoplasm"},{"not_picked":["Black Star","Tiny House"],"picked":"Velvet Choker"}],"items_purged_floors":[4],"is_endless":false,"potions_floor_spawned":[1,8,11,14,24,28,29,31,33,35,38,45],"ascension_level":2}}