{"host":"rantoq7h0pygex6x","time":1613658223,"event":{"mods":["AchievementEnabler","BaseMod","BetterRewards","Minty Spire (QoL Compilation)"],"gold_per_floor":[113,128,128,141,154,154,79,79,79,93,120,120,132,149,149,223,223,241,3,21,21,0,0,0],"floor_reached":23,"language":"ENG","playtime":570,"items_purged":["Strike_R","Strike_R"],"score":586,"play_id":"7be2e820-7536-474a-90fc-82eadba8d900","local_time":"20210218222343","is_ascension_mode":true,"campfire_choices":[{"data":"Uppercut","floor":6.0,"key":"SMITH"},{"data":"Rupture","floor":8.0,"key":"SMITH"},{"floor":15.0,"key":"REST"}],"circlet_count":0,"master_deck":["AscendersBane","Strike_R","Strike_R","Defend_R","Defend_R","Defend_R","Bash","Rupture+1","Pommel Strike","Combust","Dual Wield","Infernal Blade+1","Uppercut+1","Shrug It Off","Iron Wave","Burning Pact","Battle Trance","Offering","Shrug It Off","Rupture","Armaments","Decay"],"relics":["Black Blood","Mango","Singing Bowl","Tiny Chest"],"acts_visited":["Exordium","TheCity"],"potions_floor_usage":[],"damage_taken":[{"damage":2.0,"enemies":"2 Louse","floor":1.0,"turns":3.0},{"damage":12.0,"enemies":"Cultist","floor":2.0,"turns":4.0},{"damage":4.0,"enemies":"Jaw Worm","floor":4.0,"turns":3.0},{"damage":3.0,"enemies":"Looter","floor":5.0,"turns":2.0},{"damage":9.0,"enemies":"2 Fungi Beasts","floor":10.0,"turns":3.0},{"damage":16.0,"enemies":"Lagavulin","floor":11.0,"turns":7.0},{"damage":10.0,"enemies":"Blue Slaver","floor":13.0,"turns":3.0},{"damage":26.0,"enemies":"Exordium Wildlife","floor":14.0,"turns":4.0},{"damage":22.0,"enemies":"Hexaghost","floor":16.0,"turns":7.0},{"damage":46.0,"enemies":"2 Thieves","floor":18.0,"turns":4.0},{"damage":32.0,"enemies":"Shell Parasite","floor":20.0,"turns":7.0},{"damage":35,"enemies":"Gremlin Leader","floor":23,"turns":3}],"seed_played":"-6859945249624198162","potions_obtained":[{"floor":2.0,"key":"Strength Potion"},{"floor":5.0,"key":"ColorlessPotion"},{"floor":16.0,"key":"BlessingOfTheForge"}],"is_trial":false,"path_per_floor":["M","M","?","M","M","R","?","R","T","M","E","?","M","M","R","B",null,"M","$","M","?","?","E"],"character_chosen":"IRONCLAD","items_purchased":["Rupture","Pommel Strike","Rupture","Armaments"],"campfire_rested":1,"item_purchase_floors":[0,0,19,19],"current_hp_per_floor":[63,57,57,59,62,62,62,62,76,73,63,45,41,23,50,34,77,43,43,25,25,25,0,0],"gold":0,"neow_bonus":"","is_daily":false,"chose_seed":false,"campfire_upgraded":2,"win_rate":0.0,"timestamp":1613658223,"path_taken":["M","M","?","?","M","R","?","R","T","M","E","?","M","M","R","BOSS","M","$","M","?","?","E"],"items_purchased_type":["Card","Card","Card","Card"],"build_version":"2020-12-22","purchased_purges":2,"victory":false,"max_hp_per_floor":[75,75,75,75,75,75,75,75,89,89,89,89,89,91,91,91,91,91,91,93,93,93,93,93],"card_choices":[{"not_picked":["Clash","Wild Strike"],"picked":"Dual Wield","floor":1.0},{"not_picked":["Dropkick","Flex"],"picked":"Infernal Blade","floor":2.0},{"not_picked":["Pummel","Heavy Blade"],"picked":"Uppercut","floor":4.0},{"not_picked":["Thunderclap","Evolve"],"picked":"Shrug It Off","floor":5.0},{"not_picked":["Fire Breathing","Berserk"],"picked":"Iron Wave","floor":10.0},{"not_picked":["Pummel","Warcry"],"picked":"Burning Pact","floor":11.0},{"not_picked":["Reckless Charge","True Grit"],"picked":"Battle Trance","floor":13.0},{"not_picked":["Sword Boomerang","Dual Wield","Flex"],"picked":"Singing Bowl","floor":14.0},{"not_picked":["Bludgeon","Corruption"],"picked":"Offering","floor":16.0},{"not_picked":["Cleave","Headbutt"],"picked":"Shrug It Off","floor":18.0},{"not_picked":["Headbutt","Warcry","Pommel Strike"],"picked":"Singing Bowl","floor":20.0}],"player_experience":1000536,"relics_obtained":[{"floor":9.0,"key":"Mango"},{"floor":11.0,"key":"Singing Bowl"}],"event_choices":[{"damage_healed":0.0,"max_hp_gain":0.0,"max_hp_loss":0.0,"gold_gain":0.0,"event_name":"Accursed Blacksmith","player_choice":"Forge","floor":3.0,"gold_loss":0.0,"damage_taken":0.0,"cards_upgraded":["Infernal Blade"]},{"cards_removed":["Strike_R"],"damage_healed":0.0,"max_hp_gain":0.0,"max_hp_loss":0.0,"gold_gain":0.0,"event_name":"The Cleric","player_choice":"Card Removal","floor":7.0,"gold_loss":75.0,"damage_taken":0.0},{"damage_healed":0.0,"max_hp_gain":0.0,"max_hp_loss":0.0,"gold_gain":0.0,"event_name":"Scrap Ooze","player_choice":"Success","floor":12.0,"gold_loss":0.0,"damage_taken":18.0,"relics_obtained":["Tiny Chest"]},{"damage_healed":0.0,"max_hp_gain":0.0,"max_hp_loss":0.0,"gold_gain":0.0,"event_name":"Forgotten Altar","player_choice":"Smashed Altar","floor":21.0,"gold_loss":0.0,"damage_taken":0.0,"cards_obtained":["Decay"]},{"damage_healed":0.0,"max_hp_gain":0.0,"max_hp_loss":0.0,"gold_gain":0.0,"event_name":"Masked Bandits","player_choice":"Paid Fearfully","floor":22.0,"gold_loss":21.0,"damage_taken":0.0}],"is_beta":false,"boss_relics":[{"not_picked":["Calling Bell","Pandora\u0027s Box"],"picked":"Black Blood"}],"items_purged_floors":[0,19],"is_endless":false,"potions_floor_spawned":[2,5,16],"killed_by":"Gremlin Leader","ascension_level":20}}