{"host":"0fupymmp6wdjyqoi","time":1613675229,"event":{"mods":["BaseMod","Bestiary","Clockwork Mod","Conspire","Downfall","GifTheSpireLib","Hubris","Infinite Spire","Minty Spire (QoL Compilation)","Replay The Spire","StSLib","The Construct","The Senshi"],"gold_per_floor":[215,235,235,247,18,45,45,45,45,45,45,100,113,132,132,227,227,243,253,253,253,253,253],"floor_reached":22,"language":"ENG","playtime":2064,"items_purged":[],"score":234,"play_id":"5f910168-5505-4046-89a2-f97af5d85a95","local_time":"20210218200709","is_ascension_mode":false,"campfire_choices":[{"floor":7,"key":"REST"},{"data":"Corruption","floor":15,"key":"SMITH"}],"circlet_count":0,"master_deck":["conspire:GhostlyStrike","conspire:GhostlyStrike","conspire:GhostlyStrike","conspire:GhostlyStrike","conspire:GhostlyStrike","conspire:GhostlyDefend","conspire:GhostlyDefend","conspire:GhostlyDefend","conspire:GhostlyDefend","Bash","Thunderclap","Armaments+1","ReplayTheSpireMod:Strike From Hell","Dark Embrace","Feed","ReplayTheSpireMod:Strike From Hell","Double Tap","ReplayTheSpireMod:Strike From Hell","Warcry","Warcry","Feel No Pain","Corruption+1","Eclipse","ReplayTheSpireMod:Corrosion Curse","Bloodletting+1"],"relics":["Burning Blood","Orrery","Smiling Mask","conspire:DeflatedDodgeball","Ring of Fury","ReplayTheSpireMod:Lightbulb","conspire:RunicOctahedron","Replay:Blank Codex"],"acts_visited":["Exordium","TheCity"],"potions_floor_usage":[22],"damage_taken":[{"damage":0,"enemies":"2 Louse","floor":1,"turns":2},{"damage":0,"enemies":"Cultist","floor":2,"turns":4},{"damage":7,"enemies":"Small Slimes","floor":4,"turns":5},{"damage":39,"enemies":"3 Sentries","floor":6,"turns":8},{"damage":16,"enemies":"3 Louse","floor":13,"turns":3},{"damage":8,"enemies":"Exordium Wildlife","floor":14,"turns":4},{"damage":13,"enemies":"Fading Forest","floor":16,"turns":11},{"damage":21,"enemies":"Chosen","floor":18,"turns":5},{"damage":33,"enemies":"2 Thieves","floor":19,"turns":5},{"damage":31,"enemies":"3 Cultists","floor":22,"turns":4}],"seed_played":"696677162197868986","potions_obtained":[{"floor":1,"key":"Weak Potion"},{"floor":6,"key":"SpeedPotion"},{"floor":13,"key":"Explosive Potion"},{"floor":19,"key":"BlessingOfTheForge"},{"floor":21,"key":"EntropicBrew"}],"is_trial":false,"path_per_floor":["M","M","?","M","$","E","R","?","T","?","$","T","M","M","R","B",null,"M","M","?","?","M"],"character_chosen":"IRONCLAD","items_purchased":["Dark Embrace","Orrery"],"campfire_rested":1,"item_purchase_floors":[5,5],"current_hp_per_floor":[80,80,80,79,79,49,73,73,73,73,73,73,66,67,67,70,89,74,47,31,31,0,0],"gold":253,"neow_bonus":"HUNDRED_GOLD","is_daily":false,"chose_seed":false,"campfire_upgraded":1,"win_rate":0.0,"timestamp":1613675229,"path_taken":["M","M","?","?","$","E","R","?","T","?","?","?","M","M","R","BOSS","M","M","?","?","?"],"items_purchased_type":["Card","Relic"],"build_version":"2020-12-22","purchased_purges":0,"victory":false,"max_hp_per_floor":[80,80,80,80,80,83,83,83,83,83,83,83,86,89,89,89,89,89,89,89,89,89,89],"card_choices":[{"not_picked":["Armaments","ReplayTheSpireMod:Strike From Hell"],"picked":"Thunderclap","floor":1},{"not_picked":["Flex","Body Slam"],"picked":"Armaments","floor":2},{"not_picked":["Heavy Blade","ReplayTheSpireMod:Stacked"],"picked":"ReplayTheSpireMod:Strike From Hell","floor":4},{"not_picked":["Dropkick","Shockwave"],"picked":"Feed","floor":5},{"not_picked":["Hemokinesis","Twin Strike"],"picked":"ReplayTheSpireMod:Strike From Hell","floor":5},{"not_picked":["Infernal Blade","Cleave"],"picked":"Double Tap","floor":5},{"not_picked":["ReplayReversal","Heavy Blade"],"picked":"ReplayTheSpireMod:Strike From Hell","floor":5},{"not_picked":["Twin Strike","Sword Boomerang"],"picked":"Warcry","floor":5},{"not_picked":["Combust","conspire:ExplosiveBarrier"],"picked":"Warcry","floor":6},{"not_picked":["Thunderclap","Metallicize"],"picked":"Feel No Pain","floor":13},{"not_picked":["Shrug It Off","ReplayReversal"],"picked":"Corruption","floor":14},{"not_picked":["Juggernaut","Fiend Fire"],"picked":"Eclipse","floor":16},{"not_picked":["Inflame","Hemokinesis"],"picked":"ReplayTheSpireMod:Corrosion Curse","floor":18},{"not_picked":["Heavy Blade","Blood for Blood+1"],"picked":"Bloodletting+1","floor":19}],"player_experience":33191,"relics_obtained":[{"floor":6,"key":"Smiling Mask"},{"floor":9,"key":"conspire:DeflatedDodgeball"},{"floor":10,"key":"Ring of Fury"},{"floor":12,"key":"ReplayTheSpireMod:Lightbulb"},{"floor":20,"key":"Replay:Blank Codex"}],"event_choices":[{"damage_healed":0,"gold_gain":0,"player_choice":"Upgraded","damage_taken":0,"max_hp_gain":0,"max_hp_loss":0,"event_name":"Upgrade Shrine","floor":3,"gold_loss":0,"cards_upgraded":["Armaments"]},{"damage_healed":0,"gold_gain":0,"player_choice":"Agree","damage_taken":0,"max_hp_gain":0,"max_hp_loss":0,"event_name":"conspire:LoneGhost","floor":8,"gold_loss":0},{"damage_healed":0,"gold_gain":0,"player_choice":"Obtained Book","damage_taken":16,"max_hp_gain":0,"max_hp_loss":0,"event_name":"Cursed Tome","floor":20,"gold_loss":0},{"damage_healed":0,"gold_gain":0,"player_choice":"Got Potions","damage_taken":0,"max_hp_gain":0,"max_hp_loss":0,"event_name":"Lab","floor":21,"gold_loss":0}],"is_beta":false,"boss_relics":[{"not_picked":["ReplayTheSpireMod:DimensionalGlitch","Replay:Drink Me"],"picked":"conspire:RunicOctahedron"}],"items_purged_floors":[],"is_endless":false,"potions_floor_spawned":[1,6,13,14,19],"killed_by":"3 Cultists","ascension_level":0}}