{"host":"08yfhu6uhosdn245","time":1613617370,"event":{"mods":["2.2 Compatiblity","AchievementEnabler","BaseMod","Bestiary","Colored Map","Colored Powertips","Curses Come First","Highlight Path","Minty Spire (QoL Compilation)","Quick Restart","Relic Stats","StSLib"],"gold_per_floor":[117,137,102,114,128,128,160,17,17,39,57,84,95,19,19,115,115,131,145,145,220,231,261,279,309,385,385,405,416,416,457,457,570,570,582,582,582,932,948,948,974,617,643,243,271,280,319,332,332,332,332,332,58,92,92],"floor_reached":56,"language":"ENG","playtime":2352,"items_purged":["Strike_P","Strike_P"],"score":2027,"play_id":"66f69b8e-b42b-4010-b427-53656237bb36","local_time":"20210217220250","is_ascension_mode":true,"campfire_choices":[{"data":"Tantrum","floor":6.0,"key":"SMITH"},{"data":"Blasphemy","floor":15.0,"key":"SMITH"},{"data":"MasterReality","floor":27,"key":"SMITH"},{"data":"CarveReality","floor":30,"key":"SMITH"},{"data":"Halt","floor":32,"key":"SMITH"},{"floor":40,"key":"RECALL"},{"data":"CarveReality","floor":49,"key":"SMITH"},{"data":"Dark Shackles","floor":52,"key":"SMITH"}],"circlet_count":0,"master_deck":["Strike_P+1","Strike_P+1","Defend_P","Defend_P","Defend_P+1","Eruption","Vigilance+1","Halt+1","CarveReality+1","CarveReality+1","Meditate+1","Tantrum+1","Tantrum+1","Wallop+1","EmptyFist+1","Blasphemy+1","LessonLearned+1","CrushJoints+1","Consecrate+1","MasterReality+1","FlurryOfBlows+1","JustLucky+1","FlurryOfBlows+1","EmptyFist+1","Devotion+1","FlurryOfBlows+1","Dark Shackles+1","WheelKick+1","Blind+1","Panache+1","FlurryOfBlows+1","CutThroughFate+1"],"relics":["HolyWater","Singing Bowl","Potion Belt","Molten Egg 2","Odd Mushroom","Bottled Flame","MutagenicStrength","Ancient Tea Set","Ornamental Fan","Eternal Feather","CeramicFish","SlaversCollar","Old Coin","Pen Nib","Vajra","Bag of Marbles","Frozen Egg 2","Blue Candle","Toy Ornithopter","Thread and Needle"],"acts_visited":["Exordium","TheCity","TheBeyond","TheEnding"],"potions_floor_usage":[22,28,31,33,41,45,50,54,55,55,55,55,55,55,55,55,55],"damage_taken":[{"damage":7.0,"enemies":"Cultist","floor":1.0,"turns":3.0},{"damage":18.0,"enemies":"Jaw Worm","floor":2.0,"turns":5.0},{"damage":0.0,"enemies":"Small Slimes","floor":4.0,"turns":2.0},{"damage":4.0,"enemies":"2 Fungi Beasts","floor":5.0,"turns":3.0},{"damage":0.0,"enemies":"Lagavulin","floor":7.0,"turns":3.0},{"damage":0.0,"enemies":"The Mushroom Lair","floor":10.0,"turns":2.0},{"damage":0.0,"enemies":"Large Slime","floor":11.0,"turns":2.0},{"damage":0.0,"enemies":"Gremlin Nob","floor":12.0,"turns":3.0},{"damage":0.0,"enemies":"Looter","floor":13.0,"turns":1.0},{"damage":0.0,"enemies":"Slime Boss","floor":16.0,"turns":2.0},{"damage":0.0,"enemies":"Shell Parasite","floor":18.0,"turns":1.0},{"damage":0.0,"enemies":"Spheric Guardian","floor":19.0,"turns":1.0},{"damage":0,"enemies":"Snecko","floor":22,"turns":2},{"damage":0,"enemies":"Gremlin Leader","floor":23,"turns":2},{"damage":0,"enemies":"Shelled Parasite and Fungi","floor":24,"turns":1},{"damage":2,"enemies":"Book of Stabbing","floor":25,"turns":2},{"damage":0,"enemies":"Snake Plant","floor":28,"turns":2},{"damage":0,"enemies":"Centurion and Healer","floor":29,"turns":1},{"damage":16,"enemies":"Gremlin Leader","floor":31,"turns":5},{"damage":11,"enemies":"Collector","floor":33,"turns":4},{"damage":0,"enemies":"Orb Walker","floor":35,"turns":1},{"damage":0,"enemies":"Mind Bloom Boss Battle","floor":38,"turns":4},{"damage":0,"enemies":"3 Darklings","floor":39,"turns":2},{"damage":0,"enemies":"Reptomancer","floor":41,"turns":1},{"damage":12,"enemies":"Nemesis","floor":45,"turns":3},{"damage":0,"enemies":"Reptomancer","floor":47,"turns":2},{"damage":0,"enemies":"4 Shapes","floor":48,"turns":1},{"damage":22,"enemies":"Donu and Deca","floor":50,"turns":4},{"damage":0,"enemies":"Shield and Spear","floor":54,"turns":3},{"damage":51,"enemies":"The Heart","floor":55,"turns":5}],"seed_played":"-4463478212537321993","potions_obtained":[{"floor":1.0,"key":"SkillPotion"},{"floor":4.0,"key":"SkillPotion"},{"floor":10.0,"key":"BlessingOfTheForge"},{"floor":11.0,"key":"AttackPotion"},{"floor":12.0,"key":"Weak Potion"},{"floor":13.0,"key":"Block Potion"},{"floor":22,"key":"Explosive Potion"},{"floor":28,"key":"CultistPotion"},{"floor":29,"key":"EntropicBrew"},{"floor":31,"key":"Weak Potion"},{"floor":35,"key":"Weak Potion"},{"floor":39,"key":"SkillPotion"},{"floor":48,"key":"Fire Potion"},{"floor":54,"key":"BlessingOfTheForge"}],"is_trial":false,"path_per_floor":["M","M","?","M","M","R","E","$","T","?","M","E","M","$","R","B",null,"M","M","?","?","M","E","M","E","T","R","M","M","R","E","R","B",null,"M","?","?","?","M","R","E","$","T","$","E","?","E","M","R","B",null,"R","$","E","B",null],"character_chosen":"WATCHER","items_purchased":["Potion Belt","Blasphemy","Vajra","FlurryOfBlows+1","Dark Shackles","Bag of Marbles","WheelKick+1","Blind","Toy Ornithopter","DuplicationPotion","PowerPotion"],"campfire_rested":0,"item_purchase_floors":[8,14,42,42,42,44,44,44,53,53,53],"current_hp_per_floor":[58,40,58,58,54,54,54,54,54,54,56,58,58,58,58,58,72,74,74,74,67,67,67,67,65,65,78,78,80,80,64,79,68,77,79,79,79,81,83,86,88,88,88,88,78,75,75,77,94,72,89,94,94,94,53],"gold":92,"neow_bonus":"THREE_CARDS","is_daily":false,"chose_seed":false,"campfire_upgraded":7,"win_rate":0.0,"timestamp":1613617370,"path_taken":["M","M","?","M","M","R","E","$","T","?","M","E","M","$","R","BOSS","M","M","?","?","M","E","?","E","T","R","M","M","R","E","R","BOSS","M","?","?","?","M","R","E","$","T","$","E","?","E","M","R","BOSS","R","$","E","BOSS"],"items_purchased_type":["Relic","Card","Relic","Card","Card","Relic","Card","Card","Relic","Potion","Potion"],"build_version":"2020-12-22","purchased_purges":2,"victory":true,"max_hp_per_floor":[72,72,72,72,72,72,72,72,72,72,74,76,76,76,76,76,76,78,78,78,78,78,78,78,78,78,78,78,80,80,80,80,80,80,82,82,82,84,86,86,88,88,88,88,90,92,92,94,94,94,94,94,94,94,94],"relic_stats":{"Singing Bowl":22,"counters":[30,73],"Ornamental Fan":[164],"CeramicFish":81,"Blue Candle":[0],"Eternal Feather":53,"Pen Nib":[8],"obtain_stats":[{"Potion Belt":8,"Singing Bowl":7,"CeramicFish":31,"Blue Candle":47,"Vajra":42,"Eternal Feather":26,"Thread and Needle":54,"Pen Nib":41,"Odd Mushroom":10,"Frozen Egg 2":45,"Ancient Tea Set":23,"Old Coin":38,"SlaversCollar":34,"Bottled Flame":12,"Ornamental Fan":25,"MutagenicStrength":20,"HolyWater":17,"Molten Egg 2":9,"Bag of Marbles":44,"PureWater":0,"Toy Ornithopter":53},{"Potion Belt":5,"Singing Bowl":5,"CeramicFish":19,"Blue Candle":26,"Vajra":24,"Eternal Feather":16,"Thread and Needle":29,"Pen Nib":24,"Odd Mushroom":6,"Frozen Egg 2":25,"Ancient Tea Set":14,"Old Coin":22,"SlaversCollar":20,"Bottled Flame":8,"Ornamental Fan":16,"MutagenicStrength":12,"HolyWater":10,"Molten Egg 2":5,"Bag of Marbles":24,"PureWater":0,"Toy Ornithopter":28},{"Potion Belt":16,"Singing Bowl":16,"CeramicFish":43,"Blue Candle":60,"Vajra":55,"Eternal Feather":35,"Thread and Needle":68,"Pen Nib":55,"Odd Mushroom":18,"Frozen Egg 2":58,"Ancient Tea Set":32,"Old Coin":52,"SlaversCollar":47,"Bottled Flame":23,"Ornamental Fan":35,"MutagenicStrength":28,"HolyWater":26,"Molten Egg 2":16,"Bag of Marbles":55,"PureWater":0,"Toy Ornithopter":65}],"Toy Ornithopter":10},"card_choices":[{"not_picked":["WreathOfFlame","SashWhip"],"picked":"Halt","floor":0.0},{"not_picked":["FollowUp","Worship"],"picked":"CarveReality","floor":1.0},{"not_picked":["BowlingBash","JustLucky"],"picked":"CarveReality","floor":2.0},{"not_picked":["Wireheading","Indignation"],"picked":"Meditate","floor":4.0},{"not_picked":["SignatureMove","Halt"],"picked":"Tantrum","floor":5.0},{"not_picked":["TalkToTheHand","JustLucky"],"picked":"Tantrum","floor":7.0},{"not_picked":["ForeignInfluence","TalkToTheHand+1"],"picked":"Wallop+1","floor":10.0},{"not_picked":["Halt","PathToVictory","MentalFortress"],"picked":"Singing Bowl","floor":11.0},{"not_picked":["Protect","Swivel","EmptyBody"],"picked":"Singing Bowl","floor":12.0},{"not_picked":["CarveReality+1","Meditate"],"picked":"EmptyFist+1","floor":13.0},{"not_picked":["Vault","Omniscience"],"picked":"LessonLearned+1","floor":16.0},{"not_picked":["Prostrate","WindmillStrike+1","Weave+1"],"picked":"Singing Bowl","floor":18.0},{"not_picked":["ThirdEye","BowlingBash+1"],"picked":"CrushJoints+1","floor":19.0},{"not_picked":["Protect","Weave+1"],"picked":"Consecrate+1","floor":22},{"not_picked":["TalkToTheHand+1","CutThroughFate+1"],"picked":"MasterReality","floor":23},{"not_picked":["FlyingSleeves+1","CrushJoints+1"],"picked":"FlurryOfBlows+1","floor":24},{"not_picked":["ReachHeaven+1","InnerPeace"],"picked":"JustLucky+1","floor":25},{"not_picked":["Crescendo","CutThroughFate+1"],"picked":"FlurryOfBlows+1","floor":28},{"not_picked":["DeceiveReality","ThirdEye","PathToVictory"],"picked":"Singing Bowl","floor":29},{"not_picked":["CutThroughFate+1","ClearTheMind"],"picked":"EmptyFist+1","floor":31},{"not_picked":["Blasphemy","Alpha"],"picked":"Devotion","floor":33},{"not_picked":["MentalFortress+1","Fasting2+1","Meditate"],"picked":"Singing Bowl","floor":35},{"not_picked":["Evaluate+1","CutThroughFate+1","Swivel"],"picked":"Singing Bowl","floor":38},{"not_picked":["Consecrate+1","SashWhip+1","FollowUp+1"],"picked":"Singing Bowl","floor":39},{"not_picked":["Brilliance+1","Crescendo","Pray"],"picked":"Singing Bowl","floor":41},{"not_picked":["Prostrate+1","EmptyFist+1","EmptyBody+1"],"picked":"Singing Bowl","floor":45},{"not_picked":["Deep Breath","Dramatic Entrance+1"],"picked":"Panache+1","floor":46},{"not_picked":["Swift Strike+1","Blind","HandOfGreed+1"],"picked":"Singing Bowl","floor":46},{"not_picked":["CutThroughFate+1","Crescendo"],"picked":"FlurryOfBlows+1","floor":47},{"not_picked":["CutThroughFate+1","Adaptation+1","WaveOfTheHand+1"],"picked":"Singing Bowl","floor":48},{"not_picked":["EmptyFist+1","Protect+1"],"picked":"CutThroughFate+1","floor":54}],"player_experience":403545,"relics_obtained":[{"floor":7.0,"key":"Singing Bowl"},{"floor":9.0,"key":"Molten Egg 2"},{"floor":10.0,"key":"Odd Mushroom"},{"floor":12.0,"key":"Bottled Flame"},{"floor":23,"key":"Ancient Tea Set"},{"floor":25,"key":"Ornamental Fan"},{"floor":26,"key":"Eternal Feather"},{"floor":31,"key":"CeramicFish"},{"floor":38,"key":"Old Coin"},{"floor":41,"key":"Pen Nib"},{"floor":45,"key":"Frozen Egg 2"},{"floor":47,"key":"Blue Candle"},{"floor":54,"key":"Thread and Needle"}],"event_choices":[{"damage_healed":18.0,"max_hp_gain":0.0,"max_hp_loss":0.0,"gold_gain":0.0,"event_name":"The Cleric","player_choice":"Healed","floor":3.0,"gold_loss":35.0,"damage_taken":0.0},{"damage_healed":0.0,"max_hp_gain":0.0,"max_hp_loss":0.0,"gold_gain":0.0,"event_name":"Mushrooms","player_choice":"Fought Mushrooms","floor":10.0,"gold_loss":0.0,"damage_taken":0.0},{"damage_healed":0.0,"max_hp_gain":0.0,"max_hp_loss":0.0,"gold_gain":0.0,"event_name":"Drug Dealer","player_choice":"Inject Mutagens","floor":20.0,"gold_loss":0.0,"damage_taken":0.0,"relics_obtained":["MutagenicStrength"]},{"damage_healed":0,"gold_gain":75,"player_choice":"Touch","damage_taken":7,"max_hp_gain":0,"max_hp_loss":0,"event_name":"FaceTrader","floor":21,"gold_loss":0},{"cards_removed":["Defend_P"],"damage_healed":0,"gold_gain":0,"player_choice":"Removed Skill","damage_taken":0,"max_hp_gain":0,"max_hp_loss":0,"event_name":"Falling","floor":36,"gold_loss":0},{"damage_healed":0,"gold_gain":0,"player_choice":"Ignored","damage_taken":0,"max_hp_gain":0,"max_hp_loss":0,"event_name":"Tomb of Lord Red Mask","floor":37,"gold_loss":0},{"damage_healed":0,"gold_gain":0,"player_choice":"Fight","damage_taken":0,"max_hp_gain":0,"max_hp_loss":0,"event_name":"MindBloom","floor":38,"gold_loss":0},{"damage_healed":0,"gold_gain":0,"player_choice":"Memory 2","damage_taken":5,"max_hp_gain":0,"max_hp_loss":0,"event_name":"SensoryStone","floor":46,"gold_loss":0}],"is_beta":false,"boss_relics":[{"not_picked":["Coffee Dripper","Runic Pyramid"],"picked":"HolyWater"},{"not_picked":["Philosopher\u0027s Stone","Cursed Key"],"picked":"SlaversCollar"}],"items_purged_floors":[42,44],"is_endless":false,"potions_floor_spawned":[1,4,10,11,12,13,22,28,29,31,35,39,48,54],"ascension_level":8}}