{"host":"ufhw4cf0hh51lveu","time":1613641748,"event":{"mods":["BaseMod","DeckTracker","Lobotomy","Minty Spire (QoL Compilation)","SuperFastMode"],"gold_per_floor":[110,126,201,176,176,176,186,186,186,204,204,214,214,278,278,278,278],"floor_reached":16,"language":"KOR","playtime":361,"items_purged":[],"score":90,"play_id":"2e67b8bc-9043-4252-b134-cf1b01bc79c8","local_time":"20210218184908","is_ascension_mode":false,"campfire_choices":[{"data":"Heavy Blade","floor":6,"key":"SMITH"},{"data":"Bash","floor":8,"key":"SMITH"},{"data":"Heavy Blade","floor":13,"key":"SMITH"},{"data":"Thunderclap","floor":15,"key":"SMITH"}],"circlet_count":0,"master_deck":["Strike_R","Strike_R","Strike_R","Strike_R","Strike_R","Defend_R","Defend_R","Defend_R","Defend_R","Bash+1","LittlePrince","Heavy Blade+1","OSAHOGD","Sword Boomerang","Heavy Blade+1","QueenBee","Thunderclap+1"],"relics":["Burning Blood","CogitoBucket","PreservedInsect","CaptainsWheel"],"acts_visited":["Exordium"],"potions_floor_usage":[10,14],"damage_taken":[{"damage":1,"enemies":"2 Louse","floor":1,"turns":3},{"damage":3,"enemies":"Jaw Worm","floor":2,"turns":4},{"damage":0,"enemies":"Small Slimes","floor":7,"turns":3},{"damage":6,"enemies":"Gremlin Gang","floor":10,"turns":5},{"damage":5,"enemies":"2 Fungi Beasts","floor":12,"turns":4},{"damage":6,"enemies":"Gremlin Nob","floor":14,"turns":3},{"damage":82,"enemies":"The Guardian","floor":16,"turns":12}],"seed_played":"-8925815272747189866","potions_obtained":[{"floor":2,"key":"SneckoOil"},{"floor":12,"key":"Explosive Potion"}],"is_trial":false,"path_per_floor":["M","M","?","$","?","R","M","R","T","M","?","M","R","?","R","B"],"character_chosen":"IRONCLAD","items_purchased":["Heavy Blade"],"campfire_rested":0,"item_purchase_floors":[4],"current_hp_per_floor":[80,80,69,69,69,69,75,75,75,75,75,76,76,76,76,0,0],"gold":278,"neow_bonus":"","is_daily":false,"chose_seed":false,"campfire_upgraded":4,"win_rate":0.0,"timestamp":1613641748,"path_taken":["M","M","?","$","?","R","M","R","T","M","?","?","R","?","R","BOSS"],"items_purchased_type":["Card"],"build_version":"2020-12-22","purchased_purges":0,"victory":false,"max_hp_per_floor":[80,80,80,80,80,80,80,80,80,80,80,80,80,80,80,80,80],"card_choices":[{"not_picked":["Uppercut","Clothesline","Body Slam"],"picked":"SKIP","floor":1},{"not_picked":["FieryBird","ShyLook"],"picked":"LittlePrince","floor":2},{"not_picked":["True Grit","Havoc","Headbutt"],"picked":"SKIP","floor":2},{"not_picked":["True Grit","Havoc","Headbutt"],"picked":"SKIP","floor":2},{"not_picked":["Headbutt","Clash","Rupture"],"picked":"SKIP","floor":7},{"not_picked":["BeautyBeast","SnowQueen"],"picked":"OSAHOGD","floor":10},{"not_picked":["Dark Embrace","Rampage"],"picked":"Sword Boomerang","floor":10},{"not_picked":["MeatLantern","CherryBlossoms","Scorched"],"picked":"Singing Bowl","floor":12},{"not_picked":["Uppercut","Brutality"],"picked":"Heavy Blade","floor":12},{"not_picked":["Alriune","BigBird"],"picked":"QueenBee","floor":14},{"not_picked":["Armaments","Wild Strike"],"picked":"Thunderclap","floor":14}],"player_experience":52524,"relics_obtained":[{"floor":9,"key":"PreservedInsect"},{"floor":14,"key":"CaptainsWheel"}],"event_choices":[{"damage_healed":0,"gold_gain":75,"player_choice":"Gather Gold","damage_taken":11,"max_hp_gain":0,"max_hp_loss":0,"event_name":"World of Goop","floor":3,"gold_loss":0},{"damage_healed":0,"gold_gain":0,"player_choice":"Ignored","damage_taken":0,"max_hp_gain":0,"max_hp_loss":0,"event_name":"Shining Light","floor":5,"gold_loss":0},{"damage_healed":0,"gold_gain":0,"player_choice":"Ignored","damage_taken":0,"max_hp_gain":0,"max_hp_loss":0,"event_name":"Liars Game","floor":11,"gold_loss":0},{"damage_healed":0,"gold_gain":0,"player_choice":"Searched \u00271\u0027 times","damage_taken":0,"max_hp_gain":0,"max_hp_loss":0,"event_name":"Dead Adventurer","floor":14,"gold_loss":0}],"is_beta":false,"boss_relics":[],"items_purged_floors":[],"is_endless":false,"potions_floor_spawned":[2,12],"killed_by":"The Guardian","ascension_level":0}}