{"host":"pyjsji1xtq3ga0i3","time":1613692545,"event":{"mods":["AchievementEnabler","BaseMod","Block Reminder","Colored Map","Colored Powertips","Highlight Path","Minty Spire (QoL Compilation)","Relic Sorter"],"gold_per_floor":[109,109,120,136,151,151,161,161,212,212,243,258,258,183,183,183,183],"floor_reached":16,"language":"ENG","playtime":1026,"items_purged":["Defend_G"],"score":199,"play_id":"fcf3948b-5b65-4bab-a0fa-fc067c8ca0fa","local_time":"20210218185545","is_ascension_mode":true,"campfire_choices":[{"data":"Blade Dance","floor":6.0,"key":"SMITH"},{"data":"Dash","floor":8.0,"key":"SMITH"},{"data":"Sucker Punch","floor":10.0,"key":"SMITH"},{"data":"Dagger Spray","floor":13,"key":"SMITH"},{"data":"PiercingWail","floor":15,"key":"SMITH"}],"circlet_count":0,"master_deck":["AscendersBane","Strike_G","Strike_G","Strike_G","Strike_G","Defend_G","Defend_G","Defend_G","Defend_G","Survivor","Neutralize","Backflip","Blade Dance+1","PiercingWail+1","Sucker Punch+1","Dash+1","Dagger Spray+1","Backflip"],"relics":["Ring of the Snake","Anchor","Blue Candle"],"acts_visited":["Exordium"],"potions_floor_usage":[16,16],"damage_taken":[{"damage":7.0,"enemies":"Small Slimes","floor":1.0,"turns":3.0},{"damage":2.0,"enemies":"2 Louse","floor":3.0,"turns":3.0},{"damage":0.0,"enemies":"Jaw Worm","floor":4.0,"turns":4.0},{"damage":8.0,"enemies":"Lots of Slimes","floor":5.0,"turns":6.0},{"damage":6.0,"enemies":"Exordium Thugs","floor":7.0,"turns":4.0},{"damage":12,"enemies":"3 Sentries","floor":11,"turns":10},{"damage":1,"enemies":"Looter","floor":12,"turns":3},{"damage":25,"enemies":"Hexaghost","floor":16,"turns":11}],"seed_played":"-3585413160269930575","potions_obtained":[{"floor":4.0,"key":"GamblersBrew"},{"floor":7.0,"key":"Energy Potion"},{"floor":11,"key":"Swift Potion"}],"is_trial":false,"path_per_floor":["M","?","M","M","M","R","M","R","T","R","E","M","R","$","R","B"],"character_chosen":"THE_SILENT","items_purchased":[],"campfire_rested":0,"item_purchase_floors":[],"current_hp_per_floor":[58,51,49,49,41,41,35,35,35,35,23,22,22,22,22,0,0],"gold":183,"neow_bonus":"TEN_PERCENT_HP_BONUS","is_daily":false,"chose_seed":false,"campfire_upgraded":5,"win_rate":0.0,"timestamp":1613692545,"path_taken":["M","?","M","M","M","R","M","R","T","R","E","M","R","$","R","BOSS"],"items_purchased_type":[],"build_version":"2020-12-22","purchased_purges":1,"victory":false,"max_hp_per_floor":[72,72,72,72,72,72,72,72,72,72,72,72,72,72,72,72,72],"card_choices":[{"not_picked":["Prepared","Underhanded Strike"],"picked":"Backflip","floor":1.0},{"not_picked":["Underhanded Strike","Accuracy"],"picked":"Blade Dance","floor":3.0},{"not_picked":["Dagger Spray","Doppelganger"],"picked":"PiercingWail","floor":4.0},{"not_picked":["Dodge and Roll","Flying Knee"],"picked":"Sucker Punch","floor":5.0},{"not_picked":["Choke","Acrobatics"],"picked":"Dash","floor":7.0},{"not_picked":["Infinite Blades","All Out Attack"],"picked":"Dagger Spray","floor":11},{"not_picked":["Crippling Poison","Bane"],"picked":"Backflip","floor":12}],"player_experience":495612,"relics_obtained":[{"floor":9.0,"key":"Anchor"},{"floor":11,"key":"Blue Candle"}],"event_choices":[{"cards_removed":["Strike_G"],"damage_healed":0.0,"max_hp_gain":0.0,"max_hp_loss":0.0,"gold_gain":0.0,"event_name":"Golden Wing","player_choice":"Card Removal","floor":2.0,"gold_loss":0.0,"damage_taken":7.0}],"is_beta":false,"boss_relics":[],"items_purged_floors":[14],"is_endless":false,"potions_floor_spawned":[4,7,11],"killed_by":"Hexaghost","ascension_level":19}}