{"host":"oi6p1guiqfwwvxym","time":1613679674,"event":{"mods":["BaseMod","Bestiary","Colored Map","Minty Spire (QoL Compilation)","Relic Stats"],"gold_per_floor":[110,128,128,143,155,155,186,186,263,289,254,287,41,41,41,115,115,128,28,63,63,79,112,112,140,164,189,201,225,152,164,176,259,271,296,325,337,349,361,404,416,448,460,472,517,529,541,553,565,577,577],"floor_reached":50,"language":"ENG","playtime":2405,"items_purged":["Strike_R","Strike_R"],"score":1140,"play_id":"a76d15f0-1c8c-4e0c-9c10-8409a71c35ce","local_time":"20210218122114","is_ascension_mode":true,"campfire_choices":[{"data":"Bash","floor":6,"key":"SMITH"},{"data":"Intimidate","floor":8,"key":"SMITH"},{"data":"Twin Strike","floor":15,"key":"SMITH"},{"floor":24,"key":"REST"},{"floor":28,"key":"REST"},{"data":"Feel No Pain","floor":32,"key":"SMITH"},{"floor":41,"key":"REST"},{"floor":44,"key":"REST"},{"data":"Fiend Fire","floor":46,"key":"SMITH"},{"floor":49,"key":"REST"}],"circlet_count":0,"master_deck":["AscendersBane","Strike_R","Strike_R","Defend_R","Defend_R","Defend_R","Defend_R","Bash+1","Immolate+1","Twin Strike+1","Burning Pact","Intimidate+1","Feel No Pain+1","Shrug It Off","Corruption","Pommel Strike","Shrug It Off","Clothesline","True Grit","Writhe","Flame Barrier+1","Warcry+1","Barricade","Fiend Fire+1","Inflame","Entrench","Carnage","Pummel+1","Spot Weakness+1","Bloodletting+1"],"relics":["Burning Blood","Lizard Tail","Self Forming Clay","Red Skull","Sundial","Cursed Key","Red Mask","WingedGreaves","Tiny Chest","Bag of Preparation","MawBank","Question Card","Runic Pyramid","InkBottle","Gremlin Horn"],"acts_visited":["Exordium","TheCity","TheBeyond"],"potions_floor_usage":[10,10,16,20,23,23,27,33],"damage_taken":[{"damage":0,"enemies":"Small Slimes","floor":1,"turns":2},{"damage":2,"enemies":"2 Louse","floor":2,"turns":2},{"damage":7,"enemies":"Jaw Worm","floor":4,"turns":2},{"damage":0,"enemies":"Exordium Wildlife","floor":5,"turns":1},{"damage":36,"enemies":"Gremlin Nob","floor":7,"turns":4},{"damage":12,"enemies":"3 Sentries","floor":10,"turns":5},{"damage":24,"enemies":"Lagavulin","floor":12,"turns":5},{"damage":30,"enemies":"Slime Boss","floor":16,"turns":6},{"damage":21,"enemies":"3 Byrds","floor":18,"turns":5},{"damage":14,"enemies":"Masked Bandits","floor":20,"turns":4},{"damage":0,"enemies":"Chosen","floor":22,"turns":3},{"damage":15,"enemies":"Slavers","floor":23,"turns":6},{"damage":26,"enemies":"Gremlin Leader","floor":25,"turns":8},{"damage":9,"enemies":"Slavers","floor":27,"turns":4},{"damage":10,"enemies":"Shelled Parasite and Fungi","floor":29,"turns":5},{"damage":59,"enemies":"Champ","floor":33,"turns":15},{"damage":28,"enemies":"3 Darklings","floor":35,"turns":6},{"damage":10,"enemies":"Orb Walker","floor":36,"turns":4},{"damage":31,"enemies":"Reptomancer","floor":40,"turns":5},{"damage":10,"enemies":"Spire Growth","floor":42,"turns":5},{"damage":7,"enemies":"Nemesis","floor":45,"turns":7},{"damage":74,"enemies":"Time Eater","floor":50,"turns":5}],"seed_played":"-6628820297874616850","potions_obtained":[{"floor":4,"key":"SpeedPotion"},{"floor":7,"key":"DistilledChaos"},{"floor":20,"key":"ColorlessPotion"},{"floor":22,"key":"ElixirPotion"},{"floor":25,"key":"AttackPotion"},{"floor":27,"key":"DuplicationPotion"},{"floor":40,"key":"SkillPotion"}],"is_trial":false,"path_per_floor":["M","M","?","M","M","R","E","R","T","E","?","E","$","?","R","B",null,"M","$","?","?","M","E","R","E","T","E","R","M","?","?","R","B",null,"M","M","T","?","?","E","R","M","T","R","E","R","T","?","R","B"],"character_chosen":"IRONCLAD","items_purchased":["Shrug It Off","BloodPotion","Strength Potion"],"campfire_rested":5,"item_purchase_floors":[13,13,13],"current_hp_per_floor":[68,68,68,67,68,68,38,38,38,32,49,31,31,31,31,20,56,41,41,33,33,39,30,50,30,30,27,47,43,43,43,43,31,59,37,33,33,33,33,8,28,24,24,44,43,43,43,43,62,0,0],"gold":577,"neow_bonus":"THREE_RARE_CARDS","is_daily":false,"chose_seed":false,"campfire_upgraded":5,"win_rate":0.0,"timestamp":1613679674,"path_taken":["M","M","?","M","M","R","E","R","T","E","?","E","$","?","R","BOSS","M","$","?","?","M","E","R","E","T","E","R","?","?","?","R","BOSS","M","M","?","?","?","E","R","?","T","R","E","R","?","?","R","BOSS"],"items_purchased_type":["Card","Potion","Potion"],"build_version":"2020-12-22","purchased_purges":2,"victory":false,"max_hp_per_floor":[68,68,68,68,68,68,68,68,68,68,68,68,68,68,68,68,68,68,68,68,68,68,68,68,68,68,68,68,68,68,68,68,68,68,68,68,68,68,68,68,68,68,68,68,68,68,68,65,65,65,65],"relic_stats":{"Gremlin Horn":[0,0],"counters":[22,109],"Self Forming Clay":[156],"Bag of Preparation":[18],"Cursed Key":1,"MawBank":276,"Question Card":6,"Burning Blood":111,"Lizard Tail":34,"Sundial":[12],"Tiny Chest":2,"obtain_stats":[{"Gremlin Horn":45,"Self Forming Clay":9,"Bag of Preparation":26,"Cursed Key":17,"MawBank":27,"Question Card":30,"Burning Blood":0,"Lizard Tail":7,"Sundial":12,"Tiny Chest":25,"WingedGreaves":23,"Red Mask":20,"Red Skull":10,"InkBottle":40,"Runic Pyramid":34},{"Gremlin Horn":21,"Self Forming Clay":5,"Bag of Preparation":13,"Cursed Key":8,"MawBank":14,"Question Card":15,"Burning Blood":0,"Lizard Tail":5,"Sundial":7,"Tiny Chest":13,"WingedGreaves":12,"Red Mask":10,"Red Skull":6,"InkBottle":19,"Runic Pyramid":16},{"Gremlin Horn":104,"Self Forming Clay":11,"Bag of Preparation":53,"Cursed Key":27,"MawBank":57,"Question Card":62,"Burning Blood":0,"Lizard Tail":11,"Sundial":21,"Tiny Chest":53,"WingedGreaves":45,"Red Mask":36,"Red Skull":16,"InkBottle":92,"Runic Pyramid":77}],"InkBottle":[5]},"card_choices":[{"not_picked":["Fiend Fire","Demon Form"],"picked":"Immolate","floor":0},{"not_picked":["Havoc","Sever Soul"],"picked":"Twin Strike","floor":1},{"not_picked":["Pummel","Clash","Body Slam"],"picked":"SKIP","floor":2},{"not_picked":["Cleave","Flex","Havoc"],"picked":"SKIP","floor":4},{"not_picked":["Wild Strike","Limit Break"],"picked":"Burning Pact","floor":5},{"not_picked":["Havoc","Clash"],"picked":"Intimidate","floor":7},{"not_picked":["Berserk","Metallicize"],"picked":"Feel No Pain","floor":10},{"not_picked":["Flex","Burning Pact","Warcry"],"picked":"SKIP","floor":12},{"not_picked":["Immolate","Berserk"],"picked":"Corruption","floor":16},{"not_picked":["Hemokinesis","Bloodletting"],"picked":"Pommel Strike","floor":18},{"not_picked":["Headbutt","Bloodletting"],"picked":"Shrug It Off","floor":20},{"not_picked":["Havoc","Clash"],"picked":"Clothesline","floor":22},{"not_picked":["Cleave+1","Flex"],"picked":"True Grit","floor":23},{"not_picked":["Burning Pact","Dropkick","Whirlwind+1"],"picked":"SKIP","floor":25},{"not_picked":["Twin Strike","True Grit"],"picked":"Flame Barrier+1","floor":27},{"not_picked":["Blood for Blood","Heavy Blade"],"picked":"Warcry+1","floor":29},{"not_picked":["Immolate","Limit Break","Brutality"],"picked":"Fiend Fire","floor":33},{"not_picked":["Sentinel","Shrug It Off+1","Fire Breathing+1"],"picked":"Inflame","floor":35},{"not_picked":["Intimidate","Hemokinesis","Clothesline"],"picked":"Entrench","floor":36},{"not_picked":["Cleave","Clothesline","Blood for Blood+1"],"picked":"Pummel+1","floor":40},{"not_picked":["Flex","Twin Strike+1","Searing Blow+1"],"picked":"Spot Weakness+1","floor":42},{"not_picked":["Armaments","Pommel Strike","Whirlwind+1"],"picked":"Bloodletting+1","floor":45}],"player_experience":447835,"relics_obtained":[{"floor":7,"key":"Lizard Tail"},{"floor":9,"key":"Self Forming Clay"},{"floor":10,"key":"Red Skull"},{"floor":12,"key":"Sundial"},{"floor":20,"key":"Red Mask"},{"floor":23,"key":"WingedGreaves"},{"floor":25,"key":"Tiny Chest"},{"floor":26,"key":"Bag of Preparation"},{"floor":27,"key":"MawBank"},{"floor":40,"key":"InkBottle"},{"floor":45,"key":"Gremlin Horn"}],"event_choices":[{"damage_healed":0,"gold_gain":0,"player_choice":"Grow","damage_taken":0,"max_hp_gain":0,"max_hp_loss":0,"event_name":"Living Wall","floor":3,"gold_loss":0,"cards_upgraded":["Immolate"]},{"damage_healed":17,"gold_gain":0,"player_choice":"Healed","damage_taken":0,"max_hp_gain":0,"max_hp_loss":0,"event_name":"The Cleric","floor":11,"gold_loss":35},{"damage_healed":0,"gold_gain":0,"player_choice":"Ignored","damage_taken":0,"max_hp_gain":0,"max_hp_loss":0,"event_name":"Liars Game","floor":14,"gold_loss":0},{"damage_healed":0,"gold_gain":0,"player_choice":"Fought Bandits","damage_taken":0,"max_hp_gain":0,"max_hp_loss":0,"event_name":"Masked Bandits","floor":20,"gold_loss":0},{"damage_healed":0,"gold_gain":0,"player_choice":"0 cards matched","damage_taken":0,"max_hp_gain":0,"max_hp_loss":0,"event_name":"Match and Keep!","floor":21,"gold_loss":0,"cards_obtained":[]},{"damage_healed":0,"gold_gain":0,"player_choice":"Obtained Relic","damage_taken":0,"relics_obtained":["Question Card"],"max_hp_gain":0,"max_hp_loss":0,"event_name":"Addict","floor":30,"gold_loss":85},{"damage_healed":0,"gold_gain":0,"player_choice":"Read","damage_taken":0,"max_hp_gain":0,"max_hp_loss":0,"event_name":"The Library","floor":31,"gold_loss":0,"cards_obtained":["Barricade"]},{"damage_healed":0,"gold_gain":0,"player_choice":"Ignored","damage_taken":0,"max_hp_gain":0,"max_hp_loss":0,"event_name":"The Moai Head","floor":38,"gold_loss":0},{"damage_healed":0,"gold_gain":0,"cards_transformed":["Strike_R"],"player_choice":"Transformed","damage_taken":0,"max_hp_gain":0,"max_hp_loss":0,"event_name":"Transmorgrifier","floor":39,"gold_loss":0,"cards_obtained":["Carnage"]},{"damage_healed":0,"gold_gain":0,"player_choice":"Max HP","damage_taken":0,"max_hp_gain":0,"max_hp_loss":3,"event_name":"Winding Halls","floor":48,"gold_loss":0}],"is_beta":false,"boss_relics":[{"not_picked":["Calling Bell","Tiny House"],"picked":"Cursed Key"},{"not_picked":["Black Blood","Velvet Choker"],"picked":"Runic Pyramid"}],"items_purged_floors":[13,19],"is_endless":false,"potions_floor_spawned":[4,7,20,22,25,27,40],"killed_by":"Time Eater","ascension_level":20}}