{"host":"xw7092rw7wabncmm","time":1613614743,"event":{"mods":["AchievementEnabler","BaseMod","Bestiary","Block Reminder","Minty Spire (QoL Compilation)","Quick Restart","Relic Stats","Slay-I","Weighted Paths"],"gold_per_floor":[118,130,146,156,156,191,38,38,38,72,72,72,92,126,126,229,229,240,240,12,25,35,69,79,105,128,128,128,128,148,178,178,282,282,300,1299,1312,592,592,592,619,414,463,473,473,492,512,546,546,546,546],"floor_reached":50,"language":"ENG","playtime":3555,"items_purged":["Pain","Normality","Normality"],"score":1006,"play_id":"71d8143d-8197-4efa-9639-b86b77474174","local_time":"20210217211903","is_ascension_mode":true,"campfire_choices":[{"floor":8,"key":"REST"},{"floor":12,"key":"REST"},{"floor":15,"key":"REST"},{"floor":27,"key":"REST"},{"floor":29,"key":"REST"},{"floor":32,"key":"REST"},{"floor":40,"key":"RECALL"},{"floor":45,"key":"REST"},{"floor":49,"key":"REST"}],"circlet_count":0,"master_deck":["AscendersBane","Strike_B","Strike_B","Strike_B","Strike_B","Defend_B","Defend_B","Defend_B","Defend_B","Zap","Dualcast","Rainbow","Cold Snap","Capacitor","Gash","Ball Lightning","Storm","Go for the Eyes","Beam Cell","Reboot","Coolheaded","Electrodynamics","Compile Driver","Gash","Chill","Self Repair","Self Repair+1","Steam","Barrage+1","Coolheaded","Conserve Battery+1","Auto Shields","Loop","All For One","Redo+1","Capacitor","Trip","Conserve Battery","Electrodynamics","FTL","Gash"],"relics":["Cracked Core","Smiling Mask","Happy Flower","Mercury Hourglass","Toy Ornithopter","TungstenRod","Fusion Hammer","WarpedTongs","Centennial Puzzle","Blood Vial","Dream Catcher","NlothsMask","Letter Opener","SlaversCollar","Eternal Feather","InkBottle","Strawberry","Anchor","Pear"],"acts_visited":["Exordium","TheCity","TheBeyond"],"potions_floor_usage":[5,6,6,10,14,16,23,24,25,33,35,41,44,50],"damage_taken":[{"damage":7,"enemies":"2 Louse","floor":1,"turns":3},{"damage":2,"enemies":"Jaw Worm","floor":2,"turns":3},{"damage":0,"enemies":"Cultist","floor":3,"turns":3},{"damage":12,"enemies":"Exordium Wildlife","floor":4,"turns":4},{"damage":0,"enemies":"Gremlin Gang","floor":5,"turns":1},{"damage":42,"enemies":"Gremlin Nob","floor":6,"turns":6},{"damage":11,"enemies":"3 Sentries","floor":10,"turns":4},{"damage":11,"enemies":"Large Slime","floor":13,"turns":4},{"damage":26,"enemies":"Lagavulin","floor":14,"turns":5},{"damage":11,"enemies":"Slime Boss","floor":16,"turns":9},{"damage":29,"enemies":"2 Thieves","floor":18,"turns":4},{"damage":6,"enemies":"Chosen","floor":21,"turns":4},{"damage":2,"enemies":"Snecko","floor":22,"turns":4},{"damage":27,"enemies":"Book of Stabbing","floor":23,"turns":5},{"damage":7,"enemies":"Shelled Parasite and Fungi","floor":24,"turns":4},{"damage":9,"enemies":"Gremlin Leader","floor":25,"turns":5},{"damage":8,"enemies":"Centurion and Healer","floor":30,"turns":4},{"damage":31,"enemies":"Slavers","floor":31,"turns":3},{"damage":42,"enemies":"Collector","floor":33,"turns":12},{"damage":0,"enemies":"Orb Walker","floor":35,"turns":3},{"damage":0,"enemies":"3 Shapes","floor":37,"turns":3},{"damage":61,"enemies":"Giant Head","floor":41,"turns":8},{"damage":19,"enemies":"Jaw Worm Horde","floor":44,"turns":5},{"damage":19,"enemies":"Spire Growth","floor":46,"turns":5},{"damage":32,"enemies":"Writhing Mass","floor":47,"turns":7},{"damage":4,"enemies":"Reptomancer","floor":48,"turns":6},{"damage":97,"enemies":"Awakened One","floor":50,"turns":12}],"seed_played":"9172278255007401024","potions_obtained":[{"floor":1,"key":"SmokeBomb"},{"floor":4,"key":"EntropicBrew"},{"floor":13,"key":"Strength Potion"},{"floor":14,"key":"Energy Potion"},{"floor":18,"key":"DuplicationPotion"},{"floor":23,"key":"PowerPotion"},{"floor":24,"key":"Explosive Potion"},{"floor":31,"key":"BlessingOfTheForge"},{"floor":35,"key":"EntropicBrew"},{"floor":41,"key":"LiquidBronze"},{"floor":48,"key":"SmokeBomb"}],"is_trial":false,"path_per_floor":["M","M","M","M","M","E","$","R","T","E","?","R","M","E","R","B",null,"M","?","$","M","M","E","M","E","T","R","?","R","M","E","R","B",null,"M","?","M","$","?","R","E","$","T","M","R","M","M","E","R","B"],"character_chosen":"DEFECT","items_purchased":["Happy Flower","Electrodynamics","Compile Driver","Eternal Feather","Capacitor","Trip","InkBottle","Anchor"],"campfire_rested":8,"item_purchase_floors":[7,20,20,38,38,38,38,42],"current_hp_per_floor":[61,59,59,47,47,5,5,27,27,16,16,38,27,6,28,22,62,33,33,33,27,25,3,8,21,21,43,43,65,75,51,73,58,71,75,75,75,75,75,75,46,46,46,54,82,80,67,75,92,0,0],"gold":546,"neow_bonus":"ONE_RANDOM_RARE_CARD","is_daily":false,"chose_seed":false,"campfire_upgraded":0,"win_rate":0.0,"timestamp":1613614743,"path_taken":["M","M","M","M","M","E","$","R","T","E","?","R","M","E","R","BOSS","M","?","$","M","M","E","?","E","T","R","?","R","?","E","R","BOSS","M","?","M","$","?","R","E","$","T","M","R","?","M","E","R","BOSS"],"items_purchased_type":["Relic","Card","Card","Relic","Card","Card","Relic","Relic"],"build_version":"2020-12-22","purchased_purges":3,"victory":false,"max_hp_per_floor":[75,75,75,75,75,75,75,75,75,75,75,75,75,75,75,75,75,75,75,75,75,75,75,75,75,75,75,75,75,75,75,75,75,75,75,75,75,75,75,75,82,82,82,82,82,82,82,92,92,92,92],"relic_stats":{"Happy Flower":[38],"counters":[27,134],"Eternal Feather":38,"Letter Opener":[156],"Smiling Mask":150,"Mercury Hourglass":[433],"WarpedTongs":[88],"Blood Vial":12,"Centennial Puzzle":[33],"Dream Catcher":5,"obtain_stats":[{"Pear":48,"Happy Flower":7,"Eternal Feather":38,"Letter Opener":31,"Smiling Mask":6,"Mercury Hourglass":9,"WarpedTongs":19,"Blood Vial":25,"SlaversCollar":34,"Centennial Puzzle":23,"Dream Catcher":26,"Anchor":42,"Strawberry":41,"Fusion Hammer":17,"Cracked Core":0,"Toy Ornithopter":10,"TungstenRod":14,"InkBottle":38,"NlothsMask":28},{"Pear":26,"Happy Flower":6,"Eternal Feather":21,"Letter Opener":18,"Smiling Mask":6,"Mercury Hourglass":6,"WarpedTongs":11,"Blood Vial":16,"SlaversCollar":19,"Centennial Puzzle":14,"Dream Catcher":16,"Anchor":22,"Strawberry":22,"Fusion Hammer":10,"Cracked Core":0,"Toy Ornithopter":7,"TungstenRod":9,"InkBottle":21,"NlothsMask":16},{"Pear":122,"Happy Flower":20,"Eternal Feather":91,"Letter Opener":74,"Smiling Mask":20,"Mercury Hourglass":20,"WarpedTongs":46,"Blood Vial":68,"SlaversCollar":86,"Centennial Puzzle":59,"Dream Catcher":68,"Anchor":99,"Strawberry":99,"Fusion Hammer":42,"Cracked Core":0,"Toy Ornithopter":24,"TungstenRod":33,"InkBottle":91,"NlothsMask":68}],"Toy Ornithopter":40,"TungstenRod":53,"InkBottle":[22]},"card_choices":[{"not_picked":["Recycle","Steam Power","Redo"],"picked":"SKIP","floor":1},{"not_picked":["Rip and Tear","Sunder"],"picked":"Cold Snap","floor":2},{"not_picked":["Rebound","Cold Snap"],"picked":"Capacitor","floor":3},{"not_picked":["Rainbow","Conserve Battery"],"picked":"Gash","floor":4},{"not_picked":["Go for the Eyes","Steam"],"picked":"Ball Lightning","floor":6},{"not_picked":["Blizzard","Scrape"],"picked":"Storm","floor":10},{"not_picked":["Ball Lightning","Hologram"],"picked":"Go for the Eyes","floor":13},{"not_picked":["Blizzard","Hello World"],"picked":"Beam Cell","floor":14},{"not_picked":["Multi-Cast","Core Surge"],"picked":"Reboot","floor":16},{"not_picked":["Gash","Ball Lightning"],"picked":"Coolheaded","floor":18},{"not_picked":["Sweeping Beam","Loop"],"picked":"Gash","floor":21},{"not_picked":["Gash","Sweeping Beam"],"picked":"Chill","floor":22},{"not_picked":["White Noise","Amplify"],"picked":"Self Repair","floor":23},{"not_picked":["Hologram","Barrage+1"],"picked":"Self Repair+1","floor":24},{"not_picked":["Blizzard","Melter"],"picked":"Steam","floor":25},{"not_picked":["Rip and Tear","Compile Driver"],"picked":"Barrage+1","floor":27},{"not_picked":["Rebound","Chaos"],"picked":"Coolheaded","floor":29},{"not_picked":["Melter","Hello World"],"picked":"Conserve Battery+1","floor":30},{"not_picked":["Storm+1","Streamline"],"picked":"Auto Shields","floor":31},{"not_picked":["Storm","Stack"],"picked":"Loop","floor":32},{"not_picked":["Reboot","Electrodynamics"],"picked":"All For One","floor":33},{"not_picked":["Coolheaded+1","Cold Snap"],"picked":"Redo+1","floor":35},{"not_picked":["Compile Driver","Hologram","Streamline+1"],"picked":"SKIP","floor":37},{"not_picked":["Ball Lightning","Leap+1"],"picked":"Conserve Battery","floor":41},{"not_picked":["Beam Cell","Go for the Eyes","Stack"],"picked":"SKIP","floor":44},{"not_picked":["Leap","Barrage"],"picked":"Electrodynamics","floor":46},{"not_picked":["Ball Lightning","Stack","Sweeping Beam"],"picked":"SKIP","floor":47},{"not_picked":["Turbo","Sweeping Beam+1"],"picked":"FTL","floor":48},{"not_picked":["Stack","Steam+1"],"picked":"Gash","floor":49}],"player_experience":1664627,"relics_obtained":[{"floor":6,"key":"Smiling Mask"},{"floor":9,"key":"Mercury Hourglass"},{"floor":10,"key":"Toy Ornithopter"},{"floor":14,"key":"TungstenRod"},{"floor":23,"key":"Centennial Puzzle"},{"floor":25,"key":"Blood Vial"},{"floor":26,"key":"Dream Catcher"},{"floor":31,"key":"Letter Opener"},{"floor":41,"key":"Strawberry"},{"floor":48,"key":"Pear"}],"event_choices":[{"damage_healed":0,"gold_gain":0,"player_choice":"Ignored","damage_taken":0,"max_hp_gain":0,"max_hp_loss":0,"event_name":"Liars Game","floor":11,"gold_loss":0},{"damage_healed":0,"gold_gain":0,"player_choice":"Rummage","damage_taken":0,"relics_obtained":["WarpedTongs"],"max_hp_gain":0,"max_hp_loss":0,"event_name":"Accursed Blacksmith","floor":19,"gold_loss":0,"cards_obtained":["Pain"]},{"damage_healed":0,"gold_gain":0,"player_choice":"Trade","damage_taken":0,"relics_obtained":["NlothsMask"],"max_hp_gain":0,"max_hp_loss":0,"event_name":"FaceTrader","floor":28,"gold_loss":0},{"damage_healed":0,"gold_gain":999,"player_choice":"Gold","damage_taken":0,"max_hp_gain":0,"max_hp_loss":0,"event_name":"MindBloom","floor":36,"gold_loss":0,"cards_obtained":["Normality","Normality"]},{"damage_healed":0,"gold_gain":0,"player_choice":"Ignored","damage_taken":0,"max_hp_gain":0,"max_hp_loss":0,"event_name":"SecretPortal","floor":39,"gold_loss":0}],"is_beta":false,"boss_relics":[{"not_picked":["Pandora\u0027s Box","FrozenCore"],"picked":"Fusion Hammer"},{"not_picked":["Philosopher\u0027s Stone","Sozu"],"picked":"SlaversCollar"}],"items_purged_floors":[20,38,42],"is_endless":false,"potions_floor_spawned":[1,4,5,13,14,18,23,24,31,35,37,41,48],"killed_by":"Awakened One","ascension_level":12}}