{"host":"qxeepl7ydvsgmfdb","time":1613667179,"event":{"mods":["AchievementEnabler","BaseMod","Colored Powertips","Minty Spire (QoL Compilation)","Quick Restart","slay the spire mod where everything is the same but ironclad has a cowboy hat"],"gold_per_floor":[109,109,109,129,142,180,145,181,181,216,216,235,235,235,235,328,328,342,175,199,249,272,44,79,79,79,79,79,102,102,17,17,17,17],"floor_reached":33,"language":"ENG","playtime":936,"items_purged":[],"score":566,"play_id":"86d75261-fe2f-4895-88e0-d5f5353f871b","local_time":"20210218115259","is_ascension_mode":true,"campfire_choices":[{"floor":11.0,"key":"REST"},{"floor":13.0,"key":"REST"},{"data":"Footwork","floor":15.0,"key":"SMITH"},{"floor":25.0,"key":"REST"},{"floor":28.0,"key":"REST"},{"floor":30.0,"key":"REST"},{"data":"Finisher","floor":32.0,"key":"SMITH"}],"circlet_count":0,"master_deck":["AscendersBane","Strike_G","Strike_G","Strike_G","Strike_G","Defend_G","Defend_G","Defend_G","Defend_G","Defend_G","Survivor","Neutralize","Blade Dance","Finisher+1","Footwork+1","Blade Dance","Poisoned Stab+1","Dagger Spray+1","Die Die Die+1","Caltrops+1","Cloak And Dagger","PiercingWail"],"relics":["WristBlade","Golden Idol","Molten Egg 2","Frozen Egg 2","Blue Candle","Omamori","Toy Ornithopter","Membership Card","Letter Opener","FossilizedHelix","Regal Pillow"],"acts_visited":["Exordium","TheCity"],"potions_floor_usage":[33],"damage_taken":[{"damage":4.0,"enemies":"Jaw Worm","floor":1.0,"turns":6.0},{"damage":7.0,"enemies":"Small Slimes","floor":4.0,"turns":3.0},{"damage":1.0,"enemies":"Cultist","floor":5.0,"turns":3.0},{"damage":20.0,"enemies":"Lagavulin","floor":6.0,"turns":4.0},{"damage":13.0,"enemies":"3 Sentries","floor":8.0,"turns":7.0},{"damage":13.0,"enemies":"Lagavulin","floor":10.0,"turns":5.0},{"damage":0.0,"enemies":"2 Fungi Beasts","floor":12.0,"turns":3.0},{"damage":29.0,"enemies":"The Guardian","floor":16.0,"turns":10.0},{"damage":26.0,"enemies":"2 Thieves","floor":18.0,"turns":3.0},{"damage":16.0,"enemies":"Spheric Guardian","floor":20.0,"turns":3.0},{"damage":19.0,"enemies":"Snake Plant","floor":22.0,"turns":3.0},{"damage":0.0,"enemies":"Gremlin Leader","floor":24.0,"turns":7.0},{"damage":16.0,"enemies":"Sentry and Sphere","floor":29.0,"turns":5.0},{"damage":101,"enemies":"Collector","floor":33,"turns":7}],"seed_played":"75853197500029159","potions_obtained":[{"floor":3.0,"key":"Fruit Juice"},{"floor":3.0,"key":"FearPotion"},{"floor":5.0,"key":"SpeedPotion"},{"floor":6.0,"key":"Swift Potion"},{"floor":8.0,"key":"SneckoOil"},{"floor":12.0,"key":"SkillPotion"},{"floor":18.0,"key":"Block Potion"},{"floor":29.0,"key":"Dexterity Potion"}],"is_trial":false,"path_per_floor":["M","?","?","M","M","E","?","E","T","E","R","M","R","?","R","B",null,"M","$","M","?","M","$","E","R","T","?","R","M","R","?","R","B"],"character_chosen":"THE_SILENT","items_purchased":["Toy Ornithopter","Membership Card","PiercingWail","Explosive Potion","Energy Potion"],"campfire_rested":5,"item_purchase_floors":[19,23,23,23,23],"current_hp_per_floor":[55,55,60,53,52,32,49,36,36,23,44,44,65,58,58,29,61,35,35,19,19,5,5,15,36,36,36,57,41,62,62,62,0,0],"gold":17,"neow_bonus":"BOSS_RELIC","is_daily":false,"chose_seed":false,"campfire_upgraded":2,"win_rate":0.0,"timestamp":1613667179,"path_taken":["M","?","?","M","?","E","?","E","T","E","R","M","R","?","R","BOSS","M","$","M","?","?","$","E","R","T","?","R","?","R","?","R","BOSS"],"items_purchased_type":["Relic","Relic","Card","Potion","Potion"],"build_version":"2020-12-22","purchased_purges":0,"victory":false,"max_hp_per_floor":[66,66,71,71,71,71,71,71,71,71,71,71,71,71,71,71,71,71,71,71,71,71,71,71,71,71,71,71,71,71,71,71,71,71],"card_choices":[{"not_picked":["Quick Slash","Cloak And Dagger"],"picked":"Blade Dance","floor":1.0},{"not_picked":["Endless Agony","Prepared"],"picked":"Finisher","floor":4.0},{"not_picked":["Deflect","Prepared"],"picked":"Footwork","floor":5.0},{"not_picked":["Catalyst","Envenom"],"picked":"Blade Dance","floor":6.0},{"not_picked":["Expertise","Masterful Stab+1"],"picked":"Poisoned Stab+1","floor":8.0},{"not_picked":["Setup","Tools of the Trade+1","Sucker Punch+1"],"picked":"SKIP","floor":10.0},{"not_picked":["Outmaneuver","Caltrops+1"],"picked":"Dagger Spray+1","floor":12.0},{"not_picked":["Malaise","Unload+1"],"picked":"Die Die Die+1","floor":16.0},{"not_picked":["Bane+1","Prepared"],"picked":"Caltrops+1","floor":18.0},{"not_picked":["Deadly Poison","Poisoned Stab+1"],"picked":"Cloak And Dagger","floor":20.0},{"not_picked":["Sucker Punch+1","Flechettes+1","Expertise"],"picked":"SKIP","floor":22.0},{"not_picked":["Riddle With Holes+1","Acrobatics","Flying Knee+1"],"picked":"SKIP","floor":24.0},{"not_picked":["Sucker Punch+1","Crippling Poison","PiercingWail"],"picked":"SKIP","floor":29.0}],"player_experience":168829,"relics_obtained":[{"floor":6.0,"key":"Molten Egg 2"},{"floor":8.0,"key":"Frozen Egg 2"},{"floor":9.0,"key":"Blue Candle"},{"floor":10.0,"key":"Omamori"},{"floor":24.0,"key":"Letter Opener"},{"floor":26.0,"key":"FossilizedHelix"}],"event_choices":[{"damage_healed":0.0,"max_hp_gain":0.0,"max_hp_loss":0.0,"gold_gain":0.0,"event_name":"Golden Idol","player_choice":"Take Wound","floor":2.0,"gold_loss":0.0,"damage_taken":0.0,"relics_obtained":["Golden Idol"],"cards_obtained":["Injury"]},{"damage_healed":0.0,"max_hp_gain":0.0,"max_hp_loss":0.0,"gold_gain":0.0,"event_name":"Lab","player_choice":"Got Potions","floor":3.0,"gold_loss":0.0,"damage_taken":0.0},{"damage_healed":17.0,"max_hp_gain":0.0,"max_hp_loss":0.0,"gold_gain":0.0,"event_name":"The Cleric","player_choice":"Healed","floor":7.0,"gold_loss":35.0,"damage_taken":0.0},{"cards_removed":["Injury"],"damage_healed":0.0,"max_hp_gain":0.0,"max_hp_loss":0.0,"gold_gain":0.0,"event_name":"Golden Wing","player_choice":"Card Removal","floor":14.0,"gold_loss":0.0,"damage_taken":7.0},{"damage_healed":0.0,"max_hp_gain":0.0,"max_hp_loss":0.0,"gold_gain":100.0,"event_name":"The Joust","player_choice":"Bet on Murderer","floor":21.0,"gold_loss":50.0,"damage_taken":0.0},{"cards_removed":["Strike_G"],"damage_healed":0.0,"max_hp_gain":0.0,"max_hp_loss":0.0,"gold_gain":0.0,"event_name":"Purifier","player_choice":"Purged","floor":27.0,"gold_loss":0.0,"damage_taken":0.0},{"damage_healed":0.0,"max_hp_gain":0.0,"max_hp_loss":0.0,"gold_gain":0.0,"event_name":"Addict","player_choice":"Obtained Relic","floor":31.0,"gold_loss":85.0,"damage_taken":0.0,"relics_obtained":["Regal Pillow"]}],"is_beta":false,"boss_relics":[{"not_picked":["Snecko Eye","Pandora\u0027s Box","Philosopher\u0027s Stone"]}],"items_purged_floors":[],"is_endless":false,"potions_floor_spawned":[5,6,8,12,18,29],"killed_by":"Collector","ascension_level":17}}