{"host":"bxn2em57qlx5u4i0","time":1613613894,"event":{"mods":["BaseMod","Colored Map","Colored Powertips","Highlight Path","Minty Spire (QoL Compilation)","Random Character Button","Relic Sorter","Relic Stats","StSLib","SuperFastMode"],"gold_per_floor":[117,117,117,117,133,161,161,173,247,247,272,272,272,288,288,365,365,381,381,416,427,427,427],"floor_reached":22,"language":"ENG","playtime":518,"items_purged":[],"score":384,"play_id":"69c72694-b4a8-49c4-879b-e07cbc7d9697","local_time":"20210217210454","is_ascension_mode":true,"campfire_choices":[{"floor":7.0,"key":"REST"},{"data":"Dagger Spray","floor":10.0,"key":"SMITH"},{"data":"Deadly Poison","floor":13.0,"key":"SMITH"},{"data":"Neutralize","floor":15.0,"key":"SMITH"}],"circlet_count":0,"master_deck":["AscendersBane","Survivor","Neutralize+1","All Out Attack+1","Escape Plan","Quick Slash","Dagger Spray+1","Backflip+1","Deadly Poison+1","Burst","Bullet Time","Crippling Poison","Tools of the Trade+1","Riddle With Holes","Doppelganger","Eviscerate","Prepared","Leg Sweep","Well Laid Plans+1"],"relics":["Ring of the Snake","War Paint","Frozen Egg 2","Nunchaku","Pandora\u0027s Box","Red Mask"],"acts_visited":["Exordium","TheCity"],"potions_floor_usage":[],"damage_taken":[{"damage":1.0,"enemies":"Jaw Worm","floor":1.0,"turns":4.0},{"damage":0.0,"enemies":"2 Louse","floor":5.0,"turns":1.0},{"damage":54.0,"enemies":"Gremlin Nob","floor":6.0,"turns":5.0},{"damage":0.0,"enemies":"Cultist","floor":8.0,"turns":4.0},{"damage":9.0,"enemies":"3 Sentries","floor":11.0,"turns":5.0},{"damage":0.0,"enemies":"Red Slaver","floor":14.0,"turns":3.0},{"damage":7.0,"enemies":"Hexaghost","floor":16.0,"turns":9.0},{"damage":0.0,"enemies":"3 Byrds","floor":18.0,"turns":3.0},{"damage":0,"enemies":"Masked Bandits","floor":20,"turns":2},{"damage":14,"enemies":"Spheric Guardian","floor":21,"turns":4},{"damage":20,"enemies":"Shelled Parasite and Fungi","floor":22,"turns":4}],"seed_played":"-6352649574155945596","potions_obtained":[{"floor":14.0,"key":"FearPotion"},{"floor":16.0,"key":"SpeedPotion"},{"floor":20,"key":"FearPotion"}],"is_trial":false,"path_per_floor":["M","?","?","?","M","E","R","M","T","R","E","?","R","M","R","B",null,"M","?","?","M","M"],"character_chosen":"THE_SILENT","items_purchased":[],"campfire_rested":1,"item_purchase_floors":[],"current_hp_per_floor":[43,43,43,65,65,11,30,30,30,30,21,14,14,14,14,7,51,51,33,33,19,0,0],"gold":427,"neow_bonus":"TRANSFORM_TWO_CARDS","is_daily":false,"chose_seed":false,"campfire_upgraded":3,"win_rate":0.0,"timestamp":1613613894,"path_taken":["M","?","?","?","?","E","R","M","T","R","E","?","R","M","R","BOSS","M","?","?","M","?"],"items_purchased_type":[],"build_version":"2020-12-22","purchased_purges":0,"victory":false,"max_hp_per_floor":[66,66,66,66,66,66,66,66,66,66,66,66,66,66,66,66,66,66,71,71,71,71,71],"relic_stats":{"Nunchaku":[4],"counters":[11,44],"Pandora\u0027s Box":["Bullet Time","Crippling Poison","Tools of the Trade","Riddle With Holes","Doppelganger","Eviscerate","Prepared"],"War Paint":["Backflip","Defend_G"],"obtain_stats":[{"Nunchaku":11,"Pandora\u0027s Box":17,"Red Mask":20,"War Paint":6,"Frozen Egg 2":9,"Ring of the Snake":0},{"Nunchaku":5,"Pandora\u0027s Box":7,"Red Mask":9,"War Paint":3,"Frozen Egg 2":4,"Ring of the Snake":0},{"Nunchaku":19,"Pandora\u0027s Box":31,"Red Mask":36,"War Paint":10,"Frozen Egg 2":14,"Ring of the Snake":0}],"Ring of the Snake":[22]},"card_choices":[{"not_picked":["PiercingWail","Outmaneuver"],"picked":"Quick Slash","floor":1.0},{"not_picked":["Leg Sweep","Quick Slash"],"picked":"Dagger Spray","floor":5.0},{"not_picked":["Blade Dance","Masterful Stab"],"picked":"Backflip","floor":6.0},{"not_picked":["Flying Knee","Accuracy","Expertise"],"picked":"SKIP","floor":8.0},{"not_picked":["Deflect","Venomology"],"picked":"Deadly Poison","floor":11.0},{"not_picked":["Cloak And Dagger","Sucker Punch","Riddle With Holes"],"picked":"SKIP","floor":14.0},{"not_picked":["Venomology","Glass Knife"],"picked":"Burst","floor":16.0},{"not_picked":["Deflect","Dagger Spray"],"picked":"Leg Sweep","floor":18},{"not_picked":["Quick Slash","Dagger Spray"],"picked":"Well Laid Plans+1","floor":21}],"player_experience":3037575,"relics_obtained":[{"floor":6.0,"key":"War Paint"},{"floor":9.0,"key":"Frozen Egg 2"},{"floor":11.0,"key":"Nunchaku"},{"floor":20,"key":"Red Mask"}],"event_choices":[{"damage_healed":0.0,"max_hp_gain":0.0,"max_hp_loss":0.0,"gold_gain":0.0,"event_name":"Liars Game","player_choice":"Ignored","floor":2.0,"gold_loss":0.0,"damage_taken":0.0},{"damage_healed":0.0,"max_hp_gain":0.0,"max_hp_loss":0.0,"gold_gain":0.0,"event_name":"Living Wall","player_choice":"Grow","floor":3.0,"gold_loss":0.0,"damage_taken":0.0,"cards_upgraded":["All Out Attack"]},{"damage_healed":22.0,"max_hp_gain":0.0,"max_hp_loss":0.0,"gold_gain":0.0,"event_name":"Big Fish","player_choice":"Banana","floor":4.0,"gold_loss":0.0,"damage_taken":0.0},{"cards_removed":["Strike_G"],"damage_healed":0.0,"max_hp_gain":0.0,"max_hp_loss":0.0,"gold_gain":0.0,"event_name":"Golden Wing","player_choice":"Card Removal","floor":12.0,"gold_loss":0.0,"damage_taken":7.0},{"damage_healed":0,"gold_gain":0,"player_choice":"Shed Blood","damage_taken":23,"max_hp_gain":5,"max_hp_loss":0,"event_name":"Forgotten Altar","floor":19,"gold_loss":0},{"damage_healed":0,"gold_gain":0,"player_choice":"Fought Bandits","damage_taken":0,"max_hp_gain":0,"max_hp_loss":0,"event_name":"Masked Bandits","floor":20,"gold_loss":0}],"is_beta":false,"boss_relics":[{"not_picked":["Snecko Eye","Calling Bell"],"picked":"Pandora\u0027s Box"}],"items_purged_floors":[],"is_endless":false,"potions_floor_spawned":[14,16,20],"killed_by":"Shelled Parasite and Fungi","ascension_level":20}}