{"host":"vumwfieg2b2mnrfl","time":1613687508,"event":{"mods":["AchievementEnabler","BaseMod","Minty Spire (QoL Compilation)","Rare Cards Sparkle","Relic Stats"],"gold_per_floor":[115,174,193,118,132,165,165,165,165,198,198,198,208,240,240,240,240],"floor_reached":16,"language":"ENG","playtime":453,"items_purged":[],"score":236,"play_id":"4e34e1d4-949f-4973-968a-8d6f164f704b","local_time":"20210218163148","is_ascension_mode":true,"campfire_choices":[{"data":"Neutralize","floor":7,"key":"SMITH"},{"data":"Leg Sweep","floor":11,"key":"SMITH"},{"floor":15,"key":"REST"}],"circlet_count":0,"master_deck":["AscendersBane","Strike_G","Strike_G","Strike_G","Strike_G","Defend_G","Defend_G","Defend_G","Defend_G","Defend_G","Survivor","Neutralize+1","Die Die Die","Slice","Blade Dance+1","Blade Dance","After Image","Leg Sweep+1","Bouncing Flask"],"relics":["Ring of the Snake","Darkstone Periapt","Lantern","Bottled Tornado","Meat on the Bone"],"acts_visited":["Exordium"],"potions_floor_usage":[6],"damage_taken":[{"damage":5,"enemies":"Jaw Worm","floor":1,"turns":7},{"damage":0,"enemies":"Small Slimes","floor":3,"turns":2},{"damage":0,"enemies":"Cultist","floor":5,"turns":2},{"damage":8,"enemies":"Gremlin Nob","floor":6,"turns":3},{"damage":21,"enemies":"Lagavulin","floor":10,"turns":9},{"damage":4,"enemies":"Red Slaver","floor":13,"turns":5},{"damage":9,"enemies":"Gremlin Nob","floor":14,"turns":4},{"damage":33,"enemies":"Slime Boss","floor":16,"turns":7}],"seed_played":"957377134705095488","potions_obtained":[{"floor":5,"key":"Strength Potion"}],"is_trial":false,"path_per_floor":["M","?","M","?","M","E","R","$","T","E","R","?","M","E","R","B"],"character_chosen":"THE_SILENT","items_purchased":[],"campfire_rested":1,"item_purchase_floors":[],"current_hp_per_floor":[54,54,54,54,54,46,46,46,46,25,25,25,21,12,30,0,0],"gold":240,"neow_bonus":"THREE_RARE_CARDS","is_daily":false,"chose_seed":false,"campfire_upgraded":2,"win_rate":0.0,"timestamp":1613687508,"path_taken":["M","?","M","?","M","E","R","$","T","E","R","?","M","E","R","BOSS"],"items_purchased_type":[],"build_version":"2020-12-22","purchased_purges":0,"victory":false,"max_hp_per_floor":[60,60,60,60,60,60,60,60,60,60,60,60,60,60,60,60,60],"relic_stats":{"Darkstone Periapt":0,"counters":[8,39],"obtain_stats":[{"Darkstone Periapt":6,"Lantern":9,"Bottled Tornado":10,"Ring of the Snake":0,"Meat on the Bone":14},{"Darkstone Periapt":4,"Lantern":4,"Bottled Tornado":5,"Ring of the Snake":0,"Meat on the Bone":7},{"Darkstone Periapt":14,"Lantern":14,"Bottled Tornado":23,"Ring of the Snake":0,"Meat on the Bone":32}],"Ring of the Snake":[16],"Meat on the Bone":0},"card_choices":[{"not_picked":["Adrenaline","Doppelganger"],"picked":"Die Die Die","floor":0},{"not_picked":["Bane","Dodge and Roll"],"picked":"Slice","floor":1},{"not_picked":["Slice","Backflip"],"picked":"Blade Dance","floor":3},{"not_picked":["Deadly Poison","Backstab"],"picked":"Blade Dance","floor":5},{"not_picked":["Flying Knee","Prepared"],"picked":"After Image","floor":6},{"not_picked":["Flying Knee","Poisoned Stab"],"picked":"Leg Sweep","floor":10},{"not_picked":["Acrobatics","Dodge and Roll","Outmaneuver"],"picked":"SKIP","floor":13},{"not_picked":["Dagger Spray","Backstab"],"picked":"Bouncing Flask","floor":14}],"player_experience":570002,"relics_obtained":[{"floor":6,"key":"Darkstone Periapt"},{"floor":9,"key":"Lantern"},{"floor":10,"key":"Bottled Tornado"},{"floor":14,"key":"Meat on the Bone"}],"event_choices":[{"damage_healed":0,"gold_gain":59,"player_choice":"Gained Gold","damage_taken":0,"max_hp_gain":0,"max_hp_loss":0,"event_name":"Golden Wing","floor":2,"gold_loss":0},{"cards_removed":["Strike_G"],"damage_healed":0,"gold_gain":0,"player_choice":"Card Removal","damage_taken":0,"max_hp_gain":0,"max_hp_loss":0,"event_name":"The Cleric","floor":4,"gold_loss":75},{"damage_healed":0,"gold_gain":0,"player_choice":"Upgraded","damage_taken":0,"max_hp_gain":0,"max_hp_loss":0,"event_name":"Upgrade Shrine","floor":12,"gold_loss":0,"cards_upgraded":["Blade Dance"]}],"is_beta":false,"boss_relics":[],"items_purged_floors":[],"is_endless":false,"potions_floor_spawned":[5],"killed_by":"Slime Boss","ascension_level":20}}