{"host":"rq7gz685gkaokql0","time":1613619731,"event":{"mods":["BaseMod","Infinite Spire","Minty Spire (QoL Compilation)","Replay The Spire","StSLib"],"gold_per_floor":[114,114,141,291,291,318,318,353,353,353,382,392,372,37,37,115,115,125,305,305,325,339,339,369,399,422,437,437,437],"floor_reached":28,"language":"ENG","playtime":1071,"items_purged":[],"score":754,"play_id":"8ff9ac40-55b0-4317-9a9b-1fb2a45ca33d","local_time":"20210217174211","is_ascension_mode":true,"campfire_choices":[{"data":"Eruption","floor":7.0,"key":"SMITH"},{"data":"SpiritShield","floor":10.0,"key":"SMITH"},{"data":"Ragnarok","floor":15.0,"key":"SMITH"},{"data":"Judgement","floor":23.0,"key":"SMITH"}],"circlet_count":0,"master_deck":["AscendersBane","Strike_P","Strike_P","Strike_P","Defend_P","Defend_P+1","Defend_P","Defend_P","Eruption+1","Vigilance+1","SandsOfTime","FlurryOfBlows+1","Doubt","Replay:AllIn","FlurryOfBlows","ThirdEye","SpiritShield+1","CrushJoints","Replay:Anticipation","Ragnarok+1","Judgement+1","BowlingBash","Dramatic Entrance","Swift Strike","ReplayTheSpireMod:Chaos Vortex","infinitespire:DeathsTouch","SpiritShield","Swivel","Consecrate","Protect","Conclude"],"relics":["PureWater","NeowsBlessing","Blood Vial","Happy Flower","infinitespire:Lucky Rock","Replay:Bottled Flurry","Torii","War Paint","Ring of Chaos","Lee\u0027s Waffle","Snecko Heart","Replay:Bottled Steam","Red Mask","Strawberry"],"acts_visited":["Exordium","TheCity"],"potions_floor_usage":[25,25],"damage_taken":[{"damage":0.0,"enemies":"2 Louse","floor":1.0,"turns":1.0},{"damage":0.0,"enemies":"Gremlin Nob","floor":6.0,"turns":1.0},{"damage":0.0,"enemies":"Lagavulin","floor":8.0,"turns":1.0},{"damage":0.0,"enemies":"3 Sentries","floor":11.0,"turns":4.0},{"damage":0.0,"enemies":"Jaw Worm","floor":12.0,"turns":1.0},{"damage":0.0,"enemies":"The Guardian","floor":16.0,"turns":11.0},{"damage":0.0,"enemies":"Spheric Guardian","floor":18.0,"turns":1.0},{"damage":0.0,"enemies":"Chosen","floor":21.0,"turns":2.0},{"damage":0.0,"enemies":"Centurion and Healer","floor":22.0,"turns":3.0},{"damage":11.0,"enemies":"Nightmare","floor":24.0,"turns":10.0},{"damage":17,"enemies":"Masked Bandits","floor":25,"turns":4},{"damage":0,"enemies":"Cultist and Chosen","floor":27,"turns":3},{"damage":60,"enemies":"Book of Stabbing","floor":28,"turns":5}],"seed_played":"8781542576301321183","potions_obtained":[{"floor":1.0,"key":"Adrenaline Potion"},{"floor":8.0,"key":"SpeedPotion"},{"floor":12.0,"key":"Toxic Potion"},{"floor":24.0,"key":"Ancient Potion"},{"floor":27,"key":"Energy Potion"}],"is_trial":false,"path_per_floor":["M","?","T","?","?","E","R","E","T","R","E","M","?","$","R","B",null,"M","?","AVR","M","M","R","NM","?","T","M","E"],"character_chosen":"WATCHER","items_purchased":["War Paint","Ragnarok"],"campfire_rested":0,"item_purchase_floors":[14,14],"current_hp_per_floor":[61,61,61,61,61,63,63,65,65,65,67,68,68,68,68,68,68,68,36,75,75,75,75,64,49,56,58,0,0],"gold":437,"neow_bonus":"THREE_ENEMY_KILL","is_daily":false,"chose_seed":false,"campfire_upgraded":4,"win_rate":0.0,"timestamp":1613619731,"path_taken":["M","?","?","?","?","E","R","E","T","R","E","?","?","?","R","BOSS","M","?","AVR","?","M","R","NM","?","T","M","E"],"items_purchased_type":["Relic","Card"],"build_version":"2020-12-22","purchased_purges":0,"victory":false,"max_hp_per_floor":[68,68,68,68,68,68,68,68,68,68,68,68,68,68,68,68,68,68,68,75,75,75,75,75,75,82,82,82,82],"card_choices":[{"not_picked":["Replay:BluntJabs","Replay:ManipulateFuture"],"picked":"SandsOfTime","floor":1.0},{"not_picked":["FlyingSleeves","InnerPeace"],"picked":"ThirdEye","floor":6.0},{"not_picked":["ForeignInfluence","WreathOfFlame"],"picked":"SpiritShield","floor":8.0},{"not_picked":["Replay:ManipulateFuture","JustLucky"],"picked":"CrushJoints","floor":11.0},{"not_picked":["Vengeance","Halt"],"picked":"Replay:Anticipation","floor":12.0},{"not_picked":["Blasphemy","Brilliance"],"picked":"Judgement","floor":16.0},{"not_picked":["Crescendo","Sanctity"],"picked":"BowlingBash","floor":18.0},{"not_picked":["FlurryOfBlows","CutThroughFate"],"picked":"SpiritShield","floor":21.0},{"not_picked":["ForeignInfluence","Tantrum"],"picked":"Swivel","floor":22.0},{"not_picked":["Replay:Cycle","ReachHeaven"],"picked":"Consecrate","floor":24.0},{"not_picked":["Nirvana","Replay:AtTheReady"],"picked":"Protect","floor":25},{"not_picked":["Replay:ManipulateFuture","Prostrate"],"picked":"Conclude","floor":27}],"player_experience":1309295,"relics_obtained":[{"floor":3.0,"key":"Blood Vial"},{"floor":6.0,"key":"Happy Flower"},{"floor":8.0,"key":"infinitespire:Lucky Rock"},{"floor":9.0,"key":"Replay:Bottled Flurry"},{"floor":11.0,"key":"Torii"},{"floor":24.0,"key":"Replay:Bottled Steam"},{"floor":25,"key":"Red Mask"},{"floor":26,"key":"Strawberry"}],"event_choices":[{"damage_healed":0.0,"max_hp_gain":0.0,"max_hp_loss":0.0,"gold_gain":150.0,"event_name":"Liars Game","player_choice":"AGREE","floor":4.0,"gold_loss":0.0,"damage_taken":0.0,"cards_obtained":["Doubt"]},{"damage_healed":0.0,"max_hp_gain":0.0,"max_hp_loss":0.0,"gold_gain":0.0,"event_name":"Match and Keep!","player_choice":"2 cards matched","floor":5.0,"gold_loss":0.0,"damage_taken":0.0,"cards_obtained":["Replay:AllIn","FlurryOfBlows"]},{"damage_healed":0.0,"max_hp_gain":0.0,"max_hp_loss":0.0,"gold_gain":0.0,"event_name":"The Woman in Blue","player_choice":"Bought 1 Potion","floor":13.0,"gold_loss":0.0,"damage_taken":0.0},{"damage_healed":0.0,"max_hp_gain":0.0,"max_hp_loss":0.0,"gold_gain":180.0,"event_name":"Knowing Skull","player_choice":"GOLD GOLD CARD CARD ","floor":19.0,"potions_obtained":[],"gold_loss":0.0,"damage_taken":32.0,"cards_obtained":["Dramatic Entrance","Swift Strike"]},{"damage_healed":0,"gold_gain":0,"player_choice":"Fought Bandits","damage_taken":0,"max_hp_gain":0,"max_hp_loss":0,"event_name":"Masked Bandits","floor":25,"gold_loss":0}],"is_beta":false,"boss_relics":[{"not_picked":["Coffee Dripper","Ectoplasm"],"picked":"Ring of Chaos"}],"items_purged_floors":[],"is_endless":false,"potions_floor_spawned":[1,8,12,18,24,27],"killed_by":"Book of Stabbing","ascension_level":20}}