{"host":"Sean","time":1613672941,"event":{"mods":["BaseMod","Block Reminder","Colored Map","Colored Powertips","Highlight Path","Minty Spire (QoL Compilation)","Permanent Neow","Relic Stats"],"gold_per_floor":[118,134,134,145,27,52,52,82,82,7,33,33,44,57,57,153,153,165,148,73,91,20,53,73,73,73],"floor_reached":25,"language":"ENG","playtime":1219,"items_purged":["Defend_G"],"score":365,"play_id":"588bdb11-7888-43d7-8230-4d23e4f6c7a2","local_time":"20210218182901","is_ascension_mode":true,"campfire_choices":[{"data":"Poisoned Stab","floor":7.0,"key":"SMITH"},{"floor":12.0,"key":"REST"},{"data":"Skewer","floor":15.0,"key":"SMITH"}],"circlet_count":0,"master_deck":["AscendersBane","Strike_G+1","Strike_G","Strike_G","Strike_G","Defend_G","Defend_G","Defend_G","Survivor","Neutralize","Poisoned Stab+1","Flying Knee","Flying Knee","Deadly Poison+1","Expertise+1","Underhanded Strike+1","Backflip+1","Skewer+1","Doppelganger+1","Terror+1","Dagger Spray+1","PiercingWail+1","Tools of the Trade","Night Terror+1"],"relics":["Ring of the Snake","Ice Cream","MealTicket","Toxic Egg 2","Pen Nib","Ancient Tea Set","Omamori","Black Star","Potion Belt","Whetstone"],"acts_visited":["TheCity"],"potions_floor_usage":[25],"damage_taken":[{"damage":0.0,"enemies":"Small Slimes","floor":1.0,"turns":5.0},{"damage":3.0,"enemies":"Jaw Worm","floor":2.0,"turns":4.0},{"damage":1.0,"enemies":"Cultist","floor":4.0,"turns":4.0},{"damage":24.0,"enemies":"Gremlin Nob","floor":6.0,"turns":4.0},{"damage":7.0,"enemies":"Lagavulin","floor":8.0,"turns":7.0},{"damage":22.0,"enemies":"3 Sentries","floor":11.0,"turns":7.0},{"damage":4.0,"enemies":"Exordium Thugs","floor":13.0,"turns":3.0},{"damage":0.0,"enemies":"2 Fungi Beasts","floor":14.0,"turns":3.0},{"damage":10.0,"enemies":"Slime Boss","floor":16.0,"turns":9.0},{"damage":0.0,"enemies":"Spheric Guardian","floor":18.0,"turns":3.0},{"damage":18.0,"enemies":"2 Thieves","floor":19.0,"turns":4.0},{"damage":18.0,"enemies":"Shelled Parasite and Fungi","floor":21.0,"turns":4.0},{"damage":16.0,"enemies":"Gremlin Leader","floor":23.0,"turns":3.0},{"damage":0.0,"enemies":"Centurion and Healer","floor":24.0,"turns":5.0},{"damage":22,"enemies":"Book of Stabbing","floor":25,"turns":3}],"seed_played":"-2750262028151304032","potions_obtained":[{"floor":1.0,"key":"CultistPotion"},{"floor":2.0,"key":"CunningPotion"},{"floor":6.0,"key":"PowerPotion"},{"floor":21.0,"key":"EssenceOfSteel"},{"floor":23.0,"key":"Explosive Potion"},{"floor":24.0,"key":"Energy Potion"}],"is_trial":false,"path_per_floor":["M","M","?","M","?","E","R","E","T","$","E","R","M","M","R","B",null,"M","M","?","M","$","E","M","E"],"character_chosen":"THE_SILENT","items_purchased":["Tools of the Trade"],"campfire_rested":1,"item_purchase_floors":[22],"current_hp_per_floor":[45,42,42,41,41,17,17,10,10,25,3,24,20,20,20,10,55,55,37,37,19,34,18,18,0,0],"gold":73,"neow_bonus":"ONE_RARE_RELIC","is_daily":false,"chose_seed":false,"campfire_upgraded":2,"win_rate":0.0,"timestamp":1613672941,"path_taken":["M","M","?","M","?","E","R","E","T","$","E","R","?","M","R","BOSS","M","M","?","M","$","E","M","E"],"items_purchased_type":["Card"],"build_version":"2020-12-18","purchased_purges":1,"victory":false,"max_hp_per_floor":[70,70,70,70,70,70,70,70,70,70,70,70,70,70,70,70,70,70,70,70,70,70,70,70,70,70],"relic_stats":{"counters":[15,68],"MealTicket":30,"Pen Nib":[9],"Black Star":1,"Whetstone":["Underhanded Strike","Strike_G"],"obtain_stats":[{"Ice Cream":0,"Potion Belt":23,"MealTicket":5,"Pen Nib":8,"Omamori":11,"Black Star":17,"Whetstone":23,"Toxic Egg 2":6,"Ancient Tea Set":9,"Ring of the Snake":0},{"Ice Cream":0,"Potion Belt":13,"MealTicket":3,"Pen Nib":5,"Omamori":6,"Black Star":9,"Whetstone":13,"Toxic Egg 2":4,"Ancient Tea Set":5,"Ring of the Snake":0},{"Ice Cream":0,"Potion Belt":60,"MealTicket":13,"Pen Nib":24,"Omamori":31,"Black Star":46,"Whetstone":60,"Toxic Egg 2":17,"Ancient Tea Set":24,"Ring of the Snake":0}],"Ring of the Snake":[30]},"card_choices":[{"not_picked":["Caltrops","Deadly Poison"],"picked":"Poisoned Stab","floor":1.0},{"not_picked":["Catalyst","Underhanded Strike"],"picked":"Flying Knee","floor":2.0},{"not_picked":["Setup","Accuracy"],"picked":"Flying Knee","floor":4.0},{"not_picked":["Cloak And Dagger+1","Dodge and Roll+1"],"picked":"Deadly Poison+1","floor":6.0},{"not_picked":["Grand Finale","Bane"],"picked":"Expertise+1","floor":8.0},{"not_picked":["Choke","Finisher"],"picked":"Underhanded Strike","floor":11.0},{"not_picked":["Reflex+1","Acrobatics+1"],"picked":"Backflip+1","floor":13.0},{"not_picked":["Underhanded Strike","Cloak And Dagger+1"],"picked":"Skewer","floor":14.0},{"not_picked":["Venomology+1","Corpse Explosion+1"],"picked":"Doppelganger+1","floor":16.0},{"not_picked":["Choke+1","Cloak And Dagger+1"],"picked":"Terror+1","floor":18.0},{"not_picked":["Deadly Poison+1","Flying Knee"],"picked":"Dagger Spray+1","floor":19.0},{"not_picked":["Dagger Throw","Cloak And Dagger+1"],"picked":"PiercingWail+1","floor":21.0},{"not_picked":["Dagger Throw","Slice+1"],"picked":"Night Terror+1","floor":23.0},{"not_picked":["Poisoned Stab","Dagger Throw","Dash"],"picked":"SKIP","floor":24.0}],"player_experience":557300,"relics_obtained":[{"floor":6.0,"key":"Toxic Egg 2"},{"floor":8.0,"key":"Pen Nib"},{"floor":9.0,"key":"Ancient Tea Set"},{"floor":11.0,"key":"Omamori"},{"floor":23.0,"key":"Potion Belt"},{"floor":23.0,"key":"Whetstone"}],"event_choices":[{"cards_removed":["Strike_G"],"damage_healed":0.0,"max_hp_gain":0.0,"max_hp_loss":0.0,"gold_gain":0.0,"event_name":"Living Wall","player_choice":"Forget","floor":3.0,"gold_loss":0.0,"damage_taken":0.0},{"damage_healed":0.0,"max_hp_gain":0.0,"max_hp_loss":0.0,"gold_gain":0.0,"event_name":"WeMeetAgain","player_choice":"Paid Gold","floor":5.0,"gold_loss":118.0,"damage_taken":0.0,"relics_obtained":["MealTicket"]},{"cards_removed":["Defend_G"],"damage_healed":0.0,"max_hp_gain":0.0,"max_hp_loss":0.0,"gold_gain":0.0,"event_name":"Beggar","player_choice":"Gave Gold","floor":20.0,"gold_loss":75.0,"damage_taken":0.0}],"is_beta":true,"boss_relics":[{"not_picked":["SlaversCollar","Velvet Choker"],"picked":"Black Star"}],"items_purged_floors":[10],"is_endless":false,"potions_floor_spawned":[1,2,6,21,23,24],"killed_by":"Book of Stabbing","ascension_level":10}}