{"host":"Vegetablebread","time":1613666551,"event":{"mods":["BaseMod","Bestiary","Minty Spire (QoL Compilation)","Relic Stats","Slay the Relics Exporter"],"gold_per_floor":[118,191,201,212,45,45,45],"floor_reached":6,"language":"ENG","playtime":915,"items_purged":[],"score":72,"play_id":"8e7bfdaf-a8a0-4145-b801-ae69eda48353","local_time":"20210218084231","is_ascension_mode":true,"campfire_choices":[],"circlet_count":0,"master_deck":["AscendersBane","Strike_R","Strike_R","Strike_R","Strike_R","Strike_R","Defend_R","Defend_R","Defend_R","Defend_R","Bash","Wild Strike","Cleave","Exhume","Feel No Pain","Wild Strike","Shrug It Off"],"relics":["Burning Blood","Charon\u0027s Ashes"],"acts_visited":["Exordium"],"potions_floor_usage":[6,6,6,6],"damage_taken":[{"damage":18,"enemies":"Small Slimes","floor":1,"turns":5},{"damage":9,"enemies":"2 Louse","floor":3,"turns":3},{"damage":12,"enemies":"Jaw Worm","floor":4,"turns":3},{"damage":46,"enemies":"Lagavulin","floor":6,"turns":7}],"seed_played":"5415156014750242618","potions_obtained":[{"floor":3,"key":"LiquidBronze"},{"floor":4,"key":"EntropicBrew"}],"is_trial":false,"path_per_floor":["M","?","M","M","$","E"],"character_chosen":"IRONCLAD","items_purchased":["Feel No Pain","Wild Strike","Shrug It Off"],"campfire_rested":0,"item_purchase_floors":[5,5,5],"current_hp_per_floor":[38,38,35,29,29,0,0],"gold":45,"neow_bonus":"ONE_RARE_RELIC","is_daily":false,"chose_seed":false,"campfire_upgraded":0,"win_rate":0.0,"timestamp":1613666551,"path_taken":["M","?","M","M","$","E"],"items_purchased_type":["Card","Card","Card"],"build_version":"2020-12-18","purchased_purges":0,"victory":false,"max_hp_per_floor":[75,75,75,75,75,75,75],"relic_stats":{"counters":[4,18],"Charon\u0027s Ashes":[18],"obtain_stats":[{"Charon\u0027s Ashes":0,"Burning Blood":0},{"Charon\u0027s Ashes":0,"Burning Blood":0},{"Charon\u0027s Ashes":0,"Burning Blood":0}],"Burning Blood":18},"card_choices":[{"not_picked":["True Grit","Warcry"],"picked":"Wild Strike","floor":1},{"not_picked":["Entrench","Sword Boomerang"],"picked":"Cleave","floor":3},{"not_picked":["Sword Boomerang","Thunderclap"],"picked":"Exhume","floor":4}],"player_experience":10553737,"relics_obtained":[],"event_choices":[{"damage_healed":0,"gold_gain":73,"player_choice":"Gained Gold","damage_taken":0,"max_hp_gain":0,"max_hp_loss":0,"event_name":"Golden Wing","floor":2,"gold_loss":0}],"is_beta":true,"boss_relics":[],"items_purged_floors":[],"is_endless":false,"potions_floor_spawned":[3,4],"killed_by":"Lagavulin","ascension_level":20}}