{"host":"19r1ww88x2tc73i0","time":1613668651,"event":{"mods":["BaseMod","BetterRewards","Colored Map","Minty Spire (QoL Compilation)","Relic Stats","StSLib","SuperFastMode","slay the spire mod where everything is the same but ironclad has a cowboy hat"],"gold_per_floor":[110,124,124,139,164,164,193,207,207,237,249,268,285,316,316,393,393,413,428,441,441,366,700,700,729,756,206,206,231,251,251,251,326,326,337,337,347,184,184,184,201,236,262,99,99,132,147,173,173,173,173,173,173,5,5,5],"floor_reached":55,"language":"ENG","playtime":2450,"items_purged":["Defend_R"],"score":2110,"play_id":"2af36346-94c8-4d41-b635-1e353e6067f4","local_time":"25640219001731","is_ascension_mode":true,"campfire_choices":[{"data":"Bash","floor":6.0,"key":"SMITH"},{"data":"Pommel Strike","floor":15.0,"key":"SMITH"},{"floor":24.0,"key":"REST"},{"floor":28.0,"key":"REST"},{"data":"Pummel","floor":32.0,"key":"SMITH"},{"floor":40.0,"key":"REST"},{"data":"Sword Boomerang","floor":45.0,"key":"SMITH"},{"floor":49.0,"key":"RECALL"},{"data":"Twin Strike","floor":53.0,"key":"SMITH"}],"circlet_count":0,"master_deck":["AscendersBane","Strike_R","Strike_R","Strike_R","Defend_R","Defend_R+1","Defend_R+1","Bash+1","Disarm+1","Shockwave+1","Dark Embrace+1","Pommel Strike+1","Headbutt","Twin Strike+1","Thunderclap","True Grit+1","Disarm+1","Anger","Double Tap+1","Flex+1","Flex+1","Limit Break+1","Spot Weakness+1","Intimidate+1","Shrug It Off+1","Feel No Pain+1","Pummel+1","Demon Form+1","Flame Barrier+1","Panacea+1","Impatience+1","Battle Trance+1","Sword Boomerang+1","Impervious+1","Limit Break+1","Heavy Blade+1","Shrug It Off+1","Sentinel+1"],"relics":["Burning Blood","Toxic Egg 2","Frozen Egg 2","Oddly Smooth Stone","Art of War","Toy Ornithopter","Paper Frog","Turnip","Ornamental Fan","StrikeDummy","Philosopher\u0027s Stone","Old Coin","Pantograph","Bronze Scales","Lantern","Mango","Runic Pyramid","Anchor","War Paint","Regal Pillow","DollysMirror","Pocketwatch","Champion Belt","Cauldron"],"acts_visited":["Exordium","TheCity","TheBeyond","TheEnding"],"potions_floor_usage":[],"damage_taken":[{"damage":0.0,"enemies":"Jaw Worm","floor":1.0,"turns":5.0},{"damage":0.0,"enemies":"2 Louse","floor":2.0,"turns":3.0},{"damage":0.0,"enemies":"Cultist","floor":4.0,"turns":4.0},{"damage":22.0,"enemies":"3 Sentries","floor":7.0,"turns":10.0},{"damage":23.0,"enemies":"Red Slaver","floor":8.0,"turns":4.0},{"damage":26.0,"enemies":"Lagavulin","floor":10.0,"turns":7.0},{"damage":2.0,"enemies":"Exordium Wildlife","floor":11.0,"turns":4.0},{"damage":5.0,"enemies":"Looter","floor":12.0,"turns":3.0},{"damage":0.0,"enemies":"Red Slaver","floor":13.0,"turns":3.0},{"damage":53.0,"enemies":"3 Sentries","floor":14.0,"turns":8.0},{"damage":2.0,"enemies":"The Guardian","floor":16.0,"turns":9.0},{"damage":0.0,"enemies":"Chosen","floor":18.0,"turns":3.0},{"damage":18.0,"enemies":"2 Thieves","floor":19.0,"turns":4.0},{"damage":10.0,"enemies":"3 Cultists","floor":20.0,"turns":3.0},{"damage":52.0,"enemies":"Gremlin Leader","floor":23.0,"turns":7.0},{"damage":14.0,"enemies":"Book of Stabbing","floor":25.0,"turns":5.0},{"damage":29.0,"enemies":"Slavers","floor":29.0,"turns":5.0},{"damage":0.0,"enemies":"Centurion and Healer","floor":30.0,"turns":5.0},{"damage":2.0,"enemies":"Gremlin Leader","floor":31.0,"turns":3.0},{"damage":23.0,"enemies":"Champ","floor":33.0,"turns":6.0},{"damage":9.0,"enemies":"Orb Walker","floor":35.0,"turns":3.0},{"damage":28.0,"enemies":"3 Darklings","floor":37.0,"turns":4.0},{"damage":0.0,"enemies":"Sphere and 2 Shapes","floor":41.0,"turns":5.0},{"damage":54.0,"enemies":"Reptomancer","floor":42.0,"turns":5.0},{"damage":9.0,"enemies":"Giant Head","floor":46.0,"turns":5.0},{"damage":0.0,"enemies":"Maw","floor":47.0,"turns":4.0},{"damage":11.0,"enemies":"Nemesis","floor":48.0,"turns":5.0},{"damage":33.0,"enemies":"Awakened One","floor":50.0,"turns":6.0},{"damage":46.0,"enemies":"Donu and Deca","floor":51.0,"turns":7.0},{"damage":0,"enemies":"Shield and Spear","floor":55,"turns":1}],"seed_played":"-5489889901866531864","potions_obtained":[{"floor":2.0,"key":"EssenceOfSteel"},{"floor":4.0,"key":"Explosive Potion"},{"floor":8.0,"key":"FairyPotion"},{"floor":13.0,"key":"Strength Potion"},{"floor":14.0,"key":"SmokeBomb"},{"floor":16.0,"key":"AttackPotion"},{"floor":20.0,"key":"BloodPotion"},{"floor":23.0,"key":"Fire Potion"},{"floor":35.0,"key":"PowerPotion"},{"floor":37.0,"key":"Block Potion"},{"floor":54.0,"key":"EntropicBrew"},{"floor":54.0,"key":"DistilledChaos"}],"is_trial":false,"path_per_floor":["M","M","?","M","T","R","E","M","T","E","M","M","M","E","R","B",null,"M","M","M","?","?","E","R","E","T","$","R","E","M","E","R","B",null,"M","?","M","$","?","R","M","E","T","$","R","E","M","E","R","B","B",null,"R","$","E"],"character_chosen":"IRONCLAD","items_purchased":["Toxic Egg 2","Frozen Egg 2","Oddly Smooth Stone","Bronze Scales","Lantern","Shrug It Off+1","Feel No Pain+1","Anchor","DollysMirror","Cauldron"],"campfire_rested":3,"item_purchase_floors":[0,0,0,27,27,27,27,38,44,54],"current_hp_per_floor":[74,75,57,63,63,63,52,35,35,15,19,20,31,15,15,19,61,67,60,56,56,56,30,52,44,44,44,66,62,68,77,77,72,85,82,77,55,55,55,81,87,46,46,46,46,43,49,44,44,42,27,74,74,74,74,74],"gold":5,"neow_bonus":"","is_daily":false,"chose_seed":false,"campfire_upgraded":5,"win_rate":0.0,"timestamp":1613668651,"path_taken":["M","M","?","M","?","R","E","M","T","E","M","M","M","E","R","BOSS","M","M","M","?","?","E","R","E","T","$","R","E","M","E","R","BOSS","M","?","M","$","?","R","?","E","T","?","R","E","M","E","R","BOSS","BOSS","R","$","E"],"items_purchased_type":["Relic","Relic","Relic","Relic","Relic","Card","Card","Relic","Relic","Relic"],"build_version":"2020-12-22","purchased_purges":1,"victory":false,"max_hp_per_floor":[75,75,75,75,75,75,75,75,75,75,75,75,75,75,75,75,75,75,75,75,75,75,75,75,75,75,75,75,89,89,89,89,89,89,89,89,89,89,89,89,89,89,89,89,89,89,89,89,89,89,89,89,89,89,89,89],"relic_stats":{"Regal Pillow":0,"counters":[87,408],"War Paint":["Defend_R","Defend_R"],"Burning Blood":487,"Ornamental Fan":[72],"Pantograph":62,"Bronze Scales":[158],"Turnip":[16],"Art of War":[20],"Champion Belt":[8],"obtain_stats":[{"Vajra":25,"Whetstone":14,"Bottled Tornado":8,"Boot":27,"Old Coin":7,"Sozu":17,"Blood Vial":8,"Lizard Tail":41,"DollysMirror":44,"MealTicket":6,"Philosopher\u0027s Stone":17,"Necronomicon":21,"Toxic Egg 2":0,"Runic Cube":17,"Pear":9,"Dead Branch":30,"Astrolabe":34,"Oddly Smooth Stone":0,"Pen Nib":0,"War Paint":2,"OrangePellets":22,"Bird Faced Urn":6,"Bronze Scales":26,"StrikeDummy":28,"Pocketwatch":46,"Darkstone Periapt":24,"Regal Pillow":44,"Lantern":27,"Singing Bowl":6,"Enchiridion":25,"Mango":9,"Bag of Preparation":0,"Juzu Bracelet":0,"Burning Blood":0,"ClockworkSouvenir":46,"Nunchaku":10,"Dream Catcher":24,"Shovel":0,"Matryoshka":15,"Pantograph":25,"Red Skull":42,"Paper Frog":10,"Runic Pyramid":34,"Self Forming Clay":26,"Frozen Egg 2":0,"MawBank":9,"Cauldron":54,"CaptainsWheel":23,"Anchor":38,"Ornamental Fan":10,"Turnip":9,"Bag of Marbles":26,"Art of War":0,"Champion Belt":0,"Toy Ornithopter":29},{"Vajra":20,"Whetstone":29,"Bottled Tornado":11,"Boot":20,"Old Coin":11,"Sozu":30,"Blood Vial":54,"Lizard Tail":44,"DollysMirror":81,"MealTicket":4,"Philosopher\u0027s Stone":68,"Necronomicon":18,"Toxic Egg 2":57,"Runic Cube":16,"Pear":26,"Dead Branch":36,"Astrolabe":38,"Oddly Smooth Stone":50,"Pen Nib":0,"War Paint":51,"OrangePellets":33,"Bird Faced Urn":10,"Bronze Scales":20,"StrikeDummy":35,"Pocketwatch":82,"Darkstone Periapt":20,"Regal Pillow":46,"Lantern":73,"Singing Bowl":53,"Enchiridion":34,"Mango":11,"Bag of Preparation":7,"Juzu Bracelet":50,"Burning Blood":0,"ClockworkSouvenir":47,"Nunchaku":27,"Dream Catcher":34,"Shovel":7,"Matryoshka":15,"Pantograph":73,"Red Skull":45,"Paper Frog":11,"Runic Pyramid":77,"Self Forming Clay":20,"Frozen Egg 2":57,"MawBank":5,"Cauldron":86,"CaptainsWheel":19,"Anchor":79,"Ornamental Fan":63,"Turnip":62,"Bag of Marbles":34,"Art of War":50,"Champion Belt":21,"Toy Ornithopter":20},{"Vajra":78,"Whetstone":116,"Bottled Tornado":43,"Boot":78,"Old Coin":43,"Sozu":127,"Blood Vial":252,"Lizard Tail":199,"DollysMirror":380,"MealTicket":18,"Philosopher\u0027s Stone":322,"Necronomicon":73,"Toxic Egg 2":262,"Runic Cube":65,"Pear":102,"Dead Branch":156,"Astrolabe":169,"Oddly Smooth Stone":230,"Pen Nib":0,"War Paint":235,"OrangePellets":141,"Bird Faced Urn":38,"Bronze Scales":78,"StrikeDummy":152,"Pocketwatch":385,"Darkstone Periapt":78,"Regal Pillow":206,"Lantern":344,"Singing Bowl":245,"Enchiridion":146,"Mango":43,"Bag of Preparation":29,"Juzu Bracelet":230,"Burning Blood":0,"ClockworkSouvenir":213,"Nunchaku":105,"Dream Catcher":146,"Shovel":29,"Matryoshka":56,"Pantograph":344,"Red Skull":203,"Paper Frog":43,"Runic Pyramid":363,"Self Forming Clay":78,"Frozen Egg 2":262,"MawBank":21,"Cauldron":407,"CaptainsWheel":74,"Anchor":370,"Ornamental Fan":295,"Turnip":288,"Bag of Marbles":146,"Art of War":230,"Champion Belt":79,"Toy Ornithopter":78}],"Toy Ornithopter":42,"Pocketwatch":[7]},"card_choices":[{"not_picked":["Evolve+1","Inflame+1"],"picked":"Disarm+1","floor":1.0},{"not_picked":["Perfected Strike","Rampage"],"picked":"Shockwave+1","floor":2.0},{"not_picked":["Evolve+1","Carnage"],"picked":"Dark Embrace+1","floor":4.0},{"not_picked":["Bludgeon","Clash"],"picked":"Pommel Strike","floor":7.0},{"not_picked":["Havoc+1","Heavy Blade"],"picked":"Headbutt","floor":8.0},{"not_picked":["Perfected Strike","Pommel Strike"],"picked":"Twin Strike","floor":10.0},{"not_picked":["Body Slam","Cleave"],"picked":"Thunderclap","floor":11.0},{"not_picked":["Fire Breathing+1","Warcry+1"],"picked":"True Grit+1","floor":12.0},{"not_picked":["Body Slam","Burning Pact+1"],"picked":"Disarm+1","floor":13.0},{"not_picked":["Heavy Blade","Headbutt"],"picked":"Anger","floor":14.0},{"not_picked":["Exhume+1","Feed"],"picked":"Double Tap+1","floor":16.0},{"not_picked":["Seeing Red+1","Iron Wave"],"picked":"Flex+1","floor":18.0},{"not_picked":["Iron Wave","Clash","Sever Soul+1"],"picked":"SKIP","floor":19.0},{"not_picked":["Warcry+1","Pommel Strike+1"],"picked":"Flex+1","floor":20.0},{"not_picked":["Perfected Strike","Pommel Strike+1"],"picked":"Spot Weakness+1","floor":23.0},{"not_picked":["Juggernaut+1","Clash+1"],"picked":"Intimidate+1","floor":25.0},{"not_picked":["Havoc+1","Searing Blow","Body Slam"],"picked":"SKIP","floor":29.0},{"not_picked":["Iron Wave","Second Wind+1"],"picked":"Pummel","floor":30.0},{"not_picked":["Double Tap+1","Exhume+1"],"picked":"Demon Form+1","floor":33.0},{"not_picked":["Body Slam","Clothesline"],"picked":"Flame Barrier+1","floor":35.0},{"not_picked":["Impatience+1","Flash of Steel"],"picked":"Panacea+1","floor":36.0},{"not_picked":["Flash of Steel","Deep Breath+1"],"picked":"Impatience+1","floor":36.0},{"not_picked":["True Grit+1","Armaments+1"],"picked":"Battle Trance+1","floor":37.0},{"not_picked":["Twin Strike","Anger"],"picked":"Sword Boomerang","floor":41.0},{"not_picked":["Sword Boomerang","Rage+1"],"picked":"Impervious+1","floor":42.0},{"not_picked":["Spot Weakness+1","Pommel Strike+1"],"picked":"Heavy Blade+1","floor":46.0},{"not_picked":["Body Slam","Spot Weakness+1","Shrug It Off+1"],"picked":"SKIP","floor":47.0},{"not_picked":["Body Slam","Spot Weakness+1"],"picked":"Shrug It Off+1","floor":47.0},{"not_picked":["Flex+1","Evolve+1"],"picked":"Sentinel+1","floor":48.0}],"player_experience":1123097,"relics_obtained":[{"floor":5.0,"key":"Toy Ornithopter"},{"floor":7.0,"key":"Paper Frog"},{"floor":9.0,"key":"Turnip"},{"floor":10.0,"key":"Ornamental Fan"},{"floor":14.0,"key":"StrikeDummy"},{"floor":23.0,"key":"Old Coin"},{"floor":25.0,"key":"Pantograph"},{"floor":29.0,"key":"Mango"},{"floor":42.0,"key":"War Paint"},{"floor":43.0,"key":"Regal Pillow"},{"floor":46.0,"key":"Pocketwatch"},{"floor":48.0,"key":"Champion Belt"}],"event_choices":[{"damage_healed":0.0,"max_hp_gain":0.0,"max_hp_loss":0.0,"gold_gain":0.0,"event_name":"Scrap Ooze","player_choice":"Success","floor":3.0,"gold_loss":0.0,"damage_taken":18.0,"relics_obtained":["Art of War"]},{"damage_healed":0.0,"max_hp_gain":0.0,"max_hp_loss":0.0,"gold_gain":0.0,"event_name":"The Library","player_choice":"Read","floor":21.0,"gold_loss":0.0,"damage_taken":0.0,"cards_obtained":["Limit Break"]},{"cards_removed":["Strike_R"],"damage_healed":0.0,"max_hp_gain":0.0,"max_hp_loss":0.0,"gold_gain":0.0,"event_name":"Beggar","player_choice":"Gave Gold","floor":22.0,"gold_loss":75.0,"damage_taken":0.0},{"damage_healed":0.0,"max_hp_gain":0.0,"max_hp_loss":0.0,"gold_gain":0.0,"event_name":"SensoryStone","player_choice":"Memory 2","floor":36.0,"gold_loss":0.0,"damage_taken":5.0},{"cards_removed":["Strike_R"],"damage_healed":0.0,"max_hp_gain":0.0,"max_hp_loss":0.0,"gold_gain":0.0,"event_name":"Purifier","player_choice":"Purged","floor":39.0,"gold_loss":0.0,"damage_taken":0.0}],"is_beta":false,"boss_relics":[{"not_picked":["Empty Cage","Busted Crown"],"picked":"Philosopher\u0027s Stone"},{"not_picked":["Tiny House","Velvet Choker"],"picked":"Runic Pyramid"}],"items_purged_floors":[27],"is_endless":false,"potions_floor_spawned":[2,4,8,13,14,16,20,23,31,35,37],"killed_by":"Shield and Spear","ascension_level":20}}