{"host":"avq773cl9g5msfol","time":1613639041,"event":{"mods":["100% Spire Juice","AchievementEnabler","Act Like it!","Ascension Unlocker","Aspiration","Astrologer","Bard","Bartender","BaseMod","Better Altar","Better Third Choice","BetterRewards","CapriCore","ChefMod","Colored Map","Colored Powertips","Conspire","Dio Mod","Downfall","Elementarium","Energized Spire","Extra Virgin Snecko Oil","Gensokyo","GifTheSpireLib","Hallownest","Hermit","Highlight Path","Hubris","Humility","Infinite Spire","Jorbs\u0027s Wanderer Trilogy","Koishi","Magitek Elite","Marisa????????","Marked Mod","Menagerie","Minty Spire (QoL Compilation)","Pale of the Ancients","Potionbrewer","Quarter Circle Forward PUNCH!","Rare Cards Sparkle","Reimu??????","Relic Stats","Reliquary","Remilia??????","Replay The Spire","Robot Space Explorer","SacredBarkPlus","Shade Mod","Shapeshifter Mod","Somnambulant","Spicy Shops","Spire Arcade","StSLib","The Administrix","The Blue Laboratory","The Bug Knight","The Construct","The Cursed","The Disciple","The Dragon Tamer","The Exalted","The Hayseed","The Hierophant","The Hydrologist","The Immortal","The Marked","The Mystic","The Problem Sleuth","The Runesmith","The Senshi","The Vixen","The Wild Card","TheFirefly","Wandering Minibosses","Wide Potions","vexMod"],"gold_per_floor":[114,114,124,138,152,181,191,191,217,244,244,257,257,285,285,358,358,373,394,426,426,438,479,481,519,565,573,573],"floor_reached":27,"language":"ENG","playtime":2581,"items_purged":["Runesmith:Malloc+1","Runesmith:PerfectChisel+1","Runesmith:Overpower+1","Runesmith:Permafrost+1"],"score":881,"play_id":"1d37b954-4ecb-435c-9fde-a9405a66887e","local_time":"20210218160401","is_ascension_mode":true,"campfire_choices":[{"data":"Runesmith:Fortify","floor":8,"key":"SMITH"},{"data":"Runesmith:FieryHammer+1","floor":15,"key":"SMITH"}],"circlet_count":0,"master_deck":["AscendersBane","Runesmith:CraftFirestone+1","Runesmith:Fortify+1","Runesmith:CraftIndustria+1","Runesmith:Malloc+1","Runesmith:ShiftingStrike+1","Runesmith:CraftProtectio+1","Runesmith:OneForEveryone+1","Runesmith:CraftReservo+1","Runesmith:BackupBattery+2","Runesmith:RunicBlueprint+1","Runesmith:PerfectChisel+1","Runesmith:MetallurgicalResearch+1","Runesmith:HeatedChisel+1","Runesmith:Grindstone+1","Runesmith:GoWithTheFlow+1","Runesmith:FrozenChisel+1","Runesmith:EarthShield+1","Runesmith:Accelerate+1","Runesmith:Terraform+1","Runesmith:LithiumIon+1","Runesmith:EnergizedChisel+1","Runesmith:FieryHammer+4","Runesmith:Firestorm+1","Runesmith:DuctTape+1","Runesmith:LightningRod+1","Runesmith:ArcReactor+1","Runesmith:HammerThrow","Runesmith:CreatorForm+1","Runesmith:GrandSlam+1"],"relics":["Runesmith:BrokenRuby","Golden Egg","Quantum Egg","Guide Book","Strange Spoon","Nunchaku","aspiration:Lifesprig","OrangePellets","Kunai","reliquary:FingerTrap","Calipers","White_Cape","infinitespire:EmpoweringShard","wanderingMiniBosses:Inkheart","reliquary:SilkGlove","infinitespire:Midas Blood","Black Star","construct:RocketBooster","ReplayTheSpireMod:Lightbulb","AntiCross","TheSimpletonMod:PicklingJar","Angel_Ring"],"acts_visited":["Exordium","Elementarium:Elementarium"],"potions_floor_usage":[6,6,16,23,23],"damage_taken":[{"damage":0,"enemies":"Small Slimes","floor":1,"turns":4},{"damage":0,"enemies":"infinitespire:Voidling","floor":3,"turns":3},{"damage":1,"enemies":"Jaw Worm","floor":4,"turns":6},{"damage":1,"enemies":"Exordium Wildlife","floor":5,"turns":3},{"damage":5,"enemies":"HollowMod:MossKnight","floor":6,"turns":4},{"damage":0,"enemies":"Gremlin Gang","floor":7,"turns":3},{"damage":3,"enemies":"Replay:BlueRogue","floor":10,"turns":3},{"damage":0,"enemies":"Blue Slaver","floor":12,"turns":2},{"damage":11,"enemies":"HollowMod:MossKnight","floor":14,"turns":5},{"damage":0,"enemies":"Slime Boss","floor":16,"turns":4},{"damage":10,"enemies":"Elementarium:MUD_AND_TAR_GOLEMS","floor":18,"turns":4},{"damage":3,"enemies":"Elementarium:2_ELEMENTALS","floor":19,"turns":3},{"damage":0,"enemies":"Menagerie:Chimera","floor":20,"turns":4},{"damage":0,"enemies":"Elementarium:Hydrostalker","floor":22,"turns":5},{"damage":9,"enemies":"Elementarium:FIRE_NOBILITY","floor":23,"turns":6},{"damage":5,"enemies":"Elementarium:ElementalPortal","floor":25,"turns":5},{"damage":18,"enemies":"Nightmare","floor":27,"turns":2}],"seed_played":"7609314093613613098","potions_obtained":[{"floor":5,"key":"SpeedPotion"},{"floor":7,"key":"blueLaboratory:NullPotion"},{"floor":16,"key":"Weak Potion"},{"floor":19,"key":"LifebloodPotion"}],"is_trial":false,"path_per_floor":["M","?","M","M","M","E","M","R","T","E","?","M","T","E","R","B",null,"M","M","?","?","M","E","?","E","T","NM"],"character_chosen":"RUNESMITH_CLASS","items_purchased":["Runesmith:BackupBattery","Guide Book","Runesmith:Permafrost","Runesmith:RunicBlueprint","Runesmith:PerfectChisel","Strange Spoon","Runesmith:MetallurgicalResearch","Runesmith:HeatedChisel","Runesmith:Grindstone","Runesmith:GoWithTheFlow","Runesmith:FrozenChisel","Runesmith:EarthShield","Nunchaku","aspiration:Lifesprig","Runesmith:Accelerate","OrangePellets","blueLaboratory:ImpenetrablePotion","Runesmith:Terraform","Runesmith:LithiumIon","Kunai","reliquary:FingerTrap","Runesmith:EnergizedChisel","Calipers","White_Cape","Runesmith:FieryHammer","Runesmith:Firestorm","infinitespire:EmpoweringShard"],"campfire_rested":0,"item_purchase_floors":[0,0,0,0,0,0,0,0,0,0,0,0,0,0,0,0,0,0,0,0,0,0,0,0,0,0,0],"current_hp_per_floor":[59,62,62,61,60,55,55,55,55,52,52,52,52,41,41,41,60,50,47,47,50,50,41,23,18,18,0,0],"gold":573,"neow_bonus":"","is_daily":false,"chose_seed":false,"campfire_upgraded":2,"win_rate":0.0,"timestamp":1613639041,"path_taken":["M","?","?","M","M","E","M","R","T","E","?","M","?","E","R","BOSS","M","M","?","?","?","E","?","E","T","NM"],"items_purchased_type":["Card","Relic","Card","Card","Card","Relic","Card","Card","Card","Card","Card","Card","Relic","Relic","Card","Relic","Potion","Card","Card","Relic","Relic","Card","Relic","Relic","Card","Card","Relic"],"build_version":"2020-12-22","purchased_purges":4,"victory":false,"max_hp_per_floor":[66,66,66,66,66,66,66,66,66,66,66,66,66,66,66,66,66,66,66,66,66,66,66,71,71,71,71,71],"relic_stats":{"Strange Spoon":[32],"OrangePellets":[34],"Nunchaku":[11],"counters":[78,233],"Black Star":2,"Kunai":[15],"obtain_stats":[{"Golden Egg":0,"champ:DuelingGlove":0,"hubris:CrystalStatue":0,"Calipers":0,"Bromod:ArcaneNullifier":11,"Nilry\u0027s Codex":18,"downfall:HeartBlessingGreen":27,"wanderingMiniBosses:OtherGremlinHorn":21,"Replay:Ringing Soul":43,"reliquary:CitrusReamer":38,"vexMod:EndlessSickness":17,"reliquary:FingerTrap":38,"Kunai":0,"Toxic Egg 2":1,"conspire:Dentures":24,"conspire:TreasureMap":21,"Runesmith:BrokenRuby":0,"construct:RocketBooster":20,"vexMod:ScavengeHelm":53,"Blue Candle":28,"downfall:HeartsMalice":0,"Du-Vu Doll":17,"OrangePellets":0,"Shuriken":22,"Molten Egg 2":1,"Pandora\u0027s Box":1,"ReplayTheSpireMod:TigerMarble":0,"infinitespire:EmpoweringShard":0,"Black Star":17,"Grinning Jar":6,"Abe\u0027s Treasure":17,"bronze:MakeshiftBattery":34,"construct:BoolHorns":40,"bronze:PlatinumCore":34,"aspiration:Lifesprig":0,"bronze:BronzeCore":0,"reliquary:SilkGlove":10,"Angel_Ring":26,"Hallownest:DreamNailRelic":3,"bronze:Mallet":0,"hubris:EmptyBottle":46,"White_Cape":0,"Hallownest:SheosBrushRelic":14,"Nunchaku":0,"downfall:HeartBlessingBlue":18,"Mummified Hand":52,"bronze:Timepiece":13,"Toolbox":53,"AntiCross":23,"reliquary:RoseTintedGlasses":8,"hubris:CuriousFeather":46,"Chemical X":0,"TheSimpletonMod:PicklingJar":25,"Hallownest:SalubrasBlessingRelic":13,"bronze:DonusWashers":0,"downfall:HeartBlessingRed":18,"Quantum Egg":0,"Guide Book":0,"infinitespire:Lucky Rock":53,"vexMod:FocusSash":41,"Frozen Egg 2":1,"hubris:Towel":45,"reliquary:RosewoodLute":12,"bronze:BronzeIdol":26,"Strange Spoon":0,"Anchor":40,"bronze:ProtectiveGoggles":0,"wanderingMiniBosses:CarrionFlame":48,"vexMod:HeadHunter":3,"Bloody Idol":22,"Art of War":48,"Membership Card":3,"Runesmith:AutoHammer":0,"ReplayTheSpireMod:Lightbulb":23,"FossilizedHelix":3,"reliquary:PurpleTingedLeaf":28,"wanderingMiniBosses:Inkheart":4,"hubris:BottledRain":24,"RuthlessExorcism:ReiMu":0,"infinitespire:Midas Blood":14},{"Golden Egg":34,"champ:DuelingGlove":34,"hubris:CrystalStatue":34,"Calipers":61,"Bromod:ArcaneNullifier":40,"Nilry\u0027s Codex":43,"downfall:HeartBlessingGreen":17,"wanderingMiniBosses:OtherGremlinHorn":14,"Replay:Ringing Soul":26,"reliquary:CitrusReamer":55,"vexMod:EndlessSickness":43,"reliquary:FingerTrap":55,"Kunai":61,"Toxic Egg 2":0,"conspire:Dentures":46,"conspire:TreasureMap":14,"Runesmith:BrokenRuby":61,"construct:RocketBooster":74,"vexMod:ScavengeHelm":32,"Blue Candle":48,"downfall:HeartsMalice":0,"Du-Vu Doll":11,"OrangePellets":34,"Shuriken":15,"Molten Egg 2":0,"Pandora\u0027s Box":0,"ReplayTheSpireMod:TigerMarble":34,"infinitespire:EmpoweringShard":61,"Black Star":71,"Grinning Jar":4,"Abe\u0027s Treasure":11,"bronze:MakeshiftBattery":21,"construct:BoolHorns":56,"bronze:PlatinumCore":53,"aspiration:Lifesprig":61,"bronze:BronzeCore":0,"reliquary:SilkGlove":68,"Angel_Ring":77,"Hallownest:DreamNailRelic":35,"bronze:Mallet":34,"hubris:EmptyBottle":28,"White_Cape":61,"Hallownest:SheosBrushRelic":41,"Nunchaku":61,"downfall:HeartBlessingBlue":11,"Mummified Hand":32,"bronze:Timepiece":8,"Toolbox":32,"AntiCross":76,"reliquary:RoseTintedGlasses":5,"hubris:CuriousFeather":28,"Chemical X":34,"TheSimpletonMod:PicklingJar":77,"Hallownest:SalubrasBlessingRelic":41,"bronze:DonusWashers":34,"downfall:HeartBlessingRed":11,"Quantum Egg":34,"Guide Book":61,"infinitespire:Lucky Rock":32,"vexMod:FocusSash":56,"Frozen Egg 2":0,"hubris:Towel":27,"reliquary:RosewoodLute":41,"bronze:BronzeIdol":17,"Strange Spoon":61,"Anchor":24,"bronze:ProtectiveGoggles":34,"wanderingMiniBosses:CarrionFlame":59,"vexMod:HeadHunter":2,"Bloody Idol":46,"Art of War":29,"Membership Card":2,"Runesmith:AutoHammer":34,"ReplayTheSpireMod:Lightbulb":76,"FossilizedHelix":2,"reliquary:PurpleTingedLeaf":18,"wanderingMiniBosses:Inkheart":64,"hubris:BottledRain":15,"RuthlessExorcism:ReiMu":34,"infinitespire:Midas Blood":70},{"Golden Egg":92,"champ:DuelingGlove":92,"hubris:CrystalStatue":92,"Calipers":167,"Bromod:ArcaneNullifier":103,"Nilry\u0027s Codex":110,"downfall:HeartBlessingGreen":39,"wanderingMiniBosses:OtherGremlinHorn":33,"Replay:Ringing Soul":59,"reliquary:CitrusReamer":149,"vexMod:EndlessSickness":110,"reliquary:FingerTrap":149,"Kunai":167,"Toxic Egg 2":0,"conspire:Dentures":120,"conspire:TreasureMap":33,"Runesmith:BrokenRuby":167,"construct:RocketBooster":215,"vexMod:ScavengeHelm":81,"Blue Candle":125,"downfall:HeartsMalice":0,"Du-Vu Doll":24,"OrangePellets":92,"Shuriken":35,"Molten Egg 2":0,"Pandora\u0027s Box":0,"ReplayTheSpireMod:TigerMarble":92,"infinitespire:EmpoweringShard":167,"Black Star":204,"Grinning Jar":3,"Abe\u0027s Treasure":24,"bronze:MakeshiftBattery":49,"construct:BoolHorns":152,"bronze:PlatinumCore":145,"aspiration:Lifesprig":167,"bronze:BronzeCore":0,"reliquary:SilkGlove":193,"Angel_Ring":231,"Hallownest:DreamNailRelic":93,"bronze:Mallet":92,"hubris:EmptyBottle":62,"White_Cape":167,"Hallownest:SheosBrushRelic":105,"Nunchaku":167,"downfall:HeartBlessingBlue":24,"Mummified Hand":81,"bronze:Timepiece":12,"Toolbox":81,"AntiCross":226,"reliquary:RoseTintedGlasses":6,"hubris:CuriousFeather":62,"Chemical X":92,"TheSimpletonMod:PicklingJar":231,"Hallownest:SalubrasBlessingRelic":105,"bronze:DonusWashers":92,"downfall:HeartBlessingRed":24,"Quantum Egg":92,"Guide Book":167,"infinitespire:Lucky Rock":81,"vexMod:FocusSash":152,"Frozen Egg 2":0,"hubris:Towel":60,"reliquary:RosewoodLute":105,"bronze:BronzeIdol":39,"Strange Spoon":167,"Anchor":55,"bronze:ProtectiveGoggles":92,"wanderingMiniBosses:CarrionFlame":159,"vexMod:HeadHunter":0,"Bloody Idol":120,"Art of War":69,"Membership Card":0,"Runesmith:AutoHammer":92,"ReplayTheSpireMod:Lightbulb":226,"FossilizedHelix":0,"reliquary:PurpleTingedLeaf":42,"wanderingMiniBosses:Inkheart":180,"hubris:BottledRain":35,"RuthlessExorcism:ReiMu":92,"infinitespire:Midas Blood":200}]},"card_choices":[{"not_picked":["Runesmith:PerfectChisel","Runesmith:CraftVitae","Runesmith:EnergizedChisel"],"picked":"SKIP","floor":1},{"not_picked":["aspiration:UnbridledHammer","Runesmith:EnergizedChisel","Runesmith:CraftProtectio"],"picked":"SKIP","floor":3},{"not_picked":["Runesmith:Accelerate","Runesmith:FrozenChisel","Runesmith:HeatExchange"],"picked":"SKIP","floor":4},{"not_picked":["Runesmith:FieryHammer","Runesmith:CraftObretio","Runesmith:StaticCage"],"picked":"SKIP","floor":5},{"not_picked":["Runesmith:CraftMagma","Runesmith:ElementalConversion","Runesmith:Accelerate"],"picked":"SKIP","floor":6},{"not_picked":["Runesmith:HeatExchange","Runesmith:CraftProtectio","Runesmith:BackupBattery"],"picked":"SKIP","floor":7},{"not_picked":["Runesmith:BackupBattery","Runesmith:GoWithTheFlow"],"picked":"Runesmith:DuctTape","floor":10},{"not_picked":["Runesmith:CraftReservo","Runesmith:BackupBattery","Runesmith:CraftProtectio"],"picked":"SKIP","floor":12},{"not_picked":["Runesmith:Attraction","Runesmith:HeatExchange"],"picked":"Runesmith:LightningRod","floor":14},{"not_picked":["Runesmith:ReplicatingBarrier","Runesmith:CraftPrismatica"],"picked":"Runesmith:ArcReactor","floor":16},{"not_picked":["Runesmith:GoWithTheFlow","Runesmith:Prism","aspiration:UnbridledHammer"],"picked":"SKIP","floor":18},{"not_picked":["Runesmith:HeatedChisel","Runesmith:ChiselStab","Runesmith:Grindstone"],"picked":"SKIP","floor":19},{"not_picked":["Runesmith:RuneHurl","Runesmith:StaticCage"],"picked":"Runesmith:HammerThrow","floor":22},{"not_picked":["Runesmith:UnlimitedPower","Runesmith:ChargedHammer"],"picked":"Runesmith:CreatorForm","floor":23},{"not_picked":["Runesmith:FrozenChisel","Runesmith:MakeshiftArmor"],"picked":"Runesmith:GrandSlam","floor":25}],"player_experience":1463155,"relics_obtained":[{"floor":4,"key":"wanderingMiniBosses:Inkheart"},{"floor":10,"key":"reliquary:SilkGlove"},{"floor":14,"key":"infinitespire:Midas Blood"},{"floor":20,"key":"construct:RocketBooster"},{"floor":23,"key":"ReplayTheSpireMod:Lightbulb"},{"floor":23,"key":"AntiCross"},{"floor":25,"key":"TheSimpletonMod:PicklingJar"},{"floor":26,"key":"Angel_Ring"}],"event_choices":[{"damage_healed":0,"gold_gain":0,"player_choice":"Follow","damage_taken":0,"max_hp_gain":0,"max_hp_loss":0,"event_name":"Elementarium:BeastsOfTheMenagerie","floor":20,"gold_loss":0},{"damage_healed":0,"gold_gain":0,"player_choice":"Sacrifice","damage_taken":23,"max_hp_gain":5,"max_hp_loss":0,"event_name":"Elementarium:RadiantAltar","floor":24,"gold_loss":0}],"is_beta":false,"boss_relics":[{"not_picked":["hubris:ScarierMask","energizedSpire:DeadBattery"],"picked":"Black Star"}],"items_purged_floors":[0,0,0,0],"is_endless":false,"potions_floor_spawned":[3,5,7,12,16,18,19,20],"killed_by":"Nightmare","ascension_level":20,"is_humility":true}}