{"host":"o5tjqk3pv43rrbqu","time":1613671794,"event":{"mods":["Aspiration","BaseMod","Hubris","Infinite Spire","Minty Spire (QoL Compilation)","Quick Restart","Relic Stats","Replay The Spire","Shop Mod","StSLib"],"gold_per_floor":[114,114,114,114,133,161,161,196,196,207,241,241,267,278,278,278,278],"floor_reached":16,"language":"ENG","playtime":1976,"items_purged":[],"score":126,"play_id":"688844a3-371d-47c2-af4c-9bc30acc7c76","local_time":"20210218120954","is_ascension_mode":true,"campfire_choices":[{"floor":7,"key":"REST"},{"data":"ReplayTheSpireMod:LeadingStrike","floor":15,"key":"SMITH"}],"circlet_count":0,"master_deck":["Strike_R","Strike_R","Strike_R","Strike_R","Strike_R","Defend_R","Defend_R","Defend_R","Defend_R","Pommel Strike","Survivor","Neutralize","ReplayTheSpireMod:LeadingStrike","ReplayTheSpireMod:Muscle Training","ReplayTheSpireMod:LeadingStrike+1"],"relics":["PureWater","infinitespire:Cubic Diamond","hubris:OldNail","CeramicFish","infinitespire:Bottled Soul","Nunchaku"],"acts_visited":["Exordium"],"potions_floor_usage":[6,11],"damage_taken":[{"damage":5,"enemies":"2 Louse","floor":1,"turns":3},{"damage":4,"enemies":"Cultist","floor":5,"turns":4},{"damage":20,"enemies":"Gremlin Nob","floor":6,"turns":5},{"damage":25,"enemies":"Replay:BlueRogue","floor":8,"turns":7},{"damage":7,"enemies":"Jaw Worm","floor":10,"turns":3},{"damage":36,"enemies":"Lagavulin","floor":11,"turns":7},{"damage":3,"enemies":"Looter","floor":13,"turns":3},{"damage":13,"enemies":"2 Fungi Beasts","floor":14,"turns":3},{"damage":0,"enemies":"The Guardian","floor":16,"turns":2}],"seed_played":"-1270682137748475056","potions_obtained":[{"floor":1,"key":"Block Potion"},{"floor":5,"key":"DistilledChaos"},{"floor":6,"key":"Elixir"},{"floor":13,"key":"Ancient Potion"}],"is_trial":true,"path_per_floor":["M","?","?","?","M","E","R","E","T","M","E","?","M","M","R","B"],"character_chosen":"IRONCLAD","items_purchased":[],"campfire_rested":1,"item_purchase_floors":[],"current_hp_per_floor":[80,80,80,80,76,56,80,55,55,48,12,80,77,64,64,64,64],"gold":278,"neow_bonus":"","is_daily":false,"chose_seed":false,"campfire_upgraded":1,"win_rate":0.0,"timestamp":1613671794,"path_taken":["M","?","?","?","?","E","R","E","T","M","E","?","?","?","R","BOSS"],"items_purchased_type":[],"build_version":"2020-12-22","purchased_purges":0,"victory":false,"max_hp_per_floor":[80,80,80,80,80,80,80,80,80,80,80,80,80,80,80,80,80],"relic_stats":{"Nunchaku":[2],"counters":[9,37],"CeramicFish":18,"obtain_stats":[{"Nunchaku":11,"infinitespire:Bottled Soul":9,"CeramicFish":8,"infinitespire:Cubic Diamond":2,"PureWater":2,"Burning Blood":0,"hubris:OldNail":6},{"Nunchaku":6,"infinitespire:Bottled Soul":4,"CeramicFish":4,"infinitespire:Cubic Diamond":1,"PureWater":1,"Burning Blood":0,"hubris:OldNail":3},{"Nunchaku":29,"infinitespire:Bottled Soul":19,"CeramicFish":19,"infinitespire:Cubic Diamond":3,"PureWater":3,"Burning Blood":0,"hubris:OldNail":12}]},"card_choices":[{"not_picked":["Defy Death","Twin Strike"],"picked":"Pommel Strike","floor":1},{"not_picked":["Spot Weakness","Clash"],"picked":"ReplayTheSpireMod:LeadingStrike","floor":5},{"not_picked":["Eclipse","Sword Boomerang","Cleave"],"picked":"SKIP","floor":6},{"not_picked":["Disarm","Sever Soul"],"picked":"ReplayTheSpireMod:Muscle Training","floor":8},{"not_picked":["Burning Pact","ReplayTheSpireMod:Strike From Hell","Rage"],"picked":"SKIP","floor":10},{"not_picked":["Carnage","Power Through","Metallicize"],"picked":"SKIP","floor":11},{"not_picked":["Combust","Sword Boomerang"],"picked":"ReplayTheSpireMod:LeadingStrike","floor":13},{"not_picked":["Reckless Charge","Shockwave","ReplayTheSpireMod:Strike From Hell"],"picked":"SKIP","floor":14}],"player_experience":558109,"relics_obtained":[{"floor":6,"key":"hubris:OldNail"},{"floor":8,"key":"CeramicFish"},{"floor":9,"key":"infinitespire:Bottled Soul"},{"floor":11,"key":"Nunchaku"}],"event_choices":[{"damage_healed":0,"gold_gain":0,"player_choice":"0 cards matched","damage_taken":0,"max_hp_gain":0,"max_hp_loss":0,"event_name":"Match and Keep!","floor":4,"gold_loss":0,"cards_obtained":[]},{"damage_healed":68,"gold_gain":0,"player_choice":"Full Heal","damage_taken":0,"max_hp_gain":0,"max_hp_loss":0,"event_name":"Wheel of Change","floor":12,"gold_loss":0}],"is_beta":false,"boss_relics":[],"items_purged_floors":[],"is_endless":false,"potions_floor_spawned":[1,5,6,13],"killed_by":"The Guardian","ascension_level":1}}