{"host":"y6zg4wwu39otf01a","time":1613659963,"event":{"mods":["Act Like it!","Aspiration","BaseMod","Better Altar","Better Match","Better Note","Better Sensory Stone","Better Skull","Better Third Choice","Challenge The Spire","Colored Map","Colored Powertips","Conspire","GifTheSpireLib","Glutton Mod","Halation","Hermit","Highlight Path","Hubris","Infinite Spire","Mimic Mod","Minty Spire (QoL Compilation)","Quick Restart","Random Character Button","Rare Cards Sparkle","Reliquary","Replay The Spire","Retaliation","Ruina","Spicy Shops","StSLib","Stuff the Spire","The Blue Laboratory","The Construct","The Jungle"],"gold_per_floor":[117,117,117,117,136,136,136],"floor_reached":6,"language":"ENG","playtime":326,"items_purged":[],"score":37,"play_id":"43f823b4-c93b-4b4e-bdfc-a481bdf10d06","local_time":"20210218085243","is_ascension_mode":true,"campfire_choices":[],"circlet_count":0,"master_deck":["Glutton:Strike","Glutton:Strike","Glutton:Strike","Glutton:Strike","Glutton:Strike","Glutton:Strike","Glutton:Defend","Glutton:Defend+1","Glutton:Defend","Glutton:Flail","Sadistic Nature+1","Glutton:Yearn","Glutton:PainMeditation"],"relics":["Glutton:EternalHunger","infinitespire:WardingShard"],"acts_visited":["Exordium"],"potions_floor_usage":[],"damage_taken":[{"damage":12,"enemies":"Cultist","floor":1,"turns":3},{"damage":13,"enemies":"2 Louse","floor":5,"turns":3},{"damage":72,"enemies":"Lagavulin","floor":6,"turns":6}],"seed_played":"303452033532498752","potions_obtained":[],"is_trial":false,"path_per_floor":["M","T","?","?","M","E"],"character_chosen":"GLUTTON","items_purchased":[],"campfire_rested":0,"item_purchase_floors":[],"current_hp_per_floor":[96,96,96,74,61,0,0],"gold":136,"neow_bonus":"RANDOM_COLORLESS_2","is_daily":false,"chose_seed":false,"campfire_upgraded":0,"win_rate":0.0,"timestamp":1613659963,"path_taken":["M","?","?","?","M","E"],"items_purchased_type":[],"build_version":"2020-12-22","purchased_purges":0,"victory":false,"max_hp_per_floor":[108,108,108,108,108,108,108],"card_choices":[{"not_picked":["Midas Touch","hubris:EnhanceAbility"],"picked":"Sadistic Nature","floor":0},{"not_picked":["Glutton:Rest","Glutton:SelfFlagellate"],"picked":"Glutton:Yearn","floor":1},{"not_picked":["Glutton:Tantrum","Glutton:Migraine"],"picked":"Glutton:PainMeditation","floor":5}],"player_experience":889861,"relics_obtained":[{"floor":2,"key":"infinitespire:WardingShard"}],"event_choices":[{"damage_healed":0,"gold_gain":0,"player_choice":"Leave","damage_taken":0,"max_hp_gain":0,"max_hp_loss":0,"event_name":"The Cleric","floor":3,"gold_loss":0},{"damage_healed":96,"gold_gain":0,"player_choice":"Upgrade","damage_taken":22,"max_hp_gain":0,"max_hp_loss":108,"event_name":"betterThird:BetterShining","floor":4,"gold_loss":0,"cards_upgraded":["Sadistic Nature","Glutton:Defend"]}],"is_beta":false,"boss_relics":[],"items_purged_floors":[],"is_endless":false,"potions_floor_spawned":[],"killed_by":"Lagavulin","ascension_level":2}}