{"host":"u2qrfxkm3wve0vp3","time":1613634660,"event":{"mods":["AchievementEnabler","BaseMod","Downfall","Hermit","Marisa£®ÏF”Í°°ƒß¿Ì…≥£©","Minty Spire (QoL Compilation)","Quick Restart","Shop Mod","StSLib","Td1madao Mod","The Cursed","The Marked","The Poker Player","The Senshi","The Servant 0.9.4"],"gold_per_floor":[99,113,113,127,127,141,141,169,184,204,33,33,33,52,70,70,70,70],"floor_reached":16,"language":"ZHS","playtime":966,"items_purged":[],"score":104,"play_id":"e3a1f3c4-5235-4224-8f65-e0158cc884bf","local_time":"20210218155100","is_ascension_mode":false,"campfire_choices":[{"data":"champ:Taunt","floor":1,"key":"SMITH"},{"data":"champ:Encircle","floor":13,"key":"SMITH"}],"circlet_count":0,"master_deck":["champ:Strike","champ:Strike","champ:Strike","champ:Strike","champ:Defend","champ:Defend","champ:Defend+1","champ:Defend+1","champ:Execute","champ:Taunt+1","champ:Encircle+1","champ:FocusedBerserking","champ:Shatter+1","champ:FaceSlap+1","champ:FanOfKnives","downfall:Bewildered","champ:EnGarde"],"relics":["champ:ChampionCrown","Bottled Lightning","War Paint","Vajra"],"acts_visited":["Exordium"],"potions_floor_usage":[16,16,16],"damage_taken":[{"damage":14,"enemies":"Small Slimes","floor":2,"turns":3},{"damage":1,"enemies":"Cultist","floor":4,"turns":3},{"damage":7,"enemies":"2 Louse","floor":6,"turns":3},{"damage":86,"enemies":"3 Sentries","floor":8,"turns":11},{"damage":36,"enemies":"Exordium Thugs","floor":9,"turns":5},{"damage":2,"enemies":"downfall:LooterAlt","floor":10,"turns":2},{"damage":15,"enemies":"downfall:FleeingMerchant","floor":11,"turns":4},{"damage":2,"enemies":"3 Louse","floor":14,"turns":3},{"damage":12,"enemies":"Lots of Slimes","floor":15,"turns":3},{"damage":12,"enemies":"SI_SHIV_ARCHETYPE","floor":16,"turns":5}],"seed_played":"8453158629908054140","potions_obtained":[{"floor":4,"key":"CultistPotion"},{"floor":8,"key":"Swift Potion"},{"floor":14,"key":"SpeedPotion"}],"is_trial":false,"path_per_floor":["R","M","?","M","T","M","T","E","M","M","$","?","R","M","M","B"],"character_chosen":"THE_CHAMP","items_purchased":["Vajra"],"campfire_rested":0,"item_purchase_floors":[11],"current_hp_per_floor":[99,95,95,94,94,92,92,51,30,28,18,18,18,16,9,0,0,0],"gold":70,"neow_bonus":"TEN_PERCENT_HP_BONUS","is_daily":false,"chose_seed":false,"campfire_upgraded":2,"win_rate":0.0,"timestamp":1613634660,"path_taken":["R","M","?","?","?","M","T","E","M","?","?","?","R","M","M","BOSS"],"items_purchased_type":["Relic"],"build_version":"2020-12-22","purchased_purges":0,"victory":false,"max_hp_per_floor":[99,99,99,99,99,99,99,99,99,99,99,99,99,99,99,99,99,99],"card_choices":[{"not_picked":["champ:BladeFlurry","champ:GladiatorStyle"],"picked":"champ:Encircle","floor":2},{"not_picked":["champ:Shatter","champ:GutPunch"],"picked":"champ:FocusedBerserking","floor":4},{"not_picked":["champ:FocusedDefense","champ:PerfectedStrike","champ:BladeFlurry"],"picked":"SKIP","floor":6},{"not_picked":["champ:CrownThrow","champ:ArenaPreparation"],"picked":"champ:Shatter","floor":8},{"not_picked":["champ:Circumvent","champ:EnGarde"],"picked":"champ:FaceSlap","floor":9},{"not_picked":["champ:Circumvent","champ:Backstep"],"picked":"champ:FanOfKnives","floor":10},{"not_picked":["champ:FaceSlap","champ:PerfectedStrike","champ:Shatter"],"picked":"SKIP","floor":11},{"not_picked":["champ:BladeFlurry","champ:GladiatorStyle"],"picked":"champ:EnGarde","floor":14},{"not_picked":["champ:EnGarde","champ:PreemptiveStrike","champ:PreciseThrust"],"picked":"SKIP","floor":15}],"player_experience":349332,"relics_obtained":[{"floor":7,"key":"Bottled Lightning"},{"floor":8,"key":"War Paint"}],"event_choices":[{"damage_healed":0,"gold_gain":0,"player_choice":"Ignored","damage_taken":0,"max_hp_gain":0,"max_hp_loss":0,"event_name":"NoteForYourself","floor":3,"gold_loss":0}],"is_beta":false,"boss_relics":[],"items_purged_floors":[],"is_endless":false,"potions_floor_spawned":[4,8,14],"killed_by":"SI_SHIV_ARCHETYPE","ascension_level":0}}