{"host":"mj8akmyfd5lo602f","time":1613691877,"event":{"mods":["2.2 Compatiblity","Act Like it!","BaseMod","Bestiary","BshForSts","Colored Map","Colored Powertips","Highlight Path","Koishi","Minty Spire (QoL Compilation)","Permanent Neow","Relic Stats","StSLib","The Marked"],"gold_per_floor":[109,109,109,39,51,51,83,83,83,112,112,112,123,123,123,227,227,243,262,273,273,273,273],"floor_reached":22,"language":"ENG","playtime":1170,"items_purged":[],"score":217,"play_id":"f962c82c-6612-4ebf-955b-3604119a2afc","local_time":"20210218234437","is_ascension_mode":false,"campfire_choices":[{"data":"Koishi:TerrifyingSpectre","floor":6.0,"key":"SMITH"},{"data":"Koishi:Heartbroken","floor":8.0,"key":"SMITH"},{"data":"Koishi:BloodcurdlingScream","floor":11.0,"key":"SMITH"},{"floor":15.0,"key":"REST"}],"circlet_count":0,"master_deck":["Koishi:BasicStrike","Koishi:BasicStrike","Koishi:BasicStrike","Koishi:BasicStrike","Koishi:BasicDefend","Koishi:BasicDefend","Koishi:BasicDefend","Koishi:BasicDefend","Koishi:Provoke","Koishi:HauntingSlash","Koishi:JumpScare","Koishi:Heartbroken+1","Koishi:Provoke","Koishi:FidgetySnatcher","Koishi:TerrifyingSpectre+1","Koishi:DreadfulBlow","Koishi:BloodcurdlingScream+1","Koishi:StingingMind","Koishi:SilentAndRestless","Koishi:TremblingHands+1","Koishi:UnconsciousUrges","Koishi:EmbryosDream"],"relics":["Koishi:ImaginaryFriend","NeowsBlessing","HornCleat","Omamori","Regal Pillow","Philosopher\u0027s Stone"],"acts_visited":["Exordium","TheCity"],"potions_floor_usage":[],"damage_taken":[{"damage":0.0,"enemies":"Cultist","floor":1.0,"turns":1.0},{"damage":0.0,"enemies":"Jaw Worm","floor":5.0,"turns":1.0},{"damage":0.0,"enemies":"Gremlin Nob","floor":7.0,"turns":1.0},{"damage":28.0,"enemies":"3 Sentries","floor":10.0,"turns":9.0},{"damage":0.0,"enemies":"2 Louse","floor":13.0,"turns":2.0},{"damage":48.0,"enemies":"Hexaghost","floor":16.0,"turns":14.0},{"damage":4.0,"enemies":"3 Byrds","floor":18.0,"turns":6.0},{"damage":14.0,"enemies":"Spheric Guardian","floor":19.0,"turns":4.0},{"damage":35.0,"enemies":"Snake Plant","floor":20.0,"turns":4.0},{"damage":27,"enemies":"Chosen and Byrds","floor":22,"turns":9}],"seed_played":"-4791362943251775292","potions_obtained":[{"floor":1.0,"key":"DuplicationPotion"},{"floor":5.0,"key":"GamblersBrew"},{"floor":13.0,"key":"Block Potion"},{"floor":16.0,"key":"Block Potion"},{"floor":18.0,"key":"GamblersBrew"}],"is_trial":false,"path_per_floor":["M","?","?","$","M","R","E","R","T","E","R","$","M","$","R","B",null,"M","M","M","?","M"],"character_chosen":"KOISHI","items_purchased":["Koishi:FidgetySnatcher"],"campfire_rested":1,"item_purchase_floors":[4],"current_hp_per_floor":[60,60,60,60,60,60,60,60,60,36,36,36,38,38,60,31,60,60,50,22,22,0,0],"gold":273,"neow_bonus":"THREE_ENEMY_KILL","is_daily":false,"chose_seed":false,"campfire_upgraded":3,"win_rate":0.0,"timestamp":1613691877,"path_taken":["M","?","?","$","M","R","E","R","T","E","R","$","?","$","R","BOSS","M","M","M","?","M"],"items_purchased_type":["Card"],"build_version":"2020-12-22","purchased_purges":0,"victory":false,"max_hp_per_floor":[60,60,60,60,60,60,60,60,60,60,60,60,60,60,60,60,60,60,60,60,60,60,60],"relic_stats":{"Regal Pillow":4,"counters":[10,50],"obtain_stats":[{"Regal Pillow":10,"HornCleat":7,"NeowsBlessing":0,"Philosopher\u0027s Stone":17,"Omamori":9,"Koishi:ImaginaryFriend":0},{"Regal Pillow":4,"HornCleat":3,"NeowsBlessing":0,"Philosopher\u0027s Stone":6,"Omamori":3,"Koishi:ImaginaryFriend":0},{"Regal Pillow":11,"HornCleat":3,"NeowsBlessing":0,"Philosopher\u0027s Stone":27,"Omamori":3,"Koishi:ImaginaryFriend":0}]},"card_choices":[{"not_picked":["Koishi:HeartAttack","Koishi:TraumaticStroke"],"picked":"Koishi:JumpScare","floor":1.0},{"not_picked":["Koishi:SpiritedAway","Koishi:UnansweredLove"],"picked":"Koishi:TerrifyingSpectre","floor":5.0},{"not_picked":["Koishi:Jaunt","Koishi:HeartAttack"],"picked":"Koishi:DreadfulBlow","floor":7.0},{"not_picked":["Koishi:GhostParty","Koishi:PhilosophyOfTheDespised"],"picked":"Koishi:BloodcurdlingScream","floor":10.0},{"not_picked":["Koishi:ParalyzingFear","Koishi:LastRemote"],"picked":"Koishi:StingingMind","floor":13.0},{"not_picked":["Koishi:ConditionedTeleport","Koishi:ConfinedInnocent"],"picked":"Koishi:SilentAndRestless","floor":16.0},{"not_picked":["Koishi:PhantomStrike+1","Koishi:MassHysteria"],"picked":"Koishi:TremblingHands+1","floor":18.0},{"not_picked":["Koishi:IdleWhim+1","Koishi:PhantomStrike"],"picked":"Koishi:UnconsciousUrges","floor":19.0},{"not_picked":["Koishi:SubterraneanRose+1","Koishi:Prune"],"picked":"Koishi:EmbryosDream","floor":20.0}],"player_experience":186269,"relics_obtained":[{"floor":7.0,"key":"HornCleat"},{"floor":9.0,"key":"Omamori"},{"floor":10.0,"key":"Regal Pillow"}],"event_choices":[{"damage_healed":0.0,"max_hp_gain":0.0,"max_hp_loss":0.0,"gold_gain":0.0,"event_name":"Liars Game","player_choice":"Ignored","floor":2.0,"gold_loss":0.0,"damage_taken":0.0},{"damage_healed":0.0,"max_hp_gain":0.0,"max_hp_loss":0.0,"gold_gain":0.0,"event_name":"Match and Keep!","player_choice":"2 cards matched","floor":3.0,"gold_loss":0.0,"damage_taken":0.0,"cards_obtained":["Koishi:Heartbroken","Koishi:Provoke"]},{"damage_healed":0,"gold_gain":0,"player_choice":"Ignored","damage_taken":0,"max_hp_gain":0,"max_hp_loss":0,"event_name":"Transmorgrifier","floor":21,"gold_loss":0}],"is_beta":false,"boss_relics":[{"not_picked":["Tiny House","SacredBark"],"picked":"Philosopher\u0027s Stone"}],"items_purged_floors":[],"is_endless":false,"potions_floor_spawned":[1,5,13,16,18],"killed_by":"Chosen and Byrds","ascension_level":0}}