{"host":"lxu17chzujqn8whl","time":1613672521,"event":{"mods":["BaseMod","Minty Spire (QoL Compilation)","Relic Stats","StSLib"],"gold_per_floor":[118,293,293,313,333,366,23,51,51,51,51,51,51,61,61,160,160,171,182,198,85,97,97,152,152,177,132,132,132,132,157,157,283,283,295,311,1,46,56,82,82,127,127,152,152,152,0,15,15,15,15],"floor_reached":50,"language":"ENG","playtime":1602,"items_purged":["Strike_R"],"score":528,"play_id":"a36496a9-a4ed-48d6-bb60-8b94c1415918","local_time":"20210218102201","is_ascension_mode":false,"campfire_choices":[{"floor":11.0,"key":"REST"},{"data":"Juggernaut","floor":13.0,"key":"SMITH"},{"data":"HandOfGreed","floor":15.0,"key":"SMITH"},{"data":"Juggernaut","floor":23.0,"key":"SMITH"},{"floor":28.0,"key":"REST"},{"floor":32.0,"key":"REST"},{"floor":41.0,"key":"REST"},{"floor":49,"key":"REST"}],"circlet_count":0,"master_deck":["Strike_R","Defend_R","Defend_R+1","Defend_R","Defend_R","Bash+1","Juggernaut+1","Shockwave","Whirlwind","HandOfGreed+1","Immolate+1","Pummel","Juggernaut+1","Pummel+1","Intimidate","Shrug It Off","Barricade","Feel No Pain","Iron Wave+1","Armaments+1","Finesse"],"relics":["Burning Blood","Bottled Tornado","Vajra","Pocketwatch","Dead Branch","Philosopher\u0027s Stone","Whetstone","Self Forming Clay","Empty Cage","Letter Opener","Bag of Marbles","Bottled Flame","Calipers","Red Mask"],"acts_visited":["Exordium","TheCity","TheBeyond"],"potions_floor_usage":[44,44,50],"damage_taken":[{"damage":6.0,"enemies":"Jaw Worm","floor":1.0,"turns":4.0},{"damage":0.0,"enemies":"Small Slimes","floor":4.0,"turns":3.0},{"damage":1.0,"enemies":"Cultist","floor":5.0,"turns":5.0},{"damage":44.0,"enemies":"Lagavulin","floor":6.0,"turns":8.0},{"damage":8.0,"enemies":"Gremlin Nob","floor":8.0,"turns":3.0},{"damage":2.0,"enemies":"Looter","floor":14.0,"turns":3.0},{"damage":26.0,"enemies":"Slime Boss","floor":16.0,"turns":6.0},{"damage":12.0,"enemies":"3 Byrds","floor":18.0,"turns":3.0},{"damage":12.0,"enemies":"Chosen","floor":19.0,"turns":3.0},{"damage":5.0,"enemies":"3 Cultists","floor":20.0,"turns":3.0},{"damage":14.0,"enemies":"Snake Plant","floor":22.0,"turns":3.0},{"damage":36.0,"enemies":"Book of Stabbing","floor":24.0,"turns":5.0},{"damage":19.0,"enemies":"Colosseum Slavers","floor":31.0,"turns":2.0},{"damage":35.0,"enemies":"Champ","floor":33.0,"turns":11.0},{"damage":0.0,"enemies":"3 Shapes","floor":35.0,"turns":3.0},{"damage":0.0,"enemies":"3 Darklings","floor":36.0,"turns":4.0},{"damage":21.0,"enemies":"Jaw Worm Horde","floor":38.0,"turns":4.0},{"damage":20.0,"enemies":"Writhing Mass","floor":39.0,"turns":5.0},{"damage":26.0,"enemies":"Giant Head","floor":40.0,"turns":7.0},{"damage":11.0,"enemies":"Maw","floor":42.0,"turns":6.0},{"damage":22,"enemies":"Nemesis","floor":44,"turns":5},{"damage":0,"enemies":"3 Darklings","floor":48,"turns":2},{"damage":62,"enemies":"Donu and Deca","floor":50,"turns":6}],"seed_played":"-7005609176192179718","potions_obtained":[{"floor":5.0,"key":"SkillPotion"},{"floor":6.0,"key":"AttackPotion"},{"floor":22.0,"key":"BlessingOfTheForge"},{"floor":33.0,"key":"EssenceOfSteel"},{"floor":35.0,"key":"SkillPotion"},{"floor":36.0,"key":"FearPotion"}],"is_trial":false,"path_per_floor":["M","?","?","M","M","E","$","E","T","?","R","$","R","M","R","B",null,"M","M","M","$","M","R","E","?","T","$","R","?","T","?","R","B",null,"M","M","$","M","M","E","R","M","T","E","?","?","?","M","R","B"],"character_chosen":"IRONCLAD","items_purchased":["HandOfGreed","Vajra","Pummel","Shrug It Off","Letter Opener","PowerPotion"],"campfire_rested":5,"item_purchase_floors":[7,7,21,27,37,37],"current_hp_per_floor":[72,72,58,64,69,31,31,29,29,29,50,50,50,54,54,34,72,66,60,61,61,53,53,23,23,23,23,44,31,31,18,41,12,77,77,77,77,62,48,28,51,46,46,30,30,30,30,36,59,0,0],"gold":15,"neow_bonus":"THREE_RARE_CARDS","is_daily":false,"chose_seed":false,"campfire_upgraded":3,"win_rate":0.0,"timestamp":1613672521,"path_taken":["M","?","?","M","M","E","$","E","T","?","R","$","R","M","R","BOSS","M","?","M","$","M","R","E","?","T","?","R","?","?","?","R","BOSS","M","M","$","M","M","E","R","M","T","E","?","?","?","M","R","BOSS"],"items_purchased_type":["Card","Relic","Card","Card","Relic","Potion"],"build_version":"2020-12-22","purchased_purges":1,"victory":false,"max_hp_per_floor":[72,72,72,72,72,72,72,72,72,72,72,72,72,72,72,72,72,72,72,72,72,72,72,72,72,72,72,72,77,77,77,77,77,77,77,77,77,77,77,77,77,77,77,77,77,77,77,77,77,77,77],"relic_stats":{"counters":[23,104],"Self Forming Clay":[84],"Dead Branch":[49],"Whetstone":["Pummel","Immolate"],"Letter Opener":[73],"obtain_stats":[{"Calipers":44,"Self Forming Clay":30,"Dead Branch":9,"Vajra":7,"Whetstone":24,"Letter Opener":37,"Bottled Tornado":6,"Empty Cage":34,"Burning Blood":0,"Bottled Flame":43,"Philosopher\u0027s Stone":17,"Bag of Marbles":40,"Red Mask":47,"Pocketwatch":8},{"Calipers":21,"Self Forming Clay":12,"Dead Branch":5,"Vajra":4,"Whetstone":12,"Letter Opener":16,"Bottled Tornado":4,"Empty Cage":14,"Burning Blood":0,"Bottled Flame":20,"Philosopher\u0027s Stone":7,"Bag of Marbles":19,"Red Mask":21,"Pocketwatch":5},{"Calipers":96,"Self Forming Clay":49,"Dead Branch":23,"Vajra":20,"Whetstone":49,"Letter Opener":69,"Bottled Tornado":20,"Empty Cage":62,"Burning Blood":0,"Bottled Flame":91,"Philosopher\u0027s Stone":32,"Bag of Marbles":85,"Red Mask":96,"Pocketwatch":23}],"Burning Blood":120,"Pocketwatch":[117]},"card_choices":[{"not_picked":["Bludgeon","Limit Break"],"picked":"Juggernaut","floor":0.0},{"not_picked":["Havoc","Twin Strike","Perfected Strike"],"picked":"SKIP","floor":1.0},{"not_picked":["Twin Strike","Armaments"],"picked":"Shockwave","floor":4.0},{"not_picked":["Spot Weakness","Headbutt"],"picked":"Whirlwind","floor":5.0},{"not_picked":["Thunderclap","Heavy Blade","Perfected Strike"],"picked":"SKIP","floor":6.0},{"not_picked":["Armaments","Sword Boomerang"],"picked":"Immolate","floor":8.0},{"not_picked":["Hemokinesis","Iron Wave"],"picked":"Pummel","floor":14.0},{"not_picked":["Brutality","Reaper"],"picked":"Juggernaut","floor":16.0},{"not_picked":["Clash+1","Twin Strike"],"picked":"Inflame","floor":18.0},{"not_picked":["Perfected Strike","Dropkick","Anger"],"picked":"SKIP","floor":19.0},{"not_picked":["Heavy Blade","Bloodletting","Rampage"],"picked":"SKIP","floor":20.0},{"not_picked":["Dark Embrace","Clash","Evolve"],"picked":"SKIP","floor":22.0},{"not_picked":["Flex+1","Heavy Blade+1"],"picked":"Intimidate","floor":24.0},{"not_picked":["Reaper","Juggernaut"],"picked":"Barricade","floor":33.0},{"not_picked":["Fire Breathing","Bloodletting"],"picked":"Feel No Pain","floor":35.0},{"not_picked":["Inflame+1","Warcry","True Grit"],"picked":"SKIP","floor":36.0},{"not_picked":["True Grit","Power Through","Sword Boomerang"],"picked":"SKIP","floor":38.0},{"not_picked":["Heavy Blade+1","Headbutt"],"picked":"Iron Wave+1","floor":39.0},{"not_picked":["Feel No Pain","Reckless Charge","Inflame+1"],"picked":"SKIP","floor":40.0},{"not_picked":["Sword Boomerang","Dropkick","Bludgeon"],"picked":"SKIP","floor":42.0},{"not_picked":["Pommel Strike","Perfected Strike+1"],"picked":"Armaments+1","floor":44},{"not_picked":["Enlightenment","Impatience"],"picked":"Finesse","floor":46},{"not_picked":["Battle Trance+1","Body Slam","Warcry"],"picked":"SKIP","floor":48}],"player_experience":703799,"relics_obtained":[{"floor":6.0,"key":"Bottled Tornado"},{"floor":8.0,"key":"Pocketwatch"},{"floor":9.0,"key":"Dead Branch"},{"floor":24.0,"key":"Whetstone"},{"floor":30.0,"key":"Self Forming Clay"},{"floor":40.0,"key":"Bag of Marbles"},{"floor":43.0,"key":"Bottled Flame"},{"floor":44,"key":"Calipers"}],"event_choices":[{"damage_healed":0.0,"max_hp_gain":0.0,"max_hp_loss":0.0,"gold_gain":175.0,"event_name":"Liars Game","player_choice":"AGREE","floor":2.0,"gold_loss":0.0,"damage_taken":0.0,"cards_obtained":["Doubt"]},{"damage_healed":0.0,"max_hp_gain":0.0,"max_hp_loss":0.0,"gold_gain":0.0,"event_name":"Shining Light","player_choice":"Entered Light","floor":3.0,"gold_loss":0.0,"damage_taken":14.0,"cards_upgraded":["Bash","Defend_R"]},{"cards_removed":["Doubt"],"damage_healed":0.0,"max_hp_gain":0.0,"max_hp_loss":0.0,"gold_gain":0.0,"event_name":"Purifier","player_choice":"Purged","floor":10.0,"gold_loss":0.0,"damage_taken":0.0},{"cards_removed":["Strike_R"],"damage_healed":0.0,"max_hp_gain":0.0,"max_hp_loss":0.0,"gold_gain":0.0,"event_name":"Wheel of Change","player_choice":"Card Removal","floor":25.0,"gold_loss":0.0,"damage_taken":0.0},{"damage_healed":0.0,"max_hp_gain":5.0,"max_hp_loss":0.0,"gold_gain":0.0,"event_name":"Forgotten Altar","player_choice":"Shed Blood","floor":29.0,"gold_loss":0.0,"damage_taken":18.0},{"damage_healed":0.0,"max_hp_gain":0.0,"max_hp_loss":0.0,"gold_gain":0.0,"event_name":"Colosseum","player_choice":"Fight","floor":31.0,"gold_loss":0.0,"damage_taken":0.0},{"damage_healed":0.0,"max_hp_gain":0.0,"max_hp_loss":0.0,"gold_gain":0.0,"event_name":"Colosseum","player_choice":"Fled From Nobs","floor":31.0,"gold_loss":0.0,"damage_taken":0.0},{"cards_removed":["Inflame"],"damage_healed":0,"gold_gain":0,"player_choice":"Removed Power","damage_taken":0,"max_hp_gain":0,"max_hp_loss":0,"event_name":"Falling","floor":45,"gold_loss":0},{"damage_healed":0,"gold_gain":0,"player_choice":"Memory 1","damage_taken":0,"max_hp_gain":0,"max_hp_loss":0,"event_name":"SensoryStone","floor":46,"gold_loss":0},{"damage_healed":0,"gold_gain":0,"player_choice":"Paid","damage_taken":0,"relics_obtained":["Red Mask"],"max_hp_gain":0,"max_hp_loss":0,"event_name":"Tomb of Lord Red Mask","floor":47,"gold_loss":152}],"is_beta":false,"boss_relics":[{"not_picked":["Mark of Pain","Astrolabe"],"picked":"Philosopher\u0027s Stone"},{"not_picked":["SlaversCollar","Pandora\u0027s Box"],"picked":"Empty Cage"}],"items_purged_floors":[21],"is_endless":false,"potions_floor_spawned":[5,6,22,31,33,35,36,40,42],"killed_by":"Donu and Deca","ascension_level":0}}