{"host":"xb2tau8pgi8aflss","time":1613649660,"event":{"mods":["AchievementEnabler","BaseMod","Hermit","Minty Spire (QoL Compilation)","StSLib","SuperFastMode"],"gold_per_floor":[13,27,37,37,51,51,94,94,94,94,94,110,110,129,129,252,252,265,290,290,290,290,290,290,290],"floor_reached":24,"language":"KOR","playtime":685,"items_purged":[],"score":235,"play_id":"4428b069-b716-476f-93ff-86f4ce909e8b","local_time":"20210218210100","is_ascension_mode":true,"campfire_choices":[{"data":"hermit:Snapshot","floor":6,"key":"SMITH"},{"data":"hermit:Glare","floor":8,"key":"SMITH"},{"data":"hermit:Coalescence","floor":10,"key":"SMITH"},{"data":"hermit:FlashPowder","floor":13,"key":"SMITH"},{"floor":15,"key":"REST"},{"floor":23,"key":"REST"}],"circlet_count":0,"master_deck":["hermit:Strike_Hermit","hermit:Defend_Hermit","hermit:Defend_Hermit","hermit:Snapshot+1","hermit:Covet","hermit:Glare+1","hermit:TrackingShot","hermit:Coalescence+1","Injury","hermit:Headshot","hermit:Snipe","hermit:FlashPowder+1","hermit:Magnum","hermit:RoundhouseKick","hermit:Glare+1","hermit:Vantage+1","Shame"],"relics":["hermit:Momento","Golden Idol","Bottled Lightning","Incense Burner","SacredBark","Du-Vu Doll"],"acts_visited":["Exordium","TheCity"],"potions_floor_usage":[7,16,24,24],"damage_taken":[{"damage":9,"enemies":"2 Louse","floor":1,"turns":2},{"damage":1,"enemies":"Small Slimes","floor":2,"turns":4},{"damage":0,"enemies":"Cultist","floor":3,"turns":3},{"damage":7,"enemies":"Blue Slaver","floor":5,"turns":5},{"damage":27,"enemies":"Lagavulin","floor":7,"turns":5},{"damage":1,"enemies":"3 Louse","floor":12,"turns":3},{"damage":5,"enemies":"Red Slaver","floor":14,"turns":3},{"damage":38,"enemies":"Hexaghost","floor":16,"turns":14},{"damage":31,"enemies":"2 Thieves","floor":18,"turns":4},{"damage":22,"enemies":"Chosen","floor":19,"turns":6},{"damage":46,"enemies":"Gremlin Leader","floor":24,"turns":7}],"seed_played":"-68719838640202260","potions_obtained":[{"floor":1,"key":"GamblersBrew"},{"floor":3,"key":"PowerPotion"},{"floor":7,"key":"Dexterity Potion"},{"floor":14,"key":"hermit:Eclipse"},{"floor":19,"key":"Energy Potion"}],"is_trial":false,"path_per_floor":["M","M","M","?","M","R","E","R","T","R","?","M","R","M","R","B",null,"M","M","?","?","?","R","E"],"character_chosen":"HERMIT","items_purchased":[],"campfire_rested":2,"item_purchase_floors":[],"current_hp_per_floor":[66,65,65,65,58,58,31,31,31,31,31,30,30,25,47,9,75,44,22,22,22,22,44,0,0],"gold":290,"neow_bonus":"REMOVE_TWO","is_daily":false,"chose_seed":false,"campfire_upgraded":4,"win_rate":0.0,"timestamp":1613649660,"path_taken":["M","M","M","?","M","R","E","R","T","R","?","M","R","?","R","BOSS","M","M","?","?","?","R","E"],"items_purchased_type":[],"build_version":"2020-12-22","purchased_purges":0,"victory":false,"max_hp_per_floor":[75,75,75,75,75,75,75,75,75,75,75,75,75,75,75,75,75,75,75,75,75,75,75,75,75],"card_choices":[{"not_picked":["hermit:Brawl","hermit:LowProfile"],"picked":"hermit:Glare","floor":1},{"not_picked":["hermit:CursedWeapon","hermit:Feint"],"picked":"hermit:TrackingShot","floor":2},{"not_picked":["hermit:Roulette","hermit:Feint"],"picked":"hermit:Coalescence","floor":3},{"not_picked":["hermit:SprayPray","hermit:Manifest"],"picked":"hermit:Headshot","floor":5},{"not_picked":["hermit:LowProfile","hermit:Quickdraw"],"picked":"hermit:Snipe","floor":7},{"not_picked":["hermit:TrackingShot","hermit:CursedWeapon"],"picked":"hermit:FlashPowder","floor":12},{"not_picked":["hermit:HoleUp","hermit:HighCaliber"],"picked":"hermit:Magnum","floor":14},{"not_picked":["hermit:FinalCanter","hermit:Gambit"],"picked":"hermit:RoundhouseKick","floor":16},{"not_picked":["hermit:PistolWhip","hermit:HoleUp"],"picked":"hermit:Glare+1","floor":18},{"not_picked":["hermit:Maintenance","hermit:Grudge"],"picked":"hermit:Vantage+1","floor":19}],"player_experience":846550,"relics_obtained":[{"floor":7,"key":"Bottled Lightning"},{"floor":9,"key":"Incense Burner"}],"event_choices":[{"damage_healed":0,"gold_gain":0,"player_choice":"Take Wound","damage_taken":0,"relics_obtained":["Golden Idol"],"max_hp_gain":0,"max_hp_loss":0,"event_name":"Golden Idol","floor":4,"gold_loss":0,"cards_obtained":["Injury"]},{"cards_removed":["hermit:Strike_Hermit"],"damage_healed":0,"gold_gain":0,"player_choice":"Purged","damage_taken":0,"max_hp_gain":0,"max_hp_loss":0,"event_name":"Purifier","floor":11,"gold_loss":0},{"cards_removed":["hermit:Defend_Hermit"],"damage_healed":0,"gold_gain":0,"player_choice":"Elegance","damage_taken":0,"max_hp_gain":0,"max_hp_loss":0,"event_name":"Back to Basics","floor":20,"gold_loss":0},{"damage_healed":0,"gold_gain":0,"player_choice":"Stole Relic","damage_taken":0,"relics_obtained":["Du-Vu Doll"],"max_hp_gain":0,"max_hp_loss":0,"event_name":"Addict","floor":21,"gold_loss":0,"cards_obtained":["Shame"]},{"cards_removed":["hermit:Strike_Hermit"],"damage_healed":0,"gold_gain":0,"player_choice":"Purged","damage_taken":0,"max_hp_gain":0,"max_hp_loss":0,"event_name":"Purifier","floor":22,"gold_loss":0}],"is_beta":false,"boss_relics":[{"not_picked":["Empty Cage","hermit:DentedPlate"],"picked":"SacredBark"}],"items_purged_floors":[],"is_endless":false,"potions_floor_spawned":[1,3,7,14,19],"killed_by":"Gremlin Leader","ascension_level":4}}