{"host":"373g0ui1bgeshz9m","time":1613677609,"event":{"mods":["Act Like it!","Aspiration","BaseMod","Beaked The Cultist","Better Third Choice","Colored Map","Conspire","Downfall","Halation","Hermit","Hubris","Infinite Spire","Minty Spire (QoL Compilation)","Pale of the Ancients","Permanent Neow","Quick Restart","Replay The Spire","Shade Mod","Shop Mod","Spikes Relics","StSLib","The Animator","The Bladedancer","The Florist","The Jungle","The Necromancer","The Sage","Trackpad"],"gold_per_floor":[119,119,133,19,19,48,48,73,73,108,21,39,39,54,54,153,153,168,11,11,11,11,11,11],"floor_reached":23,"language":"ENG","playtime":836,"items_purged":[],"score":242,"play_id":"18074833-8541-4382-86ad-74c5e2f3b895","local_time":"20210218144649","is_ascension_mode":true,"campfire_choices":[{"data":"Eruption","floor":7,"key":"SMITH"},{"floor":13,"key":"DIG"},{"floor":15,"key":"DIG"}],"circlet_count":0,"master_deck":["Strike_P","Strike_P","Strike_P","Defend_P","Defend_P","Defend_P","Defend_P","Eruption+1","Vigilance","Consecrate","TalkToTheHand","Crescendo","Crescendo","FearNoEvil","FlurryOfBlows","ThirdEye","CutThroughFate","Nirvana","JustLucky","CutThroughFate","DeusExMachina+1","Wallop","Blasphemy+1","downfall:Bewildered"],"relics":["PureWater","NeowsBlessing","PreservedInsect","trackpad:Compendium","Shovel","sagemod:Red_Beast_Statue","MealTicket","Golden Egg","Bottled Lightning","Philosopher\u0027s Stone","sneckomod:BabySnecko"],"acts_visited":["Exordium","TheCity"],"potions_floor_usage":[23],"damage_taken":[{"damage":0,"enemies":"Small Slimes","floor":1,"turns":1},{"damage":0,"enemies":"Cultist","floor":3,"turns":1},{"damage":0,"enemies":"Lagavulin","floor":6,"turns":1},{"damage":15,"enemies":"3 Sentries","floor":8,"turns":7},{"damage":8,"enemies":"Gremlin Nob","floor":10,"turns":3},{"damage":0,"enemies":"2 Louse","floor":12,"turns":1},{"damage":2,"enemies":"Looter","floor":14,"turns":2},{"damage":30,"enemies":"Hexaghost","floor":16,"turns":8},{"damage":15,"enemies":"Spheric Guardian","floor":18,"turns":4},{"damage":100001,"enemies":"Book of Stabbing","floor":23,"turns":4}],"seed_played":"9183275859509309681","potions_obtained":[{"floor":1,"key":"Ancient Potion"},{"floor":6,"key":"Languid Potion"},{"floor":12,"key":"CultistPotion"},{"floor":16,"key":"sagemod:Wine"},{"floor":18,"key":"PowerPotion"}],"is_trial":false,"path_per_floor":["M","?","M","$","?","E","R","E","T","E","$","M","R","M","R","B",null,"M","$","?","?","$","E"],"character_chosen":"WATCHER","items_purchased":["Crescendo","FearNoEvil","Nirvana","JustLucky","Blasphemy"],"campfire_rested":0,"item_purchase_floors":[4,4,11,11,19],"current_hp_per_floor":[72,72,72,72,72,72,72,57,57,49,64,64,64,62,62,32,72,57,72,59,59,74,0,0],"gold":11,"neow_bonus":"THREE_ENEMY_KILL","is_daily":false,"chose_seed":false,"campfire_upgraded":1,"win_rate":0.0,"timestamp":1613677609,"path_taken":["M","?","?","?","?","E","R","E","T","E","$","M","R","?","R","BOSS","M","$","?","?","$","E"],"items_purchased_type":["Card","Card","Card","Card","Card"],"build_version":"2020-12-22","purchased_purges":0,"victory":false,"max_hp_per_floor":[72,72,72,72,72,72,72,72,72,72,72,72,72,72,72,72,72,72,72,77,77,77,77,77],"card_choices":[{"not_picked":["Protect","Crescendo"],"picked":"Consecrate","floor":1},{"not_picked":["FearNoEvil","BattleHymn"],"picked":"TalkToTheHand","floor":3},{"not_picked":["Study","Halt"],"picked":"FlurryOfBlows","floor":6},{"not_picked":["Replay:BluntJabs","Indignation"],"picked":"ThirdEye","floor":8},{"not_picked":["EmptyFist","Halt"],"picked":"CutThroughFate","floor":10},{"not_picked":["Prostrate","JustLucky"],"picked":"CutThroughFate","floor":12},{"not_picked":["SashWhip","Prostrate","Halt"],"picked":"SKIP","floor":14},{"not_picked":["Judgement","Devotion"],"picked":"DeusExMachina","floor":16},{"not_picked":["CutThroughFate","Adaptation+1"],"picked":"Wallop","floor":18}],"player_experience":384045,"relics_obtained":[{"floor":6,"key":"trackpad:Compendium"},{"floor":8,"key":"Shovel"},{"floor":9,"key":"sagemod:Red_Beast_Statue"},{"floor":10,"key":"MealTicket"},{"floor":13,"key":"Golden Egg"},{"floor":15,"key":"Bottled Lightning"}],"event_choices":[{"cards_removed":["Strike_P"],"damage_healed":0,"gold_gain":0,"player_choice":"Purged","damage_taken":0,"max_hp_gain":0,"max_hp_loss":0,"event_name":"Purifier","floor":2,"gold_loss":0},{"damage_healed":0,"gold_gain":0,"player_choice":"Gave Potion","damage_taken":0,"relics_obtained":["PreservedInsect"],"max_hp_gain":0,"max_hp_loss":0,"event_name":"WeMeetAgain","floor":5,"gold_loss":0},{"damage_healed":0,"gold_gain":0,"player_choice":"Shed Blood","damage_taken":18,"max_hp_gain":5,"max_hp_loss":0,"event_name":"Forgotten Altar","floor":20,"gold_loss":0}],"is_beta":false,"boss_relics":[{"not_picked":["Kintsugi","Coffee Dripper"],"picked":"Philosopher\u0027s Stone"}],"items_purged_floors":[],"is_endless":false,"potions_floor_spawned":[1,6,12,16,18],"killed_by":"Book of Stabbing","ascension_level":1}}