{"host":"cjhtzh7tp54jdfyv","time":1613624901,"event":{"mods":["AchievementEnabler","BaseMod","Colored Map","Colored Powertips","Curses Come First","DeckTracker","Filter the Spire","Minty Spire (QoL Compilation)","RNG Fix","Relic Sorter","Relic Stats","StSLib","UnlockEverythingMod","ojb\u0027s Better Paths Mod","ojb\u0027s Info Mod"],"gold_per_floor":[111,111,127,146,162,162,196,196,223,248,34,109,109,121,121,194,194,205,222,237,255,81,111,127,167,167,199,35,63,95,123,123,204,204,228,249,108,108,131,170,197,226,226,281,290,37,76,88,88,88,88,88,88,6,40,40],"floor_reached":57,"language":"ENG","playtime":6484,"items_purged":["Strike_R","Strike_R","Strike_R","Strike_R","Bash"],"score":2968,"play_id":"aa527dd0-a59d-4be0-8288-e794e506856e","local_time":"20210218000821","is_ascension_mode":true,"campfire_choices":[{"data":"Perfected Strike","floor":6.0,"key":"SMITH"},{"data":"Uppercut","floor":8.0,"key":"SMITH"},{"data":"Pommel Strike","floor":13.0,"key":"SMITH"},{"data":"Bloodletting","floor":15.0,"key":"SMITH"},{"data":"Armaments","floor":32.0,"key":"SMITH"},{"floor":49.0,"key":"RECALL"},{"data":"Feel No Pain","floor":53.0,"key":"SMITH"}],"circlet_count":0,"master_deck":["AscendersBane","Defend_R","Defend_R","Defend_R","Cleave","Perfected Strike+1","Clothesline","Twin Strike","Uppercut+1","Pommel Strike+1","Bloodletting+1","Anger","Fiend Fire","Shrug It Off","Pommel Strike","Flame Barrier","Flame Barrier","Armaments+1","Seeing Red","Offering","Cleave+1","Spot Weakness","Uppercut+1","Inflame","Exhume","Offering","Rupture+1","Dual Wield+1","Feel No Pain+1","Dropkick","Rage+1","Headbutt+1","Pummel+1","Thinking Ahead","Dark Embrace","Reaper","Shrug It Off+1"],"relics":["Burning Blood","Nunchaku","Happy Flower","Eternal Feather","Smiling Mask","MealTicket","Membership Card","Coffee Dripper","Orrery","Akabeko","CeramicFish","StrikeDummy","HornCleat","Orichalcum","Runic Pyramid","Toolbox","Pantograph","Pocketwatch","FossilizedHelix","Gremlin Horn","Frozen Eye","Lizard Tail"],"acts_visited":["Exordium","TheCity","TheBeyond","TheEnding"],"potions_floor_usage":[55,56,56],"damage_taken":[{"damage":5.0,"enemies":"Small Slimes","floor":1.0,"turns":4.0},{"damage":0.0,"enemies":"2 Louse","floor":3.0,"turns":3.0},{"damage":9.0,"enemies":"Jaw Worm","floor":4.0,"turns":2.0},{"damage":7.0,"enemies":"3 Louse","floor":5.0,"turns":2.0},{"damage":20.0,"enemies":"Gremlin Nob","floor":7.0,"turns":4.0},{"damage":6.0,"enemies":"Lagavulin","floor":10.0,"turns":6.0},{"damage":6.0,"enemies":"Looter","floor":14.0,"turns":2.0},{"damage":36.0,"enemies":"Slime Boss","floor":16.0,"turns":6.0},{"damage":3.0,"enemies":"Chosen","floor":18.0,"turns":2.0},{"damage":10.0,"enemies":"3 Byrds","floor":19.0,"turns":5.0},{"damage":26.0,"enemies":"Centurion and Healer","floor":20.0,"turns":4.0},{"damage":12.0,"enemies":"Snake Plant","floor":21.0,"turns":3.0},{"damage":10.0,"enemies":"Slavers","floor":23.0,"turns":5.0},{"damage":6.0,"enemies":"Chosen and Byrds","floor":24.0,"turns":3.0},{"damage":35.0,"enemies":"Gremlin Leader","floor":25.0,"turns":3.0},{"damage":20.0,"enemies":"Book of Stabbing","floor":27.0,"turns":3.0},{"damage":0.0,"enemies":"3 Cultists","floor":29.0,"turns":4.0},{"damage":7.0,"enemies":"Gremlin Leader","floor":30.0,"turns":3.0},{"damage":13.0,"enemies":"Centurion and Healer","floor":31.0,"turns":3.0},{"damage":33.0,"enemies":"Automaton","floor":33.0,"turns":6.0},{"damage":17.0,"enemies":"3 Darklings","floor":35.0,"turns":3.0},{"damage":0.0,"enemies":"Orb Walker","floor":36.0,"turns":4.0},{"damage":12.0,"enemies":"Sphere and 2 Shapes","floor":39.0,"turns":3.0},{"damage":57.0,"enemies":"Reptomancer","floor":40.0,"turns":6.0},{"damage":3.0,"enemies":"Transient","floor":41.0,"turns":6.0},{"damage":3.0,"enemies":"Nemesis","floor":42.0,"turns":5.0},{"damage":7.0,"enemies":"2 Orb Walkers","floor":44.0,"turns":3.0},{"damage":9.0,"enemies":"Giant Head","floor":47.0,"turns":7.0},{"damage":8.0,"enemies":"Spire Growth","floor":48.0,"turns":3.0},{"damage":28.0,"enemies":"Donu and Deca","floor":50.0,"turns":6.0},{"damage":40.0,"enemies":"Awakened One","floor":51.0,"turns":6.0},{"damage":55,"enemies":"Shield and Spear","floor":55,"turns":5},{"damage":138,"enemies":"The Heart","floor":56,"turns":9}],"seed_played":"6409595929929620105","potions_obtained":[{"floor":5.0,"key":"HeartOfIron"},{"floor":7.0,"key":"HeartOfIron"},{"floor":10.0,"key":"AttackPotion"},{"floor":16.0,"key":"FearPotion"},{"floor":21.0,"key":"HeartOfIron"},{"floor":23.0,"key":"Strength Potion"},{"floor":27.0,"key":"Strength Potion"},{"floor":31.0,"key":"BloodPotion"},{"floor":33.0,"key":"EssenceOfSteel"},{"floor":36.0,"key":"Swift Potion"},{"floor":41.0,"key":"Explosive Potion"},{"floor":48.0,"key":"Dexterity Potion"},{"floor":55,"key":"EssenceOfSteel"}],"is_trial":false,"path_per_floor":["M","?","M","M","M","R","E","R","T","E","$","?","R","M","R","B",null,"M","M","M","M","$","E","M","E","T","E","$","M","E","M","R","B",null,"M","M","$","?","M","E","M","E","T","?","?","$","E","M","R","B","B",null,"R","$","E","B",null],"character_chosen":"IRONCLAD","items_purchased":["Membership Card","Orrery","Offering","Happy Flower","SteroidPotion","Feel No Pain","Toolbox","Dark Embrace","FossilizedHelix","Frozen Eye"],"campfire_rested":0,"item_purchase_floors":[11,22,22,28,28,37,37,46,46,54],"current_hp_per_floor":[51,51,57,54,53,53,39,48,48,48,63,63,72,72,75,45,68,71,67,47,41,56,52,52,23,23,9,24,30,29,22,37,10,59,48,69,75,75,69,18,21,24,24,23,23,38,35,33,54,74,41,67,75,75,41,14],"gold":40,"neow_bonus":"TRANSFORM_TWO_CARDS","is_daily":false,"chose_seed":false,"campfire_upgraded":6,"win_rate":0.0,"timestamp":1613624901,"path_taken":["M","?","M","M","M","R","E","R","T","E","$","?","R","?","R","BOSS","M","M","?","?","$","E","M","E","T","E","$","M","E","M","R","BOSS","M","?","$","?","M","E","M","E","T","?","?","?","E","M","R","BOSS","BOSS","R","$","E","BOSS"],"items_purchased_type":["Relic","Relic","Card","Relic","Potion","Card","Relic","Card","Relic","Relic"],"build_version":"2020-12-22","purchased_purges":5,"victory":true,"max_hp_per_floor":[75,75,75,75,75,75,75,75,75,75,75,75,75,75,75,75,75,75,75,75,75,75,75,75,75,75,75,75,75,75,75,75,75,75,75,75,75,75,75,75,75,75,75,75,75,75,75,75,75,75,75,75,75,75,75,75],"relic_stats":{"Happy Flower":[27],"Gremlin Horn":[5,5],"counters":[33,139],"CeramicFish":135,"Eternal Feather":65,"Orichalcum":[102],"Smiling Mask":64,"Burning Blood":198,"Nunchaku":[10],"Lizard Tail":37,"Pantograph":47,"MealTicket":66,"obtain_stats":[{"Happy Flower":28,"Gremlin Horn":47,"CeramicFish":25,"Eternal Feather":7,"Orichalcum":30,"Smiling Mask":9,"Burning Blood":0,"Akabeko":23,"Frozen Eye":54,"Nunchaku":42,"Lizard Tail":55,"HornCleat":27,"Pantograph":40,"Orrery":22,"Toolbox":37,"MealTicket":10,"Coffee Dripper":17,"Membership Card":11,"StrikeDummy":26,"FossilizedHelix":46,"Runic Pyramid":34,"Pocketwatch":44},{"Happy Flower":16,"Gremlin Horn":28,"CeramicFish":15,"Eternal Feather":5,"Orichalcum":18,"Smiling Mask":5,"Burning Blood":0,"Akabeko":13,"Frozen Eye":31,"Nunchaku":26,"Lizard Tail":32,"HornCleat":16,"Pantograph":24,"Orrery":12,"Toolbox":22,"MealTicket":6,"Coffee Dripper":8,"Membership Card":6,"StrikeDummy":15,"FossilizedHelix":27,"Runic Pyramid":20,"Pocketwatch":27},{"Happy Flower":57,"Gremlin Horn":110,"CeramicFish":54,"Eternal Feather":15,"Orichalcum":64,"Smiling Mask":15,"Burning Blood":0,"Akabeko":48,"Frozen Eye":125,"Nunchaku":100,"Lizard Tail":130,"HornCleat":57,"Pantograph":89,"Orrery":43,"Toolbox":80,"MealTicket":21,"Coffee Dripper":29,"Membership Card":21,"StrikeDummy":54,"FossilizedHelix":103,"Runic Pyramid":73,"Pocketwatch":103}],"Pocketwatch":[5]},"card_choices":[{"not_picked":["Warcry","True Grit"],"picked":"Clothesline","floor":1.0},{"not_picked":["Shrug It Off","Blood for Blood"],"picked":"Uppercut","floor":3.0},{"not_picked":["Clash","Havoc"],"picked":"Pommel Strike","floor":4.0},{"not_picked":["Armaments","Heavy Blade"],"picked":"Bloodletting","floor":5.0},{"not_picked":["Havoc","Reaper"],"picked":"Anger","floor":7.0},{"not_picked":["Cleave","Thunderclap","Infernal Blade"],"picked":"SKIP","floor":10.0},{"not_picked":["Havoc","Clothesline","Wild Strike"],"picked":"SKIP","floor":14.0},{"not_picked":["Bludgeon","Impervious"],"picked":"Fiend Fire","floor":16.0},{"not_picked":["Twin Strike","Rampage","Havoc"],"picked":"SKIP","floor":18.0},{"not_picked":["Havoc","Clash","Body Slam"],"picked":"SKIP","floor":19.0},{"not_picked":["Wild Strike","Perfected Strike"],"picked":"Shrug It Off","floor":20.0},{"not_picked":["Anger","Dual Wield"],"picked":"Pommel Strike","floor":21.0},{"not_picked":["Body Slam","Wild Strike"],"picked":"Flame Barrier","floor":22.0},{"not_picked":["Headbutt","Flex"],"picked":"Flame Barrier","floor":22.0},{"not_picked":["True Grit","Cleave"],"picked":"Armaments","floor":22.0},{"not_picked":["Juggernaut","Pommel Strike"],"picked":"Seeing Red","floor":22.0},{"not_picked":["Armaments","Evolve"],"picked":"Cleave+1","floor":23.0},{"not_picked":["Brutality","Armaments"],"picked":"Spot Weakness","floor":24.0},{"not_picked":["Metallicize","Sword Boomerang"],"picked":"Uppercut+1","floor":25.0},{"not_picked":["Perfected Strike","Combust","Heavy Blade"],"picked":"SKIP","floor":27.0},{"not_picked":["Uppercut","True Grit"],"picked":"Inflame","floor":29.0},{"not_picked":["Spot Weakness","Cleave","Perfected Strike"],"picked":"SKIP","floor":30.0},{"not_picked":["Combust","Flame Barrier"],"picked":"Exhume","floor":31.0},{"not_picked":["Immolate","Double Tap"],"picked":"Offering","floor":33.0},{"not_picked":["Seeing Red","Armaments"],"picked":"Rupture+1","floor":35.0},{"not_picked":["Armaments","Body Slam+1"],"picked":"Dual Wield+1","floor":36.0},{"not_picked":["Havoc+1","True Grit"],"picked":"Dropkick","floor":39.0},{"not_picked":["Iron Wave","Double Tap"],"picked":"Rage+1","floor":40.0},{"not_picked":["Intimidate","Blood for Blood+1"],"picked":"Headbutt+1","floor":41.0},{"not_picked":["Twin Strike","Sever Soul","Uppercut"],"picked":"SKIP","floor":42.0},{"not_picked":["Warcry","Whirlwind"],"picked":"Pummel+1","floor":44.0},{"not_picked":["Swift Strike","Mind Blast"],"picked":"Thinking Ahead","floor":45.0},{"not_picked":["Heavy Blade","Headbutt"],"picked":"Reaper","floor":47.0},{"not_picked":["Anger+1","Body Slam","Cleave"],"picked":"SKIP","floor":48.0},{"not_picked":["Flex+1","Twin Strike"],"picked":"Shrug It Off+1","floor":55}],"player_experience":5026078,"relics_obtained":[{"floor":7.0,"key":"Eternal Feather"},{"floor":9.0,"key":"Smiling Mask"},{"floor":10.0,"key":"MealTicket"},{"floor":23.0,"key":"Akabeko"},{"floor":25.0,"key":"CeramicFish"},{"floor":26.0,"key":"StrikeDummy"},{"floor":27.0,"key":"HornCleat"},{"floor":30.0,"key":"Orichalcum"},{"floor":40.0,"key":"Pantograph"},{"floor":42.0,"key":"Nunchaku"},{"floor":44.0,"key":"Pocketwatch"},{"floor":47.0,"key":"Gremlin Horn"},{"floor":55,"key":"Lizard Tail"}],"event_choices":[{"damage_healed":0.0,"max_hp_gain":0.0,"max_hp_loss":0.0,"gold_gain":0.0,"event_name":"Match and Keep!","player_choice":"1 cards matched","floor":2.0,"gold_loss":0.0,"damage_taken":0.0,"cards_obtained":["Twin Strike"]},{"damage_healed":0.0,"max_hp_gain":0.0,"max_hp_loss":0.0,"gold_gain":75.0,"event_name":"Golden Wing","player_choice":"Gained Gold","floor":12.0,"gold_loss":0.0,"damage_taken":0.0},{"damage_healed":0.0,"max_hp_gain":0.0,"max_hp_loss":0.0,"gold_gain":0.0,"event_name":"Tomb of Lord Red Mask","player_choice":"Ignored","floor":38.0,"gold_loss":0.0,"damage_taken":0.0},{"damage_healed":0.0,"max_hp_gain":0.0,"max_hp_loss":0.0,"gold_gain":0.0,"event_name":"Mysterious Sphere","player_choice":"Fight","floor":44.0,"gold_loss":0.0,"damage_taken":0.0},{"damage_healed":0.0,"max_hp_gain":0.0,"max_hp_loss":0.0,"gold_gain":0.0,"event_name":"SensoryStone","player_choice":"Memory 1","floor":45.0,"gold_loss":0.0,"damage_taken":0.0}],"is_beta":false,"boss_relics":[{"not_picked":["Empty Cage","Busted Crown"],"picked":"Coffee Dripper"},{"not_picked":["Pandora\u0027s Box","Astrolabe"],"picked":"Runic Pyramid"}],"items_purged_floors":[11,22,28,37,46],"is_endless":false,"potions_floor_spawned":[5,7,10,16,21,23,27,31,33,36,41,48,55],"ascension_level":20}}