{"host":"dd8lqbxt1rnwhzth","time":1613689262,"event":{"mods":["BaseMod","Beaked The Cultist","BetterRewards","Colored Map","Conspire","DeckTracker","Hermit","Highlight Path","Hubris","Infinite Spire","Jorbs\u0027s Wanderer Trilogy","Marisa????????","Minty Spire (QoL Compilation)","Rare Cards Sparkle","Replay The Spire","Shop Mod","StSLib","SuperFastMode","Synergy Search","The Bladedancer","The Construct","The Cursed","The Disciple","The Elementalist","The Forsaken","The Hierophant","The IronCluck","The Judge","The Jungle","The Mystic","The Necromancer","The Runesmith","The Servant 0.9.4","The Valiant","The Wild Card","TheBandit","egg","slay the spire mod where everything is the same but ironclad has a cowboy hat"],"gold_per_floor":[110,127,127,146,116,116,143,143,170,170,25,52,52,52,71,105,105,201,201,215,234,234,261,278,308,327,346,346,346,346,380,91,118,118,214,214,227,227,242,0,0,0,16,43,43,74,74,108,124,152,170,48,48,48],"floor_reached":55,"language":"ENG","playtime":4468,"items_purged":["Rupture","Rupture"],"score":1110,"play_id":"8e0fdafd-0816-4b18-8419-09c69fe4aa89","local_time":"20210218193102","daily_mods":["Insanity","Elite Swarm"],"is_ascension_mode":true,"campfire_choices":[{"data":"Armaments","floor":6.0,"key":"SMITH"},{"data":"Fiend Fire","floor":8.0,"key":"SMITH"},{"data":"Armaments","floor":10.0,"key":"SMITH"},{"floor":30.0,"key":"REST"},{"data":"infinitespire:NeuralNetwork","floor":34.0,"key":"SMITH"},{"floor":45,"key":"REST"},{"data":"infinitespire:Punishment","floor":53,"key":"SMITH"}],"circlet_count":0,"master_deck":["Fire Breathing","Armaments","conspire:Charge","Run Through","Clothesline","Second Wind","Havoc","Twin Strike","Feel No Pain","Seeing Red","Replay:Undeath\u0027s Touch","Armaments","Intimidate","Seeing Red","Heavy Blade","Warcry","Uppercut","Flex","Body Slam","Disarm","Ghostly Armor","Burning Pact","Flex","Disarm","Rupture","ReplayTheSpireMod:Strike From Hell","Perfected Strike","Anger","Perfected Strike","Cleave","Iron Wave","Sword Boomerang","True Grit","Replay:Undeath\u0027s Touch","ReplayTheSpireMod:LeadingStrike","Second Wind","Clothesline","Armaments","Pommel Strike","Armaments+1","Disarm","Wild Strike","Armaments+1","Metallicize","Shrug It Off","Whirlwind","Bloodletting","Fiend Fire+1","Eclipse","Corruption","infinitespire:OneForAll","Exhume","infinitespire:Punishment+1","infinitespire:NeuralNetwork+1","Metallicize+1","True Grit+1","Bludgeon","conspire:Purge","Replay:Many Hands","Brutality","Limit Break","Limit Break","Feel No Pain"],"relics":["Burning Blood","theForsaken:PlagueMask","Nunchaku","Replay:Baseball","Brimstone","Durian","hubris:ChampionShield","Black Star","infinitespire:CheckeredPen","Lantern","Prayer Wheel","Smiling Mask","Matryoshka","hubris:Potato","Mummified Hand","ReplayTheSpireMod:Spearhead","Replay:Towering Pillar of Hats","hubris:HollowSoul","Red Mask","WordoMod:GasMask","Toy Ornithopter","infinitespire:Satchel","Juzu Bracelet","hubris:SlimyHat","Pet Ghost","Oddly Smooth Stone","Unceasing Top","hubris:ToyBattleship","hubris:DisguiseKit"],"acts_visited":["Exordium","theJungle:Jungle","TheBeyond"],"potions_floor_usage":[37,44],"damage_taken":[{"damage":5.0,"enemies":"Jaw Worm","floor":1.0,"turns":5.0},{"damage":5.0,"enemies":"Small Slimes","floor":2.0,"turns":3.0},{"damage":6.0,"enemies":"Cultist","floor":4.0,"turns":3.0},{"damage":16.0,"enemies":"Lagavulin","floor":7.0,"turns":8.0},{"damage":10.0,"enemies":"3 Sentries","floor":12.0,"turns":4.0},{"damage":11.0,"enemies":"Blue Slaver","floor":15.0,"turns":3.0},{"damage":0.0,"enemies":"Gremlin Nob","floor":16.0,"turns":2.0},{"damage":31.0,"enemies":"Hexaghost","floor":18.0,"turns":6.0},{"damage":22.0,"enemies":"theJungle:5_Spyders","floor":20.0,"turns":6.0},{"damage":0.0,"enemies":"Shell Parasite","floor":21.0,"turns":2.0},{"damage":23.0,"enemies":"conspire:MimicChest","floor":23.0,"turns":5.0},{"damage":17.0,"enemies":"theJungle:JungleHuntersEncounter","floor":24.0,"turns":5.0},{"damage":16.0,"enemies":"theJungle:MamaSnecko","floor":25.0,"turns":4.0},{"damage":0.0,"enemies":"theJungle:2_Snecko_Cultists","floor":26.0,"turns":3.0},{"damage":21.0,"enemies":"theJungle:2_Flameangoes","floor":27.0,"turns":4.0},{"damage":0.0,"enemies":"theJungle:Cassacara","floor":31.0,"turns":2.0},{"damage":0.0,"enemies":"theJungle:MamaSnecko","floor":33.0,"turns":1.0},{"damage":38.0,"enemies":"theJungle:TotemBoss","floor":35.0,"turns":6.0},{"damage":8,"enemies":"3 Shapes","floor":37,"turns":6},{"damage":19,"enemies":"Orb Walker","floor":39,"turns":3},{"damage":35,"enemies":"3 Darklings","floor":43,"turns":5},{"damage":5,"enemies":"Giant Head","floor":44,"turns":6},{"damage":2,"enemies":"Reptomancer","floor":46,"turns":2},{"damage":8,"enemies":"Nemesis","floor":48,"turns":3},{"damage":0,"enemies":"Transient","floor":49,"turns":5},{"damage":0,"enemies":"Reptomancer","floor":50,"turns":2},{"damage":0,"enemies":"Jaw Worm Horde","floor":51,"turns":3},{"damage":44,"enemies":"Donu and Deca","floor":54,"turns":6}],"seed_played":"3077657314264402943","potions_obtained":[{"floor":1.0,"key":"ElixirPotion"},{"floor":4.0,"key":"Fire Potion"},{"floor":5.0,"key":"Explosive Potion"},{"floor":5.0,"key":"BlessingOfTheForge"},{"floor":12.0,"key":"FairyPotion"},{"floor":16.0,"key":"DuplicationPotion"},{"floor":25.0,"key":"Weak Potion"},{"floor":31.0,"key":"Swift Potion"},{"floor":35.0,"key":"SkillPotion"},{"floor":39,"key":"Energy Potion"},{"floor":43,"key":"Weak Potion"},{"floor":44,"key":"SkillPotion"}],"is_trial":true,"path_per_floor":["M","M","?","M","?","R","E","R","T","R","$","E","PTL","PTL","M","E","R_BF","B",null,"M","M","AVR","?","M","E","M","M","T","?","R","E","$","E","R","B",null,"M","?","M","?","PTL","PTL","M","E","R","E","T","E","M","E","M","$","R","B",null],"character_chosen":"IRONCLAD","items_purchased":["Brimstone","Mummified Hand","DuplicationPotion"],"campfire_rested":2,"item_purchase_floors":[11,32,52],"current_hp_per_floor":[80,80,80,80,80,80,70,70,70,70,70,71,71,71,66,72,72,47,85,69,75,75,58,47,37,43,28,28,28,53,59,59,65,65,33,85,83,83,70,70,70,70,41,42,67,71,71,69,75,81,85,85,85,47],"gold":48,"neow_bonus":"","is_daily":false,"chose_seed":false,"campfire_upgraded":5,"win_rate":0.0,"timestamp":1613689262,"path_taken":["M","M","?","M","?","R","E","R","T","R","$","E","PTL","PTL","M","E","R_BF","BOSS","M","M","AVR","?","?","E","M","M","T","?","R","E","$","E","R","BOSS","M","?","M","?","PTL","PTL","M","E","R","E","T","E","M","E","M","?","R","BOSS"],"items_purchased_type":["Relic","Relic","Potion"],"build_version":"2020-12-22","purchased_purges":2,"victory":true,"max_hp_per_floor":[80,80,80,80,80,80,80,80,80,80,80,85,85,85,85,85,85,85,85,85,85,85,85,85,85,85,85,85,85,85,85,85,85,85,85,85,85,85,85,85,85,85,85,85,85,85,85,85,85,85,85,85,85,85],"card_choices":[{"not_picked":["ReplayTheSpireMod:Strike From Hell","Anger","Cleave"],"picked":"SKIP","floor":1.0},{"not_picked":["Iron Wave","Havoc"],"picked":"Bloodletting","floor":2.0},{"not_picked":["Headbutt","Body Slam","Bludgeon"],"picked":"SKIP","floor":4.0},{"not_picked":["Feed","Brutality"],"picked":"Fiend Fire","floor":7.0},{"not_picked":["Impervious","conspire:HitWhereItHurts"],"picked":"Eclipse","floor":12.0},{"not_picked":["Twin Strike","Uppercut","Sword Boomerang"],"picked":"SKIP","floor":15.0},{"not_picked":["Twin Strike","Uppercut","Sword Boomerang"],"picked":"SKIP","floor":15.0},{"not_picked":["conspire:Purge","Impervious"],"picked":"Corruption","floor":16.0},{"not_picked":["Berserk","Corruption"],"picked":"Exhume","floor":18.0},{"not_picked":["Cleave","Twin Strike","Flex"],"picked":"SKIP","floor":20.0},{"not_picked":["Wild Strike+1","Run Through","Evolve"],"picked":"SKIP","floor":21.0},{"not_picked":["Warcry","Rupture","Clash"],"picked":"SKIP","floor":24.0},{"not_picked":["Hemogenesis","Corruption","Barricade"],"picked":"SKIP","floor":25.0},{"not_picked":["Anger","Warcry"],"picked":"Metallicize+1","floor":26.0},{"not_picked":["Headbutt","conspire:ExplosiveBarrier+1","Pommel Strike"],"picked":"SKIP","floor":26.0},{"not_picked":["Burning Pact","Feel No Pain"],"picked":"True Grit+1","floor":27.0},{"not_picked":["Flex+1","Pommel Strike","conspire:ExplosiveBarrier"],"picked":"SKIP","floor":27.0},{"not_picked":["Brutality","Demon Form"],"picked":"Bludgeon","floor":31.0},{"not_picked":["Fiend Fire","Double Tap"],"picked":"conspire:Purge","floor":33.0},{"not_picked":["Immolate","Feed"],"picked":"Replay:Many Hands","floor":35.0},{"not_picked":["Armaments+1","Sword Boomerang+1","True Grit"],"picked":"SKIP","floor":37},{"not_picked":["Abandon+1","Clothesline","Sword Boomerang+1"],"picked":"SKIP","floor":37},{"not_picked":["Run Through","True Grit+1","Perfected Strike+1"],"picked":"SKIP","floor":39},{"not_picked":["Twin Strike+1","True Grit","Heavy Blade"],"picked":"SKIP","floor":39},{"not_picked":["Headbutt+1","Run Through","Iron Wave"],"picked":"SKIP","floor":43},{"not_picked":["Seeing Red+1","Abandon","Defy Death"],"picked":"SKIP","floor":43},{"not_picked":["Demon Form","Eclipse"],"picked":"Brutality","floor":44},{"not_picked":["Hemogenesis","Demon Form"],"picked":"Limit Break","floor":46},{"not_picked":["Bludgeon","conspire:Purge","conspire:HitWhereItHurts"],"picked":"SKIP","floor":48},{"not_picked":["Twin Strike","Clash","Shrug It Off"],"picked":"SKIP","floor":49},{"not_picked":["Clash+1","Havoc","Pommel Strike"],"picked":"SKIP","floor":49},{"not_picked":["Bludgeon","Double Tap"],"picked":"Limit Break","floor":50},{"not_picked":["Combust","Replay:Undeath\u0027s Touch","Hidden Blade"],"picked":"Feel No Pain","floor":51},{"not_picked":["Headbutt","Armaments+1","Whirlwind+1","Flying Knee"],"picked":"SKIP","floor":51}],"player_experience":439506,"relics_obtained":[{"floor":7.0,"key":"Nunchaku"},{"floor":9.0,"key":"Replay:Baseball"},{"floor":12.0,"key":"Durian"},{"floor":16.0,"key":"hubris:ChampionShield"},{"floor":23.0,"key":"infinitespire:CheckeredPen"},{"floor":25.0,"key":"Lantern"},{"floor":25.0,"key":"Prayer Wheel"},{"floor":28.0,"key":"Smiling Mask"},{"floor":31.0,"key":"Matryoshka"},{"floor":31.0,"key":"hubris:Potato"},{"floor":33.0,"key":"ReplayTheSpireMod:Spearhead"},{"floor":33.0,"key":"Replay:Towering Pillar of Hats"},{"floor":44,"key":"WordoMod:GasMask"},{"floor":44,"key":"Toy Ornithopter"},{"floor":46,"key":"infinitespire:Satchel"},{"floor":46,"key":"Juzu Bracelet"},{"floor":47,"key":"hubris:SlimyHat"},{"floor":47,"key":"Pet Ghost"},{"floor":48,"key":"Oddly Smooth Stone"},{"floor":48,"key":"Unceasing Top"},{"floor":50,"key":"hubris:ToyBattleship"},{"floor":50,"key":"hubris:DisguiseKit"}],"event_choices":[{"damage_healed":0.0,"max_hp_gain":0.0,"max_hp_loss":0.0,"gold_gain":0.0,"event_name":"Plague Doctor","player_choice":"Obtain Plague Curse","floor":3.0,"gold_loss":0.0,"damage_taken":0.0,"cards_obtained":["theForsaken:PlagueCurse"]},{"damage_healed":0.0,"max_hp_gain":0.0,"max_hp_loss":0.0,"gold_gain":0.0,"event_name":"The Woman in Blue","player_choice":"Bought 2 Potions","floor":5.0,"gold_loss":0.0,"damage_taken":0.0},{"damage_healed":0,"gold_gain":0,"player_choice":"Leave","damage_taken":0,"max_hp_gain":0,"max_hp_loss":0,"event_name":"conspire:Investor","floor":38,"gold_loss":0},{"damage_healed":0,"gold_gain":0,"player_choice":"Paid","damage_taken":0,"relics_obtained":["Red Mask"],"max_hp_gain":0,"max_hp_loss":0,"event_name":"Tomb of Lord Red Mask","floor":40,"gold_loss":242}],"is_beta":false,"boss_relics":[{"not_picked":["conspire:SeveredTorchhead","beaked:MawFillet"],"picked":"Black Star"},{"not_picked":["Kintsugi","Runic Dome"],"picked":"hubris:HollowSoul"}],"items_purged_floors":[32,52],"is_endless":false,"potions_floor_spawned":[1,4,12,16,23,24,25,31,35,39,43,44,46,48,51],"ascension_level":1}}