{"host":"ufhw4cf0hh51lveu","time":1613636681,"event":{"mods":["BaseMod","DeckTracker","Lobotomy","Minty Spire (QoL Compilation)","SuperFastMode"],"gold_per_floor":[116,191,204,1,17,17,17,17],"floor_reached":7,"language":"KOR","playtime":160,"items_purged":[],"score":41,"play_id":"076a6ab8-2085-4565-9027-085a58aa2df9","local_time":"20210218172441","is_ascension_mode":false,"campfire_choices":[{"floor":6,"key":"REST"}],"circlet_count":0,"master_deck":["Strike_G","Strike_G","Strike_G","Strike_G","Strike_G","Defend_G","Defend_G","Defend_G","Defend_G","Defend_G","Survivor","Neutralize","MeatLantern","Catalyst","FairyFestival","Deadly Poison","Envenom","Dagger Spray","GalaxyChild","Deadly Poison"],"relics":["Ring of the Snake","CogitoBucket"],"acts_visited":["Exordium"],"potions_floor_usage":[],"damage_taken":[{"damage":0,"enemies":"2 Louse","floor":1,"turns":3},{"damage":0,"enemies":"Cultist","floor":3,"turns":5},{"damage":50,"enemies":"Small Slimes","floor":5,"turns":3},{"damage":67,"enemies":"Gremlin Nob","floor":7,"turns":4}],"seed_played":"-5172666017324302055","potions_obtained":[{"floor":1,"key":"DistilledChaos"},{"floor":3,"key":"Swift Potion"}],"is_trial":false,"path_per_floor":["M","?","M","$","M","R","E"],"character_chosen":"THE_SILENT","items_purchased":["Envenom","Dagger Spray"],"campfire_rested":1,"item_purchase_floors":[4,4],"current_hp_per_floor":[70,59,59,59,9,30,0,0],"gold":17,"neow_bonus":"","is_daily":false,"chose_seed":false,"campfire_upgraded":0,"win_rate":0.0,"timestamp":1613636681,"path_taken":["M","?","M","$","M","R","E"],"items_purchased_type":["Card","Card"],"build_version":"2020-12-22","purchased_purges":0,"victory":false,"max_hp_per_floor":[70,70,70,70,70,70,70,70],"card_choices":[{"not_picked":["Murderer","Scorched"],"picked":"MeatLantern","floor":1},{"not_picked":["Acrobatics","Underhanded Strike"],"picked":"Catalyst","floor":1},{"not_picked":["RedShoes","ShyLook"],"picked":"FairyFestival","floor":3},{"not_picked":["Underhanded Strike","Dagger Spray"],"picked":"Deadly Poison","floor":3},{"not_picked":["Bloodbath","RedShoes"],"picked":"GalaxyChild","floor":5},{"not_picked":["Dodge and Roll","Cloak And Dagger"],"picked":"Deadly Poison","floor":5}],"player_experience":47773,"relics_obtained":[],"event_choices":[{"damage_healed":0,"gold_gain":75,"player_choice":"Gather Gold","damage_taken":11,"max_hp_gain":0,"max_hp_loss":0,"event_name":"World of Goop","floor":2,"gold_loss":0}],"is_beta":false,"boss_relics":[],"items_purged_floors":[],"is_endless":false,"potions_floor_spawned":[1,3],"killed_by":"Gremlin Nob","ascension_level":0}}