{"host":"3zmssa4s99zhxek5","time":1613631592,"event":{"mods":["AchievementEnabler","BaseMod","Minty Spire (QoL Compilation)","Permanent Neow","Relic Stats"],"gold_per_floor":[118,43,43,43,67,100,25,66,115,115,135,135,155,199,199,290,290,306,322,322,372,388,424,105,105,156,197,230,266,321,351,363,473,485,512,555,174,199,532,532,564,576,599,599,659,340,387,398,398,428,458,458,458,110,138,138],"floor_reached":57,"language":"KOR","playtime":4194,"items_purged":["Defend_P","Strike_P","Strike_P+1","Judgement+1","Eruption+1"],"score":3205,"play_id":"2cc400e8-0316-4d30-807c-7e0bbd843bb3","local_time":"20210218155952","is_ascension_mode":true,"campfire_choices":[{"data":"Judgement","floor":10.0,"key":"SMITH"},{"data":"Perseverance","floor":12.0,"key":"SMITH"},{"data":"SandsOfTime","floor":15.0,"key":"SMITH"},{"data":"Eruption","floor":25.0,"key":"SMITH"},{"data":"MentalFortress","floor":32.0,"key":"SMITH"},{"floor":40.0,"key":"RECALL"},{"floor":49.0,"key":"REST"},{"floor":53,"key":"REST"}],"circlet_count":0,"master_deck":["AscendersBane","Defend_P+1","Defend_P+1","Vigilance+1","Halt+1","Tantrum+1","Perseverance+1","SandsOfTime+1","CutThroughFate+1","LessonLearned+1","TalkToTheHand+1","Wallop+1","Conclude+1","Adaptation+1","MentalFortress+1","Vault+1","FearNoEvil+1","Wish+1","MentalFortress+1"],"relics":["Runic Pyramid","Vajra","Pen Nib","PreservedInsect","FossilizedHelix","Empty Cage","Prayer Wheel","Happy Flower","Anchor","MawBank","Bag of Marbles","Philosopher\u0027s Stone","Pocketwatch","Sundial","Damaru","Blue Candle","Strawberry","Centennial Puzzle","StrikeDummy"],"acts_visited":["Exordium","TheCity","TheBeyond","TheEnding"],"potions_floor_usage":[56,56],"damage_taken":[{"damage":0.0,"enemies":"2 Louse","floor":1.0,"turns":3.0},{"damage":2.0,"enemies":"Jaw Worm","floor":5.0,"turns":3.0},{"damage":0.0,"enemies":"Lagavulin","floor":6.0,"turns":5.0},{"damage":0.0,"enemies":"Gremlin Nob","floor":8.0,"turns":3.0},{"damage":0.0,"enemies":"Cultist","floor":11.0,"turns":1.0},{"damage":0.0,"enemies":"Blue Slaver","floor":13.0,"turns":2.0},{"damage":0.0,"enemies":"3 Sentries","floor":14.0,"turns":3.0},{"damage":2.0,"enemies":"The Guardian","floor":16.0,"turns":7.0},{"damage":1.0,"enemies":"2 Thieves","floor":18.0,"turns":3.0},{"damage":5.0,"enemies":"Shell Parasite","floor":19.0,"turns":3.0},{"damage":0.0,"enemies":"3 Cultists","floor":22.0,"turns":4.0},{"damage":11.0,"enemies":"Slavers","floor":23.0,"turns":3.0},{"damage":8.0,"enemies":"Book of Stabbing","floor":27.0,"turns":4.0},{"damage":0.0,"enemies":"Snecko","floor":28.0,"turns":4.0},{"damage":6.0,"enemies":"Snake Plant","floor":29.0,"turns":5.0},{"damage":0.0,"enemies":"Slavers","floor":30.0,"turns":4.0},{"damage":0.0,"enemies":"3 Cultists","floor":31.0,"turns":3.0},{"damage":11.0,"enemies":"Champ","floor":33.0,"turns":10.0},{"damage":0.0,"enemies":"3 Shapes","floor":35.0,"turns":5.0},{"damage":0.0,"enemies":"Mind Bloom Boss Battle","floor":36.0,"turns":3.0},{"damage":0.0,"enemies":"Orb Walker","floor":38.0,"turns":3.0},{"damage":0.0,"enemies":"Nemesis","floor":41.0,"turns":3.0},{"damage":0.0,"enemies":"3 Darklings","floor":42.0,"turns":2.0},{"damage":0.0,"enemies":"Reptomancer","floor":45.0,"turns":3.0},{"damage":0.0,"enemies":"Transient","floor":47.0,"turns":6.0},{"damage":0.0,"enemies":"Jaw Worm Horde","floor":48.0,"turns":2.0},{"damage":2.0,"enemies":"Donu and Deca","floor":50.0,"turns":6.0},{"damage":0,"enemies":"Awakened One","floor":51,"turns":9},{"damage":0,"enemies":"Shield and Spear","floor":55,"turns":6},{"damage":4,"enemies":"The Heart","floor":56,"turns":10}],"seed_played":"2322021122855753332","potions_obtained":[{"floor":11.0,"key":"Weak Potion"},{"floor":13.0,"key":"Strength Potion"},{"floor":28.0,"key":"DistilledChaos"},{"floor":38.0,"key":"Weak Potion"}],"is_trial":false,"path_per_floor":["M","$","?","?","M","E","?","E","T","R","M","R","M","E","R","B",null,"M","M","?","?","M","E","$","R","T","E","M","M","E","M","R","B",null,"M","?","$","M","?","R","E","M","T","?","E","$","M","M","R","B","B",null,"R","$","E","B",null],"character_chosen":"WATCHER","items_purchased":["Happy Flower","BlessingOfTheForge","Sundial","Strawberry","Centennial Puzzle"],"campfire_rested":2,"item_purchase_floors":[24,24,37,46,54],"current_hp_per_floor":[61,61,61,61,59,59,59,59,59,59,59,59,59,59,59,57,61,60,55,55,49,49,38,38,38,38,30,30,24,24,24,24,13,50,50,50,50,50,50,50,50,50,50,50,50,57,57,57,69,67,67,69,69,69,69,65],"gold":138,"neow_bonus":"BOSS_RELIC","is_daily":false,"chose_seed":false,"campfire_upgraded":5,"win_rate":0.0,"timestamp":1613631592,"path_taken":["M","$","?","?","M","E","?","E","T","R","M","R","M","E","R","BOSS","M","M","?","?","?","E","$","R","T","E","M","M","E","M","R","BOSS","M","?","$","M","?","R","E","M","T","?","E","$","M","?","R","BOSS","BOSS","R","$","E","BOSS"],"items_purchased_type":["Relic","Potion","Relic","Relic","Relic"],"build_version":"2020-12-22","purchased_purges":5,"victory":true,"max_hp_per_floor":[68,68,62,62,62,62,62,62,62,62,62,62,62,62,62,62,62,62,62,62,62,62,62,62,62,62,62,62,62,62,62,62,62,62,62,62,62,62,62,62,62,62,62,62,62,69,69,69,69,69,69,69,69,69,69,69],"relic_stats":{"Centennial Puzzle":[3],"Happy Flower":[29],"counters":[30,128],"Sundial":[12],"Blue Candle":[0],"Prayer Wheel":8,"Pen Nib":[23],"PreservedInsect":348,"MawBank":120,"obtain_stats":[{"Happy Flower":24,"Golden Idol":3,"Blue Candle":45,"Vajra":6,"Damaru":41,"Pen Nib":8,"PreservedInsect":9,"Empty Cage":17,"MawBank":27,"Anchor":26,"Centennial Puzzle":54,"Sundial":37,"Strawberry":46,"Prayer Wheel":23,"Philosopher\u0027s Stone":34,"Bag of Marbles":30,"PureWater":0,"StrikeDummy":55,"FossilizedHelix":14,"Runic Pyramid":0,"Pocketwatch":36},{"Happy Flower":12,"Golden Idol":1,"Blue Candle":24,"Vajra":3,"Damaru":22,"Pen Nib":4,"PreservedInsect":4,"Empty Cage":8,"MawBank":13,"Anchor":12,"Centennial Puzzle":28,"Sundial":20,"Strawberry":24,"Prayer Wheel":12,"Philosopher\u0027s Stone":18,"Bag of Marbles":16,"PureWater":0,"StrikeDummy":29,"FossilizedHelix":7,"Runic Pyramid":0,"Pocketwatch":20},{"Happy Flower":40,"Golden Idol":3,"Blue Candle":89,"Vajra":11,"Damaru":84,"Pen Nib":14,"PreservedInsect":14,"Empty Cage":27,"MawBank":44,"Anchor":40,"Centennial Puzzle":112,"Sundial":78,"Strawberry":89,"Prayer Wheel":40,"Philosopher\u0027s Stone":70,"Bag of Marbles":57,"PureWater":0,"StrikeDummy":118,"FossilizedHelix":20,"Runic Pyramid":0,"Pocketwatch":78}],"Pocketwatch":[21]},"card_choices":[{"not_picked":["CarveReality","Evaluate"],"picked":"Halt","floor":1.0},{"not_picked":["SandsOfTime","Prostrate"],"picked":"Tantrum","floor":5.0},{"not_picked":["BowlingBash","FollowUp"],"picked":"Judgement","floor":6.0},{"not_picked":["Protect","ForeignInfluence"],"picked":"Perseverance","floor":8.0},{"not_picked":["Wireheading","SashWhip","Worship"],"picked":"SKIP","floor":11.0},{"not_picked":["CrushJoints","Protect"],"picked":"SandsOfTime","floor":13.0},{"not_picked":["EmptyFist","Vengeance"],"picked":"CutThroughFate","floor":14.0},{"not_picked":["Wish","ConjureBlade"],"picked":"LessonLearned","floor":16.0},{"not_picked":["Protect","CrushJoints"],"picked":"TalkToTheHand","floor":18.0},{"not_picked":["Prostrate","EmptyFist","SashWhip"],"picked":"SKIP","floor":19.0},{"not_picked":["DeceiveReality","CrushJoints+1"],"picked":"Wallop","floor":22.0},{"not_picked":["ForeignInfluence","Halt"],"picked":"Conclude","floor":23.0},{"not_picked":["FlyingSleeves","Conclude"],"picked":"Adaptation+1","floor":27.0},{"not_picked":["Consecrate","WaveOfTheHand","ForeignInfluence"],"picked":"SKIP","floor":28.0},{"not_picked":["CrushJoints+1","Protect","Wireheading"],"picked":"SKIP","floor":28.0},{"not_picked":["Protect","SignatureMove"],"picked":"MentalFortress","floor":29.0},{"not_picked":["SashWhip","WreathOfFlame","SignatureMove"],"picked":"SKIP","floor":29.0},{"not_picked":["Conclude","JustLucky+1"],"picked":"Vault","floor":30.0},{"not_picked":["CutThroughFate","BowlingBash+1"],"picked":"FearNoEvil","floor":31.0},{"not_picked":["FlurryOfBlows","BowlingBash+1","Crescendo"],"picked":"SKIP","floor":31.0},{"not_picked":["BowlingBash","FollowUp","WheelKick"],"picked":"SKIP","floor":35.0},{"not_picked":["Perseverance+1","Conclude+1","CrushJoints"],"picked":"SKIP","floor":35.0},{"not_picked":["FlyingSleeves","EmptyFist","Halt"],"picked":"SKIP","floor":38.0},{"not_picked":["SashWhip","Wireheading","Meditate"],"picked":"SKIP","floor":38.0},{"not_picked":["FlyingSleeves","EmptyFist","Halt"],"picked":"SKIP","floor":38.0},{"not_picked":["SashWhip","Wireheading","Meditate"],"picked":"SKIP","floor":38.0},{"not_picked":["EmptyFist+1","CutThroughFate+1"],"picked":"Wish","floor":41.0},{"not_picked":["EmptyBody","ForeignInfluence"],"picked":"MentalFortress+1","floor":42.0},{"not_picked":["Vengeance","ThirdEye","Study"],"picked":"SKIP","floor":42.0},{"not_picked":["Wallop","FlyingSleeves+1","Sanctity"],"picked":"SKIP","floor":45.0},{"not_picked":["Pray","Consecrate","CrushJoints+1"],"picked":"SKIP","floor":47.0},{"not_picked":["ThirdEye","Tantrum","PathToVictory+1"],"picked":"SKIP","floor":47.0},{"not_picked":["Halt","SashWhip","Indignation+1"],"picked":"SKIP","floor":48.0},{"not_picked":["WreathOfFlame+1","SashWhip","Weave"],"picked":"SKIP","floor":48.0},{"not_picked":["Study","ClearTheMind","FollowUp"],"picked":"SKIP","floor":55}],"player_experience":1660601,"relics_obtained":[{"floor":6.0,"key":"Vajra"},{"floor":8.0,"key":"Pen Nib"},{"floor":9.0,"key":"PreservedInsect"},{"floor":14.0,"key":"FossilizedHelix"},{"floor":23.0,"key":"Prayer Wheel"},{"floor":26.0,"key":"Anchor"},{"floor":27.0,"key":"MawBank"},{"floor":30.0,"key":"Bag of Marbles"},{"floor":36.0,"key":"Pocketwatch"},{"floor":41.0,"key":"Damaru"},{"floor":45.0,"key":"Blue Candle"},{"floor":55,"key":"StrikeDummy"}],"event_choices":[{"damage_healed":0.0,"max_hp_gain":0.0,"max_hp_loss":6.0,"gold_gain":0.0,"event_name":"Golden Idol","player_choice":"Lose Max HP","floor":3.0,"gold_loss":0.0,"damage_taken":0.0,"relics_obtained":["Golden Idol"]},{"damage_healed":0.0,"max_hp_gain":0.0,"max_hp_loss":0.0,"gold_gain":0.0,"event_name":"Liars Game","player_choice":"Ignored","floor":4.0,"gold_loss":0.0,"damage_taken":0.0},{"cards_removed":["Strike_P"],"damage_healed":0.0,"max_hp_gain":0.0,"max_hp_loss":0.0,"gold_gain":0.0,"event_name":"The Cleric","player_choice":"Card Removal","floor":7.0,"gold_loss":75.0,"damage_taken":0.0},{"damage_healed":0.0,"max_hp_gain":0.0,"max_hp_loss":0.0,"gold_gain":0.0,"event_name":"Cursed Tome","player_choice":"Ignored","floor":20.0,"gold_loss":0.0,"damage_taken":0.0},{"damage_healed":0.0,"max_hp_gain":0.0,"max_hp_loss":0.0,"gold_gain":50.0,"event_name":"FaceTrader","player_choice":"Touch","floor":21.0,"gold_loss":0.0,"damage_taken":6.0},{"damage_healed":0.0,"max_hp_gain":0.0,"max_hp_loss":0.0,"gold_gain":0.0,"event_name":"MindBloom","player_choice":"Fight","floor":36.0,"gold_loss":0.0,"damage_taken":0.0},{"damage_healed":0.0,"max_hp_gain":0.0,"max_hp_loss":0.0,"gold_gain":333.0,"event_name":"The Moai Head","player_choice":"Gave Idol","floor":39.0,"relics_lost":["Golden Idol"],"gold_loss":0.0,"damage_taken":0.0},{"damage_healed":0.0,"max_hp_gain":0.0,"max_hp_loss":0.0,"gold_gain":0.0,"event_name":"Tomb of Lord Red Mask","player_choice":"Ignored","floor":44.0,"gold_loss":0.0,"damage_taken":0.0}],"is_beta":false,"boss_relics":[{"not_picked":["Busted Crown","Astrolabe"],"picked":"Empty Cage"},{"not_picked":["Sozu","Coffee Dripper"],"picked":"Philosopher\u0027s Stone"}],"items_purged_floors":[2,24,37,46,54],"is_endless":false,"potions_floor_spawned":[11,13,16,18,28,29,31,33,38,41,55],"ascension_level":20}}