{"host":"1hw3ks68c0zl1mxv","time":1613690962,"event":{"mods":["2.2 Compatiblity","Act Like it!","Aspiration","BaseMod","Beaked The Cultist","BetterRewards","Colored Map","Colored Powertips","Conspire","Downfall","Energized Spire","GungeonMod","Halation","Hallownest","Hubris","Infinite Spire","Marisa????????","Mimic Mod","Minty Spire (QoL Compilation)","Quick Restart","Replay The Spire","Shop Mod","StSLib","The Bug Knight","The Construct","The Elementalist","The Necromancer","The Saiyan","The Servant 0.9.4","TheHero"],"gold_per_floor":[111,304,269,281,296,322,497,507,537,537,568,578,594,605,605,702,702,712,811,831,599,599,599,599,625,625,641,641,655,655,455,455,550,550,567,340,354,354,370,370,401,419,419,439,290,309,111,111,111,111],"floor_reached":51,"language":"ENG","playtime":5072,"items_purged":["Doubt"],"score":959,"play_id":"43ca07e8-0cfc-4e4c-9920-e9689b1c3975","local_time":"20210218162922","is_ascension_mode":false,"campfire_choices":[{"data":"beaked:Pecker","floor":10.0,"key":"SMITH"},{"data":"beaked:Pecker","floor":15.0,"key":"SMITH"},{"data":"beaked:CursingBlood","floor":23.0,"key":"SMITH"},{"data":"infinitespire:Collect","floor":32.0,"key":"SMITH"},{"data":"beaked:WarriorEssence","floor":40.0,"key":"SMITH"}],"circlet_count":0,"master_deck":["beaked:Strike_Y","beaked:Strike_Y","beaked:Strike_Y","beaked:Strike_Y","beaked:Strike_Y","beaked:Strike_Y","beaked:Defend_Y","beaked:Defend_Y","beaked:Defend_Y","beaked:Defend_Y","beaked:Ceremony","beaked:Ceremony","beaked:Ceremony","beaked:CursingBlood+1","beaked:WarriorEssence+1","beaked:CursingBlood","beaked:Pecker+1","beaked:MachineEssence","beaked:CursingBlood","beaked:Pecker+1","infinitespire:Collect+1","beaked:CheekyTricks+1","beaked:ScreechingChant","ReplayTheSpireMod:RavenHex+1"],"relics":["beaked:MendingPlumage","DemoMod:Relodestone","Membership Card","DemoMod:SevenLeafClover","hubris:GlazedTorus","Snack Pack","Pantograph","DemoMod:NanoMachines","hubris:FunFungus","DemoMod:Antibody","DemoMod:PoisonVial","Sling","MerchantsRug","Matryoshka","Replay:WaspNest","Replay:Towering Pillar of Hats","Dream Catcher","construct:BoolHorns","Gremlin Food","ReplayTheSpireMod:TigerMarble","halation:PenCase","halation:SwordOfLegend","hubris:TenFootPole","halation:TwoAmDonut","ReplayTheSpireMod:DimensionalGlitch","Turnip","PreservedInsect","DemoMod:PartiallyEatenCheese","infinitespire:Golems Mask","Shuriken","DemoMod:ClearGuonStone","halation:PromiseList","DemoMod:MeatBun","aspiration:HummingbirdHeart","hubris:Towel"],"acts_visited":["Exordium","TheCity","TheBeyond"],"potions_floor_usage":[50,50,50],"damage_taken":[{"damage":2.0,"enemies":"Small Slimes","floor":1.0,"turns":4.0},{"damage":14.0,"enemies":"Jaw Worm","floor":4.0,"turns":5.0},{"damage":2.0,"enemies":"conspire:RoseBush","floor":5.0,"turns":4.0},{"damage":22.0,"enemies":"HollowMod:MossKnight","floor":6.0,"turns":8.0},{"damage":23.0,"enemies":"Blue Slaver","floor":8.0,"turns":7.0},{"damage":8.0,"enemies":"conspire:2 RoseBushes","floor":9.0,"turns":10.0},{"damage":0.0,"enemies":"Lagavulin","floor":11.0,"turns":5.0},{"damage":8.0,"enemies":"conspire:2 RoseBushes","floor":12.0,"turns":8.0},{"damage":44.0,"enemies":"Exordium Wildlife","floor":13.0,"turns":7.0},{"damage":5.0,"enemies":"Looter","floor":14.0,"turns":4.0},{"damage":5.0,"enemies":"Hexaghost","floor":16.0,"turns":11.0},{"damage":21.0,"enemies":"3 Byrds","floor":18.0,"turns":7.0},{"damage":10.0,"enemies":"Chosen","floor":20.0,"turns":7.0},{"damage":24.0,"enemies":"Book of Stabbing","floor":25.0,"turns":9.0},{"damage":18.0,"enemies":"Snecko","floor":27.0,"turns":5.0},{"damage":59.0,"enemies":"3 Cultists","floor":29.0,"turns":6.0},{"damage":22.0,"enemies":"Champ","floor":33.0,"turns":10.0},{"damage":23.0,"enemies":"Orb Walker","floor":35.0,"turns":4.0},{"damage":22.0,"enemies":"3 Darklings","floor":37.0,"turns":8.0},{"damage":37.0,"enemies":"Maw","floor":39.0,"turns":9.0},{"damage":26.0,"enemies":"Nemesis","floor":41.0,"turns":5.0},{"damage":45.0,"enemies":"Jaw Worm Horde","floor":42.0,"turns":7.0},{"damage":37,"enemies":"4 Shapes","floor":44,"turns":10},{"damage":7,"enemies":"Maw","floor":46,"turns":8},{"damage":1,"enemies":"Time Eater","floor":50,"turns":9}],"seed_played":"4170402847406368207","potions_obtained":[{"floor":5.0,"key":"Adrenaline Potion"},{"floor":18.0,"key":"Cursed Concoction"},{"floor":25.0,"key":"DuplicationPotion"},{"floor":46,"key":"DemoMod:LeadSkinPotion"}],"is_trial":false,"path_per_floor":["M","?","?","M","M","E","?","M","MIM","R","E","M","M","M","R","B",null,"M","?","M","$","?","R","?","E","T","M","T","M","T","$","R","B",null,"M","$","M","?","M","R","E","M","T","M","$","M","$","?","R","B",null],"character_chosen":"BEAKED_THE_CULTIST","items_purchased":["DemoMod:Relodestone","Membership Card","DemoMod:SevenLeafClover","hubris:GlazedTorus","beaked:CursingBlood","beaked:WarriorEssence","BargainBundle","beaked:CursingBlood","Swift Potion","SpeedPotion","sneckomod:MuddlingPotion","beaked:MendingBrew","beaked:Pecker","DuplicationPotion","DemoMod:Antibody","DemoMod:PoisonVial","Sling","MerchantsRug","hubris:TenFootPole","halation:TwoAmDonut","DemoMod:LeadSkinPotion","Turnip","PreservedInsect","DemoMod:ClearGuonStone","halation:PromiseList","DemoMod:MeatBun","aspiration:HummingbirdHeart"],"campfire_rested":0,"item_purchase_floors":[0,0,0,0,0,0,0,0,0,0,0,0,0,0,21,21,21,21,31,31,31,36,36,45,45,47,47],"current_hp_per_floor":[50,38,50,48,50,50,50,40,50,50,50,48,31,40,40,50,50,50,50,46,46,42,42,29,55,55,55,55,10,10,10,9,55,55,45,45,55,55,55,55,55,54,54,45,45,55,55,55,55,55],"gold":111,"neow_bonus":"","is_daily":false,"chose_seed":false,"campfire_upgraded":5,"win_rate":0.0,"timestamp":1613690962,"path_taken":["M","?","?","M","M","E","?","M","MIM","R","E","?","M","M","R","BOSS","M","?","M","$","?","R","?","E","T","M","?","M","?","$","R","BOSS","M","?","M","?","?","R","E","M","T","M","$","M","$","?","R","BOSS"],"items_purchased_type":["Relic","Relic","Relic","Relic","Card","Card","Relic","Card","Potion","Potion","Potion","Potion","Card","Potion","Relic","Relic","Relic","Relic","Relic","Relic","Undefined","Relic","Relic","Relic","Relic","Relic","Relic"],"build_version":"2020-12-22","purchased_purges":1,"victory":true,"max_hp_per_floor":[50,50,50,50,50,50,50,50,50,50,50,50,50,50,50,50,50,50,50,50,50,55,55,55,55,55,55,55,55,55,55,55,55,55,55,55,55,55,55,55,55,55,55,55,55,55,55,55,55,55],"card_choices":[{"not_picked":["beaked:SurvivalInstinct","beaked:Tradeoff","beaked:Insight"],"picked":"SKIP","floor":1.0},{"not_picked":["beaked:SurvivalInstinct","beaked:Tradeoff","beaked:Insight"],"picked":"SKIP","floor":1.0},{"not_picked":["beaked:Replenish","beaked:SurvivalInstinct","beaked:Resilience"],"picked":"SKIP","floor":4.0},{"not_picked":["beaked:MachineSpirit","beaked:Flinch"],"picked":"beaked:MachineEssence","floor":5.0},{"not_picked":["beaked:Redirect","beaked:Foresight","beaked:Cower"],"picked":"SKIP","floor":6.0},{"not_picked":["beaked:Tweet","beaked:SacrificialAttack"],"picked":"beaked:CursingBlood","floor":8.0},{"not_picked":["beaked:ShadowFade","beaked:TuckingFeathers","beaked:KnowThyFoe"],"picked":"SKIP","floor":11.0},{"not_picked":["beaked:VolatileMisfortune","beaked:Roost","beaked:Tradeoff"],"picked":"SKIP","floor":12.0},{"not_picked":["beaked:Brace","beaked:RitualOfBody","beaked:Windmill"],"picked":"SKIP","floor":13.0},{"not_picked":["beaked:FeelMyPain","beaked:Insight"],"picked":"beaked:Pecker","floor":14.0},{"not_picked":["beaked:Resilience","beaked:Flinch","beaked:Windmill+1"],"picked":"SKIP","floor":18.0},{"not_picked":["beaked:Poke","beaked:TuckingFeathers","beaked:Roost"],"picked":"SKIP","floor":20.0},{"not_picked":["infinitespire:UltimateForm","infinitespire:Menacing"],"picked":"infinitespire:Collect","floor":24.0},{"not_picked":["beaked:Replenish","beaked:MimicWarrior+1","beaked:WarriorEssence"],"picked":"SKIP","floor":25.0},{"not_picked":["ReplayTheSpireMod:Owlgaze","beaked:FakeOut","beaked:DarkTribute"],"picked":"SKIP","floor":26.0},{"not_picked":["beaked:MachineSpirit","beaked:Resilience"],"picked":"beaked:CheekyTricks","floor":27.0},{"not_picked":["beaked:DarkTribute","beaked:Sacrifice","beaked:MachineEssence"],"picked":"SKIP","floor":28.0},{"not_picked":["beaked:Evade","beaked:Foresight","beaked:Devastation"],"picked":"SKIP","floor":29.0},{"not_picked":["beaked:WildInstinct","beaked:LiftOff"],"picked":"beaked:ScreechingChant","floor":30.0},{"not_picked":["beaked:BounceBack","beaked:TuckingFeathers","beaked:SurvivalInstinct+1"],"picked":"SKIP","floor":35.0},{"not_picked":["beaked:Brainwash","beaked:MimicMachine","beaked:BloodRitual+1"],"picked":"SKIP","floor":37.0},{"not_picked":["beaked:Molting","beaked:FeelMyPain","beaked:BloodRitual+1"],"picked":"SKIP","floor":39.0},{"not_picked":["beaked:MimicHuntress+1","beaked:Tweet","beaked:FakeOut"],"picked":"SKIP","floor":41.0},{"not_picked":["beaked:StunningBlow+1","beaked:Struggle+1","beaked:MimicHuntress"],"picked":"SKIP","floor":42.0},{"not_picked":["beaked:DarkTribute","beaked:SacrificialScars","beaked:DarkPact"],"picked":"SKIP","floor":43.0},{"not_picked":["beaked:Daydream+1","beaked:StickSmack"],"picked":"ReplayTheSpireMod:RavenHex+1","floor":44},{"not_picked":["beaked:Cower+1","beaked:WarriorEssence","beaked:WindBringer"],"picked":"SKIP","floor":46}],"player_experience":1597395,"relics_obtained":[{"floor":6.0,"key":"Snack Pack"},{"floor":9.0,"key":"Pantograph"},{"floor":9.0,"key":"DemoMod:NanoMachines"},{"floor":11.0,"key":"hubris:FunFungus"},{"floor":25.0,"key":"Matryoshka"},{"floor":26.0,"key":"Replay:WaspNest"},{"floor":26.0,"key":"Replay:Towering Pillar of Hats"},{"floor":26.0,"key":"Dream Catcher"},{"floor":28.0,"key":"construct:BoolHorns"},{"floor":28.0,"key":"Gremlin Food"},{"floor":28.0,"key":"ReplayTheSpireMod:TigerMarble"},{"floor":30.0,"key":"halation:PenCase"},{"floor":30.0,"key":"halation:SwordOfLegend"},{"floor":41.0,"key":"DemoMod:PartiallyEatenCheese"},{"floor":43.0,"key":"infinitespire:Golems Mask"},{"floor":43.0,"key":"Shuriken"}],"event_choices":[{"damage_healed":12.0,"max_hp_gain":0.0,"max_hp_loss":0.0,"gold_gain":0.0,"event_name":"The Cleric","player_choice":"Healed","floor":3.0,"gold_loss":35.0,"damage_taken":0.0},{"damage_healed":0.0,"max_hp_gain":0.0,"max_hp_loss":0.0,"gold_gain":175.0,"event_name":"Liars Game","player_choice":"AGREE","floor":7.0,"gold_loss":0.0,"damage_taken":0.0,"cards_obtained":["Doubt"]},{"damage_healed":0.0,"max_hp_gain":0.0,"max_hp_loss":0.0,"gold_gain":99.0,"event_name":"Nest","player_choice":"Stole From Cult","floor":19.0,"gold_loss":0.0,"damage_taken":0.0},{"damage_healed":0.0,"max_hp_gain":5.0,"max_hp_loss":0.0,"gold_gain":0.0,"event_name":"Forgotten Altar","player_choice":"Shed Blood","floor":22.0,"gold_loss":0.0,"damage_taken":13.0},{"damage_healed":0.0,"max_hp_gain":0.0,"max_hp_loss":0.0,"gold_gain":0.0,"event_name":"Upgrade Shrine","player_choice":"Upgraded","floor":38.0,"gold_loss":0.0,"damage_taken":0.0,"cards_upgraded":["beaked:CheekyTricks"]}],"is_beta":false,"boss_relics":[{"not_picked":["halation:ForbiddenBikini","hubris:VirtuousBlindfold"],"picked":"energizedSpire:NeverEndingSparkler"},{"not_picked":["beaked:SacrificeDoll","conspire:SpecialSausage"],"picked":"ReplayTheSpireMod:DimensionalGlitch"}],"items_purged_floors":[21],"is_endless":false,"potions_floor_spawned":[1,5,11,14,18,25,29,35,37,42,46],"ascension_level":0}}