{"host":"0nndazl0keusavit","time":1613610911,"event":{"mods":["AchievementEnabler","BaseMod","Colored Map","Curses Come First","Highlight Path","Minty Spire (QoL Compilation)","Relic Stats","StSLib"],"gold_per_floor":[113,132,149,149,27,52,52,71,71,71,71],"floor_reached":10,"language":"ENG","playtime":682,"items_purged":[],"score":136,"play_id":"4a1c5915-a3f1-4dff-98b8-e6a451473b57","local_time":"20210217201511","is_ascension_mode":true,"campfire_choices":[{"data":"Noxious Fumes","floor":7.0,"key":"SMITH"}],"circlet_count":0,"master_deck":["AscendersBane","Strike_G","Strike_G","Strike_G","Strike_G","Strike_G","Defend_G","Defend_G","Defend_G","Defend_G","Defend_G","Survivor","Neutralize","Cloak And Dagger","Burst","Malaise","Noxious Fumes+1","Skewer","Dodge and Roll","Blur"],"relics":["Ring of the Snake","Omamori","Lantern"],"acts_visited":["Exordium"],"potions_floor_usage":[10,10],"damage_taken":[{"damage":4.0,"enemies":"2 Louse","floor":1.0,"turns":4.0},{"damage":3.0,"enemies":"Cultist","floor":2.0,"turns":5.0},{"damage":10.0,"enemies":"Small Slimes","floor":3.0,"turns":5.0},{"damage":17.0,"enemies":"3 Sentries","floor":6.0,"turns":7.0},{"damage":0.0,"enemies":"Blue Slaver","floor":8.0,"turns":5.0},{"damage":54,"enemies":"Gremlin Nob","floor":10,"turns":4}],"seed_played":"-2514420781854424665","potions_obtained":[{"floor":2.0,"key":"Regen Potion"},{"floor":3.0,"key":"DuplicationPotion"},{"floor":8.0,"key":"CunningPotion"}],"is_trial":false,"path_per_floor":["M","M","M","?","$","E","R","M","T","E"],"character_chosen":"THE_SILENT","items_purchased":["Noxious Fumes","Skewer"],"campfire_rested":0,"item_purchase_floors":[5,5],"current_hp_per_floor":[61,58,48,48,48,31,31,31,31,0,0],"gold":71,"neow_bonus":"TEN_PERCENT_HP_BONUS","is_daily":false,"chose_seed":false,"campfire_upgraded":1,"win_rate":0.0,"timestamp":1613610911,"path_taken":["M","M","M","?","$","E","R","?","T","E"],"items_purchased_type":["Card","Card"],"build_version":"2020-12-22","purchased_purges":0,"victory":false,"max_hp_per_floor":[72,72,72,72,72,72,72,72,72,72,72],"relic_stats":{"counters":[6,30],"obtain_stats":[{"Lantern":9,"Omamori":6,"Ring of the Snake":0},{"Lantern":5,"Omamori":4,"Ring of the Snake":0},{"Lantern":26,"Omamori":21,"Ring of the Snake":0}],"Ring of the Snake":[12]},"card_choices":[{"not_picked":["Deflect","Slice"],"picked":"Cloak And Dagger","floor":1.0},{"not_picked":["Escape Plan","Dodge and Roll"],"picked":"Burst","floor":2.0},{"not_picked":["Distraction","Backflip","PiercingWail"],"picked":"SKIP","floor":3.0},{"not_picked":["Caltrops","Tactician"],"picked":"Dodge and Roll","floor":6.0},{"not_picked":["Quick Slash","Acrobatics"],"picked":"Blur","floor":8.0}],"player_experience":913042,"relics_obtained":[{"floor":6.0,"key":"Omamori"},{"floor":9.0,"key":"Lantern"}],"event_choices":[{"damage_healed":0.0,"max_hp_gain":0.0,"max_hp_loss":0.0,"gold_gain":0.0,"event_name":"Match and Keep!","player_choice":"1 cards matched","floor":4.0,"gold_loss":0.0,"damage_taken":0.0,"cards_obtained":["Malaise"]}],"is_beta":false,"boss_relics":[],"items_purged_floors":[],"is_endless":false,"potions_floor_spawned":[2,3,8],"killed_by":"Gremlin Nob","ascension_level":20}}