{"host":"6hzrz31j95f2y1pa","time":1613655244,"event":{"mods":["BaseMod","Colored Map","Downfall","Minty Spire (QoL Compilation)","StSLib"],"gold_per_floor":[99,109,124,140,159,159,210,257,169,195,226,238,283,310,334,448,460,472,502,525,551,576,615,651,316,316,316,334,334,348,368,385,487,787,787,802,816,816,831,886,886,920,720,319,319,337,567,583,600,600,600,632,106,106,106,106],"floor_reached":57,"language":"ENG","playtime":3101,"items_purged":["Guardian:Strike_Guardian","Guardian:Defend_Guardian","Guardian:Defend_Guardian","Guardian:Defend_Guardian"],"score":1676,"play_id":"61b6f68c-134a-4d78-9749-f4aea642c5ad","local_time":"20210218083404","is_ascension_mode":true,"campfire_choices":[{"data":"Guardian:TwinSlam","floor":1.0,"key":"SMITH"},{"floor":9.0,"key":"REST"},{"data":"Guardian:CurlUp","floor":12.0,"key":"SMITH"},{"data":"Guardian:SphericShield","floor":18.0,"key":"SMITH"},{"floor":27,"key":"REST"},{"data":"Guardian:BodySlam","floor":29,"key":"SMITH"},{"floor":35,"key":"RECALL"},{"data":"Guardian:Strike_Guardian","floor":43,"key":"PURGE"},{"data":"Guardian:Strike_Guardian","floor":45,"key":"PURGE"},{"data":"Guardian:ConstructionForm","floor":54,"key":"SMITH"}],"circlet_count":0,"master_deck":["Guardian:CurlUp+1","Guardian:TwinSlam+1","Guardian:VentSteam+1","Guardian:PrimingBeam","Guardian:FloatingOrbs","Guardian:PiercingHide+1","Guardian:RollAttack","Guardian:ExploitGems","Guardian:SphericShield+1","Guardian:ChargeUp+1","Guardian:DecasProtection+1","Guardian:EvasiveProtocol","Guardian:BodySlam+1","Guardian:Harden+1","Guardian:BronzeOrb","Guardian:ConstructionForm+1","CurseOfTheBell","Guardian:FloatingOrbs","Guardian:SpikerProtocol+1","Guardian:SentryBeam","Guardian:BodySlam","Guardian:ArmoredProtocol","Guardian:PrismaticBeam+1"],"relics":["Guardian:ModeShifter","Bronze Scales","Dream Catcher","MawBank","Happy Flower","downfall:HeartBlessingGreen","Du-Vu Doll","Guardian:StasisSlotReductionRelic","Gremlin Horn","Regal Pillow","HandDrill","Calling Bell","Centennial Puzzle","Kunai","Old Coin","Peace Pipe","The Courier","downfall:HeartBlessingBlue","downfall:HeartBlessingRed","champ:Barbells","HornCleat","StoneCalendar","War Paint","Letter Opener"],"acts_visited":["Exordium","TheCity","TheBeyond","TheEnding"],"potions_floor_usage":[40,56,56],"damage_taken":[{"damage":0.0,"enemies":"2 Louse","floor":2.0,"turns":2.0},{"damage":6.0,"enemies":"Cultist","floor":3.0,"turns":3.0},{"damage":10.0,"enemies":"Jaw Worm","floor":4.0,"turns":5.0},{"damage":7.0,"enemies":"2 Fungi Beasts","floor":5.0,"turns":4.0},{"damage":28.0,"enemies":"Lagavulin","floor":8.0,"turns":11.0},{"damage":0.0,"enemies":"downfall:LooterAlt","floor":10.0,"turns":3.0},{"damage":0.0,"enemies":"Blue Slaver","floor":11.0,"turns":4.0},{"damage":16.0,"enemies":"Gremlin Nob","floor":13.0,"turns":4.0},{"damage":0.0,"enemies":"Exordium Thugs","floor":14.0,"turns":3.0},{"damage":12.0,"enemies":"Large Slime","floor":15.0,"turns":4.0},{"damage":4.0,"enemies":"SI_SHIV_ARCHETYPE","floor":16.0,"turns":7.0},{"damage":0.0,"enemies":"Shell Parasite","floor":19.0,"turns":4.0},{"damage":0.0,"enemies":"downfall:LooterAlt2","floor":20.0,"turns":4.0},{"damage":11.0,"enemies":"Sentry and Sphere","floor":21.0,"turns":6.0},{"damage":0.0,"enemies":"Centurion and Healer","floor":22.0,"turns":7.0},{"damage":37,"enemies":"Gremlin Leader","floor":23,"turns":6},{"damage":3,"enemies":"downfall:FleeingMerchant","floor":25,"turns":4},{"damage":0,"enemies":"Shelled Parasite and Fungi","floor":28,"turns":4},{"damage":0,"enemies":"Snecko","floor":30,"turns":4},{"damage":0,"enemies":"Centurion and Healer","floor":31,"turns":5},{"damage":0,"enemies":"3 Cultists","floor":32,"turns":4},{"damage":26,"enemies":"WA_ARCHETYPE_CALM","floor":33,"turns":10},{"damage":1,"enemies":"3 Darklings","floor":36,"turns":5},{"damage":0,"enemies":"Orb Walker","floor":37,"turns":5},{"damage":0,"enemies":"Spire Growth","floor":39,"turns":6},{"damage":23,"enemies":"2 Orb Walkers","floor":40,"turns":6},{"damage":0,"enemies":"Nemesis","floor":42,"turns":9},{"damage":0,"enemies":"downfall:FleeingMerchant","floor":44,"turns":4},{"damage":0,"enemies":"Transient","floor":46,"turns":5},{"damage":0,"enemies":"downfall:FleeingMerchant","floor":47,"turns":2},{"damage":0,"enemies":"Maw","floor":48,"turns":5},{"damage":0,"enemies":"Sphere and 2 Shapes","floor":49,"turns":5},{"damage":12,"enemies":"DF_ARCHETYPE_ORBS","floor":50,"turns":10},{"damage":2,"enemies":"downfall:CharBossMerchant","floor":52,"turns":8},{"damage":20,"enemies":"downfall:NeowBoss","floor":55,"turns":11},{"damage":43,"enemies":"downfall:NeowBossFinal","floor":56,"turns":8}],"seed_played":"2727780009471821190","potions_obtained":[{"floor":2.0,"key":"Ancient Potion"},{"floor":5.0,"key":"hexamod:SoulburnPotion"},{"floor":11.0,"key":"SteroidPotion"},{"floor":13.0,"key":"EssenceOfSteel"},{"floor":21.0,"key":"Dexterity Potion"},{"floor":33,"key":"DistilledChaos"},{"floor":42,"key":"ColorlessPotion"},{"floor":52,"key":"Swift Potion"}],"is_trial":false,"path_per_floor":["R","M","M","M","M","?","T","E","R","M","M","R","E","M","M","B",null,"R","M","M","M","M","E","T","$","?","R","M","R","M","M","M","B",null,"R","M","M","?","M","?","T","E","R","$","R","M","$","M","M","B",null,"E","$","R","B","B",null],"character_chosen":"GUARDIAN","items_purchased":["HandDrill","Guardian:EvasiveProtocol","Guardian:BodySlam","champ:Barbells","HornCleat","War Paint","Letter Opener","Guardian:PrismaticBeam","Guardian:Gem_Red"],"campfire_rested":2,"item_purchase_floors":[25,25,25,44,44,53,53,53,53],"current_hp_per_floor":[72,72,66,56,49,49,49,21,45,45,45,45,29,29,17,13,63,63,63,63,52,52,15,15,12,12,51,51,51,51,51,51,25,66,66,65,65,65,65,42,42,42,52,52,52,52,52,52,52,40,78,76,76,76,56,13],"gold":106,"neow_bonus":"RANDOM_COMMON_RELIC","is_daily":false,"chose_seed":false,"campfire_upgraded":5,"win_rate":0.0,"timestamp":1613655244,"path_taken":["R","M","M","M","M","?","T","E","R","?","M","R","E","M","M","BOSS","R","M","M","M","M","E","T","$","?","R","?","R","M","M","M","BOSS","R","M","M","?","M","?","T","E","R","$","R","M","$","M","M","BOSS","E","$","R","BOSS","BOSS"],"items_purchased_type":["Relic","Card","Card","Relic","Relic","Relic","Relic","Card","Card"],"build_version":"2020-12-22","purchased_purges":4,"victory":true,"max_hp_per_floor":[80,80,80,80,80,80,80,80,80,80,80,80,80,80,80,80,80,80,80,80,80,80,80,80,80,80,80,80,80,80,80,80,80,80,80,80,80,80,80,80,80,80,90,90,90,90,90,90,90,90,90,90,90,90,90,90],"card_choices":[{"not_picked":["Guardian:Orbwalk","Guardian:TemporalStrike"],"picked":"Guardian:VentSteam","floor":2.0},{"not_picked":["Guardian:Suspension","Guardian:Reroute"],"picked":"Guardian:Gem_Green","floor":3.0},{"not_picked":["Guardian:Gem_Red","Guardian:Suspension"],"picked":"Guardian:Gem_Crimson","floor":4.0},{"not_picked":["Guardian:Gem_Green","Guardian:CrystalBeam"],"picked":"Guardian:PrimingBeam","floor":5.0},{"not_picked":["Guardian:Reroute","Guardian:Incinerate","Guardian:FastForward"],"picked":"SKIP","floor":8.0},{"not_picked":["Guardian:DecasProtection","Guardian:Recover"],"picked":"Guardian:FloatingOrbs","floor":9.0},{"not_picked":["Guardian:Planning","Guardian:TemporalShield"],"picked":"Guardian:PiercingHide","floor":10.0},{"not_picked":["Guardian:Orbwalk","Guardian:MultiBeam"],"picked":"Guardian:Gem_Cyan","floor":11.0},{"not_picked":["Guardian:DecasProtection","Guardian:Incinerate"],"picked":"Guardian:RollAttack","floor":13.0},{"not_picked":["Guardian:RollAttack","Guardian:TemporalStrike"],"picked":"Guardian:ExploitGems","floor":14.0},{"not_picked":["Guardian:Reroute","Guardian:DecasProtection"],"picked":"Guardian:Gem_Red","floor":15.0},{"not_picked":["Guardian:GemFire","Guardian:FastForward"],"picked":"Guardian:SphericShield","floor":16.0},{"not_picked":["Guardian:RollAttack","Guardian:Gem_Cyan"],"picked":"Guardian:Gem_Lightblue","floor":19.0},{"not_picked":["Guardian:PrismaticBeam","Guardian:PrimingBeam","Guardian:PiercingHide+1"],"picked":"SKIP","floor":20.0},{"not_picked":["Guardian:PrimingBeam","Guardian:StasisEngine"],"picked":"Guardian:ChargeUp","floor":21.0},{"not_picked":["Guardian:TemporalStrike+1","Guardian:PiercingHide"],"picked":"Guardian:Gem_Blue","floor":22.0},{"not_picked":["Guardian:WalkerClaw","Guardian:Planning","Guardian:TemporalShield"],"picked":"SKIP","floor":23},{"not_picked":["Guardian:BronzeArmor","Guardian:Suspension"],"picked":"Guardian:DecasProtection+1","floor":25},{"not_picked":["Guardian:BodySlam","Guardian:TemporalShield"],"picked":"Guardian:Gem_Cyan","floor":27},{"not_picked":["Guardian:PrismaticBarrier","Guardian:PrismaticBeam+1"],"picked":"Guardian:Gem_Cyan","floor":28},{"not_picked":["Guardian:RollAttack","Guardian:Planning"],"picked":"Guardian:Harden+1","floor":30},{"not_picked":["Guardian:Gem_Green","Guardian:SpikerProtocol"],"picked":"Guardian:Gem_Purple","floor":31},{"not_picked":["Guardian:Gem_Crimson","Guardian:VentSteam+1"],"picked":"Guardian:BronzeOrb","floor":32},{"not_picked":["Guardian:TimeSifter","Guardian:StasisStrike"],"picked":"Guardian:ConstructionForm","floor":33},{"not_picked":["Guardian:TemporalStrike","Guardian:BronzeOrb","Guardian:FuturePlans+1"],"picked":"SKIP","floor":36},{"not_picked":["Guardian:PrismaticBarrier","Guardian:ChargeUp+1","Guardian:Gem_Lightblue"],"picked":"SKIP","floor":37},{"not_picked":["Guardian:PrismaticBarrier","Guardian:ChargeUp+1","Guardian:Gem_Lightblue"],"picked":"SKIP","floor":37},{"not_picked":["Guardian:PrismaticBarrier","Guardian:ChargeUp+1","Guardian:Gem_Lightblue"],"picked":"SKIP","floor":37},{"not_picked":["Guardian:Recover+1","Guardian:VentSteam+1"],"picked":"Guardian:FloatingOrbs","floor":39},{"not_picked":["Guardian:Gem_Cyan","Guardian:Gem_Green"],"picked":"Guardian:SpikerProtocol+1","floor":42},{"not_picked":["Guardian:DonusPower","Guardian:Emergency+1"],"picked":"Guardian:Gem_Blue","floor":44},{"not_picked":["Guardian:Reroute+1","Guardian:PiercingHide"],"picked":"Guardian:SentryBeam","floor":46},{"not_picked":["Guardian:WalkerClaw","Guardian:Gem_Lightblue"],"picked":"Guardian:BodySlam","floor":47},{"not_picked":["Guardian:Reroute+1","Guardian:Gem_Crimson"],"picked":"Guardian:ArmoredProtocol","floor":48},{"not_picked":["Guardian:TemporalShield+1","Guardian:SpikerProtocol","Guardian:RollAttack"],"picked":"SKIP","floor":49},{"not_picked":["Guardian:Clone","Guardian:Reroute+1","Guardian:ChargeCore"],"picked":"SKIP","floor":52}],"player_experience":1461580,"relics_obtained":[{"floor":6.0,"key":"Dream Catcher"},{"floor":7.0,"key":"MawBank"},{"floor":8.0,"key":"Happy Flower"},{"floor":13.0,"key":"Du-Vu Doll"},{"floor":23,"key":"Gremlin Horn"},{"floor":24,"key":"Regal Pillow"},{"floor":34,"key":"Centennial Puzzle"},{"floor":34,"key":"Kunai"},{"floor":34,"key":"Old Coin"},{"floor":40,"key":"Peace Pipe"},{"floor":42,"key":"The Courier"},{"floor":52,"key":"StoneCalendar"}],"event_choices":[{"damage_healed":0.0,"max_hp_gain":0.0,"max_hp_loss":0.0,"gold_gain":0.0,"event_name":"Wheel of Change","player_choice":"Relic","floor":6.0,"gold_loss":0.0,"damage_taken":0.0},{"cards_removed":["Guardian:Defend_Guardian"],"damage_healed":0,"gold_gain":0,"player_choice":"Offered Basic","damage_taken":0,"max_hp_gain":0,"max_hp_loss":0,"event_name":"Bonfire Elementals","floor":26,"gold_loss":0},{"damage_healed":0,"gold_gain":0,"player_choice":"Fight","damage_taken":0,"max_hp_gain":0,"max_hp_loss":0,"event_name":"Mysterious Sphere","floor":40,"gold_loss":0}],"is_beta":false,"boss_relics":[{"not_picked":["Astrolabe","Guardian:ModeShifterPlus"],"picked":"Guardian:StasisSlotReductionRelic"},{"not_picked":["Pandora\u0027s Box","Busted Crown"],"picked":"Calling Bell"}],"items_purged_floors":[25,44,47,53],"is_endless":false,"potions_floor_spawned":[2,5,11,13,15,20,21,33,36,42,46,49,52],"ascension_level":9}}