{"host":"5wwct7e0z3l0f094","time":1613611032,"event":{"mods":["AchievementEnabler","BaseMod","Downfall","Highlight Path","Minty Spire (QoL Compilation)","Quick Restart","StSLib","SuperFastMode"],"gold_per_floor":[117,42,58,58,8,8,33,33,33,108,135,135,165,182,182,281,281,251,56,56,56,56,56,56],"floor_reached":23,"language":"ENG","playtime":690,"items_purged":["Strike_B","Dualcast"],"score":382,"play_id":"7eb7c8ea-4dfe-40b1-a25c-810df57c20ef","local_time":"20210217201712","is_ascension_mode":true,"campfire_choices":[{"data":"Sunder","floor":6.0,"key":"SMITH"},{"data":"Zap","floor":15.0,"key":"SMITH"}],"circlet_count":0,"master_deck":["AscendersBane","Defend_B","Defend_B","Defend_B","Defend_B","Zap+1","Sunder+1","Conserve Battery","Fission","Conserve Battery"],"relics":["Cracked Core","NeowsBlessing","Pocketwatch","Smiling Mask","CaptainsWheel","Peace Pipe","Ectoplasm","PreservedInsect","Pear"],"acts_visited":["Exordium","TheCity"],"potions_floor_usage":[],"damage_taken":[{"damage":0.0,"enemies":"Cultist","floor":1.0,"turns":1.0},{"damage":0.0,"enemies":"Small Slimes","floor":3.0,"turns":1.0},{"damage":0.0,"enemies":"Gremlin Nob","floor":7.0,"turns":1.0},{"damage":15.0,"enemies":"Lagavulin","floor":11.0,"turns":3.0},{"damage":20.0,"enemies":"3 Sentries","floor":13.0,"turns":5.0},{"damage":0.0,"enemies":"Jaw Worm","floor":14.0,"turns":3.0},{"damage":6.0,"enemies":"The Guardian","floor":16.0,"turns":8.0},{"damage":17.0,"enemies":"2 Thieves","floor":18.0,"turns":2.0},{"damage":28.0,"enemies":"3 Byrds","floor":22.0,"turns":5.0},{"damage":50,"enemies":"Gremlin Leader","floor":23,"turns":7}],"seed_played":"-4864983002189079189","potions_obtained":[{"floor":1.0,"key":"sneckomod:MuddlingPotion"},{"floor":13.0,"key":"Fruit Juice"},{"floor":14.0,"key":"Block Potion"},{"floor":22.0,"key":"DistilledChaos"}],"is_trial":false,"path_per_floor":["M","$","M","?","?","R","E","?","T","?","E","?","E","M","R","B",null,"M","$","?","?","M","E"],"character_chosen":"DEFECT","items_purchased":["PreservedInsect"],"campfire_rested":0,"item_purchase_floors":[19],"current_hp_per_floor":[68,68,68,68,68,68,68,61,61,50,35,60,40,45,45,39,70,53,53,38,48,20,0,0],"gold":56,"neow_bonus":"THREE_ENEMY_KILL","is_daily":false,"chose_seed":false,"campfire_upgraded":2,"win_rate":0.0,"timestamp":1613611032,"path_taken":["M","$","?","?","?","R","E","?","T","?","E","?","E","M","R","BOSS","M","$","?","?","M","E"],"items_purchased_type":["Relic"],"build_version":"2020-12-22","purchased_purges":2,"victory":false,"max_hp_per_floor":[75,75,75,75,75,75,75,75,75,75,75,75,75,80,80,80,80,80,80,85,95,95,95,95],"card_choices":[{"not_picked":["Coolheaded","Turbo"],"picked":"Sunder","floor":1.0},{"not_picked":["Redo","Go for the Eyes","Steam"],"picked":"SKIP","floor":3.0},{"not_picked":["Barrage","Darkness","Turbo"],"picked":"SKIP","floor":7.0},{"not_picked":["Fusion","Redo","Cold Snap"],"picked":"SKIP","floor":11.0},{"not_picked":["Hello World","Lockon"],"picked":"Conserve Battery","floor":13.0},{"not_picked":["Aggregate","Blizzard","Leap"],"picked":"SKIP","floor":14.0},{"not_picked":["All For One","Multi-Cast"],"picked":"Fission","floor":16.0},{"not_picked":["Sweeping Beam","Chaos","Cold Snap"],"picked":"SKIP","floor":18.0},{"not_picked":["Lockon","BootSequence"],"picked":"Conserve Battery","floor":22.0}],"player_experience":342550,"relics_obtained":[{"floor":7.0,"key":"Pocketwatch"},{"floor":9.0,"key":"Smiling Mask"},{"floor":11.0,"key":"CaptainsWheel"},{"floor":13.0,"key":"Peace Pipe"}],"event_choices":[{"cards_removed":["Strike_B"],"damage_healed":0.0,"max_hp_gain":0.0,"max_hp_loss":0.0,"gold_gain":0.0,"event_name":"Living Wall","player_choice":"Forget","floor":4.0,"gold_loss":0.0,"damage_taken":0.0},{"cards_removed":["Strike_B"],"damage_healed":0.0,"max_hp_gain":0.0,"max_hp_loss":0.0,"gold_gain":0.0,"event_name":"The Cleric","player_choice":"Card Removal","floor":5.0,"gold_loss":50.0,"damage_taken":0.0},{"cards_removed":["Strike_B"],"damage_healed":0.0,"max_hp_gain":0.0,"max_hp_loss":0.0,"gold_gain":0.0,"event_name":"Golden Wing","player_choice":"Card Removal","floor":8.0,"gold_loss":0.0,"damage_taken":7.0},{"damage_healed":0.0,"max_hp_gain":0.0,"max_hp_loss":0.0,"gold_gain":75.0,"event_name":"World of Goop","player_choice":"Gather Gold","floor":10.0,"gold_loss":0.0,"damage_taken":11.0},{"damage_healed":25.0,"max_hp_gain":0.0,"max_hp_loss":0.0,"gold_gain":0.0,"event_name":"Big Fish","player_choice":"Banana","floor":12.0,"gold_loss":0.0,"damage_taken":0.0},{"damage_healed":0.0,"max_hp_gain":5.0,"max_hp_loss":0.0,"gold_gain":0.0,"event_name":"Forgotten Altar","player_choice":"Shed Blood","floor":20.0,"gold_loss":0.0,"damage_taken":20.0},{"damage_healed":0.0,"max_hp_gain":0.0,"max_hp_loss":0.0,"gold_gain":0.0,"event_name":"The Mausoleum","player_choice":"Opened","floor":21.0,"gold_loss":0.0,"damage_taken":0.0,"relics_obtained":["Pear"]}],"is_beta":false,"boss_relics":[{"not_picked":["Tiny House","Runic Dome"],"picked":"Ectoplasm"}],"items_purged_floors":[2,19],"is_endless":false,"potions_floor_spawned":[1,13,14,22],"killed_by":"Gremlin Leader","ascension_level":11}}