{"host":"4qkvkh7pd9qr2mca","time":1613688363,"event":{"mods":["AchievementEnabler","Act Like it!","BaseMod","Colored Map","Colored Powertips","Highlight Path","Minty Spire (QoL Compilation)","Pale of the Ancients","Permanent Neow","Quick Restart","Relic Stats","StSLib","SuperFastMode"],"gold_per_floor":[13,28,28,45,56,81,81,81,81,81,100,112,146,160,160,236,236,252,12,23,23,38,38,63,63,63,88,98,109,126,157,157,232,232,243,256,268,19,44,70,70,70,70,99,99,118,58,70,70,70,70],"floor_reached":52,"language":"ENG","playtime":3694,"items_purged":["Strike_G"],"score":2072,"play_id":"3bceddad-9154-4890-94e4-61738ac53e49","local_time":"20210218234603","is_ascension_mode":true,"campfire_choices":[{"floor":7,"key":"REST"},{"floor":10,"key":"REST"},{"floor":15,"key":"DIG"},{"floor":23,"key":"DIG"},{"floor":25,"key":"DIG"},{"floor":32,"key":"DIG"},{"floor":42,"key":"DIG"},{"floor":45,"key":"DIG"},{"floor":49,"key":"DIG"}],"circlet_count":0,"master_deck":["AscendersBane","Strike_G","Strike_G","Defend_G","Defend_G","Defend_G","Defend_G","Survivor","Neutralize","Eviscerate+1","Flying Knee+1","Leg Sweep","Calculated Gamble","Escape Plan","Terror","Eviscerate+1","Bullet Time","Backflip","Malaise","Footwork","Apotheosis","Dodge and Roll","Acrobatics","Prepared","Backflip","PiercingWail","After Image","Blur+1","Acrobatics","Tools of the Trade","Footwork","Escape Plan","Terror+1","Reflex+1"],"relics":["Ring of the Snake","Shovel","Gremlin Horn","Eternal Feather","Whetstone","Fusion Hammer","Pen Nib","Tingsha","StrikeDummy","Regal Pillow","Anchor","Oddly Smooth Stone","Bottled Lightning","HoveringKite","OrangePellets","TungstenRod","Boot","Vajra","The Courier","Question Card","Centennial Puzzle","InkBottle"],"acts_visited":["Exordium","TheCity","TheBeyond"],"potions_floor_usage":[14,16,16,27,30,30,51,51],"damage_taken":[{"damage":4,"enemies":"Small Slimes","floor":1,"turns":4},{"damage":0,"enemies":"2 Louse","floor":2,"turns":4},{"damage":0,"enemies":"Cultist","floor":4,"turns":3},{"damage":4,"enemies":"Red Slaver","floor":5,"turns":5},{"damage":49,"enemies":"Lagavulin","floor":6,"turns":8},{"damage":0,"enemies":"Large Slime","floor":11,"turns":5},{"damage":0,"enemies":"Exordium Wildlife","floor":12,"turns":2},{"damage":7,"enemies":"3 Sentries","floor":13,"turns":5},{"damage":9,"enemies":"Exordium Thugs","floor":14,"turns":3},{"damage":24,"enemies":"Slime Boss","floor":16,"turns":12},{"damage":3,"enemies":"Spheric Guardian","floor":18,"turns":3},{"damage":3,"enemies":"Shell Parasite","floor":20,"turns":6},{"damage":17,"enemies":"Cultist and Chosen","floor":22,"turns":8},{"damage":2,"enemies":"Book of Stabbing","floor":24,"turns":5},{"damage":5,"enemies":"Slavers","floor":27,"turns":5},{"damage":10,"enemies":"Snake Plant","floor":28,"turns":5},{"damage":0,"enemies":"Snecko","floor":29,"turns":5},{"damage":0,"enemies":"Cultist and Chosen","floor":30,"turns":3},{"damage":9,"enemies":"Book of Stabbing","floor":31,"turns":9},{"damage":19,"enemies":"Collector","floor":33,"turns":9},{"damage":0,"enemies":"3 Shapes","floor":35,"turns":1},{"damage":0,"enemies":"3 Darklings","floor":36,"turns":5},{"damage":0,"enemies":"Writhing Mass","floor":37,"turns":4},{"damage":0,"enemies":"Mind Bloom Boss Battle","floor":39,"turns":6},{"damage":0,"enemies":"Nemesis","floor":40,"turns":7},{"damage":0,"enemies":"Giant Head","floor":44,"turns":5},{"damage":8,"enemies":"Transient","floor":46,"turns":6},{"damage":0,"enemies":"3 Darklings","floor":48,"turns":5},{"damage":0,"enemies":"Awakened One","floor":50,"turns":8},{"damage":1,"enemies":"Time Eater","floor":51,"turns":14}],"seed_played":"-6163356701980863843","potions_obtained":[{"floor":1,"key":"Fire Potion"},{"floor":6,"key":"SkillPotion"},{"floor":14,"key":"Poison Potion"},{"floor":22,"key":"SkillPotion"},{"floor":24,"key":"SteroidPotion"},{"floor":27,"key":"Fire Potion"},{"floor":29,"key":"PowerPotion"},{"floor":36,"key":"CunningPotion"},{"floor":40,"key":"Ancient Potion"}],"is_trial":false,"path_per_floor":["M","M","?","M","M","E","R","?","T","R","M","M","E","M","R","B",null,"M","$","M","?","M","R","E","R","T","E","M","M","M","E","R","B",null,"M","M","M","$","?","E","?","R","T","E","R","M","$","M","R","B","B",null],"character_chosen":"THE_SILENT","items_purchased":["Apotheosis","Dodge and Roll","OrangePellets","Footwork"],"campfire_rested":2,"item_purchase_floors":[19,19,38,38],"current_hp_per_floor":[55,55,55,55,51,2,21,14,14,33,33,33,26,17,26,2,50,47,47,44,44,27,42,40,55,55,50,40,40,40,31,49,30,57,57,57,57,57,57,57,54,66,66,66,66,58,58,58,66,66,65],"gold":70,"neow_bonus":"TRANSFORM_TWO_CARDS","is_daily":false,"chose_seed":false,"campfire_upgraded":0,"win_rate":0.0,"timestamp":1613688363,"path_taken":["M","M","?","M","M","E","R","?","T","R","M","M","E","M","R","BOSS","M","$","M","?","M","R","E","R","T","E","M","M","M","E","R","BOSS","M","M","M","$","?","E","?","R","T","E","R","?","?","M","R","BOSS","BOSS"],"items_purchased_type":["Card","Card","Relic","Card"],"build_version":"2020-12-22","purchased_purges":1,"victory":true,"max_hp_per_floor":[66,66,66,66,66,66,66,66,66,66,66,66,66,66,66,66,66,66,66,66,66,66,66,66,66,66,66,66,66,66,66,66,66,66,66,66,66,66,66,66,66,66,66,66,66,66,66,66,66,66,66],"relic_stats":{"Regal Pillow":0,"Gremlin Horn":[20,22],"counters":[30,170],"HoveringKite":[57],"Eternal Feather":77,"Tingsha":[885],"Pen Nib":[17],"Whetstone":["Flying Knee","Eviscerate"],"Boot":[4],"Question Card":2,"OrangePellets":[6],"Centennial Puzzle":[6],"Shovel":7,"obtain_stats":[{"Regal Pillow":26,"Gremlin Horn":9,"Oddly Smooth Stone":31,"HoveringKite":34,"Vajra":42,"Eternal Feather":13,"Tingsha":24,"Pen Nib":23,"The Courier":43,"Whetstone":15,"Boot":40,"Question Card":44,"OrangePellets":38,"Anchor":27,"Centennial Puzzle":45,"Shovel":6,"Fusion Hammer":17,"Bottled Lightning":32,"StrikeDummy":25,"TungstenRod":39,"InkBottle":49,"Ring of the Snake":0},{"Regal Pillow":14,"Gremlin Horn":5,"Oddly Smooth Stone":19,"HoveringKite":20,"Vajra":25,"Eternal Feather":8,"Tingsha":14,"Pen Nib":13,"The Courier":25,"Whetstone":9,"Boot":25,"Question Card":26,"OrangePellets":23,"Anchor":15,"Centennial Puzzle":26,"Shovel":5,"Fusion Hammer":10,"Bottled Lightning":19,"StrikeDummy":14,"TungstenRod":24,"InkBottle":28,"Ring of the Snake":0},{"Regal Pillow":73,"Gremlin Horn":24,"Oddly Smooth Stone":100,"HoveringKite":109,"Vajra":132,"Eternal Feather":36,"Tingsha":73,"Pen Nib":68,"The Courier":132,"Whetstone":39,"Boot":132,"Question Card":137,"OrangePellets":119,"Anchor":78,"Centennial Puzzle":137,"Shovel":24,"Fusion Hammer":51,"Bottled Lightning":100,"StrikeDummy":73,"TungstenRod":125,"InkBottle":148,"Ring of the Snake":0}],"TungstenRod":4,"InkBottle":[16],"Ring of the Snake":[60]},"card_choices":[{"not_picked":["Dodge and Roll","Cloak And Dagger"],"picked":"Leg Sweep","floor":1},{"not_picked":["Poisoned Stab","Backflip"],"picked":"Calculated Gamble","floor":2},{"not_picked":["Bane","Backstab"],"picked":"Escape Plan","floor":4},{"not_picked":["Slice","Expertise","Finisher"],"picked":"SKIP","floor":5},{"not_picked":["Skewer","Noxious Fumes"],"picked":"Terror","floor":6},{"not_picked":["Slice","Distraction","Dash"],"picked":"SKIP","floor":11},{"not_picked":["Night Terror","Prepared"],"picked":"Eviscerate","floor":12},{"not_picked":["Deflect","Blade Dance"],"picked":"Bullet Time","floor":13},{"not_picked":["Flying Knee","Catalyst"],"picked":"Backflip","floor":14},{"not_picked":["Die Die Die","Venomology"],"picked":"Malaise","floor":16},{"not_picked":["Skewer","Bane"],"picked":"Footwork","floor":18},{"not_picked":["Infinite Blades","Underhanded Strike"],"picked":"Acrobatics","floor":20},{"not_picked":["Noxious Fumes","Eviscerate"],"picked":"Prepared","floor":22},{"not_picked":["Dagger Spray","Deflect"],"picked":"Backflip","floor":24},{"not_picked":["Underhanded Strike","Skewer"],"picked":"PiercingWail","floor":27},{"not_picked":["Predator","Outmaneuver+1","Heel Hook"],"picked":"SKIP","floor":28},{"not_picked":["Blade Dance","Deadly Poison"],"picked":"After Image","floor":29},{"not_picked":["Bane","Backflip"],"picked":"Blur+1","floor":30},{"not_picked":["Infinite Blades","Storm of Steel"],"picked":"Acrobatics","floor":31},{"not_picked":["Night Terror","Envenom"],"picked":"Tools of the Trade","floor":33},{"not_picked":["Deflect","Well Laid Plans","Flying Knee+1"],"picked":"SKIP","floor":35},{"not_picked":["Underhanded Strike","Deadly Poison+1","Sucker Punch+1"],"picked":"SKIP","floor":36},{"not_picked":["Bouncing Flask+1","Cloak And Dagger","Slice"],"picked":"SKIP","floor":37},{"not_picked":["Outmaneuver","Dagger Throw"],"picked":"Escape Plan","floor":39},{"not_picked":["Well Laid Plans+1","Deadly Poison","Unload"],"picked":"SKIP","floor":40},{"not_picked":["Escape Plan","Crippling Poison"],"picked":"Terror+1","floor":44},{"not_picked":["PiercingWail","Outmaneuver","Dash"],"picked":"Reflex+1","floor":46},{"not_picked":["Predator","Quick Slash","Deadly Poison","Flying Knee+1"],"picked":"SKIP","floor":48}],"player_experience":634531,"relics_obtained":[{"floor":6,"key":"Shovel"},{"floor":9,"key":"Gremlin Horn"},{"floor":13,"key":"Eternal Feather"},{"floor":15,"key":"Whetstone"},{"floor":23,"key":"Pen Nib"},{"floor":24,"key":"Tingsha"},{"floor":25,"key":"StrikeDummy"},{"floor":26,"key":"Regal Pillow"},{"floor":27,"key":"Anchor"},{"floor":31,"key":"Oddly Smooth Stone"},{"floor":32,"key":"Bottled Lightning"},{"floor":39,"key":"TungstenRod"},{"floor":40,"key":"Boot"},{"floor":42,"key":"Vajra"},{"floor":43,"key":"The Courier"},{"floor":44,"key":"Question Card"},{"floor":45,"key":"Centennial Puzzle"},{"floor":49,"key":"InkBottle"}],"event_choices":[{"damage_healed":0,"gold_gain":0,"player_choice":"Grow","damage_taken":0,"max_hp_gain":0,"max_hp_loss":0,"event_name":"Living Wall","floor":3,"gold_loss":0,"cards_upgraded":["Eviscerate"]},{"cards_removed":["Strike_G"],"damage_healed":0,"gold_gain":0,"player_choice":"Card Removal","damage_taken":7,"max_hp_gain":0,"max_hp_loss":0,"event_name":"Golden Wing","floor":8,"gold_loss":0},{"damage_healed":0,"gold_gain":0,"player_choice":"Fight","damage_taken":0,"max_hp_gain":0,"max_hp_loss":0,"event_name":"MindBloom","floor":39,"gold_loss":0},{"damage_healed":0,"gold_gain":0,"player_choice":"Bought 0 Potions","damage_taken":0,"max_hp_gain":0,"max_hp_loss":0,"event_name":"The Woman in Blue","floor":41,"gold_loss":0}],"is_beta":false,"boss_relics":[{"not_picked":["Empty Cage","SlaversCollar"],"picked":"Fusion Hammer"},{"not_picked":["Runic Dome","Runic Pyramid"],"picked":"HoveringKite"}],"items_purged_floors":[47],"is_endless":false,"potions_floor_spawned":[1,6,12,14,22,24,27,29,36,40,48],"ascension_level":20}}