{"host":"f5gffvlv6a66yqkd","time":1613660516,"event":{"mods":["2.2 Compatiblity","BaseMod","Colored Map","Custom Start","DeckTracker","Keyboard Shortcuts","Minty Spire (QoL Compilation)","Permanent Neow","Quick Restart","Relic Stats","StSLib","SuperFastMode"],"gold_per_floor":[116,128,128,144,155,155,183,183,183,108,108,134,146,178,178,249,249,268,268,268,78,78,78,94,111,111,111,139,158,158,176,176,252,252,271,596,611,18,18,18,18],"floor_reached":40,"language":"KOR","playtime":1079,"items_purged":["Strike_P","Strike_P"],"score":853,"play_id":"f64a3405-5662-4cf7-9bd2-4473d9342037","local_time":"20210219000156","is_ascension_mode":true,"campfire_choices":[{"data":"Eruption","floor":6.0,"key":"SMITH"},{"data":"FollowUp","floor":8.0,"key":"SMITH"},{"data":"WheelKick","floor":15.0,"key":"SMITH"},{"data":"Adaptation","floor":23.0,"key":"SMITH"},{"floor":27.0,"key":"REST"},{"data":"MentalFortress","floor":30.0,"key":"SMITH"},{"data":"Wallop","floor":32.0,"key":"SMITH"}],"circlet_count":0,"master_deck":["AscendersBane","Strike_P","Defend_P+1","Defend_P","Defend_P","Defend_P+1","Eruption+1","Vigilance","CutThroughFate","FollowUp+1","EmptyBody","WheelKick+1","Blasphemy","Necronomicurse","Wallop+1","MentalFortress+1","Adaptation+1"],"relics":["PureWater","Regal Pillow","War Paint","Oddly Smooth Stone","The Courier","Gremlin Horn","VioletLotus","Necronomicon","Du-Vu Doll","Akabeko","Black Star","Old Coin","ClockworkSouvenir","FossilizedHelix","Ancient Tea Set"],"acts_visited":["Exordium","TheCity","TheBeyond"],"potions_floor_usage":[40],"damage_taken":[{"damage":0.0,"enemies":"Small Slimes","floor":1.0,"turns":3.0},{"damage":0.0,"enemies":"Jaw Worm","floor":2.0,"turns":3.0},{"damage":0.0,"enemies":"Cultist","floor":4.0,"turns":2.0},{"damage":0.0,"enemies":"Large Slime","floor":5.0,"turns":4.0},{"damage":0.0,"enemies":"Gremlin Nob","floor":7.0,"turns":2.0},{"damage":0.0,"enemies":"Lagavulin","floor":12.0,"turns":3.0},{"damage":0.0,"enemies":"2 Fungi Beasts","floor":13.0,"turns":3.0},{"damage":4.0,"enemies":"3 Sentries","floor":14.0,"turns":5.0},{"damage":24.0,"enemies":"The Guardian","floor":16.0,"turns":11.0},{"damage":3.0,"enemies":"Chosen","floor":18.0,"turns":3.0},{"damage":5.0,"enemies":"Shell Parasite","floor":24.0,"turns":2.0},{"damage":0.0,"enemies":"Centurion and Healer","floor":25.0,"turns":4.0},{"damage":17.0,"enemies":"Gremlin Leader","floor":28.0,"turns":4.0},{"damage":0.0,"enemies":"Shelled Parasite and Fungi","floor":29.0,"turns":2.0},{"damage":4.0,"enemies":"Chosen and Byrds","floor":31.0,"turns":4.0},{"damage":12.0,"enemies":"Champ","floor":33.0,"turns":6.0},{"damage":0.0,"enemies":"Orb Walker","floor":35.0,"turns":1.0},{"damage":19.0,"enemies":"Mind Bloom Boss Battle","floor":36.0,"turns":8.0},{"damage":10.0,"enemies":"3 Darklings","floor":37.0,"turns":2.0},{"damage":50,"enemies":"Reptomancer","floor":40,"turns":3}],"seed_played":"3298261383024257696","potions_obtained":[{"floor":2.0,"key":"AttackPotion"},{"floor":5.0,"key":"AttackPotion"},{"floor":7.0,"key":"Swift Potion"},{"floor":13.0,"key":"Ambrosia"},{"floor":16.0,"key":"Ancient Potion"},{"floor":24.0,"key":"BottledMiracle"},{"floor":36.0,"key":"GamblersBrew"}],"is_trial":false,"path_per_floor":["M","M","?","M","M","R","E","R","T","$","?","E","M","E","R","B",null,"M","?","?","$","T","R","M","M","T","R","E","M","R","M","R","B",null,"M","?","M","$","?","E"],"character_chosen":"WATCHER","items_purchased":["Wallop","MentalFortress","Adaptation","ClockworkSouvenir","FossilizedHelix","Ancient Tea Set"],"campfire_rested":1,"item_purchase_floors":[21,21,21,38,38,38],"current_hp_per_floor":[61,61,54,54,54,54,54,54,54,54,54,54,54,50,50,26,58,55,55,34,34,34,34,29,29,29,64,47,47,47,43,43,31,59,59,40,30,30,30,0,0],"gold":18,"neow_bonus":"RANDOM_COMMON_RELIC","is_daily":false,"chose_seed":false,"campfire_upgraded":6,"win_rate":0.0,"timestamp":1613660516,"path_taken":["M","M","?","M","M","R","E","R","T","$","?","E","M","E","R","BOSS","M","?","?","$","?","R","?","M","T","R","E","M","R","M","R","BOSS","M","?","M","$","?","E"],"items_purchased_type":["Card","Card","Card","Relic","Relic","Relic"],"build_version":"2020-12-22","purchased_purges":2,"victory":false,"max_hp_per_floor":[68,68,68,68,68,68,68,68,68,68,68,68,68,68,68,68,68,68,68,68,68,68,68,68,68,68,68,68,68,68,68,68,68,68,68,68,68,68,68,68,68],"relic_stats":{"Regal Pillow":15,"Gremlin Horn":[10,10],"counters":[20,75],"VioletLotus":[10],"Necronomicon":[21],"Black Star":0,"War Paint":["Defend_P","Defend_P"],"obtain_stats":[{"Regal Pillow":0,"Gremlin Horn":14,"Oddly Smooth Stone":9,"The Courier":12,"War Paint":7,"Ancient Tea Set":38,"Akabeko":28,"Old Coin":36,"ClockworkSouvenir":38,"Du-Vu Doll":22,"VioletLotus":17,"Necronomicon":20,"Black Star":34,"PureWater":0,"FossilizedHelix":38},{"Regal Pillow":0,"Gremlin Horn":8,"Oddly Smooth Stone":5,"The Courier":6,"War Paint":5,"Ancient Tea Set":19,"Akabeko":13,"Old Coin":18,"ClockworkSouvenir":19,"Du-Vu Doll":10,"VioletLotus":9,"Necronomicon":10,"Black Star":16,"PureWater":0,"FossilizedHelix":19},{"Regal Pillow":0,"Gremlin Horn":25,"Oddly Smooth Stone":14,"The Courier":17,"War Paint":14,"Ancient Tea Set":72,"Akabeko":49,"Old Coin":70,"ClockworkSouvenir":72,"Du-Vu Doll":39,"VioletLotus":36,"Necronomicon":39,"Black Star":61,"PureWater":0,"FossilizedHelix":72}]},"card_choices":[{"not_picked":["ClearTheMind","CrushJoints","Evaluate"],"picked":"SKIP","floor":1.0},{"not_picked":["Conclude","Evaluate"],"picked":"CutThroughFate","floor":2.0},{"not_picked":["SpiritShield","Indignation","CutThroughFate"],"picked":"SKIP","floor":4.0},{"not_picked":["Sanctity","Crescendo"],"picked":"FollowUp","floor":5.0},{"not_picked":["Vengeance","Collect"],"picked":"EmptyBody","floor":7.0},{"not_picked":["Consecrate","CrushJoints"],"picked":"WheelKick","floor":12.0},{"not_picked":["SignatureMove","Wireheading"],"picked":"BowlingBash","floor":13.0},{"not_picked":["Wish","EmptyMind","Crescendo"],"picked":"SKIP","floor":14.0},{"not_picked":["DevaForm","SpiritShield"],"picked":"Blasphemy","floor":16.0},{"not_picked":["Swivel+1","Conclude","FlyingSleeves+1"],"picked":"SKIP","floor":18.0},{"not_picked":["CutThroughFate","Evaluate+1","CrushJoints"],"picked":"SKIP","floor":24.0},{"not_picked":["SashWhip","SignatureMove","Collect"],"picked":"SKIP","floor":25.0},{"not_picked":["Indignation","Conclude","Brilliance"],"picked":"SKIP","floor":28.0},{"not_picked":["Indignation","Conclude","Brilliance"],"picked":"SKIP","floor":28.0},{"not_picked":["CrushJoints","WreathOfFlame+1","Evaluate"],"picked":"SKIP","floor":29.0},{"not_picked":["BowlingBash","PathToVictory","Collect"],"picked":"SKIP","floor":31.0},{"not_picked":["CarveReality","Consecrate","Crescendo"],"picked":"SKIP","floor":35.0},{"not_picked":["SashWhip","CrushJoints+1","PathToVictory"],"picked":"SKIP","floor":37.0}],"player_experience":1495879,"relics_obtained":[{"floor":7.0,"key":"War Paint"},{"floor":9.0,"key":"Oddly Smooth Stone"},{"floor":12.0,"key":"The Courier"},{"floor":14.0,"key":"Gremlin Horn"},{"floor":20.0,"key":"Necronomicon"},{"floor":22.0,"key":"Du-Vu Doll"},{"floor":28.0,"key":"Akabeko"},{"floor":36.0,"key":"Old Coin"}],"event_choices":[{"cards_removed":["Strike_P"],"damage_healed":0.0,"max_hp_gain":0.0,"max_hp_loss":0.0,"gold_gain":0.0,"event_name":"Golden Wing","player_choice":"Card Removal","floor":3.0,"gold_loss":0.0,"damage_taken":7.0},{"damage_healed":0.0,"max_hp_gain":0.0,"max_hp_loss":0.0,"gold_gain":0.0,"event_name":"Scrap Ooze","player_choice":"Fled","floor":11.0,"gold_loss":0.0,"damage_taken":0.0},{"damage_healed":0.0,"max_hp_gain":0.0,"max_hp_loss":0.0,"gold_gain":0.0,"event_name":"The Mausoleum","player_choice":"Ignored","floor":19.0,"gold_loss":0.0,"damage_taken":0.0},{"damage_healed":0.0,"max_hp_gain":0.0,"max_hp_loss":0.0,"gold_gain":0.0,"event_name":"Cursed Tome","player_choice":"Obtained Book","floor":20.0,"gold_loss":0.0,"damage_taken":21.0},{"damage_healed":0.0,"max_hp_gain":0.0,"max_hp_loss":0.0,"gold_gain":0.0,"event_name":"MindBloom","player_choice":"Fight","floor":36.0,"gold_loss":0.0,"damage_taken":0.0},{"cards_removed":["BowlingBash"],"damage_healed":0.0,"max_hp_gain":0.0,"max_hp_loss":0.0,"gold_gain":0.0,"event_name":"Falling","player_choice":"Removed Attack","floor":39.0,"gold_loss":0.0,"damage_taken":0.0}],"is_beta":false,"boss_relics":[{"not_picked":["Philosopher\u0027s Stone","Velvet Choker"],"picked":"VioletLotus"},{"not_picked":["Snecko Eye","Coffee Dripper"],"picked":"Black Star"}],"items_purged_floors":[10,38],"is_endless":false,"potions_floor_spawned":[2,5,7,13,16,24,28,35,36],"killed_by":"Reptomancer","ascension_level":16}}