{"host":"4xh8v5undae39mue","time":1613673166,"event":{"mods":["AchievementEnabler","BaseMod","Minty Spire (QoL Compilation)"],"gold_per_floor":[119,99,113,133,153,186,186,202,202,202,228,228,245,271,271,374,424,434,217,231,231,245,275,275,275],"floor_reached":24,"language":"ENG","playtime":1073,"items_purged":[],"score":274,"play_id":"723b1d9e-239d-484f-87db-4ad0c92169cc","local_time":"20210218133246","is_ascension_mode":true,"campfire_choices":[{"data":"Whirlwind","floor":7,"key":"SMITH"},{"data":"Body Slam","floor":10,"key":"SMITH"},{"data":"Spot Weakness","floor":12,"key":"SMITH"},{"data":"Flame Barrier","floor":15,"key":"SMITH"}],"circlet_count":0,"master_deck":["Strike_R","Strike_R","Strike_R","Strike_R","Strike_R","Defend_R","Defend_R","Defend_R","Defend_R","Bash","Metallicize","Shrug It Off","Body Slam+1","Feel No Pain","Whirlwind+1","Uppercut+1","Spot Weakness+1","True Grit","Flame Barrier+1","Offering","Thunderclap","Rupture+1","Dark Embrace","Reckless Charge"],"relics":["FossilizedHelix","Happy Flower","StrikeDummy","Blue Candle","Odd Mushroom","Tiny House","Strange Spoon","Nloth\u0027s Gift","Peace Pipe"],"acts_visited":["Exordium","TheCity"],"potions_floor_usage":[6,14,16,16,20,23,24],"damage_taken":[{"damage":0,"enemies":"Cultist","floor":1,"turns":3},{"damage":3,"enemies":"Jaw Worm","floor":3,"turns":5},{"damage":0,"enemies":"Small Slimes","floor":4,"turns":5},{"damage":0,"enemies":"Blue Slaver","floor":5,"turns":6},{"damage":11,"enemies":"Lagavulin","floor":6,"turns":10},{"damage":8,"enemies":"Exordium Thugs","floor":8,"turns":6},{"damage":21,"enemies":"3 Sentries","floor":11,"turns":6},{"damage":0,"enemies":"3 Louse","floor":13,"turns":1},{"damage":0,"enemies":"The Mushroom Lair","floor":14,"turns":3},{"damage":2,"enemies":"Slime Boss","floor":16,"turns":8},{"damage":6,"enemies":"2 Thieves","floor":18,"turns":2},{"damage":19,"enemies":"Spheric Guardian","floor":20,"turns":5},{"damage":6,"enemies":"Snecko","floor":22,"turns":5},{"damage":63,"enemies":"Gremlin Leader","floor":23,"turns":7},{"damage":16,"enemies":"Centurion and Healer","floor":24,"turns":3}],"seed_played":"-6475825319379892757","potions_obtained":[{"floor":2,"key":"Dexterity Potion"},{"floor":3,"key":"BlessingOfTheForge"},{"floor":4,"key":"DistilledChaos"},{"floor":11,"key":"LiquidBronze"},{"floor":13,"key":"ColorlessPotion"},{"floor":16,"key":"Energy Potion"},{"floor":17,"key":"ColorlessPotion"},{"floor":23,"key":"GamblersBrew"}],"is_trial":false,"path_per_floor":["M","?","M","M","M","E","R","M","T","R","E","R","M","?","R","B",null,"M","$","M","?","M","E","M"],"character_chosen":"IRONCLAD","items_purchased":["Strange Spoon","Dark Embrace"],"campfire_rested":0,"item_purchase_floors":[19,19],"current_hp_per_floor":[62,62,65,71,77,72,72,70,70,70,55,55,61,67,67,71,85,85,85,72,72,66,3,0,0],"gold":275,"neow_bonus":"ONE_RARE_RELIC","is_daily":false,"chose_seed":false,"campfire_upgraded":4,"win_rate":0.0,"timestamp":1613673166,"path_taken":["M","?","M","M","?","E","R","M","T","R","E","R","M","?","R","BOSS","M","$","M","?","M","E","?"],"items_purchased_type":["Relic","Card"],"build_version":"2020-12-22","purchased_purges":0,"victory":false,"max_hp_per_floor":[80,80,80,80,80,80,80,80,80,80,80,80,80,80,80,80,85,85,85,85,85,85,85,85,85],"card_choices":[{"not_picked":["Clothesline","Heavy Blade"],"picked":"Metallicize","floor":1},{"not_picked":["Perfected Strike","Headbutt"],"picked":"Shrug It Off","floor":3},{"not_picked":["Thunderclap","Twin Strike"],"picked":"Body Slam","floor":4},{"not_picked":["Body Slam","Hemokinesis"],"picked":"Feel No Pain","floor":5},{"not_picked":["Wild Strike","Intimidate"],"picked":"Whirlwind","floor":6},{"not_picked":["Pummel","Clash"],"picked":"Uppercut","floor":8},{"not_picked":["Berserk","Seeing Red"],"picked":"Spot Weakness","floor":11},{"not_picked":["Iron Wave","Feel No Pain"],"picked":"True Grit","floor":13},{"not_picked":["Headbutt","Sword Boomerang"],"picked":"Flame Barrier","floor":14},{"not_picked":["Limit Break","Fiend Fire"],"picked":"Offering","floor":16},{"not_picked":["Ghostly Armor","Dual Wield"],"picked":"Thunderclap","floor":17},{"not_picked":["Blood for Blood","Second Wind"],"picked":"Rupture+1","floor":18},{"not_picked":["Anger","Heavy Blade"],"picked":"Reckless Charge","floor":20},{"not_picked":["Clothesline","Clash+1","Heavy Blade"],"picked":"SKIP","floor":22},{"not_picked":["Disarm","Dropkick","Iron Wave"],"picked":"SKIP","floor":23}],"player_experience":232384,"relics_obtained":[{"floor":6,"key":"Happy Flower"},{"floor":9,"key":"StrikeDummy"},{"floor":11,"key":"Blue Candle"},{"floor":14,"key":"Odd Mushroom"},{"floor":23,"key":"Peace Pipe"}],"event_choices":[{"damage_healed":0,"gold_gain":0,"player_choice":"Bought 1 Potion","damage_taken":0,"max_hp_gain":0,"max_hp_loss":0,"event_name":"The Woman in Blue","floor":2,"gold_loss":0},{"damage_healed":0,"gold_gain":0,"player_choice":"Fought Mushrooms","damage_taken":0,"max_hp_gain":0,"max_hp_loss":0,"event_name":"Mushrooms","floor":14,"gold_loss":0},{"damage_healed":0,"gold_gain":0,"player_choice":"Traded Relic","damage_taken":0,"relics_obtained":["Nloth\u0027s Gift"],"max_hp_gain":0,"max_hp_loss":0,"event_name":"N\u0027loth","floor":21,"relics_lost":["Burning Blood"],"gold_loss":0}],"is_beta":false,"boss_relics":[{"not_picked":["Runic Pyramid","Snecko Eye"],"picked":"Tiny House"}],"items_purged_floors":[],"is_endless":false,"potions_floor_spawned":[3,4,11,13,16,23],"killed_by":"Centurion and Healer","ascension_level":4}}