{"host":"72n3jwtrlpjobydj","time":1613646860,"event":{"mods":["AchievementEnabler","BaseMod","CapriCore","DeckTracker","Hermit","Koishi","KomeijiMod","Lobotomy","Marisa£¨Ùöéë¡¡Øª×âÞÞ£©","Minty Spire (QoL Compilation)","Permanent Neow","StSLib","SuperFastMode","The Cursed","The Hierophant","The Immortal"],"gold_per_floor":[118,118,293,243,157,184,199,199,199,210,210,210,225,34,34,129,129,140,150,55,55,55,55,55],"floor_reached":23,"language":"KOR","playtime":714,"items_purged":[],"score":237,"play_id":"77c1d163-ce49-4b28-a239-8e60718604f6","local_time":"20210218201420","is_ascension_mode":false,"campfire_choices":[{"data":"Enlightenment","floor":8,"key":"SMITH"},{"data":"Entrench","floor":12,"key":"SMITH"},{"data":"Armaments","floor":15,"key":"SMITH"}],"circlet_count":0,"master_deck":["Strike_R","Strike_R","Strike_R","Defend_R","Defend_R","Defend_R","Defend_R","Bash","True Grit","Enlightenment+1","Iron Wave","Entrench+1","Armaments+1","Feel No Pain","Seeing Red","Disarm","Barricade","Intimidate","True Grit","True Grit","Power Through","Armaments","Heavy Blade"],"relics":["Burning Blood","NeowsBlessing","Lizard Tail","Pear","Mark of Pain"],"acts_visited":["Exordium","TheCity"],"potions_floor_usage":[16,23],"damage_taken":[{"damage":0,"enemies":"Jaw Worm","floor":1,"turns":1},{"damage":0,"enemies":"Lagavulin","floor":6,"turns":1},{"damage":0,"enemies":"Small Slimes","floor":7,"turns":1},{"damage":3,"enemies":"2 Louse","floor":10,"turns":4},{"damage":6,"enemies":"Exordium Wildlife","floor":13,"turns":3},{"damage":135,"enemies":"Slime Boss","floor":16,"turns":29},{"damage":16,"enemies":"3 Byrds","floor":18,"turns":13},{"damage":30,"enemies":"Chosen","floor":19,"turns":16},{"damage":67,"enemies":"Slavers","floor":23,"turns":4}],"seed_played":"3701465917185155908","potions_obtained":[{"floor":6,"key":"AttackPotion"},{"floor":19,"key":"Weak Potion"}],"is_trial":false,"path_per_floor":["M","$","?","?","$","E","M","R","T","M","?","R","M","$","R","B",null,"M","M","$","?","?","E"],"character_chosen":"IRONCLAD","items_purchased":["Enlightenment","Feel No Pain","Seeing Red","Disarm","True Grit","Power Through"],"campfire_rested":0,"item_purchase_floors":[5,14,14,14,20,20],"current_hp_per_floor":[80,80,80,80,80,80,80,80,90,90,95,95,95,95,95,22,95,85,61,61,61,61,0,0],"gold":55,"neow_bonus":"THREE_ENEMY_KILL","is_daily":false,"chose_seed":false,"campfire_upgraded":3,"win_rate":0.0,"timestamp":1613646860,"path_taken":["M","$","?","?","$","E","M","R","T","M","?","R","M","$","R","BOSS","M","M","$","?","?","E"],"items_purchased_type":["Card","Card","Card","Card","Card","Card"],"build_version":"2020-12-22","purchased_purges":0,"victory":false,"max_hp_per_floor":[80,80,80,80,80,80,80,80,90,90,95,95,95,95,95,95,95,95,95,95,95,95,95,95],"card_choices":[{"not_picked":["Flex","Warcry"],"picked":"True Grit","floor":1},{"not_picked":["Whirlwind","Carnage"],"picked":"Iron Wave","floor":6},{"not_picked":["Clothesline","True Grit"],"picked":"Entrench","floor":7},{"not_picked":["Dual Wield","Sword Boomerang","Reckless Charge"],"picked":"SKIP","floor":10},{"not_picked":["Sword Boomerang","Clash"],"picked":"Armaments","floor":13},{"not_picked":["Double Tap","Corruption"],"picked":"Barricade","floor":16},{"not_picked":["Havoc","Twin Strike"],"picked":"Intimidate","floor":18},{"not_picked":["Dropkick","Bloodletting"],"picked":"True Grit","floor":19}],"player_experience":72571,"relics_obtained":[{"floor":6,"key":"Lizard Tail"},{"floor":9,"key":"Pear"}],"event_choices":[{"damage_healed":0,"gold_gain":175,"player_choice":"AGREE","damage_taken":0,"max_hp_gain":0,"max_hp_loss":0,"event_name":"Liars Game","floor":3,"gold_loss":0,"cards_obtained":["Doubt"]},{"cards_removed":["Doubt"],"damage_healed":0,"gold_gain":0,"player_choice":"Card Removal","damage_taken":0,"max_hp_gain":0,"max_hp_loss":0,"event_name":"The Cleric","floor":4,"gold_loss":50},{"damage_healed":0,"gold_gain":0,"player_choice":"Donut","damage_taken":0,"max_hp_gain":5,"max_hp_loss":0,"event_name":"Big Fish","floor":11,"gold_loss":0},{"damage_healed":0,"gold_gain":0,"player_choice":"Ignored","damage_taken":0,"max_hp_gain":0,"max_hp_loss":0,"event_name":"Ghosts","floor":21,"gold_loss":0},{"damage_healed":0,"gold_gain":0,"cards_transformed":["Strike_R","Strike_R"],"player_choice":"Became Test Subject","damage_taken":0,"max_hp_gain":0,"max_hp_loss":0,"event_name":"Drug Dealer","floor":22,"gold_loss":0,"cards_obtained":["Armaments","Heavy Blade"]}],"is_beta":false,"boss_relics":[{"not_picked":["Astrolabe","Busted Crown"],"picked":"Mark of Pain"}],"items_purged_floors":[],"is_endless":false,"potions_floor_spawned":[6,19],"killed_by":"Slavers","ascension_level":0}}