{"host":"ohy0y2gq28lmekc7","time":1613679894,"event":{"mods":["AchievementEnabler","Act Like it!","BaseMod","Better Third Choice","BetterRewards","Colored Powertips","Curses Come First","Highlight Path","Minty Spire (QoL Compilation)","Permanent Neow","Quick Restart","Relic Stats","StSLib"],"gold_per_floor":[119,119,131,146,162,190,207,207,234,234,234,258,3,44,44,173,173,207,13,38,38,79,79,2,2,2,56,56,87,12,28,28,157,157,176,215,55,70,86,86,124,144,197,217,280,295,295,295,295,295,295,295,22,61,61,61],"floor_reached":55,"language":"ENG","playtime":5242,"items_purged":[],"score":874,"play_id":"ea4bfb67-b474-4d4c-b69a-78cc096ea371","local_time":"20210218212454","is_ascension_mode":false,"campfire_choices":[{"floor":8.0,"key":"REST"},{"data":"Eruption","floor":10.0,"key":"SMITH"},{"floor":15.0,"key":"REST"},{"data":"Judgement","floor":23.0,"key":"SMITH"},{"data":"Vault","floor":28.0,"key":"SMITH"},{"data":"Adaptation","floor":32.0,"key":"SMITH"},{"data":"TalkToTheHand","floor":40.0,"key":"SMITH"},{"floor":47,"key":"RECALL"},{"floor":49,"key":"REST"},{"data":"SignatureMove","floor":52,"key":"SMITH"}],"circlet_count":0,"master_deck":["Strike_P","Strike_P","Strike_P","Defend_P","Defend_P","Eruption+1","Vigilance","Adaptation+1","ReachHeaven","Expertise+1","Prostrate","Halt","Judgement+1","Crescendo","FlyingSleeves","Injury","Worship","Vengeance","HandOfGreed","DeusExMachina","DeusExMachina","FollowUp+1","Tantrum","DeceiveReality","Meditate","Indignation","FearNoEvil","Collect+1","Vault+1","Consecrate","Prostrate","Establishment+1","CrushJoints+1","Protect+1","Conclude+1","TalkToTheHand+1","BattleHymn+1","MentalFortress+1","CarveReality+1","ConjureBlade+1","FlurryOfBlows+1","FlyingSleeves+1","SashWhip+1","SignatureMove+1","Mayhem+1","Prostrate+1"],"relics":["PureWater","Du-Vu Doll","FossilizedHelix","Ancient Tea Set","Bronze Scales","Orichalcum","Centennial Puzzle","Lantern","Golden Idol","Membership Card","Frozen Egg 2","Velvet Choker","HandDrill","Orrery","White Beast Statue","Nunchaku","Kunai","Mercury Hourglass","Boot","Astrolabe","Mummified Hand","Toxic Egg 2","Thread and Needle","Letter Opener","Sundial","Bottled Flame"],"acts_visited":["Exordium","TheCity","TheBeyond","TheEnding"],"potions_floor_usage":[50,54],"damage_taken":[{"damage":0.0,"enemies":"Cultist","floor":1.0,"turns":3.0},{"damage":0.0,"enemies":"Jaw Worm","floor":3.0,"turns":3.0},{"damage":0.0,"enemies":"Small Slimes","floor":4.0,"turns":4.0},{"damage":2.0,"enemies":"Exordium Thugs","floor":5.0,"turns":5.0},{"damage":6.0,"enemies":"Lagavulin","floor":6.0,"turns":5.0},{"damage":0.0,"enemies":"2 Fungi Beasts","floor":7.0,"turns":1.0},{"damage":8.0,"enemies":"Gremlin Gang","floor":12.0,"turns":4.0},{"damage":0.0,"enemies":"Gremlin Nob","floor":14.0,"turns":3.0},{"damage":40.0,"enemies":"Hexaghost","floor":16.0,"turns":10.0},{"damage":0.0,"enemies":"Chosen","floor":18.0,"turns":3.0},{"damage":0.0,"enemies":"Spheric Guardian","floor":20.0,"turns":2.0},{"damage":0.0,"enemies":"Cultist and Chosen","floor":22.0,"turns":4.0},{"damage":0.0,"enemies":"Gremlin Leader","floor":27.0,"turns":6.0},{"damage":0.0,"enemies":"Book of Stabbing","floor":29.0,"turns":4.0},{"damage":3.0,"enemies":"Shelled Parasite and Fungi","floor":31.0,"turns":3.0},{"damage":16.0,"enemies":"Automaton","floor":33.0,"turns":7.0},{"damage":0.0,"enemies":"Orb Walker","floor":35.0,"turns":3.0},{"damage":0.0,"enemies":"3 Shapes","floor":36.0,"turns":2.0},{"damage":2.0,"enemies":"Maw","floor":38.0,"turns":6.0},{"damage":11.0,"enemies":"Jaw Worm Horde","floor":39.0,"turns":3.0},{"damage":18.0,"enemies":"Nemesis","floor":41.0,"turns":3.0},{"damage":12.0,"enemies":"Transient","floor":42.0,"turns":5.0},{"damage":0,"enemies":"Spire Growth","floor":44,"turns":4},{"damage":0,"enemies":"Mind Bloom Boss Battle","floor":45,"turns":3},{"damage":0,"enemies":"Maw","floor":46,"turns":5},{"damage":64,"enemies":"Time Eater","floor":50,"turns":7},{"damage":77,"enemies":"Shield and Spear","floor":54,"turns":5},{"damage":18,"enemies":"The Heart","floor":55,"turns":2}],"seed_played":"4778570623182950495","potions_obtained":[{"floor":1.0,"key":"FairyPotion"},{"floor":5.0,"key":"BottledMiracle"},{"floor":7.0,"key":"Strength Potion"},{"floor":12.0,"key":"StancePotion"},{"floor":22.0,"key":"Ambrosia"},{"floor":27.0,"key":"LiquidMemories"},{"floor":33.0,"key":"Energy Potion"},{"floor":36.0,"key":"BottledMiracle"},{"floor":38.0,"key":"BlessingOfTheForge"},{"floor":46,"key":"FairyPotion"},{"floor":54,"key":"Block Potion"}],"is_trial":false,"path_per_floor":["M","?","M","M","M","E","M","R","T","R","?","M","$","E","R","B",null,"M","$","M","?","M","R","$","?","T","E","R","E","$","M","R","B",null,"M","M","$","M","M","R","E","M","T","M","?","M","R","?","R","B",null,"R","$","E","B"],"character_chosen":"WATCHER","items_purchased":["Ancient Tea Set","Adaptation","Membership Card","Vengeance","HandOfGreed","HandDrill","Tantrum","DeceiveReality","Meditate","Orrery","Boot","Mummified Hand","MentalFortress+1","Letter Opener","Sundial","PowerPotion"],"campfire_rested":3,"item_purchase_floors":[0,0,13,13,13,19,19,19,19,24,30,37,37,53,53,53],"current_hp_per_floor":[40,28,28,28,26,20,20,41,41,41,41,33,33,33,54,14,72,72,72,72,72,72,72,72,72,72,72,72,72,72,69,69,53,72,72,72,72,70,59,59,41,29,29,29,29,29,29,29,50,21,72,72,72,17,0,0],"gold":61,"neow_bonus":"","is_daily":false,"chose_seed":false,"campfire_upgraded":6,"win_rate":0.0,"timestamp":1613679894,"path_taken":["M","?","M","M","M","E","M","R","T","R","?","M","?","E","R","BOSS","M","$","M","?","M","R","?","?","T","E","R","E","$","M","R","BOSS","M","M","$","M","M","R","E","M","T","?","?","M","R","?","R","BOSS","R","$","E","BOSS"],"items_purchased_type":["Relic","Card","Relic","Card","Card","Relic","Card","Card","Card","Relic","Relic","Relic","Card","Relic","Relic","Potion"],"build_version":"2020-12-22","purchased_purges":0,"victory":false,"max_hp_per_floor":[72,72,72,72,72,72,72,72,72,72,72,72,72,72,72,72,72,72,72,72,72,72,72,72,72,72,72,72,72,72,72,72,72,72,72,72,72,72,72,72,72,72,72,72,72,72,72,72,72,72,72,72,72,72,72,72],"relic_stats":{"counters":[106,446],"Golden Idol":173,"Astrolabe":["CrushJoints","Protect","Conclude"],"Letter Opener":[15],"Orichalcum":[114],"Boot":[32],"Mercury Hourglass":[178],"Centennial Puzzle":[35],"Nunchaku":[15],"Mummified Hand":[36],"Sundial":[0],"Bronze Scales":[294],"HandDrill":[26],"Kunai":[29],"obtain_stats":[{"Calipers":36,"Gremlin Horn":45,"Vajra":10,"Bottled Tornado":31,"Boot":30,"Centennial Puzzle":6,"HornCleat":9,"Sundial":12,"Philosopher\u0027s Stone":34,"HandDrill":19,"Kunai":43,"Toxic Egg 2":41,"Girya":36,"Pear":9,"Happy Flower":6,"Astrolabe":34,"Oddly Smooth Stone":40,"Velvet Choker":17,"Eternal Feather":5,"Tingsha":34,"Pen Nib":0,"Letter Opener":34,"Paper Crane":46,"War Paint":37,"Du-Vu Doll":0,"SlaversCollar":17,"Bottled Flame":31,"Shuriken":6,"Bird Faced Urn":12,"Bronze Scales":29,"Molten Egg 2":32,"Black Star":17,"NlothsMask":2,"Meat on the Bone":48,"Lantern":26,"Regal Pillow":27,"Torii":0,"Snake Skull":21,"Juzu Bracelet":29,"Bag of Preparation":45,"Ancient Tea Set":8,"Empty Cage":34,"ClockworkSouvenir":30,"Nunchaku":26,"Shovel":0,"Mummified Hand":30,"Ninja Scroll":49,"Gambling Chip":31,"Pantograph":41,"Tiny Chest":0,"WingedGreaves":37,"Red Mask":20,"InkBottle":24,"Ring of the Snake":0,"Potion Belt":34,"The Specimen":0,"Golden Idol":11,"Thread and Needle":40,"PreservedInsect":45,"Omamori":7,"Frozen Egg 2":26,"Odd Mushroom":13,"Orichalcum":2,"White Beast Statue":43,"Mercury Hourglass":0,"Calling Bell":34,"Strange Spoon":31,"Anchor":43,"Ornamental Fan":41,"Orrery":19,"Coffee Dripper":17,"Bag of Marbles":27,"Bottled Lightning":42,"Membership Card":13,"PureWater":0,"TungstenRod":0,"FossilizedHelix":0},{"Calipers":23,"Gremlin Horn":28,"Vajra":35,"Bottled Tornado":20,"Boot":92,"Centennial Puzzle":83,"HornCleat":35,"Sundial":35,"Philosopher\u0027s Stone":21,"HandDrill":88,"Kunai":28,"Toxic Egg 2":99,"Girya":46,"Pear":7,"Happy Flower":5,"Astrolabe":94,"Oddly Smooth Stone":47,"Velvet Choker":87,"Eternal Feather":4,"Tingsha":44,"Pen Nib":0,"Letter Opener":44,"Paper Crane":29,"War Paint":46,"Du-Vu Doll":52,"SlaversCollar":64,"Bottled Flame":72,"Shuriken":35,"Bird Faced Urn":8,"Bronze Scales":43,"Molten Egg 2":43,"Black Star":38,"NlothsMask":53,"Meat on the Bone":77,"Lantern":15,"Regal Pillow":16,"Torii":30,"Snake Skull":40,"Juzu Bracelet":18,"Bag of Preparation":28,"Ancient Tea Set":35,"Empty Cage":73,"ClockworkSouvenir":18,"Nunchaku":90,"Shovel":30,"Mummified Hand":43,"Ninja Scroll":51,"Gambling Chip":20,"Pantograph":48,"Tiny Chest":30,"WingedGreaves":24,"Red Mask":13,"InkBottle":15,"Ring of the Snake":0,"Potion Belt":44,"The Specimen":52,"Golden Idol":84,"Thread and Needle":27,"PreservedInsect":50,"Omamori":35,"Frozen Egg 2":41,"Odd Mushroom":63,"Orichalcum":79,"White Beast Statue":49,"Mercury Hourglass":30,"Calling Bell":44,"Strange Spoon":72,"Anchor":76,"Ornamental Fan":48,"Orrery":12,"Coffee Dripper":11,"Bag of Marbles":42,"Bottled Lightning":28,"Membership Card":85,"PureWater":0,"TungstenRod":58,"FossilizedHelix":78},{"Calipers":94,"Gremlin Horn":113,"Vajra":143,"Bottled Tornado":83,"Boot":388,"Centennial Puzzle":351,"HornCleat":143,"Sundial":143,"Philosopher\u0027s Stone":86,"HandDrill":372,"Kunai":113,"Toxic Egg 2":415,"Girya":191,"Pear":35,"Happy Flower":26,"Astrolabe":398,"Oddly Smooth Stone":194,"Velvet Choker":369,"Eternal Feather":20,"Tingsha":185,"Pen Nib":0,"Letter Opener":185,"Paper Crane":118,"War Paint":191,"Du-Vu Doll":216,"SlaversCollar":263,"Bottled Flame":301,"Shuriken":143,"Bird Faced Urn":38,"Bronze Scales":178,"Molten Egg 2":178,"Black Star":158,"NlothsMask":219,"Meat on the Bone":325,"Lantern":65,"Regal Pillow":69,"Torii":123,"Snake Skull":166,"Juzu Bracelet":77,"Bag of Preparation":113,"Ancient Tea Set":143,"Empty Cage":307,"ClockworkSouvenir":77,"Nunchaku":378,"Shovel":123,"Mummified Hand":178,"Ninja Scroll":209,"Gambling Chip":83,"Pantograph":199,"Tiny Chest":123,"WingedGreaves":97,"Red Mask":58,"InkBottle":65,"Ring of the Snake":0,"Potion Belt":185,"The Specimen":216,"Golden Idol":352,"Thread and Needle":109,"PreservedInsect":206,"Omamori":143,"Frozen Egg 2":171,"Odd Mushroom":255,"Orichalcum":334,"White Beast Statue":204,"Mercury Hourglass":123,"Calling Bell":185,"Strange Spoon":301,"Anchor":320,"Ornamental Fan":199,"Orrery":54,"Coffee Dripper":51,"Bag of Marbles":174,"Bottled Lightning":113,"Membership Card":356,"PureWater":0,"TungstenRod":236,"FossilizedHelix":331}]},"card_choices":[{"not_picked":["Protect","SashWhip"],"picked":"ReachHeaven","floor":1.0},{"not_picked":["MentalFortress","SashWhip"],"picked":"Prostrate","floor":3.0},{"not_picked":["EmptyFist","Perseverance"],"picked":"Halt","floor":4.0},{"not_picked":["FollowUp","BattleHymn"],"picked":"Judgement","floor":5.0},{"not_picked":["FlyingSleeves","WaveOfTheHand"],"picked":"Crescendo","floor":6.0},{"not_picked":["EmptyMind","EmptyFist"],"picked":"FlyingSleeves","floor":7.0},{"not_picked":["EmptyFist","FollowUp"],"picked":"Worship","floor":12.0},{"not_picked":["FlyingSleeves","CutThroughFate"],"picked":"DeusExMachina","floor":14.0},{"not_picked":["Omniscience","Vault"],"picked":"DeusExMachina","floor":16.0},{"not_picked":["BowlingBash","Evaluate"],"picked":"FollowUp+1","floor":18.0},{"not_picked":["Nirvana+1","EmptyBody"],"picked":"Indignation","floor":20.0},{"not_picked":["Adaptation+1","Pray+1"],"picked":"LikeWater+1","floor":22.0},{"not_picked":["Crescendo","InnerPeace"],"picked":"FearNoEvil","floor":24.0},{"not_picked":["Conclude","Vengeance"],"picked":"Collect+1","floor":24.0},{"not_picked":["CutThroughFate","Wallop"],"picked":"Vault","floor":24.0},{"not_picked":["PathToVictory","FlyingSleeves"],"picked":"Study+1","floor":27.0},{"not_picked":["Blasphemy","TalkToTheHand"],"picked":"Consecrate","floor":29.0},{"not_picked":["ThirdEye","EmptyFist"],"picked":"Prostrate","floor":31.0},{"not_picked":["Scrawl","Ragnarok"],"picked":"Establishment+1","floor":33.0},{"not_picked":["ClearTheMind","SignatureMove+1"],"picked":"TalkToTheHand","floor":35.0},{"not_picked":["Sanctity","Wallop+1"],"picked":"BattleHymn+1","floor":36.0},{"not_picked":["Study+1","EmptyBody+1"],"picked":"CarveReality+1","floor":38.0},{"not_picked":["FollowUp","EmptyFist+1","Halt+1"],"picked":"SKIP","floor":39.0},{"not_picked":["EmptyBody+1","Collect+1"],"picked":"ConjureBlade+1","floor":41.0},{"not_picked":["EmptyFist","ReachHeaven"],"picked":"FlurryOfBlows+1","floor":42.0},{"not_picked":["EmptyMind+1","CrushJoints+1"],"picked":"FlyingSleeves+1","floor":44},{"not_picked":["EmptyBody+1","ReachHeaven"],"picked":"SashWhip+1","floor":45},{"not_picked":["PathToVictory+1","Study+1"],"picked":"SignatureMove","floor":46},{"not_picked":["Panacea+1","Secret Technique+1"],"picked":"Mayhem+1","floor":48},{"not_picked":["Halt+1","CrushJoints+1"],"picked":"Prostrate+1","floor":54}],"player_experience":70784,"relics_obtained":[{"floor":6.0,"key":"Centennial Puzzle"},{"floor":9.0,"key":"Lantern"},{"floor":14.0,"key":"Frozen Egg 2"},{"floor":26.0,"key":"Nunchaku"},{"floor":27.0,"key":"Kunai"},{"floor":29.0,"key":"Mercury Hourglass"},{"floor":41.0,"key":"Toxic Egg 2"},{"floor":45,"key":"Thread and Needle"},{"floor":54,"key":"Bottled Flame"}],"event_choices":[{"damage_healed":0.0,"max_hp_gain":0.0,"max_hp_loss":0.0,"gold_gain":0.0,"event_name":"Golden Idol","player_choice":"Take Wound","floor":11.0,"gold_loss":0.0,"damage_taken":0.0,"relics_obtained":["Golden Idol"],"cards_obtained":["Injury"]},{"cards_removed":["Defend_P"],"damage_healed":0.0,"max_hp_gain":0.0,"max_hp_loss":0.0,"gold_gain":0.0,"event_name":"Wheel of Change","player_choice":"Card Removal","floor":21.0,"gold_loss":0.0,"damage_taken":0.0},{"cards_removed":["LikeWater"],"damage_healed":0.0,"max_hp_gain":0.0,"max_hp_loss":0.0,"gold_gain":0.0,"event_name":"WeMeetAgain","player_choice":"Gave Card","floor":25.0,"gold_loss":0.0,"damage_taken":0.0,"relics_obtained":["White Beast Statue"]},{"damage_healed":0,"gold_gain":0,"player_choice":"Fight","damage_taken":0,"max_hp_gain":0,"max_hp_loss":0,"event_name":"MindBloom","floor":45,"gold_loss":0},{"damage_healed":0,"gold_gain":0,"player_choice":"Memory 1","damage_taken":0,"max_hp_gain":0,"max_hp_loss":0,"event_name":"SensoryStone","floor":48,"gold_loss":0}],"is_beta":false,"boss_relics":[{"not_picked":["Ectoplasm","Runic Dome"],"picked":"Velvet Choker"},{"not_picked":["Sozu","Empty Cage"],"picked":"Astrolabe"}],"items_purged_floors":[],"is_endless":false,"potions_floor_spawned":[1,5,7,12,14,22,27,29,31,33,35,36,38,39,41,42,44,45,46,54],"killed_by":"The Heart","ascension_level":0}}