{"host":"jwbw4f4imxd0v0b0","time":1613616749,"event":{"mods":["BaseMod","Colored Map","Highlight Path","Minty Spire (QoL Compilation)","Relic Stats","StSLib"],"gold_per_floor":[116,116,266,31,50,78,78,96,146,146,12,12,46,63,63,138,138,151,161,76,86,98,98,127,127,176,202,222,222,222],"floor_reached":29,"language":"ENG","playtime":1125,"items_purged":["Doubt"],"score":644,"play_id":"5e46df60-30d7-4ea6-a584-fa2b04b9ca6d","local_time":"20210217205229","is_ascension_mode":true,"campfire_choices":[{"data":"CutThroughFate","floor":7.0,"key":"SMITH"},{"data":"Vigilance","floor":10.0,"key":"SMITH"},{"data":"CrushJoints","floor":12.0,"key":"SMITH"},{"data":"Conclude","floor":15.0,"key":"SMITH"},{"data":"BowlingBash","floor":23.0,"key":"SMITH"},{"data":"LikeWater","floor":25.0,"key":"SMITH"}],"circlet_count":0,"master_deck":["AscendersBane","Strike_P+1","Strike_P","Strike_P","Strike_P","Defend_P","Defend_P","Defend_P","Defend_P","Eruption+1","Vigilance+1","CutThroughFate+1","EmptyBody","BowlingBash+1","Weave","LikeWater+1","CrushJoints+1","WaveOfTheHand","Conclude+1","Blasphemy","Protect","CutThroughFate","Consecrate","InnerPeace"],"relics":["Coffee Dripper","Sling","Boot","Ancient Tea Set","Pear","VioletLotus","Shuriken","Question Card","Bronze Scales","GoldenEye"],"acts_visited":["Exordium","TheCity"],"potions_floor_usage":[],"damage_taken":[{"damage":0.0,"enemies":"Jaw Worm","floor":1.0,"turns":3.0},{"damage":3.0,"enemies":"2 Louse","floor":5.0,"turns":3.0},{"damage":15.0,"enemies":"Lagavulin","floor":6.0,"turns":4.0},{"damage":0.0,"enemies":"Small Slimes","floor":8.0,"turns":1.0},{"damage":0.0,"enemies":"Gremlin Nob","floor":13.0,"turns":2.0},{"damage":1.0,"enemies":"Blue Slaver","floor":14.0,"turns":3.0},{"damage":0.0,"enemies":"Slime Boss","floor":16.0,"turns":5.0},{"damage":4.0,"enemies":"Spheric Guardian","floor":18.0,"turns":3.0},{"damage":11.0,"enemies":"3 Byrds","floor":19.0,"turns":4.0},{"damage":23.0,"enemies":"Centurion and Healer","floor":21.0,"turns":5.0},{"damage":5.0,"enemies":"Snake Plant","floor":22.0,"turns":5.0},{"damage":1.0,"enemies":"Slavers","floor":24.0,"turns":3.0},{"damage":5.0,"enemies":"Book of Stabbing","floor":27.0,"turns":3.0},{"damage":10,"enemies":"Shelled Parasite and Fungi","floor":28,"turns":3},{"damage":12,"enemies":"Colosseum Slavers","floor":29,"turns":2}],"seed_played":"-6814631211704508173","potions_obtained":[{"floor":5.0,"key":"Dexterity Potion"},{"floor":6.0,"key":"Fire Potion"},{"floor":8.0,"key":"EntropicBrew"},{"floor":19.0,"key":"Fire Potion"},{"floor":28,"key":"Ambrosia"}],"is_trial":false,"path_per_floor":["M","?","?","$","M","E","R","M","T","R","$","R","E","M","R","B",null,"M","M","?","M","M","R","E","R","T","E","M","?"],"character_chosen":"WATCHER","items_purchased":["Sling","LikeWater","CrushJoints"],"campfire_rested":0,"item_purchase_floors":[4,11,11],"current_hp_per_floor":[61,41,41,41,38,23,23,23,23,23,23,23,33,32,32,32,67,63,52,52,29,24,24,23,23,23,18,8,0,0],"gold":222,"neow_bonus":"BOSS_RELIC","is_daily":false,"chose_seed":false,"campfire_upgraded":6,"win_rate":0.0,"timestamp":1613616749,"path_taken":["M","?","?","$","M","E","R","M","T","R","?","R","E","M","R","BOSS","M","M","?","M","M","R","E","R","T","E","M","?"],"items_purchased_type":["Relic","Card","Card"],"build_version":"2020-12-22","purchased_purges":1,"victory":false,"max_hp_per_floor":[68,68,68,68,68,68,68,68,68,68,68,68,78,78,78,78,78,78,78,78,78,78,78,78,78,78,78,78,78,78],"relic_stats":{"counters":[15,49],"Shuriken":[8],"Bronze Scales":[36],"VioletLotus":[5],"Boot":[19],"Question Card":2,"GoldenEye":[0],"obtain_stats":[{"Pear":13,"Shuriken":20,"Bronze Scales":26,"VioletLotus":17,"Coffee Dripper":0,"PureWater":0,"Sling":4,"Boot":6,"Ancient Tea Set":9,"Question Card":24,"GoldenEye":27},{"Pear":5,"Shuriken":9,"Bronze Scales":12,"VioletLotus":7,"Coffee Dripper":0,"PureWater":0,"Sling":1,"Boot":3,"Ancient Tea Set":4,"Question Card":12,"GoldenEye":13},{"Pear":13,"Shuriken":28,"Bronze Scales":41,"VioletLotus":21,"Coffee Dripper":0,"PureWater":0,"Sling":3,"Boot":10,"Ancient Tea Set":11,"Question Card":41,"GoldenEye":44}]},"card_choices":[{"not_picked":["Crescendo","SashWhip"],"picked":"CutThroughFate","floor":1.0},{"not_picked":["DeusExMachina","WreathOfFlame"],"picked":"EmptyBody","floor":5.0},{"not_picked":["SashWhip","Evaluate"],"picked":"BowlingBash","floor":6.0},{"not_picked":["ClearTheMind","PathToVictory"],"picked":"Weave","floor":8.0},{"not_picked":["Meditate","ForeignInfluence"],"picked":"WaveOfTheHand","floor":13.0},{"not_picked":["BowlingBash","ForeignInfluence"],"picked":"Conclude","floor":14.0},{"not_picked":["DeusExMachina","Devotion"],"picked":"Blasphemy","floor":16.0},{"not_picked":["WreathOfFlame","Prostrate+1","PathToVictory"],"picked":"SKIP","floor":18.0},{"not_picked":["Vengeance","PathToVictory"],"picked":"Protect","floor":19.0},{"not_picked":["Prostrate","Evaluate"],"picked":"CutThroughFate","floor":21.0},{"not_picked":["Protect","Meditate"],"picked":"Consecrate","floor":22.0},{"not_picked":["Crescendo+1","SpiritShield"],"picked":"InnerPeace","floor":24.0},{"not_picked":["Collect","Consecrate","SashWhip","EmptyFist"],"picked":"SKIP","floor":27.0},{"not_picked":["PathToVictory","FollowUp","Collect","EmptyBody"],"picked":"SKIP","floor":28}],"player_experience":1287929,"relics_obtained":[{"floor":6.0,"key":"Boot"},{"floor":9.0,"key":"Ancient Tea Set"},{"floor":13.0,"key":"Pear"},{"floor":24.0,"key":"Question Card"},{"floor":26.0,"key":"Bronze Scales"},{"floor":27.0,"key":"GoldenEye"}],"event_choices":[{"damage_healed":0.0,"max_hp_gain":0.0,"max_hp_loss":0.0,"gold_gain":0.0,"event_name":"Shining Light","player_choice":"Entered Light","floor":2.0,"gold_loss":0.0,"damage_taken":20.0,"cards_upgraded":["Strike_P","Eruption"]},{"damage_healed":0.0,"max_hp_gain":0.0,"max_hp_loss":0.0,"gold_gain":150.0,"event_name":"Liars Game","player_choice":"AGREE","floor":3.0,"gold_loss":0.0,"damage_taken":0.0,"cards_obtained":["Doubt"]},{"damage_healed":0.0,"max_hp_gain":0.0,"max_hp_loss":0.0,"gold_gain":0.0,"event_name":"Addict","player_choice":"Obtained Relic","floor":20.0,"gold_loss":85.0,"damage_taken":0.0,"relics_obtained":["Shuriken"]},{"damage_healed":0,"gold_gain":0,"player_choice":"Fight","damage_taken":0,"max_hp_gain":0,"max_hp_loss":0,"event_name":"Colosseum","floor":29,"gold_loss":0}],"is_beta":false,"boss_relics":[{"not_picked":["Runic Pyramid","Philosopher\u0027s Stone"],"picked":"VioletLotus"}],"items_purged_floors":[4],"is_endless":false,"potions_floor_spawned":[5,6,8,18,19,28],"killed_by":"Colosseum Slavers","ascension_level":17}}