{"host":"xp27heuvanyklt0b","time":1613646606,"event":{"mods":["100% Spire Juice","BaseMod","CapriCore","Koishi","Lobotomy","Minty Spire (QoL Compilation)","StSLib","The Immortal"],"gold_per_floor":[114,128,128,128,4,4,4,18,45,45,45,61,86,125,125,251,251,266,266,266,53,72,105,105,128,128,144,0,0,0,24,24,24,24],"floor_reached":33,"language":"KOR","playtime":1236,"items_purged":["Injury"],"score":265,"play_id":"801c60d2-9b2d-4cd2-be63-303967a37113","local_time":"20210218201006","is_ascension_mode":false,"campfire_choices":[{"data":"ConjureBlade","floor":6,"key":"SMITH"},{"data":"Eruption","floor":11,"key":"SMITH"},{"floor":15,"key":"REST"},{"floor":29,"key":"REST"},{"floor":32,"key":"REST"}],"circlet_count":0,"master_deck":["Strike_P","Strike_P","Defend_P","Defend_P","Defend_P","Defend_P","Eruption+1","Vigilance","ConjureBlade+1","TalkToTheHand","Crescendo+1","EmptyFist+1","CarveReality+1","Halt","Study","EmptyBody","Judgement","Conclude+1","Swivel","Indignation","Vault","Perseverance","Protect","DeusExMachina","ClearTheMind","TalkToTheHand+1"],"relics":["PureWater","Molten Egg 2","Golden Idol","Omamori","Bag of Preparation","Black Star","Question Card","Chemical X","Strawberry","Vajra","Ice Cream","Membership Card"],"acts_visited":["Exordium","TheCity"],"potions_floor_usage":[14,23,31,33],"damage_taken":[{"damage":1,"enemies":"Jaw Worm","floor":1,"turns":3},{"damage":0,"enemies":"Small Slimes","floor":2,"turns":3},{"damage":0,"enemies":"2 Louse","floor":8,"turns":3},{"damage":5,"enemies":"Gremlin Gang","floor":12,"turns":4},{"damage":0,"enemies":"2 Fungi Beasts","floor":13,"turns":3},{"damage":35,"enemies":"Gremlin Nob","floor":14,"turns":4},{"damage":26,"enemies":"Hexaghost","floor":16,"turns":7},{"damage":7,"enemies":"3 Byrds","floor":18,"turns":4},{"damage":0,"enemies":"Shell Parasite","floor":22,"turns":4},{"damage":25,"enemies":"Gremlin Leader","floor":23,"turns":6},{"damage":16,"enemies":"Shelled Parasite and Fungi","floor":25,"turns":4},{"damage":18,"enemies":"Cultist and Chosen","floor":27,"turns":7},{"damage":24,"enemies":"Snake Plant","floor":31,"turns":4},{"damage":59,"enemies":"Collector","floor":33,"turns":6}],"seed_played":"7056472430992597296","potions_obtained":[{"floor":1,"key":"StancePotion"},{"floor":2,"key":"PowerPotion"},{"floor":18,"key":"EssenceOfSteel"},{"floor":25,"key":"Ancient Potion"},{"floor":27,"key":"BottledMiracle"}],"is_trial":false,"path_per_floor":["M","M","?","?","$","R","?","M","T","?","R","M","M","E","R","B",null,"M","?","?","$","M","E","T","M","T","M","$","R","?","M","R","B"],"character_chosen":"WATCHER","items_purchased":["EmptyFist+1","Chemical X","Swivel","Membership Card"],"campfire_rested":3,"item_purchase_floors":[5,21,21,28],"current_hp_per_floor":[71,71,64,64,64,64,64,64,64,64,64,59,59,24,45,19,72,65,65,65,65,65,47,47,31,31,13,13,36,36,12,35,0,0],"gold":24,"neow_bonus":"ONE_RANDOM_RARE_CARD","is_daily":false,"chose_seed":false,"campfire_upgraded":2,"win_rate":0.0,"timestamp":1613646606,"path_taken":["M","M","?","?","$","R","?","M","T","?","R","?","M","E","R","BOSS","M","?","?","$","?","E","?","M","T","M","$","R","?","M","R","BOSS"],"items_purchased_type":["Card","Relic","Card","Relic"],"build_version":"2020-12-22","purchased_purges":1,"victory":false,"max_hp_per_floor":[72,72,72,72,72,72,72,72,72,72,72,72,72,72,72,72,72,72,72,72,72,72,79,79,79,79,79,79,79,79,79,79,79,79],"card_choices":[{"not_picked":["Sanctity","Nirvana"],"picked":"TalkToTheHand","floor":1},{"not_picked":["LikeWater","FollowUp"],"picked":"Crescendo","floor":2},{"not_picked":["Fasting2","Crescendo"],"picked":"CarveReality+1","floor":8},{"not_picked":["Protect","PathToVictory"],"picked":"Halt","floor":12},{"not_picked":["ConjureBlade","Protect"],"picked":"Study","floor":13},{"not_picked":["FollowUp+1","BowlingBash+1"],"picked":"EmptyBody","floor":14},{"not_picked":["MasterReality","Ragnarok+1"],"picked":"Judgement","floor":16},{"not_picked":["SashWhip+1","Consecrate+1"],"picked":"Conclude+1","floor":18},{"not_picked":["CutThroughFate+1","JustLucky+1","WindmillStrike+1"],"picked":"Indignation","floor":22},{"not_picked":["SashWhip+1","Nirvana","BattleHymn"],"picked":"Vault","floor":23},{"not_picked":["CarveReality+1","Prostrate","Fasting2+1"],"picked":"Perseverance","floor":25},{"not_picked":["EmptyFist+1","Fasting2","BowlingBash+1"],"picked":"Protect","floor":27},{"not_picked":["Halt","WindmillStrike+1","EmptyFist+1"],"picked":"TalkToTheHand+1","floor":31}],"player_experience":332976,"relics_obtained":[{"floor":9,"key":"Omamori"},{"floor":14,"key":"Bag of Preparation"},{"floor":23,"key":"Strawberry"},{"floor":23,"key":"Vajra"},{"floor":26,"key":"Ice Cream"}],"event_choices":[{"damage_healed":0,"gold_gain":0,"player_choice":"Success","damage_taken":7,"relics_obtained":["Molten Egg 2"],"max_hp_gain":0,"max_hp_loss":0,"event_name":"Scrap Ooze","floor":3,"gold_loss":0},{"damage_healed":0,"gold_gain":0,"player_choice":"Take Wound","damage_taken":0,"relics_obtained":["Golden Idol"],"max_hp_gain":0,"max_hp_loss":0,"event_name":"Golden Idol","floor":4,"gold_loss":0,"cards_obtained":["Injury"]},{"damage_healed":0,"gold_gain":0,"player_choice":"Grow","damage_taken":0,"max_hp_gain":0,"max_hp_loss":0,"event_name":"Living Wall","floor":7,"gold_loss":0,"cards_upgraded":["Crescendo"]},{"cards_removed":["Strike_P"],"damage_healed":0,"gold_gain":0,"player_choice":"Offered Basic","damage_taken":0,"max_hp_gain":0,"max_hp_loss":0,"event_name":"Bonfire Elementals","floor":10,"gold_loss":0},{"damage_healed":0,"gold_gain":0,"player_choice":"Opened","damage_taken":0,"relics_obtained":["Question Card"],"max_hp_gain":0,"max_hp_loss":0,"event_name":"The Mausoleum","floor":19,"gold_loss":0},{"cards_removed":["Strike_P"],"damage_healed":0,"gold_gain":0,"player_choice":"Card Removal","damage_taken":0,"max_hp_gain":0,"max_hp_loss":0,"event_name":"Wheel of Change","floor":20,"gold_loss":0},{"damage_healed":0,"gold_gain":0,"player_choice":"2 cards matched","damage_taken":0,"max_hp_gain":0,"max_hp_loss":0,"event_name":"Match and Keep!","floor":30,"gold_loss":0,"cards_obtained":["DeusExMachina","ClearTheMind"]}],"is_beta":false,"boss_relics":[{"not_picked":["Empty Cage","Runic Dome"],"picked":"Black Star"}],"items_purged_floors":[5],"is_endless":false,"potions_floor_spawned":[1,2,18,25,27],"killed_by":"Collector","ascension_level":0}}