{"host":"8u7tvcybuv0u72fd","time":1613624625,"event":{"mods":["BaseMod","BetterRewards","Colored Map","Colored Powertips","Minty Spire (QoL Compilation)","Quick Restart","Shop Mod"],"gold_per_floor":[133,186,186,32,76,76,143,143,143,143,251,288,288,463,463,586,586,623,223,261,261,329,329,372,449,474,474,515,149,205,231,231,357,357,398,17,17,17,87,87,131,131,206,256,299,359,359,429,429,454,454,454,84,137,162],"floor_reached":56,"language":"ENG","playtime":2723,"items_purged":["Strike_R","Strike_R","Doubt","Madness"],"score":1670,"play_id":"2890bcd1-eb63-43dc-87ce-bbab39aba724","local_time":"20210218000345","is_ascension_mode":false,"campfire_choices":[{"data":"Body Slam","floor":6.0,"key":"SMITH"},{"data":"Bash","floor":8.0,"key":"SMITH"},{"data":"Shrug It Off","floor":10.0,"key":"SMITH"},{"data":"Iron Wave","floor":13.0,"key":"SMITH"},{"data":"Defend_R","floor":15.0,"key":"SMITH"},{"data":"Barricade","floor":23.0,"key":"SMITH"},{"data":"Headbutt","floor":27.0,"key":"SMITH"},{"data":"Uppercut","floor":32.0,"key":"SMITH"},{"data":"Impervious","floor":40.0,"key":"SMITH"},{"data":"Madness","floor":47,"key":"SMITH"},{"floor":49,"key":"RECALL"},{"data":"Defend_R","floor":52,"key":"SMITH"}],"circlet_count":0,"master_deck":["Strike_R","Strike_R","Strike_R","Defend_R","Defend_R+1","Defend_R+1","Bash+1","Body Slam+1","HandOfGreed+1","Shrug It Off+1","Iron Wave+1","Barricade+1","Cleave+1","Headbutt+1","Uppercut+1","Impervious+1","Madness+1","Parasite","Pommel Strike+1"],"relics":["Burning Blood","HornCleat","Boot","Potion Belt","Juzu Bracelet","Tiny Chest","Eternal Feather","Busted Crown","Blood Vial","MerchantsRug","Torii","TungstenRod","Toy Ornithopter","Lantern","SacredBark","Self Forming Clay","Pantograph","Meat on the Bone","Happy Flower","Regal Pillow","Membership Card","Du-Vu Doll","Mummified Hand"],"acts_visited":["TheCity","TheBeyond","TheEnding"],"potions_floor_usage":[44,54,55,55,55,55,55,55,55,55,55,55,55,55],"damage_taken":[{"damage":0.0,"enemies":"Small Slimes","floor":1.0,"turns":2.0},{"damage":0.0,"enemies":"2 Louse","floor":2.0,"turns":4.0},{"damage":0.0,"enemies":"Cultist","floor":5.0,"turns":2.0},{"damage":5.0,"enemies":"Gremlin Gang","floor":7.0,"turns":4.0},{"damage":22.0,"enemies":"3 Sentries","floor":11.0,"turns":10.0},{"damage":5.0,"enemies":"Looter","floor":12.0,"turns":3.0},{"damage":31.0,"enemies":"Hexaghost","floor":16.0,"turns":11.0},{"damage":6.0,"enemies":"3 Byrds","floor":18.0,"turns":8.0},{"damage":0.0,"enemies":"Spheric Guardian","floor":20.0,"turns":4.0},{"damage":7.0,"enemies":"Centurion and Healer","floor":22.0,"turns":8.0},{"damage":14.0,"enemies":"Snake Plant","floor":24.0,"turns":4.0},{"damage":11.0,"enemies":"Slavers","floor":25.0,"turns":6.0},{"damage":1.0,"enemies":"Shelled Parasite and Fungi","floor":28.0,"turns":5.0},{"damage":0.0,"enemies":"Gremlin Leader","floor":30.0,"turns":6.0},{"damage":56.0,"enemies":"Champ","floor":33.0,"turns":13.0},{"damage":5.0,"enemies":"Orb Walker","floor":35.0,"turns":3.0},{"damage":6.0,"enemies":"3 Shapes","floor":39.0,"turns":7.0},{"damage":18,"enemies":"Writhing Mass","floor":41,"turns":8},{"damage":9,"enemies":"Giant Head","floor":44,"turns":9},{"damage":19,"enemies":"Spire Growth","floor":45,"turns":6},{"damage":8,"enemies":"Reptomancer","floor":46,"turns":8},{"damage":15,"enemies":"Sphere and 2 Shapes","floor":48,"turns":7},{"damage":56,"enemies":"Awakened One","floor":50,"turns":16},{"damage":12,"enemies":"Shield and Spear","floor":54,"turns":6},{"damage":0,"enemies":"The Heart","floor":55,"turns":5}],"seed_played":"-8770851509253301486","potions_obtained":[{"floor":5.0,"key":"SteroidPotion"},{"floor":12.0,"key":"EntropicBrew"},{"floor":16.0,"key":"HeartOfIron"},{"floor":18.0,"key":"LiquidBronze"},{"floor":22.0,"key":"SpeedPotion"},{"floor":25.0,"key":"LiquidMemories"},{"floor":30.0,"key":"HeartOfIron"},{"floor":39.0,"key":"CultistPotion"},{"floor":41,"key":"SpeedPotion"},{"floor":45,"key":"Fire Potion"},{"floor":54,"key":"FearPotion"}],"is_trial":false,"path_per_floor":["M","M","?","$","M","R","M","R","T","R","E","M","R","?","R","B",null,"M","$","M","?","M","R","M","E","T","R","M","$","E","T","R","B",null,"M","$","?","?","M","R","M","?","T","E","M","E","R","M","R","B",null,"R","$","E","B",null],"character_chosen":"IRONCLAD","items_purchased":["HornCleat","Boot","Body Slam","Potion Belt","HandOfGreed","Juzu Bracelet","Regen Potion","SpeedPotion","Tiny Chest","Blood Vial","MerchantsRug","TungstenRod","Uppercut","Self Forming Clay","Pantograph","Membership Card","Du-Vu Doll"],"campfire_rested":0,"item_purchase_floors":[0,0,0,0,0,0,0,0,4,19,19,29,29,36,36,53,53],"current_hp_per_floor":[38,44,44,44,50,50,51,51,51,57,41,42,48,48,54,29,80,80,80,80,80,79,80,72,69,69,78,80,80,80,80,80,30,80,80,80,71,71,73,80,68,68,68,72,61,61,73,66,78,42,80,80,80,79,80],"gold":162,"neow_bonus":"","is_daily":false,"chose_seed":false,"campfire_upgraded":11,"win_rate":0.0,"timestamp":1613624625,"path_taken":["M","M","?","$","M","R","M","R","T","R","E","M","R","?","R","BOSS","M","$","M","?","M","R","M","E","T","R","M","?","E","?","R","BOSS","M","$","?","?","M","R","M","?","T","E","M","E","R","M","R","BOSS","R","$","E","BOSS"],"items_purchased_type":["Relic","Relic","Card","Relic","Card","Relic","Potion","Potion","Relic","Relic","Relic","Relic","Card","Relic","Relic","Relic","Relic"],"build_version":"2020-12-22","purchased_purges":4,"victory":true,"max_hp_per_floor":[80,80,80,80,80,80,80,80,80,80,80,80,80,80,80,80,80,80,80,80,80,80,80,80,80,80,80,80,80,80,80,80,80,80,80,80,80,80,80,80,80,80,80,80,80,80,80,80,80,80,80,80,80,80,80],"card_choices":[{"not_picked":["Clothesline","Wild Strike","Flame Barrier"],"picked":"SKIP","floor":1.0},{"not_picked":["Entrench","Intimidate","Flex"],"picked":"SKIP","floor":2.0},{"not_picked":["Searing Blow","Battle Trance"],"picked":"Shrug It Off","floor":5.0},{"not_picked":["Anger","Perfected Strike"],"picked":"Iron Wave","floor":7.0},{"not_picked":["Cleave","Clothesline","Reaper"],"picked":"SKIP","floor":11.0},{"not_picked":["Twin Strike","Blood for Blood","Cleave"],"picked":"SKIP","floor":12.0},{"not_picked":["Offering","Bludgeon"],"picked":"Barricade","floor":16.0},{"not_picked":[],"picked":"Cleave+1","floor":18.0},{"not_picked":["Shrug It Off+1"],"picked":"SKIP","floor":20.0},{"not_picked":[],"picked":"Headbutt","floor":22.0},{"not_picked":["Headbutt"],"picked":"SKIP","floor":24.0},{"not_picked":["Heavy Blade"],"picked":"SKIP","floor":25.0},{"not_picked":["Anger"],"picked":"SKIP","floor":28.0},{"not_picked":["Wild Strike"],"picked":"SKIP","floor":30.0},{"not_picked":[],"picked":"Impervious","floor":33.0},{"not_picked":["Havoc+1"],"picked":"SKIP","floor":35.0},{"not_picked":["Shrug It Off"],"picked":"SKIP","floor":39.0},{"not_picked":["Cleave+1"],"picked":"SKIP","floor":41},{"not_picked":["Spot Weakness"],"picked":"SKIP","floor":44},{"not_picked":[],"picked":"Pommel Strike+1","floor":45},{"not_picked":["Immolate"],"picked":"SKIP","floor":46},{"not_picked":["Iron Wave+1"],"picked":"SKIP","floor":48},{"not_picked":["Dark Embrace"],"picked":"SKIP","floor":54}],"player_experience":1527301,"relics_obtained":[{"floor":9.0,"key":"Eternal Feather"},{"floor":11.0,"key":"Unceasing Top"},{"floor":25.0,"key":"Torii"},{"floor":30.0,"key":"Toy Ornithopter"},{"floor":31.0,"key":"Lantern"},{"floor":43,"key":"Meat on the Bone"},{"floor":44,"key":"Happy Flower"},{"floor":46,"key":"Regal Pillow"},{"floor":54,"key":"Mummified Hand"}],"event_choices":[{"damage_healed":0.0,"max_hp_gain":0.0,"max_hp_loss":0.0,"gold_gain":0.0,"event_name":"Living Wall","player_choice":"Grow","floor":3.0,"gold_loss":0.0,"damage_taken":0.0,"cards_upgraded":["HandOfGreed"]},{"damage_healed":0.0,"max_hp_gain":0.0,"max_hp_loss":0.0,"gold_gain":175.0,"event_name":"Liars Game","player_choice":"AGREE","floor":14.0,"gold_loss":0.0,"damage_taken":0.0,"cards_obtained":["Doubt"]},{"damage_healed":0.0,"max_hp_gain":0.0,"max_hp_loss":0.0,"gold_gain":0.0,"event_name":"NoteForYourself","player_choice":"Ignored","floor":21.0,"gold_loss":0.0,"damage_taken":0.0},{"damage_healed":0.0,"max_hp_gain":0.0,"max_hp_loss":0.0,"gold_gain":0.0,"event_name":"Winding Halls","player_choice":"Embrace Madness","floor":37.0,"gold_loss":0.0,"damage_taken":10.0,"cards_obtained":["Madness","Madness"]},{"damage_healed":0.0,"max_hp_gain":0.0,"max_hp_loss":0.0,"gold_gain":0.0,"event_name":"Mysterious Sphere","player_choice":"Ignored","floor":38.0,"gold_loss":0.0,"damage_taken":0.0},{"cards_removed":["Defend_R"],"damage_healed":0,"gold_gain":0,"player_choice":"Removed Skill","damage_taken":0,"max_hp_gain":0,"max_hp_loss":0,"event_name":"Falling","floor":42,"gold_loss":0}],"is_beta":false,"boss_relics":[{"not_picked":["Snecko Eye","Black Star"],"picked":"Busted Crown"},{"not_picked":["Velvet Choker","Cursed Key"],"picked":"SacredBark"}],"items_purged_floors":[0,0,19,53],"is_endless":false,"potions_floor_spawned":[5,12,16,18,22,25,30,39,41,45,46,54],"ascension_level":0}}