{"host":"rq6soridv5n2augj","time":1613621586,"event":{"mods":["BaseMod","Downfall","Googly Eyes","Hermit","Marisa????????","Minty Spire (QoL Compilation)","READ ME - Guardian Mod","Remilia??????","Replay The Spire","StSLib","The Animator","The Cursed","The Hierophant","The Necromancer","The Senshi","The Servant 0.9.4"],"gold_per_floor":[111,74,74,74,88,104,204,204,217,217,243,518,32,45,45,45,45],"floor_reached":16,"language":"ENG","playtime":659,"items_purged":["Regret"],"score":190,"play_id":"6990dd44-2d90-4966-babf-a6f65ae85ba2","local_time":"20210217201306","is_ascension_mode":false,"campfire_choices":[{"data":"TheCursedMod:OutForBlood","floor":8,"key":"SMITH"}],"circlet_count":0,"master_deck":["TheCursedMod:Strike_TheCursed","TheCursedMod:Strike_TheCursed","TheCursedMod:Strike_TheCursed","TheCursedMod:Strike_TheCursed","TheCursedMod:Defend_TheCursed","TheCursedMod:Defend_TheCursed","TheCursedMod:Defend_TheCursed","TheCursedMod:Defend_TheCursed","TheCursedMod:CursedWand","TheCursedMod:CleanUpWorkshop","TheCursedMod:Dregs","TheCursedMod:Obscuration+1","TheCursedMod:WearCloak+1","TheCursedMod:EmpowerCircles+1","TheCursedMod:TacticalStrike","Clumsy","TheCursedMod:OutForBlood+1","downfall:Bewildered","downfall:Haunted","TheCursedMod:CircleOfCorruption","Decay","TheCursedMod:Dregs","Sickly","hierophant:Encroach"],"relics":["TheCursedMod:BlackMagic101","NeowsBlessing","downfall:ExtraCursedKey","PrismaticShard","Lantern","Darkstone Periapt","Guide Book"],"acts_visited":["Exordium"],"potions_floor_usage":[14],"damage_taken":[{"damage":0,"enemies":"2 Louse","floor":1,"turns":1},{"damage":0,"enemies":"Small Slimes","floor":5,"turns":1},{"damage":0,"enemies":"Cultist","floor":6,"turns":1},{"damage":0,"enemies":"Exordium Thugs","floor":9,"turns":4},{"damage":9,"enemies":"3 Louse","floor":14,"turns":4},{"damage":16,"enemies":"3 Sentries","floor":16,"turns":5}],"seed_played":"-1911811967429784476","potions_obtained":[{"floor":5,"key":"GamblersBrew"},{"floor":14,"key":"Dexterity Potion"}],"is_trial":false,"path_per_floor":["M","$","PTL","PTL","M","M","?","R","M","?","T","?","$","M","$","E"],"character_chosen":"THE_CURSED","items_purchased":["TheCursedMod:WearCloak+1","Darkstone Periapt","Guide Book"],"campfire_rested":0,"item_purchase_floors":[2,13,13],"current_hp_per_floor":[75,75,75,75,75,75,80,80,80,80,80,80,80,71,71,55,55],"gold":45,"neow_bonus":"THREE_ENEMY_KILL","is_daily":false,"chose_seed":false,"campfire_upgraded":1,"win_rate":0.0,"timestamp":1613621586,"path_taken":["M","$","PTL","PTL","M","M","?","R","M","?","T","?","$","?","?","E"],"items_purchased_type":["Card","Relic","Relic"],"build_version":"2020-12-22","purchased_purges":1,"victory":false,"max_hp_per_floor":[75,75,75,75,75,75,80,80,80,80,80,80,80,80,80,80,80],"card_choices":[{"not_picked":["TheCursedMod:Stretching","TheCursedMod:AshesToAshes"],"picked":"TheCursedMod:Obscuration","floor":1},{"not_picked":["TheCursedMod:Stretching","TheCursedMod:Wield"],"picked":"TheCursedMod:EmpowerCircles","floor":5},{"not_picked":["TheCursedMod:SoulCrush","TheCursedMod:SaltUponWound"],"picked":"TheCursedMod:TacticalStrike","floor":6},{"not_picked":["TheCursedMod:SoulReap","TheCursedMod:CursedBoomerang"],"picked":"TheCursedMod:CircleOfCorruption","floor":9},{"not_picked":["TheCursedMod:Grudge","sneckomod:QuickMove"],"picked":"hierophant:Encroach","floor":14}],"player_experience":386172,"relics_obtained":[{"floor":11,"key":"Lantern"}],"event_choices":[{"damage_healed":0,"gold_gain":275,"player_choice":"Desecrate","damage_taken":0,"max_hp_gain":0,"max_hp_loss":0,"event_name":"Golden Shrine","floor":12,"gold_loss":0,"cards_obtained":["Regret"]}],"is_beta":false,"boss_relics":[],"items_purged_floors":[13],"is_endless":false,"potions_floor_spawned":[5,14],"killed_by":"3 Sentries","ascension_level":0}}