{"host":"t9wo05e1llrbe5dt","time":1613608096,"event":{"mods":["2.2 Compatiblity","AchievementEnabler","Ascension Unlocker","BaseMod","Bestiary","Better Altar","Better Match","Better Note","Better Sensory Stone","Better Skull","Better Third Choice","Better Vampires","Better-Laid Plans","Block Reminder","Colored Map","Colored Powertips","Curses Come First","DeckTracker","Displayed Cursed Tome","Downfall","Filter the Spire","Googly Eyes","Gremlin Mod","GungeonMod","Hermit","Highlight Path","Marked Mod","Minty Spire (QoL Compilation)","Quick Restart","Random Character Button","Rare Cards Sparkle","Reorder Act Four","Reworked Bosses","Spicy Shops","StSLib","The Bug Knight","The Cursed","The Hierophant","The IronCluck","The Mystic","The Necromancer","The Runesmith","Transform Curses","Uncapped","everything is the same but u backflip on backflip","slay the spire mod where everything is the same but ironclad has a cowboy hat"],"gold_per_floor":[99,118,118,58,58,19,42,53,53,53,53,85,96,110,127,231,231,131,148,148,167,92,126,126,139,39,74,91,104,137,154,168,269,269,169,179,195,195,25,25,51,180,197,209,222,248,260,288,307,307,307,337,337,79,79,79,79,79],"floor_reached":56,"language":"ENG","playtime":5297,"items_purged":[],"score":1063,"play_id":"93c8f81e-a368-4845-bbcf-eb00cbf8416c","local_time":"20210217182816","is_ascension_mode":true,"campfire_choices":[{"floor":1,"key":"RECALL"},{"data":"Guardian:Incinerate","floor":9,"key":"SMITH"},{"data":"Guardian:TwinSlam","floor":11,"key":"SMITH"},{"data":"Guardian:StasisStrike","floor":18,"key":"SMITH"},{"data":"Guardian:GemFire","floor":26,"key":"SMITH"},{"data":"Guardian:StasisEngine","floor":35,"key":"SMITH"},{"floor":40,"key":"REST"},{"floor":53,"key":"REST"}],"circlet_count":0,"master_deck":["Guardian:Strike_Guardian","Guardian:Strike_Guardian","Guardian:Strike_Guardian","Guardian:Strike_Guardian","Guardian:Defend_Guardian","Guardian:Defend_Guardian","Guardian:Defend_Guardian","Guardian:CurlUp","Guardian:TwinSlam+1","Guardian:TemporalShield","Guardian:Incinerate+1","Discovery","Guardian:PiercingHide","Guardian:Planning","Guardian:ChargeCore","Guardian:EvasiveProtocol","Guardian:StasisStrike+1","Guardian:Suspension+1","Guardian:TemporalStrike","Guardian:GemFire+1","Impatience","Guardian:BronzeArmor+1","Guardian:FastForward","Guardian:ChargeCore+1","Guardian:Clone","Guardian:ChargeUp","Guardian:GuardianWhirl+1","Guardian:StasisEngine+1","Guardian:ChargeCore","Guardian:CrystalBeam+1","Guardian:Preprogram+1","Guardian:Gem_Green","Guardian:FloatingOrbs","Guardian:ArmoredProtocol+1","Guardian:PiercingHide","Guardian:DecasProtection","Guardian:CompilePackage","Guardian:BodySlam+1","Guardian:Gem_Green","Guardian:ChargeUp","Guardian:RefractedBeam+1","Guardian:Gem_Green","expansioncontent:QuickStudy"],"relics":["Guardian:ModeShifter","Runesmith:Locket","Boot","Potion Belt","Ornamental Fan","bronze:MakeshiftBattery","downfall:HeartBlessingRed","Unceasing Top","downfall:HeartBlessingBlue","Runesmith:AutoHammer","DemoMod:ChaffGrenade","SacredBark","downfall:HeartBlessingGreen","HollowMod:PaleOreRelic","Letter Opener","Eternal Feather","Anchor","Cauldron"],"acts_visited":["Exordium","TheCity","TheBeyond","TheEnding"],"potions_floor_usage":[16,29,33,33,33,39,44,46,46,55,56,56,56,56],"damage_taken":[{"damage":6,"enemies":"Cultist","floor":2,"turns":3},{"damage":0,"enemies":"downfall:FleeingMerchant","floor":4,"turns":4},{"damage":5,"enemies":"downfall:FleeingMerchant","floor":6,"turns":4},{"damage":4,"enemies":"Small Slimes","floor":8,"turns":3},{"damage":12,"enemies":"3 Sentries","floor":12,"turns":9},{"damage":0,"enemies":"2 Louse","floor":13,"turns":2},{"damage":5,"enemies":"Blue Slaver","floor":14,"turns":3},{"damage":0,"enemies":"2 Fungi Beasts","floor":15,"turns":3},{"damage":29,"enemies":"DF_ARCHETYPE_STREAMLINE","floor":16,"turns":13},{"damage":16,"enemies":"Spheric Guardian","floor":19,"turns":4},{"damage":4,"enemies":"Chosen","floor":21,"turns":4},{"damage":6,"enemies":"HollowMod:Nosk","floor":23,"turns":9},{"damage":0,"enemies":"Snake Plant","floor":25,"turns":3},{"damage":13,"enemies":"Gremlin Leader","floor":27,"turns":7},{"damage":18,"enemies":"Snecko","floor":28,"turns":5},{"damage":0,"enemies":"Cultist and Chosen","floor":29,"turns":3},{"damage":0,"enemies":"HollowMod:Nosk","floor":30,"turns":4},{"damage":13,"enemies":"Centurion and Healer","floor":31,"turns":3},{"damage":32,"enemies":"Chosen and Byrds","floor":32,"turns":5},{"damage":9,"enemies":"IC_MUSHROOM_ARCHETYPE","floor":33,"turns":7},{"damage":27,"enemies":"3 Shapes","floor":36,"turns":3},{"damage":27,"enemies":"3 Darklings","floor":37,"turns":4},{"damage":12,"enemies":"downfall:FleeingMerchant","floor":39,"turns":4},{"damage":2,"enemies":"downfall:FleeingMerchant","floor":42,"turns":4},{"damage":14,"enemies":"Sphere and 2 Shapes","floor":43,"turns":3},{"damage":31,"enemies":"Transient","floor":44,"turns":5},{"damage":16,"enemies":"Jaw Worm Horde","floor":45,"turns":4},{"damage":6,"enemies":"Reptomancer","floor":46,"turns":5},{"damage":0,"enemies":"Maw","floor":47,"turns":5},{"damage":3,"enemies":"Giant Head","floor":48,"turns":4},{"damage":5,"enemies":"Transient","floor":49,"turns":5},{"damage":10,"enemies":"SI_POISON_ARCHETYPE","floor":50,"turns":11},{"damage":50,"enemies":"downfall:CharBossMerchant","floor":52,"turns":7},{"damage":93,"enemies":"downfall:NeowBoss","floor":55,"turns":34},{"damage":10,"enemies":"downfall:NeowBossFinal","floor":56,"turns":3}],"seed_played":"-1358863423110745780","potions_obtained":[{"floor":8,"key":"SpeedPotion"},{"floor":12,"key":"Block Potion"},{"floor":15,"key":"Block Potion"},{"floor":16,"key":"sneckomod:MuddlingPotion"},{"floor":19,"key":"Energy Potion"},{"floor":23,"key":"BlessingOfTheForge"},{"floor":30,"key":"PowerPotion"},{"floor":32,"key":"AttackPotion"},{"floor":36,"key":"Explosive Potion"},{"floor":43,"key":"Regen Potion"},{"floor":45,"key":"Fire Potion"},{"floor":47,"key":"DemoMod:LeadSkinPotion"},{"floor":48,"key":"DemoMod:LeadSkinPotion"},{"floor":54,"key":"Guardian:StasisDiscoveryPotion"}],"is_trial":false,"path_per_floor":["R","M","?","$","?","$","T","M","R","?","R","E","M","M","M","B",null,"R","M","?","M","?","E","T","M","R","E","M","M","E","M","M","B",null,"R","M","M","?","$","R","T","$","M","M","M","E","M","E","M","B",null,"E","R","$","B","B"],"character_chosen":"GUARDIAN","items_purchased":["Guardian:Gem_Cyan","Guardian:Gem_Cyan","Guardian:Gem_Green","Guardian:Gem_Red","Guardian:FloatingOrbs","Guardian:PiercingHide","Fire Potion","Explosive Potion","expansioncontent:QuickStudy","Cauldron"],"campfire_rested":2,"item_purchase_floors":[4,6,39,39,39,42,42,42,54,54],"current_hp_per_floor":[88,82,82,82,72,67,67,63,63,63,63,51,51,46,46,17,88,88,72,88,84,84,78,78,78,88,75,57,57,57,44,12,3,98,98,71,44,44,32,61,61,59,45,54,38,32,32,29,24,14,98,48,98,98,5,0,0,0],"gold":79,"neow_bonus":"TEN_PERCENT_HP_BONUS","is_daily":false,"chose_seed":false,"campfire_upgraded":5,"win_rate":0.0,"timestamp":1613608096,"path_taken":["R","M","?","$","?","$","T","M","R","?","R","E","M","M","M","BOSS","R","M","?","?","?","E","T","M","R","E","M","M","E","M","M","BOSS","R","M","M","?","$","R","T","$","M","M","M","E","M","E","M","BOSS","E","R","$","BOSS","BOSS"],"items_purchased_type":["Card","Card","Card","Card","Card","Card","Potion","Potion","Card","Relic"],"build_version":"2020-12-22","purchased_purges":0,"victory":false,"max_hp_per_floor":[88,88,88,88,88,88,88,88,88,88,88,88,88,88,88,88,88,88,88,88,88,88,88,88,88,98,98,98,98,98,98,98,98,98,98,98,98,98,98,98,98,98,98,98,98,98,98,98,98,98,98,98,98,98,98,98,98,98],"card_choices":[{"not_picked":["Guardian:WalkerClaw","Guardian:TemporalStrike"],"picked":"Guardian:TemporalShield","floor":2},{"not_picked":["Guardian:Gem_Lightblue","Guardian:CrystalBeam"],"picked":"Guardian:Incinerate","floor":4},{"not_picked":["Guardian:StasisStrike","Guardian:RollAttack"],"picked":"Guardian:Gem_White","floor":6},{"not_picked":["Guardian:Recover","Guardian:Repulse"],"picked":"Guardian:Gem_Fragmented","floor":8},{"not_picked":["Good Instincts","DemoMod:Invincible"],"picked":"Discovery","floor":10},{"not_picked":["Guardian:TimeCapacitor","Guardian:SphericShield"],"picked":"Guardian:PiercingHide","floor":12},{"not_picked":["Guardian:RollAttack","Guardian:PiercingHide"],"picked":"Guardian:Planning","floor":13},{"not_picked":["Guardian:TimeCapacitor","Guardian:SpikerProtocol"],"picked":"Guardian:ChargeCore","floor":14},{"not_picked":["Guardian:Clone","Guardian:Planning"],"picked":"Guardian:EvasiveProtocol","floor":15},{"not_picked":["Guardian:FierceBash","Guardian:TimeSifter"],"picked":"Guardian:StasisStrike","floor":16},{"not_picked":["Guardian:WalkerClaw","Guardian:ChargeCore"],"picked":"Guardian:Suspension+1","floor":19},{"not_picked":["Guardian:CrystalBeam","Guardian:Gem_Cyan"],"picked":"Guardian:TemporalStrike","floor":21},{"not_picked":["Guardian:GatlingBeam","Guardian:ExploitGems"],"picked":"Guardian:GemFire","floor":22},{"not_picked":["Dark Shackles","Mind Blast"],"picked":"Impatience","floor":22},{"not_picked":["Guardian:PrismaticBarrier","Guardian:BronzeOrb"],"picked":"Guardian:BronzeArmor+1","floor":23},{"not_picked":["Guardian:Planning+1","Guardian:MultiBeam"],"picked":"Guardian:FastForward","floor":25},{"not_picked":["Guardian:VentSteam+1","Guardian:SentryBeam+1"],"picked":"Guardian:Gem_White","floor":27},{"not_picked":["Guardian:Gem_Cyan","Guardian:SentryBeam"],"picked":"Guardian:Gem_Green","floor":28},{"not_picked":["Guardian:Gem_Lightblue","Guardian:BronzeOrb"],"picked":"Guardian:ChargeCore+1","floor":29},{"not_picked":["Guardian:PiercingHide","Guardian:GuardianWhirl"],"picked":"Guardian:Clone","floor":30},{"not_picked":["Guardian:PiercingHide+1","Guardian:ShieldSpikes"],"picked":"Guardian:ChargeUp","floor":31},{"not_picked":["Guardian:TemporalShield","Guardian:Recover"],"picked":"Guardian:GuardianWhirl+1","floor":32},{"not_picked":["Guardian:StasisStrike","Guardian:AncientConstruct"],"picked":"Guardian:StasisEngine","floor":33},{"not_picked":["Guardian:Suspension+1","Guardian:Emergency+1"],"picked":"Guardian:ChargeCore","floor":36},{"not_picked":["Guardian:PiercingHide","Guardian:TimeBomb"],"picked":"Guardian:CrystalBeam+1","floor":37},{"not_picked":["Guardian:TemporalShield+1","Guardian:Gem_White"],"picked":"Guardian:Preprogram+1","floor":39},{"not_picked":["Guardian:TimeBomb+1","Guardian:PolyBeam"],"picked":"Guardian:ArmoredProtocol+1","floor":42},{"not_picked":["Guardian:Gem_Green","Guardian:Suspension"],"picked":"Guardian:DecasProtection","floor":43},{"not_picked":["Guardian:ShieldCharger+1","Guardian:VentSteam"],"picked":"Guardian:CompilePackage","floor":44},{"not_picked":["Guardian:WalkerClaw","Guardian:BronzeOrb+1"],"picked":"Guardian:BodySlam+1","floor":45},{"not_picked":["Guardian:MultiBeam","Guardian:PiercingHide"],"picked":"Guardian:Gem_Purple","floor":46},{"not_picked":["Guardian:TemporalStrike+1","Guardian:PiercingHide"],"picked":"Guardian:Gem_Green","floor":47},{"not_picked":["Guardian:Reroute+1","Guardian:Gem_Red"],"picked":"Guardian:ChargeUp","floor":48},{"not_picked":["Guardian:Gem_Crimson","Guardian:Gem_Fragmented"],"picked":"Guardian:RefractedBeam+1","floor":49},{"not_picked":["Guardian:Gem_Cyan","Guardian:GuardianWhirl+1"],"picked":"Guardian:Gem_Green","floor":52}],"player_experience":205153,"relics_obtained":[{"floor":7,"key":"Potion Belt"},{"floor":12,"key":"Ornamental Fan"},{"floor":23,"key":"Unceasing Top"},{"floor":27,"key":"Runesmith:AutoHammer"},{"floor":30,"key":"DemoMod:ChaffGrenade"},{"floor":41,"key":"HollowMod:PaleOreRelic"},{"floor":46,"key":"Letter Opener"},{"floor":48,"key":"Eternal Feather"},{"floor":52,"key":"Anchor"}],"event_choices":[{"damage_healed":0,"gold_gain":1,"player_choice":"Relic Relic ","damage_taken":10,"max_hp_gain":0,"max_hp_loss":0,"event_name":"betterThird:BetterScrap","floor":5,"gold_loss":0,"cards_obtained":["Reflex"]},{"damage_healed":0,"gold_gain":1,"player_choice":"1","damage_taken":0,"max_hp_gain":0,"max_hp_loss":0,"event_name":"betterStone:BetterStone","floor":10,"gold_loss":0},{"damage_healed":16,"gold_gain":0,"player_choice":"Full Heal","damage_taken":0,"max_hp_gain":0,"max_hp_loss":0,"event_name":"Wheel of Change","floor":20,"gold_loss":0},{"damage_healed":0,"gold_gain":0,"player_choice":"1","damage_taken":0,"max_hp_gain":0,"max_hp_loss":0,"event_name":"betterMatch:BetterMatch","floor":22,"gold_loss":0,"cards_obtained":["betterMatch:ColorlessUncommonCard","betterMatch:RareCard"]}],"is_beta":false,"boss_relics":[{"not_picked":["Sozu","Black Star"],"picked":"bronze:MakeshiftBattery"},{"not_picked":["Runic Pyramid","Busted Crown"],"picked":"SacredBark"}],"items_purged_floors":[],"is_endless":false,"potions_floor_spawned":[8,12,15,16,19,23,30,31,32,36,43,45,47,48,49],"killed_by":"downfall:NeowBossFinal","ascension_level":4}}