{"host":"ox77rn1xcurm2t5a","time":1613685151,"event":{"mods":["2.2 Compatiblity","AchievementEnabler","Act Like it!","Aspiration","BaseMod","Best Route Mod","Better Match","Better Note","Better Sensory Stone","Block Reminder","Colored Map","Colored Powertips","Conjunction","Conspire","Custom Start","Energized Spire","GifTheSpireLib","Gold Saver","Gremlin Skip","Halation","Highlight Path","Hubris","Infinite Spire","Minty Spire (QoL Compilation)","Pale of the Ancients","Quick Restart","Replay The Spire","Reworked Bosses","ShortenTheSpire","Spire Exporter","StSLib","Stuff the Spire","Wandering Minibosses"],"gold_per_floor":[117,117,136,146,146,178,201,44,44,44,44,44,74,94,94,191,191,211,223,223,223,234,234,10,10,10,36,36,36,36],"floor_reached":29,"language":"ENG","playtime":632,"items_purged":["Strike_R","Strike_R"],"score":349,"play_id":"7b24fe4b-a026-4f8f-bfb8-0a79529966b8","local_time":"20210218235231","is_ascension_mode":true,"campfire_choices":[{"floor":10.0,"key":"RECALL"},{"data":"Bash","floor":12.0,"key":"SMITH"},{"data":"Sword Boomerang","floor":15.0,"key":"SMITH"},{"floor":23.0,"key":"REST"},{"data":"Limit Break","floor":25.0,"key":"SMITH"}],"circlet_count":0,"master_deck":["Strike_R","Strike_R+1","Strike_R+1","Defend_R","Defend_R","Defend_R","Bash+1","Thunderclap","conspire:Charge+1","Sword Boomerang+1","Flex","Anger","Limit Break+1","CurseOfTheBell","Thunderclap","Anger+1"],"relics":["Burning Blood","NeowsBlessing","hubris:Reverence","Strawberry","Whetstone","halation:BottledLove","Calling Bell","ReplayFunnel","infinitespire:CheckeredPen","Another Sword","StuffTheSpire:HistoryBook","StuffTheSpire:GrapeVine","aspiration:StickyExplosives_weak","StuffTheSpire:HeavyRock"],"acts_visited":["Exordium","TheCity"],"potions_floor_usage":[29],"damage_taken":[{"damage":0.0,"enemies":"2 Louse","floor":1.0,"turns":1.0},{"damage":0.0,"enemies":"Jaw Worm","floor":3.0,"turns":1.0},{"damage":0.0,"enemies":"Cultist","floor":4.0,"turns":1.0},{"damage":22.0,"enemies":"3 Sentries","floor":6.0,"turns":6.0},{"damage":30.0,"enemies":"Lagavulin","floor":13.0,"turns":5.0},{"damage":2.0,"enemies":"Red Slaver","floor":14.0,"turns":2.0},{"damage":49.0,"enemies":"Fading Forest","floor":16.0,"turns":11.0},{"damage":6.0,"enemies":"Spheric Guardian","floor":18.0,"turns":3.0},{"damage":28.0,"enemies":"2 Thieves","floor":19.0,"turns":3.0},{"damage":57.0,"enemies":"Shelled Parasite and Fungi","floor":22.0,"turns":4.0},{"damage":34,"enemies":"Gremlin Leader","floor":27,"turns":5},{"damage":13,"enemies":"Snecko","floor":29,"turns":2}],"seed_played":"-1579189152265556195","potions_obtained":[{"floor":3.0,"key":"FearPotion"},{"floor":4.0,"key":"BlessingOfTheForge"},{"floor":6.0,"key":"ElixirPotion"},{"floor":13.0,"key":"Block Potion"},{"floor":18.0,"key":"BloodPotion"},{"floor":27,"key":"Weak Potion"}],"is_trial":false,"path_per_floor":["M","?","M","M","?","E","T","$","T","R","$","R","E","M","R","B",null,"M","M","?","AVR","M","R","$","R","T","E","?","M"],"character_chosen":"IRONCLAD","items_purchased":["Whetstone","StuffTheSpire:GrapeVine"],"campfire_rested":1,"item_purchase_floors":[8,24],"current_hp_per_floor":[78,78,80,80,80,64,71,71,71,71,71,71,47,51,51,16,69,69,64,64,64,13,39,39,39,39,11,11,0,0],"gold":36,"neow_bonus":"THREE_ENEMY_KILL","is_daily":false,"chose_seed":false,"campfire_upgraded":3,"win_rate":0.0,"timestamp":1613685151,"path_taken":["M","?","M","M","?","E","?","$","T","R","$","R","E","M","R","BOSS","M","M","?","AVR","M","R","$","R","T","E","?","M"],"items_purchased_type":["Relic","Relic"],"build_version":"2020-12-22","purchased_purges":2,"victory":false,"max_hp_per_floor":[80,80,80,80,80,80,87,87,87,87,87,87,87,87,87,87,87,87,87,87,87,87,87,87,87,87,87,87,87,87],"card_choices":[{"not_picked":["conspire:ExplosiveBarrier","Replay:Undeath\u0027s Touch"],"picked":"Thunderclap","floor":1.0},{"not_picked":["Run Through","Fire Breathing","Warcry"],"picked":"SKIP","floor":3.0},{"not_picked":["Life Link","Body Slam","Run Through"],"picked":"SKIP","floor":4.0},{"not_picked":["Life Link","Body Slam","Run Through"],"picked":"SKIP","floor":4.0},{"not_picked":["Havoc","Body Slam"],"picked":"Sword Boomerang","floor":6.0},{"not_picked":["Searing Blow","Fiend Fire"],"picked":"Flex","floor":13.0},{"not_picked":["Iron Wave","Clothesline"],"picked":"Anger","floor":14.0},{"not_picked":["Demon Form","Barricade"],"picked":"Limit Break","floor":16.0},{"not_picked":["Second Wind","Power Through"],"picked":"Thunderclap","floor":18.0},{"not_picked":["Havoc","ReplayTheSpireMod:LeadingStrike","StuffTheSpire:Slingshot+1"],"picked":"SKIP","floor":19.0},{"not_picked":["Life Link","Perfected Strike","Sentinel"],"picked":"SKIP","floor":22.0},{"not_picked":["Headbutt","Clothesline"],"picked":"Anger+1","floor":27}],"player_experience":3153215,"relics_obtained":[{"floor":6.0,"key":"hubris:Reverence"},{"floor":7.0,"key":"Strawberry"},{"floor":13.0,"key":"halation:BottledLove"},{"floor":17.0,"key":"ReplayFunnel"},{"floor":17.0,"key":"infinitespire:CheckeredPen"},{"floor":17.0,"key":"Another Sword"},{"floor":26.0,"key":"aspiration:StickyExplosives_weak"},{"floor":27,"key":"StuffTheSpire:HeavyRock"}],"event_choices":[{"damage_healed":0.0,"max_hp_gain":0.0,"max_hp_loss":0.0,"gold_gain":0.0,"event_name":"betterNote:BetterNote","player_choice":"Ignored","floor":20.0,"gold_loss":0.0,"damage_taken":0.0,"cards_obtained":["Strike_P"]},{"damage_healed":0,"gold_gain":0,"player_choice":"Leave","damage_taken":0,"max_hp_gain":0,"max_hp_loss":0,"event_name":"FaceTrader","floor":28,"gold_loss":0}],"is_beta":false,"boss_relics":[{"not_picked":["energizedSpire:DecayingSkull","Tiny House"],"picked":"Calling Bell"}],"items_purged_floors":[21,24],"is_endless":false,"potions_floor_spawned":[3,4,6,13,18,27],"killed_by":"Snecko","ascension_level":8}}