{"host":"rm0ctv8qd8mnbkg1","time":1613660359,"event":{"mods":["BaseMod","Beaked The Cultist","BetterRewards","Colored Map","DNKmod","Dark Map","Defuse TimeMaze Blight","Downfall","Friendly Minions","Hubris","Marisa????????","Minty Spire (QoL Compilation)","MostiFishMod","Permanent Neow","Rare Cards Sparkle","Relic Sorter","Reliquary","Replay The Spire","RumiaBox-????????","Shade Mod","Shop Mod","Spicy Shops","Spire Arcade","StSLib","The Construct","The Servant 0.9.4","TheVacant","Wandering Minibosses","??????REMEMod"],"gold_per_floor":[10000,10010,10030,10130,10130,10130,10130,9835,9864,9875,9889,9034,9034,9034,9048,9149,9149,9149,9164,9184,9198,9208,8799,8799,8619,8719,8731,8731,8731,8731,8746,8759,8854,8954,8954,9008,9008,9028,9073,9073,9154,9678,10209,10209,10209,10209,10241,9950,10490,10490],"floor_reached":51,"language":"ENG","playtime":1691,"items_purged":["Regret","downfall:Aged","Pain","downfall:Bewildered"],"score":1099,"play_id":"acc2aebd-a85e-4a7f-9742-7684c9846329","local_time":"20210218145919","is_ascension_mode":false,"campfire_choices":[{"data":"Slimebound:Split","floor":1,"key":"SMITH"},{"data":"Slimebound:LeadByExample","floor":13,"key":"SMITH"},{"data":"Slimebound:OozeBath","floor":18,"key":"SMITH"},{"data":"Slimebound:RainOfGoop","floor":28,"key":"SMITH"},{"data":"Slimebound:FormOfPuddle","floor":30,"key":"SMITH"},{"data":"Slimebound:Overexert","floor":35,"key":"SMITH"},{"data":"hubris:DuctTapeCard","floor":44,"key":"SMITH"},{"data":"J.A.X.","floor":46,"key":"SMITH"}],"circlet_count":0,"master_deck":["Slimebound:Strike_Slimebound+1","Slimebound:Tackle","Slimebound:Defend_Slimebound","Slimebound:Defend_Slimebound","Slimebound:Defend_Slimebound","Slimebound:Defend_Slimebound+1","Slimebound:Split+1","Slimebound:CorrosiveSpit","REME_HeartOfCthun","Slimebound:SlimeSpikes","REME_HeartOfCthun","Slimebound:HauntingLick+1","Slimebound:BestDefense","Slimebound:SlimeSpikes","Slimebound:Prepare","Slimebound:SlimeBarrage","Slimebound:Schlurp","Slimebound:SplitMire+1","Slimebound:LeadByExample+1","Slimebound:OozeBath+1","Slimebound:SpikyOuterGoop+1","Slimebound:AcidTongue+1","Slimebound:Gluttony","hubris:DuctTapeCard+2","Slimebound:GoopSpray","J.A.X.+1","Slimebound:GoopSpray","Slimebound:FormOfPuddle+1","Slimebound:WasteNot","Slimebound:RainOfGoop+1","Slimebound:Overexert+1","hubris:Greed","hubris:Greed","hubris:Greed","hubris:Greed","Slimebound:Schlurp","Dramatic Entrance","hubris:Greed","hubris:Greed","hubris:Greed","hubris:Greed"],"relics":["Slimebound:AbsorbEndCombat","REME_ComplimentaryCards","DaveBox","SentryEyes","Replay:Bottled Snecko","War Paint","Boot","Gremlin Food","ClockworkSouvenir","reliquary:NewFriend","hubris:TinFlute","Singing Bowl","reliquary:PrincelyHelmet","RhineSuit","wanderingMiniBosses:Blackblade","Membership Card","REME_LimitBreaker","hubris:DuctTape","ReplayTheSpireMod:CursedCoin","ReplayTheSpireMod:Shallot","reliquary:BoilingFlask","REME_HandOfSuture","MutagenicStrength","sneckomod:BabySnecko","Replay:Wanted Poster","CatCart","FossilizedHelix","ReplayTheSpireMod:Ring of Challenge","Ring of Fangs","reliquary:BallBearing","BargainBundle","hubris:GlazedTorus","reliquary:Firecrackers","reliquary:FingerTrap","beaked:ShinyBauble","Chemical X","sneckomod:BlankCard","Slimebound:MaxSlimesRelic"],"acts_visited":["Exordium","TheCity","TheBeyond"],"potions_floor_usage":[8,8,8,8,50],"damage_taken":[{"damage":0,"enemies":"Small Slimes","floor":2,"turns":1},{"damage":0,"enemies":"Jaw Worm","floor":3,"turns":1},{"damage":0,"enemies":"downfall:FleeingMerchant","floor":8,"turns":4},{"damage":0,"enemies":"Lagavulin","floor":9,"turns":3},{"damage":0,"enemies":"2 Louse","floor":10,"turns":1},{"damage":0,"enemies":"Gremlin Gang","floor":11,"turns":1},{"damage":0,"enemies":"downfall:FleeingMerchant","floor":12,"turns":3},{"damage":0,"enemies":"Exordium Thugs","floor":15,"turns":1},{"damage":2,"enemies":"DF_ARCHETYPE_STREAMLINE","floor":16,"turns":4},{"damage":0,"enemies":"downfall:LooterAlt2","floor":19,"turns":2},{"damage":3,"enemies":"3 Byrds","floor":20,"turns":5},{"damage":3,"enemies":"Centurion and Healer","floor":21,"turns":1},{"damage":0,"enemies":"Shelled Parasite and Fungi","floor":22,"turns":2},{"damage":15,"enemies":"downfall:Augmenter","floor":26,"turns":2},{"damage":0,"enemies":"Cultist and Chosen","floor":27,"turns":3},{"damage":0,"enemies":"Snake Plant","floor":31,"turns":2},{"damage":0,"enemies":"Chosen and Byrds","floor":32,"turns":2},{"damage":3,"enemies":"WA_ARCHETYPE_CALM","floor":33,"turns":5},{"damage":3,"enemies":"Orin","floor":36,"turns":6},{"damage":0,"enemies":"Orb Walker","floor":38,"turns":1},{"damage":0,"enemies":"2 Orb Walkers","floor":39,"turns":2},{"damage":0,"enemies":"3 Darklings","floor":42,"turns":3},{"damage":10,"enemies":"Sphere and 2 Shapes","floor":43,"turns":3},{"damage":0,"enemies":"Writhing Mass","floor":47,"turns":2},{"damage":0,"enemies":"3 Darklings","floor":49,"turns":1},{"damage":0,"enemies":"SI_POISON_ARCHETYPE","floor":50,"turns":6}],"seed_played":"-7305749430717658620","potions_obtained":[{"floor":0,"key":"Slimebound:SlimyTonguePotion"},{"floor":0,"key":"EntropicBrew"},{"floor":9,"key":"FairyPotion"},{"floor":11,"key":"Regen Potion"},{"floor":22,"key":"FearPotion"},{"floor":32,"key":"DuplicationPotion"}],"is_trial":false,"path_per_floor":["R","M","M","?","?","?","T","$","E","M","M","$","R","T","M","B",null,"R","M","M","M","M","$","T","$","?","M","R","?","R","M","M","B",null,"R","?","?","M","?","?","T","M","M","R","$","R","M","$","M","B",null],"character_chosen":"SLIMEBOUND","items_purchased":["Slimebound:BestDefense","Slimebound:SplitBruiser","War Paint","Gremlin Food","ClockworkSouvenir","Slimebound:SplitMire+1","Slimebound:LeadByExample","reliquary:NewFriend","hubris:TinFlute","Singing Bowl","Membership Card","REME_LimitBreaker","Slimebound:Gluttony","FairyPotion","ReplayTheSpireMod:CursedCoin","ReplayTheSpireMod:Shallot","reliquary:BoilingFlask","REME_HandOfSuture","Slimebound:GoopSpray","BargainBundle","hubris:GlazedTorus","reliquary:Firecrackers","reliquary:FingerTrap","beaked:ShinyBauble","Slimebound:Schlurp","Dramatic Entrance","Chemical X","sneckomod:BlankCard"],"campfire_rested":0,"item_purchase_floors":[8,8,8,12,12,12,12,12,12,12,23,23,23,23,25,25,25,25,25,45,45,45,45,45,45,45,48,48],"current_hp_per_floor":[1000,1000,1000,1000,1000,1000,1000,1000,1000,1000,1000,1000,1000,1000,1002,1000,1002,1002,1004,1003,1002,1006,1006,1006,1006,993,997,997,997,997,999,1005,1009,1010,1010,1011,1013,1016,1018,1018,1018,1020,1014,1014,1014,1014,1020,1020,1026,1026],"gold":10490,"neow_bonus":"THREE_SMALL_POTIONS","is_daily":false,"chose_seed":false,"campfire_upgraded":8,"win_rate":0.0,"timestamp":1613660359,"path_taken":["R","M","M","?","?","?","T","$","E","?","M","$","R","?","M","BOSS","R","M","M","M","M","$","T","$","?","M","R","?","R","M","M","BOSS","R","?","?","M","?","?","T","M","M","R","$","R","M","$","M","BOSS"],"items_purchased_type":["Card","Card","Relic","Relic","Relic","Card","Card","Relic","Relic","Relic","Relic","Relic","Card","Potion","Relic","Relic","Relic","Relic","Card","Relic","Relic","Relic","Relic","Relic","Card","Card","Relic","Relic"],"build_version":"2020-12-22","purchased_purges":4,"victory":true,"max_hp_per_floor":[1000,1000,1000,1000,1000,1000,1000,1000,1000,1000,1000,1000,1000,1000,1002,1002,1002,1002,1004,1004,1004,1006,1006,1006,1006,1006,1006,1006,1006,1006,1006,1008,1010,1010,1010,1012,1014,1016,1018,1018,1018,1020,1022,1022,1022,1022,1024,1024,1026,1026],"card_choices":[{"not_picked":["Slimebound:FlameTackle","Slimebound:Dissolve"],"picked":"Slimebound:SplitBruiser","floor":2},{"not_picked":["Slimebound:ForwardTackle","Slimebound:TongueLash"],"picked":"Slimebound:SlimeSpikes","floor":3},{"not_picked":["Slimebound:Prepare","Slimebound:LeadByExample"],"picked":"Slimebound:HauntingLick","floor":8},{"not_picked":["Slimebound:LeechEnergy","Slimebound:LivingWall"],"picked":"Slimebound:SlimeSpikes","floor":9},{"not_picked":["Slimebound:ForwardTackle","Slimebound:Dissolve"],"picked":"Slimebound:Prepare","floor":10},{"not_picked":["Slimebound:PressTheAttack","Slimebound:Prepare"],"picked":"Slimebound:SlimeBarrage","floor":11},{"not_picked":["Slimebound:RallyTheTroops","Slimebound:SlimeBrawl"],"picked":"Slimebound:Schlurp","floor":12},{"not_picked":["Slimebound:TongueLash","Slimebound:SplitLeeching","Slimebound:SamplingLick"],"picked":"Singing Bowl","floor":15},{"not_picked":["Slimebound:MassRepurpose","Slimebound:TagTeam"],"picked":"Slimebound:OozeBath","floor":16},{"not_picked":["Slimebound:LeechingTouch","Slimebound:RollThrough","Slimebound:Replication"],"picked":"Singing Bowl","floor":19},{"not_picked":["Slimebound:Replication","Slimebound:SamplingLick"],"picked":"Slimebound:SpikyOuterGoop+1","floor":20},{"not_picked":["wanderingMiniBosses:FinaleOfPromise"],"picked":"SKIP","floor":20},{"not_picked":["Slimebound:Prepare","Slimebound:SamplingLick"],"picked":"Slimebound:AcidTongue+1","floor":21},{"not_picked":["Slimebound:RollThrough","Slimebound:LivingWall","Slimebound:ComboTackle"],"picked":"Singing Bowl","floor":22},{"not_picked":[],"picked":"J.A.X.","floor":26},{"not_picked":["Slimebound:RollThrough","Slimebound:LeechingTouch"],"picked":"Slimebound:GoopSpray","floor":26},{"not_picked":["Slimebound:HauntingLick","Slimebound:Nibble"],"picked":"Slimebound:RainOfGoop","floor":27},{"not_picked":["Slimebound:LivingWall","Slimebound:PressTheAttack"],"picked":"Slimebound:Overexert","floor":31},{"not_picked":["Slimebound:HungryTackle","Slimebound:HauntingLick","Slimebound:ForwardTackle"],"picked":"Singing Bowl","floor":32},{"not_picked":["Slimebound:RallyTheTroops","Slimebound:DuplicatedForm","Slimebound:PrepareCrush"],"picked":"Singing Bowl","floor":33},{"not_picked":["Slimebound:FormOfPuddle+1","Slimebound:SplitAcid","Slimebound:RollThrough"],"picked":"Singing Bowl","floor":36},{"not_picked":["expansioncontent:HyperBeam","expansioncontent:AwakenDeath","expansioncontent:Chronoboost"],"picked":"Singing Bowl","floor":37},{"not_picked":["Slimebound:RollThrough+1","Slimebound:LeechingTouch","Slimebound:SplitLeeching+1"],"picked":"Singing Bowl","floor":38},{"not_picked":["Slimebound:SplitMire","Slimebound:SplitBruiser","Slimebound:FinishingTackle"],"picked":"Singing Bowl","floor":39},{"not_picked":["Slimebound:Prepare+1","Slimebound:ViciousTackle+1","Slimebound:FlameTackle+1"],"picked":"Singing Bowl","floor":42},{"not_picked":["Slimebound:ComboTackle","Slimebound:FormOfPuddle+1","Slimebound:SamplingLick"],"picked":"Singing Bowl","floor":43},{"not_picked":["Slimebound:Gluttony","Slimebound:FinishingTackle","Slimebound:SplitAcid"],"picked":"Singing Bowl","floor":47},{"not_picked":["Slimebound:DisruptingSlam","Slimebound:Chomp","Slimebound:Prepare+1"],"picked":"Singing Bowl","floor":49}],"player_experience":375891,"relics_obtained":[{"floor":7,"key":"Replay:Bottled Snecko"},{"floor":9,"key":"Boot"},{"floor":14,"key":"reliquary:PrincelyHelmet"},{"floor":20,"key":"wanderingMiniBosses:Blackblade"},{"floor":24,"key":"hubris:DuctTape"},{"floor":26,"key":"MutagenicStrength"},{"floor":36,"key":"CatCart"},{"floor":39,"key":"FossilizedHelix"},{"floor":40,"key":"ReplayTheSpireMod:Ring of Challenge"},{"floor":40,"key":"Ring of Fangs"},{"floor":41,"key":"reliquary:BallBearing"},{"floor":49,"key":"Slimebound:MaxSlimesRelic"}],"event_choices":[{"damage_healed":0,"gold_gain":0,"player_choice":"Fight","damage_taken":0,"max_hp_gain":0,"max_hp_loss":0,"event_name":"OrinTheCat","floor":36,"gold_loss":0},{"damage_healed":0,"gold_gain":0,"player_choice":"Fight","damage_taken":0,"max_hp_gain":0,"max_hp_loss":0,"event_name":"Mysterious Sphere","floor":39,"gold_loss":0}],"is_beta":false,"boss_relics":[{"not_picked":["Honey Jar","ReplayTheSpireMod:DimensionalGlitch"],"picked":"RhineSuit"},{"not_picked":["GreenFoldingFan","RhineCircuit"],"picked":"Replay:Wanted Poster"}],"items_purged_floors":[23,25,48,48],"is_endless":false,"potions_floor_spawned":[9,11,15,21,22,32,33,38,43],"ascension_level":0}}