{"host":"ffqn1azj9urswy62","time":1613664959,"event":{"mods":["BaseMod","Better Third Choice","Googly Eyes","Minty Spire (QoL Compilation)","StSLib","The Disciple","Wandering Minibosses","slay the spire mod where everything is the same but ironclad has a cowboy hat"],"gold_per_floor":[111,286,386,398,413,413,444,457,457,457,457,457,457],"floor_reached":12,"language":"ENG","playtime":428,"items_purged":[],"score":78,"play_id":"f024a101-915f-49ea-8595-3099c8a8804d","local_time":"20210218111559","is_ascension_mode":false,"campfire_choices":[{"data":"Accruing","floor":6,"key":"SMITH"},{"data":"TiringSlam","floor":11,"key":"SMITH"}],"circlet_count":0,"master_deck":["Strike_Br","Strike_Br","Strike_Br","Strike_Br","Defend_Br","Defend_Br","Defend_Br","Defend_Br","SecondHand","PatternShift","PrimeTime","Doubt","BiteCommand","Accruing+1","LockedCalendar","TiringSlam+1","Regret"],"relics":["Chronometer","NeowsBlessing","SlipperyGoo","Toxic Egg 2"],"acts_visited":["Exordium"],"potions_floor_usage":[],"damage_taken":[{"damage":0,"enemies":"2 Louse","floor":1,"turns":1},{"damage":0,"enemies":"Cultist","floor":4,"turns":1},{"damage":0,"enemies":"Jaw Worm","floor":5,"turns":1},{"damage":19,"enemies":"Gremlin Nob","floor":7,"turns":5},{"damage":19,"enemies":"Red Slaver","floor":8,"turns":5},{"damage":27,"enemies":"3 Sentries","floor":12,"turns":2}],"seed_played":"-1083036976349767392","potions_obtained":[{"floor":4,"key":"HastePotion"},{"floor":7,"key":"GamblersBrew"}],"is_trial":false,"path_per_floor":["M","?","?","M","M","R","E","M","T","?","R","E"],"character_chosen":"CHRONO_CLASS","items_purchased":[],"campfire_rested":0,"item_purchase_floors":[],"current_hp_per_floor":[65,65,65,65,65,65,46,27,27,27,27,0,0],"gold":457,"neow_bonus":"THREE_ENEMY_KILL","is_daily":false,"chose_seed":false,"campfire_upgraded":2,"win_rate":0.0,"timestamp":1613664959,"path_taken":["M","?","?","M","?","R","E","M","T","?","R","E"],"items_purchased_type":[],"build_version":"2020-12-22","purchased_purges":0,"victory":false,"max_hp_per_floor":[65,65,65,65,65,65,65,65,65,65,65,65,65],"card_choices":[{"not_picked":["LockedAnchor","LockedMedicine"],"picked":"PrimeTime","floor":1},{"not_picked":["PrimeTime","TickedOff"],"picked":"BiteCommand","floor":4},{"not_picked":["Facsimile","WakeUpCall"],"picked":"Accruing","floor":5},{"not_picked":["Echoward","CrunchTime"],"picked":"LockedCalendar","floor":7},{"not_picked":["Recurrance","LockedUrn"],"picked":"TiringSlam","floor":8}],"player_experience":695793,"relics_obtained":[{"floor":7,"key":"SlipperyGoo"},{"floor":9,"key":"Toxic Egg 2"}],"event_choices":[{"damage_healed":0,"gold_gain":175,"player_choice":"AGREE","damage_taken":111,"max_hp_gain":0,"max_hp_loss":0,"event_name":"betterThird:BetterSerpent","floor":2,"gold_loss":0},{"damage_healed":0,"gold_gain":100,"player_choice":"Pray","damage_taken":0,"max_hp_gain":0,"max_hp_loss":0,"event_name":"Golden Shrine","floor":3,"gold_loss":0},{"damage_healed":0,"gold_gain":0,"player_choice":"1 cards matched","damage_taken":0,"max_hp_gain":0,"max_hp_loss":0,"event_name":"Match and Keep!","floor":10,"gold_loss":0,"cards_obtained":["Regret"]}],"is_beta":false,"boss_relics":[],"items_purged_floors":[],"is_endless":false,"potions_floor_spawned":[4,7],"killed_by":"3 Sentries","ascension_level":0}}