{"host":"y6zg4wwu39otf01a","time":1613689300,"event":{"mods":["Act Like it!","Aspiration","BaseMod","Better Altar","Better Match","Better Note","Better Sensory Stone","Better Skull","Better Third Choice","Challenge The Spire","Colored Map","Colored Powertips","Conspire","GifTheSpireLib","Glutton Mod","Halation","Hermit","Highlight Path","Hubris","Infinite Spire","Mimic Mod","Minty Spire (QoL Compilation)","Quick Restart","Random Character Button","Rare Cards Sparkle","Reliquary","Replay The Spire","Retaliation","Ruina","Spicy Shops","StSLib","Stuff the Spire","The Blue Laboratory","The Construct","The Jungle"],"gold_per_floor":[110,110,110,120,26,55,55,55,79,79,94,108,133,200,200,296,296,313,313,313,238,238,238,249,276,323,323,370,370,415,456,456,577,577,618,61,61,78,78,129,129,211,211,325,325,359,359],"floor_reached":46,"language":"ENG","playtime":3384,"items_purged":["hubris:Lust"],"score":869,"play_id":"363e2061-6378-466c-b9e1-b3b05d821a2f","local_time":"20210218170140","daily_mods":["Draft","Red Cards"],"is_ascension_mode":true,"campfire_choices":[{"data":"StuffTheSpire:Innocence","floor":8,"key":"SMITH"},{"data":"construct:ScopeCore","floor":10,"key":"SMITH"},{"data":"construct:SaveState","floor":15,"key":"SMITH"},{"data":"construct:MemoryTap","floor":23,"key":"SMITH"},{"data":"Warcry","floor":29,"key":"SMITH"},{"floor":32,"key":"REST"},{"data":"hubris:Fate","floor":41,"key":"SMITH"}],"circlet_count":0,"master_deck":["construct:SyphonStrike+1","hubris:SharpeningStone","hermit:CalledShot","construct:SaveState+1","hermit:TakeAim","hermit:Headshot+1","DDmod:BurningFumesPowerCard","hermit:Quickdraw","hermit:FlashPowder","construct:SweepLaser","hermit:Quickdraw","hermit:Snipe","Replay:Undeath\u0027s Touch","construct:ScopeCore+1","StuffTheSpire:Innocence+1","Dropkick","construct:BatteryAcid","hermit:LowProfile","Dropkick","construct:SweepLaser","construct:MemoryTap+1","CurseOfTheBell","construct:Zapper+1","Warcry+1","hubris:Fate+1","Body Slam+1","hermit:Glare+1","construct:BatteryCore","construct:ScopeCore+1","Sadistic Nature+1","Replay:Undeath\u0027s Touch+1","Specialist+1","ReplayTheSpireMod:Splinters","construct:SaveState+1","hubris:DuctTapeCard","construct:BatteryCore"],"relics":["construct:Cogwheel","ReplayTheSpireMod:CursedCoin","aspiration:HatOfInfinitePower","halation:VictoryRuler","Pet Ghost","Replay:Wax Seal","Calling Bell","halation:KoshaPiece","halation:WeightlessCrab","infinitespire:Joker Card","ruina:PrescriptsGrace","halation:PinkSoulGem","Replay:Bandana","Frozen Egg 2","Molten Egg 2","WingedGreaves","Philosopher\u0027s Stone","ReplayFunnel","aspiration:Lifesprig","halation:EternalFortune","hubris:DuctTape","halation:PrussianBluePaint","InkBottle"],"acts_visited":["Exordium","Exordium","TheBeyond"],"potions_floor_usage":[6,13,30,30,33,40,46,46],"damage_taken":[{"damage":0,"enemies":"Jaw Worm","floor":1,"turns":1},{"damage":4,"enemies":"2 Louse","floor":4,"turns":2},{"damage":8,"enemies":"Lagavulin","floor":6,"turns":4},{"damage":0,"enemies":"Small Slimes","floor":11,"turns":1},{"damage":3,"enemies":"Exordium Thugs","floor":12,"turns":3},{"damage":1,"enemies":"3 Sentries","floor":13,"turns":3},{"damage":0,"enemies":"Fading Forest","floor":16,"turns":10},{"damage":0,"enemies":"ruina:2_Scarecrows","floor":18,"turns":2},{"damage":7,"enemies":"ruina:Nosferatu","floor":24,"turns":3},{"damage":38,"enemies":"ruina:RoadHome","floor":25,"turns":3},{"damage":1,"enemies":"ruina:KingOfGreed","floor":26,"turns":5},{"damage":0,"enemies":"ruina:KingOfGreed","floor":28,"turns":3},{"damage":0,"enemies":"ruina:Mountain","floor":30,"turns":4},{"damage":12,"enemies":"ruina:Woodsman","floor":31,"turns":3},{"damage":57,"enemies":"ruina:Red_and_Wolf","floor":33,"turns":9},{"damage":10,"enemies":"3 Darklings","floor":35,"turns":2},{"damage":29,"enemies":"Nightmare","floor":40,"turns":7},{"damage":2,"enemies":"Nemesis","floor":42,"turns":3}],"seed_played":"6449068391346318699","potions_obtained":[{"floor":1,"key":"Weak Potion"},{"floor":6,"key":"SkillPotion"},{"floor":12,"key":"blueLaboratory:CorrosionFlask"},{"floor":16,"key":"blueLaboratory:StoneskinPotion"},{"floor":25,"key":"Block Potion"},{"floor":30,"key":"blueLaboratory:FrostheartPotion"},{"floor":31,"key":"SkillPotion"},{"floor":38,"key":"GamblersBrew"},{"floor":42,"key":"Elixir"}],"is_trial":true,"path_per_floor":["M","?","?","M","$","E","?","R","T","R","M","M","E","?","R","B",null,"M","?","?","?","?","R","M","E","MIM","AVR","M","R","E","M","R","B",null,"M","$","?","?","?","NM","R","E","T","?","R","M"],"character_chosen":"THE_CONSTRUCT_MOD","items_purchased":["ReplayTheSpireMod:CursedCoin","aspiration:HatOfInfinitePower","construct:BatteryAcid","ReplayFunnel","Sadistic Nature+1","Replay:Undeath\u0027s Touch+1","aspiration:Lifesprig","Specialist+1"],"campfire_rested":1,"item_purchase_floors":[5,5,5,36,36,36,36,36],"current_hp_per_floor":[85,78,78,74,74,66,49,49,49,49,49,46,45,45,45,53,85,85,85,85,85,85,85,78,40,39,39,39,39,39,27,52,5,85,75,75,78,78,78,49,49,47,47,26,26,0,0],"gold":359,"neow_bonus":"","is_daily":false,"chose_seed":false,"campfire_upgraded":6,"win_rate":0.0,"timestamp":1613689300,"path_taken":["M","?","?","M","?","E","?","R","T","R","M","?","E","?","R","BOSS","M","?","?","?","?","R","M","E","MIM","AVR","M","R","E","M","R","BOSS","M","$","?","?","?","NM","R","E","T","?","R","?"],"items_purchased_type":["Relic","Relic","Card","Relic","Card","Card","Relic","Card"],"build_version":"2020-12-22","purchased_purges":1,"victory":false,"max_hp_per_floor":[85,85,85,85,85,85,85,85,85,85,85,85,85,85,85,85,85,85,85,85,85,85,85,85,85,85,85,85,85,85,85,85,85,85,85,85,88,88,88,88,88,88,88,88,88,88,88],"card_choices":[{"not_picked":["Rage","construct:ScrapCannon"],"picked":"construct:SyphonStrike","floor":0},{"not_picked":["hermit:Roulette","Burning Pact"],"picked":"hubris:SharpeningStone","floor":0},{"not_picked":["True Grit","construct:Construct_Overclock"],"picked":"hermit:CalledShot","floor":0},{"not_picked":["hermit:CalledShot","Body Slam"],"picked":"construct:SaveState","floor":0},{"not_picked":["construct:SyphonStrike","StuffTheSpire:Incineration"],"picked":"hermit:TakeAim","floor":0},{"not_picked":["Rupture","construct:FierceBash"],"picked":"hermit:Headshot","floor":0},{"not_picked":["hermit:GoldenBullet","Havoc"],"picked":"DDmod:BurningFumesPowerCard","floor":0},{"not_picked":["hermit:NoHoldsBarred","Rupture"],"picked":"hermit:Quickdraw","floor":0},{"not_picked":["hermit:TrackingShot","construct:SyphonStrike"],"picked":"hermit:FlashPowder","floor":0},{"not_picked":["hermit:TrackingShot","hermit:Desperado"],"picked":"construct:SweepLaser","floor":0},{"not_picked":["ReplayTheSpireMod:Strike From Hell","hermit:Cheat"],"picked":"hermit:Quickdraw","floor":0},{"not_picked":["StuffTheSpire:Incineration","Clothesline"],"picked":"hermit:Snipe","floor":0},{"not_picked":["DDmod:EasePowerCard","hermit:Quickdraw"],"picked":"Flex","floor":0},{"not_picked":["Havoc","hermit:Misfire"],"picked":"Replay:Undeath\u0027s Touch","floor":0},{"not_picked":["construct:Analyze","hermit:Feint"],"picked":"construct:ScopeCore","floor":0},{"not_picked":["construct:GuardCore","Perfected Strike","StuffTheSpire:BloodClot"],"picked":"SKIP","floor":1},{"not_picked":["DDmod:UnstoppableAttack","DDmod:BurningFumesPowerCard"],"picked":"Dropkick","floor":4},{"not_picked":["construct:Boost","construct:QuickAttack"],"picked":"hermit:LowProfile","floor":6},{"not_picked":["construct:Accumulate","Massacre","Armaments"],"picked":"SKIP","floor":11},{"not_picked":["Pommel Strike","construct:Synchronize"],"picked":"Dropkick","floor":12},{"not_picked":["StuffTheSpire:RagingBull","Dual Wield"],"picked":"construct:SweepLaser","floor":13},{"not_picked":["construct:ShieldBurst","construct:GoldenBullet"],"picked":"construct:MemoryTap","floor":16},{"not_picked":["Body Slam","Havoc","hermit:Determination"],"picked":"SKIP","floor":18},{"not_picked":["conspire:ExplosiveBarrier+1","construct:Overcharge+1"],"picked":"construct:Zapper+1","floor":21},{"not_picked":["construct:FierceBash+1","Rupture","construct:Analyze"],"picked":"SKIP","floor":24},{"not_picked":["Defy Death","hubris:StunningStrike","hubris:ReadiedAction+1"],"picked":"SKIP","floor":25},{"not_picked":["Wild Strike","StuffTheSpire:BloodClot"],"picked":"Warcry","floor":26},{"not_picked":["StuffTheSpire:Incineration+1","Pummel+1"],"picked":"Body Slam+1","floor":28},{"not_picked":["construct:HardReboot","hermit:Misfire+1"],"picked":"ReplayTheSpireMod:Muscle Training","floor":30},{"not_picked":["Hemokinesis+1","hermit:Enervate+1"],"picked":"hermit:Glare+1","floor":31},{"not_picked":["hermit:DeadOrAlive+1","construct:MassProduction"],"picked":"construct:BatteryCore","floor":33},{"not_picked":["hermit:EyeOfTheStorm+1","Run Through+1"],"picked":"construct:ScopeCore","floor":35},{"not_picked":["hermit:Ricochet+1","construct:Enhance+1"],"picked":"construct:SaveState+1","floor":38},{"not_picked":["Juggernaut+1","construct:HeavyBolt+1"],"picked":"construct:BatteryCore","floor":40},{"not_picked":["hermit:ShadowCloak+1","hermit:GhostlyPresence+1","hermit:Shortfuse+1"],"picked":"SKIP","floor":42}],"player_experience":906742,"relics_obtained":[{"floor":6,"key":"halation:VictoryRuler"},{"floor":9,"key":"Pet Ghost"},{"floor":13,"key":"Replay:Wax Seal"},{"floor":17,"key":"halation:KoshaPiece"},{"floor":17,"key":"halation:WeightlessCrab"},{"floor":17,"key":"infinitespire:Joker Card"},{"floor":25,"key":"Replay:Bandana"},{"floor":26,"key":"Frozen Egg 2"},{"floor":30,"key":"WingedGreaves"},{"floor":40,"key":"hubris:DuctTape"},{"floor":42,"key":"halation:PrussianBluePaint"},{"floor":43,"key":"InkBottle"}],"event_choices":[{"damage_healed":0,"gold_gain":0,"player_choice":"Grow","damage_taken":0,"max_hp_gain":0,"max_hp_loss":0,"event_name":"Living Wall","floor":3,"gold_loss":0,"cards_upgraded":["Flex"]},{"damage_healed":66,"gold_gain":0,"player_choice":"Upgrade","damage_taken":17,"max_hp_gain":0,"max_hp_loss":85,"event_name":"betterThird:BetterShining","floor":7,"gold_loss":0,"cards_upgraded":["construct:SyphonStrike","hermit:Headshot"]},{"damage_healed":0,"gold_gain":67,"player_choice":"Gained Gold","damage_taken":0,"max_hp_gain":0,"max_hp_loss":0,"event_name":"Golden Wing","floor":14,"gold_loss":0},{"damage_healed":0,"gold_gain":0,"player_choice":"2","damage_taken":0,"max_hp_gain":0,"max_hp_loss":0,"event_name":"betterMatch:BetterMatch","floor":21,"gold_loss":0,"cards_obtained":["betterMatch:UncommonCard"]},{"damage_healed":0,"gold_gain":0,"player_choice":"Leave","damage_taken":0,"max_hp_gain":0,"max_hp_loss":0,"event_name":"conspire:Investor","floor":39,"gold_loss":0},{"damage_healed":0,"gold_gain":114,"player_choice":"UP GO ","damage_taken":24,"relics_obtained":[],"max_hp_gain":0,"max_hp_loss":0,"event_name":"betterSkull:BetterSkull","floor":44,"gold_loss":0,"cards_upgraded":["construct:ScopeCore"]}],"is_beta":false,"boss_relics":[{"not_picked":["halation:PlatinumPhoenix","conspire:SeveredTorchhead"],"picked":"Calling Bell"},{"not_picked":["hubris:BlackHole","hubris:TerracottaHorce"],"picked":"Philosopher\u0027s Stone"}],"items_purged_floors":[5],"is_endless":true,"potions_floor_spawned":[1,6,12,16,25,28,30,31,42],"killed_by":"3 Shapes","ascension_level":4}}