{"host":"zlmf7uudqr1sj8t0","time":1613621670,"event":{"mods":["BaseMod","Colored Map","DeckTracker","Highlight Path","Minty Spire (QoL Compilation)"],"gold_per_floor":[112,62,81,81,81,110,126,160,184,200,200,215,215,244,244,244,244],"floor_reached":16,"language":"ENG","playtime":801,"items_purged":[],"score":167,"play_id":"4b7bc44c-447a-46db-b907-23a20d073aff","local_time":"20210217201430","is_ascension_mode":true,"campfire_choices":[{"floor":11,"key":"REST"},{"data":"Hologram","floor":13,"key":"SMITH"},{"data":"Streamline","floor":15,"key":"SMITH"}],"circlet_count":0,"master_deck":["Strike_B","Strike_B","Strike_B","Defend_B+1","Defend_B+1","Defend_B","Defend_B","Zap","Dualcast","Go for the Eyes","Beam Cell+1","Streamline+1","Hologram+1","Capacitor","Consume","Undo"],"relics":["Cracked Core","NeowsBlessing","Centennial Puzzle","Happy Flower","War Paint","Omamori","Strawberry"],"acts_visited":["Exordium"],"potions_floor_usage":[16,16],"damage_taken":[{"damage":0,"enemies":"Small Slimes","floor":1,"turns":1},{"damage":0,"enemies":"2 Louse","floor":3,"turns":1},{"damage":0,"enemies":"Lagavulin","floor":6,"turns":1},{"damage":2,"enemies":"Jaw Worm","floor":7,"turns":2},{"damage":30,"enemies":"3 Sentries","floor":8,"turns":6},{"damage":0,"enemies":"3 Louse","floor":10,"turns":2},{"damage":0,"enemies":"Looter","floor":12,"turns":2},{"damage":14,"enemies":"Gremlin Nob","floor":14,"turns":4},{"damage":34,"enemies":"Slime Boss","floor":16,"turns":9}],"seed_played":"8905198573538606735","potions_obtained":[{"floor":8,"key":"Explosive Potion"},{"floor":10,"key":"EssenceOfSteel"},{"floor":12,"key":"GamblersBrew"}],"is_trial":false,"path_per_floor":["M","?","M","?","?","E","M","E","T","M","R","M","R","E","R","B"],"character_chosen":"DEFECT","items_purchased":[],"campfire_rested":1,"item_purchase_floors":[],"current_hp_per_floor":[75,75,75,57,57,57,55,25,25,25,47,47,47,40,40,6,6],"gold":244,"neow_bonus":"THREE_ENEMY_KILL","is_daily":false,"chose_seed":false,"campfire_upgraded":2,"win_rate":0.0,"timestamp":1613621670,"path_taken":["M","?","M","?","?","E","M","E","T","M","R","M","R","E","R","BOSS"],"items_purchased_type":[],"build_version":"2020-12-22","purchased_purges":0,"victory":false,"max_hp_per_floor":[75,75,75,75,75,75,75,75,75,75,75,75,75,82,82,82,82],"card_choices":[{"not_picked":["Compile Driver","Undo"],"picked":"Go for the Eyes","floor":1},{"not_picked":["Darkness","Barrage"],"picked":"Beam Cell","floor":3},{"not_picked":["Conserve Battery","Turbo"],"picked":"Streamline","floor":6},{"not_picked":["Genetic Algorithm","Fission"],"picked":"Hologram","floor":7},{"not_picked":["Cold Snap","Lockon"],"picked":"Capacitor","floor":8},{"not_picked":["Redo","Coolheaded"],"picked":"Consume","floor":10},{"not_picked":["Reprogram","Capacitor"],"picked":"Undo","floor":12},{"not_picked":["Coolheaded","Turbo","Reinforced Body"],"picked":"SKIP","floor":14}],"player_experience":172205,"relics_obtained":[{"floor":6,"key":"Happy Flower"},{"floor":8,"key":"War Paint"},{"floor":9,"key":"Omamori"},{"floor":14,"key":"Strawberry"}],"event_choices":[{"cards_removed":["Strike_B"],"damage_healed":0,"gold_gain":0,"player_choice":"Card Removal","damage_taken":0,"max_hp_gain":0,"max_hp_loss":0,"event_name":"The Cleric","floor":2,"gold_loss":50},{"damage_healed":0,"gold_gain":0,"player_choice":"Success","damage_taken":18,"relics_obtained":["Centennial Puzzle"],"max_hp_gain":0,"max_hp_loss":0,"event_name":"Scrap Ooze","floor":4,"gold_loss":0},{"damage_healed":0,"gold_gain":0,"player_choice":"Grow","damage_taken":0,"max_hp_gain":0,"max_hp_loss":0,"event_name":"Living Wall","floor":5,"gold_loss":0,"cards_upgraded":["Beam Cell"]}],"is_beta":false,"boss_relics":[],"items_purged_floors":[],"is_endless":false,"potions_floor_spawned":[8,10,12],"killed_by":"Slime Boss","ascension_level":3}}