{"host":"wz9xchfsxwfj1bs2","time":1613656586,"event":{"mods":["BaseMod","Minty Spire (QoL Compilation)","Quick Restart","StSLib"],"gold_per_floor":[213,213,213,227,106,106,106,126,195,220,230,247,21,31,31,132,132,145,25,25,44,44,44,44,44,44,79,79,9,9,21,21,117,117,134,134,147,20,33,61,85,112,112,8,21,34,34,43,43,43,43,43,25,59,59],"floor_reached":56,"language":"ZHS","playtime":5026,"items_purged":["Pain","Strike_R"],"score":1436,"play_id":"728a4691-c536-4b2a-b081-625426f107ed","local_time":"20210218215626","is_ascension_mode":true,"campfire_choices":[{"data":"Flame Barrier","floor":6.0,"key":"SMITH"},{"data":"Dark Embrace","floor":15.0,"key":"SMITH"},{"data":"Entrench","floor":23.0,"key":"SMITH"},{"data":"Seeing Red","floor":25.0,"key":"SMITH"},{"data":"Berserk","floor":32.0,"key":"SMITH"},{"floor":47.0,"key":"RECALL"},{"data":"Evolve","floor":49.0,"key":"SMITH"},{"data":"Warcry","floor":52.0,"key":"SMITH"}],"circlet_count":0,"master_deck":["Defend_R+1","Bash","Flame Barrier+1","Cleave","Shrug It Off+1","Seeing Red+1","Havoc","Dark Embrace+1","True Grit","Entrench+1","Fiend Fire","Evolve+1","Disarm","Berserk+1","Power Through+1","Juggernaut","Shrug It Off+1","Burning Pact","Infernal Blade+1","Second Wind+1","Warcry+1","Bloodletting","Body Slam"],"relics":["Black Blood","WarpedTongs","Pear","Membership Card","Singing Bowl","Bottled Lightning","Turnip","War Paint","Mark of Pain","Sundial","CeramicFish","Unceasing Top","Thread and Needle"],"acts_visited":["Exordium","TheCity","TheBeyond","TheEnding"],"potions_floor_usage":[],"damage_taken":[{"damage":7.0,"enemies":"2 Louse","floor":1.0,"turns":3.0},{"damage":14.0,"enemies":"Jaw Worm","floor":4.0,"turns":4.0},{"damage":0.0,"enemies":"Cultist","floor":8.0,"turns":4.0},{"damage":22.0,"enemies":"3 Sentries","floor":10.0,"turns":7.0},{"damage":1.0,"enemies":"Red Slaver","floor":11.0,"turns":5.0},{"damage":0.0,"enemies":"Gremlin Gang","floor":12.0,"turns":4.0},{"damage":5.0,"enemies":"Lots of Slimes","floor":14.0,"turns":3.0},{"damage":64.0,"enemies":"Hexaghost","floor":16.0,"turns":17.0},{"damage":5.0,"enemies":"3 Byrds","floor":18.0,"turns":5.0},{"damage":23.0,"enemies":"Spheric Guardian","floor":21.0,"turns":8.0},{"damage":31.0,"enemies":"Book of Stabbing","floor":27.0,"turns":8.0},{"damage":2.0,"enemies":"Snake Plant","floor":31.0,"turns":6.0},{"damage":31.0,"enemies":"Automaton","floor":33.0,"turns":12.0},{"damage":40.0,"enemies":"3 Darklings","floor":35.0,"turns":8.0},{"damage":4.0,"enemies":"3 Shapes","floor":37.0,"turns":5.0},{"damage":2.0,"enemies":"Transient","floor":39.0,"turns":5.0},{"damage":63.0,"enemies":"Reptomancer","floor":40.0,"turns":7.0},{"damage":4.0,"enemies":"4 Shapes","floor":41.0,"turns":5.0},{"damage":11.0,"enemies":"Maw","floor":42.0,"turns":10.0},{"damage":15.0,"enemies":"Sphere and 2 Shapes","floor":45.0,"turns":6.0},{"damage":5.0,"enemies":"Transient","floor":46.0,"turns":5.0},{"damage":40.0,"enemies":"Time Eater","floor":50.0,"turns":19.0},{"damage":25.0,"enemies":"Shield and Spear","floor":54.0,"turns":5.0},{"damage":9,"enemies":"The Heart","floor":55,"turns":8}],"seed_played":"-8871500656169669883","potions_obtained":[{"floor":1.0,"key":"Block Potion"},{"floor":4.0,"key":"GamblersBrew"},{"floor":11.0,"key":"Strength Potion"},{"floor":18.0,"key":"PowerPotion"},{"floor":31.0,"key":"GamblersBrew"},{"floor":33.0,"key":"Fire Potion"},{"floor":35.0,"key":"SneckoOil"},{"floor":37.0,"key":"DistilledChaos"},{"floor":45.0,"key":"BloodPotion"},{"floor":54.0,"key":"Swift Potion"}],"is_trial":false,"path_per_floor":["M","?","?","M","$","R","$","M","T","E","M","M","$","M","R","B",null,"M","$","?","M","?","R","T","R","T","E","?","$","?","M","R","B",null,"M","?","M","$","M","E","M","M","T","$","M","M","R","?","R","B",null,"R","$","E","B",null],"character_chosen":"IRONCLAD","items_purchased":["Shrug It Off","Membership Card","Dark Embrace","True Grit","Entrench","Singing Bowl","Berserk","Sundial","DistilledChaos","Warcry","Body Slam"],"campfire_rested":0,"item_purchase_floors":[5,13,13,13,13,19,29,38,44,44,53],"current_hp_per_floor":[79,72,72,64,64,64,64,70,70,64,69,75,75,76,76,18,90,90,90,90,81,81,81,81,81,81,64,45,45,45,55,55,36,99,71,71,81,81,91,42,50,51,51,51,50,59,59,59,59,31,107,107,107,96,99],"gold":59,"neow_bonus":"HUNDRED_GOLD","is_daily":false,"chose_seed":false,"campfire_upgraded":7,"win_rate":0.0,"timestamp":1613656586,"path_taken":["M","?","?","?","$","R","?","?","T","E","M","?","$","M","R","BOSS","M","$","?","?","?","R","?","R","T","E","?","$","?","M","R","BOSS","M","?","M","?","M","E","?","M","T","$","M","M","R","?","R","BOSS","R","$","E","BOSS"],"items_purchased_type":["Card","Relic","Card","Card","Card","Relic","Card","Relic","Potion","Card","Card"],"build_version":"2020-12-22","purchased_purges":2,"victory":true,"max_hp_per_floor":[80,80,80,80,80,80,80,80,80,90,90,90,90,90,90,90,90,90,90,90,92,92,92,92,92,92,94,99,99,99,99,99,99,99,99,99,101,101,101,103,103,103,103,103,105,107,107,107,107,107,107,107,107,109,109],"card_choices":[{"not_picked":["Spot Weakness","True Grit"],"picked":"Flame Barrier","floor":1.0},{"not_picked":["Clothesline","Armaments"],"picked":"Cleave","floor":4.0},{"not_picked":["Sword Boomerang","Iron Wave"],"picked":"Seeing Red","floor":8.0},{"not_picked":["Clash","Disarm","Uppercut"],"picked":"SKIP","floor":10.0},{"not_picked":["Iron Wave","Body Slam","Bludgeon"],"picked":"SKIP","floor":11.0},{"not_picked":["Battle Trance","Fire Breathing"],"picked":"Havoc","floor":12.0},{"not_picked":["Wild Strike","Sword Boomerang","Anger"],"picked":"SKIP","floor":14.0},{"not_picked":["Demon Form","Immolate"],"picked":"Fiend Fire","floor":16.0},{"not_picked":["Clash+1","Combust","Iron Wave"],"picked":"SKIP","floor":18.0},{"not_picked":["Heavy Blade+1","Fire Breathing","Clash"],"picked":"Singing Bowl","floor":21.0},{"not_picked":["Clash","True Grit","Clothesline+1"],"picked":"Singing Bowl","floor":27.0},{"not_picked":["Infernal Blade","Pommel Strike"],"picked":"Power Through+1","floor":31.0},{"not_picked":["Demon Form","Brutality"],"picked":"Juggernaut","floor":33.0},{"not_picked":["Sword Boomerang","Burning Pact+1"],"picked":"Shrug It Off+1","floor":35.0},{"not_picked":["Flex","Clothesline","Pummel+1"],"picked":"Singing Bowl","floor":37.0},{"not_picked":["Wild Strike","Sword Boomerang"],"picked":"Burning Pact","floor":39.0},{"not_picked":["Combust+1","Intimidate","Reckless Charge"],"picked":"Singing Bowl","floor":40.0},{"not_picked":["Burning Pact+1","Battle Trance"],"picked":"Infernal Blade+1","floor":41.0},{"not_picked":["Headbutt","Sword Boomerang"],"picked":"Second Wind+1","floor":42.0},{"not_picked":["Perfected Strike+1","Second Wind","Burning Pact+1"],"picked":"Singing Bowl","floor":45.0},{"not_picked":["Twin Strike+1","Shockwave","Dark Embrace+1"],"picked":"Singing Bowl","floor":46.0},{"not_picked":["Combust+1","Double Tap","Intimidate+1"],"picked":"Singing Bowl","floor":54.0}],"player_experience":148717,"relics_obtained":[{"floor":10.0,"key":"Pear"},{"floor":24.0,"key":"Bottled Lightning"},{"floor":26.0,"key":"Turnip"},{"floor":27.0,"key":"War Paint"},{"floor":40.0,"key":"CeramicFish"},{"floor":43.0,"key":"Unceasing Top"},{"floor":54.0,"key":"Thread and Needle"}],"event_choices":[{"cards_removed":["Strike_R"],"damage_healed":0.0,"max_hp_gain":0.0,"max_hp_loss":0.0,"gold_gain":0.0,"event_name":"Golden Wing","player_choice":"Card Removal","floor":2.0,"gold_loss":0.0,"damage_taken":7.0},{"damage_healed":0.0,"max_hp_gain":0.0,"max_hp_loss":0.0,"gold_gain":0.0,"event_name":"Accursed Blacksmith","player_choice":"Rummage","floor":3.0,"gold_loss":0.0,"damage_taken":0.0,"relics_obtained":["WarpedTongs"],"cards_obtained":["Pain"]},{"cards_removed":["Strike_R"],"damage_healed":0.0,"max_hp_gain":0.0,"max_hp_loss":0.0,"gold_gain":0.0,"event_name":"Bonfire Elementals","player_choice":"Offered Basic","floor":20.0,"gold_loss":0.0,"damage_taken":0.0},{"damage_healed":0.0,"max_hp_gain":0.0,"max_hp_loss":0.0,"gold_gain":0.0,"cards_transformed":["Defend_R","Strike_R"],"event_name":"Drug Dealer","player_choice":"Became Test Subject","floor":22.0,"gold_loss":0.0,"damage_taken":0.0,"cards_obtained":["Evolve","Disarm"]},{"damage_healed":0.0,"max_hp_gain":5.0,"max_hp_loss":0.0,"gold_gain":0.0,"event_name":"Forgotten Altar","player_choice":"Shed Blood","floor":28.0,"gold_loss":0.0,"damage_taken":24.0},{"cards_removed":["Defend_R"],"damage_healed":0.0,"max_hp_gain":0.0,"max_hp_loss":0.0,"gold_gain":0.0,"event_name":"Back to Basics","player_choice":"Elegance","floor":30.0,"gold_loss":0.0,"damage_taken":0.0},{"cards_removed":["Strike_R"],"damage_healed":0.0,"max_hp_gain":0.0,"max_hp_loss":0.0,"gold_gain":0.0,"event_name":"Purifier","player_choice":"Purged","floor":36.0,"gold_loss":0.0,"damage_taken":0.0},{"damage_healed":0.0,"max_hp_gain":0.0,"max_hp_loss":0.0,"gold_gain":0.0,"cards_transformed":["Defend_R"],"event_name":"Transmorgrifier","player_choice":"Transformed","floor":48.0,"gold_loss":0.0,"damage_taken":0.0,"cards_obtained":["Bloodletting"]}],"is_beta":false,"boss_relics":[{"not_picked":["Velvet Choker","SlaversCollar"],"picked":"Black Blood"},{"not_picked":["Cursed Key","Busted Crown"],"picked":"Mark of Pain"}],"items_purged_floors":[5,44],"is_endless":false,"potions_floor_spawned":[1,4,11,18,31,33,35,37,45,54],"ascension_level":4}}