{"host":"to2s10i0cynxbiqz","time":1613656924,"event":{"mods":["BaseMod","Colored Powertips","Minty Spire (QoL Compilation)","Quick Restart","StSLib","slay the spire mod where everything is the same but ironclad has a cowboy hat"],"gold_per_floor":[113,113,126,137,157,157,183,194,241,259,259,259,259],"floor_reached":12,"language":"ZHS","playtime":576,"items_purged":[],"score":107,"play_id":"e8947edb-213e-4f00-9826-6e321557c046","local_time":"20210218220204","is_ascension_mode":true,"campfire_choices":[{"data":"Armaments","floor":6.0,"key":"SMITH"},{"data":"Dark Embrace","floor":11,"key":"SMITH"}],"circlet_count":0,"master_deck":["Strike_R","Strike_R","Strike_R","Strike_R","Defend_R+1","Defend_R","Defend_R+1","Defend_R","Bash","Evolve","Ghostly Armor","Armaments+1","Infernal Blade","Armaments","Shrug It Off","Dark Embrace+1"],"relics":["Burning Blood","War Paint","Shuriken"],"acts_visited":["Exordium"],"potions_floor_usage":[],"damage_taken":[{"damage":4.0,"enemies":"Jaw Worm","floor":1.0,"turns":4.0},{"damage":2.0,"enemies":"Cultist","floor":3.0,"turns":4.0},{"damage":4.0,"enemies":"Small Slimes","floor":4.0,"turns":6.0},{"damage":3.0,"enemies":"2 Fungi Beasts","floor":5.0,"turns":4.0},{"damage":9.0,"enemies":"3 Sentries","floor":7.0,"turns":10.0},{"damage":6.0,"enemies":"Exordium Wildlife","floor":8.0,"turns":4.0},{"damage":27,"enemies":"Lots of Slimes","floor":10,"turns":11},{"damage":32,"enemies":"Gremlin Nob","floor":12,"turns":4}],"seed_played":"-4456429108191737256","potions_obtained":[{"floor":1.0,"key":"AttackPotion"},{"floor":5.0,"key":"Explosive Potion"}],"is_trial":false,"path_per_floor":["M","?","M","M","M","R","E","M","T","M","R","E"],"character_chosen":"IRONCLAD","items_purchased":[],"campfire_rested":0,"item_purchase_floors":[],"current_hp_per_floor":[74,74,78,80,80,80,77,77,77,56,56,24,24],"gold":259,"neow_bonus":"RANDOM_COMMON_RELIC","is_daily":false,"chose_seed":false,"campfire_upgraded":2,"win_rate":0.0,"timestamp":1613656924,"path_taken":["M","?","M","M","M","R","E","M","T","?","R","E"],"items_purchased_type":[],"build_version":"2020-12-22","purchased_purges":0,"victory":false,"max_hp_per_floor":[80,80,80,80,80,80,80,80,80,80,80,80,80],"card_choices":[{"not_picked":["Uppercut","Clash"],"picked":"Evolve","floor":1.0},{"not_picked":["Metallicize","Havoc"],"picked":"Armaments","floor":3.0},{"not_picked":["Headbutt","Anger"],"picked":"Infernal Blade","floor":4.0},{"not_picked":["Heavy Blade","Headbutt","Flex"],"picked":"SKIP","floor":5.0},{"not_picked":["Sword Boomerang","Combust"],"picked":"Armaments","floor":7.0},{"not_picked":["Twin Strike","Iron Wave"],"picked":"Shrug It Off","floor":8.0},{"not_picked":["Pommel Strike","Rage"],"picked":"Dark Embrace","floor":10}],"player_experience":257974,"relics_obtained":[{"floor":7.0,"key":"Shuriken"}],"event_choices":[{"damage_healed":0.0,"max_hp_gain":0.0,"max_hp_loss":0.0,"gold_gain":0.0,"cards_transformed":["Strike_R"],"event_name":"Transmorgrifier","player_choice":"Transformed","floor":2.0,"gold_loss":0.0,"damage_taken":0.0,"cards_obtained":["Ghostly Armor"]}],"is_beta":false,"boss_relics":[],"items_purged_floors":[],"is_endless":false,"potions_floor_spawned":[1,5],"killed_by":"Gremlin Nob","ascension_level":6}}