{"host":"cr9rpoy6dx9riis3","time":1613661684,"event":{"mods":["AchievementEnabler","BaseMod","Better Altar","Better Note","Better Sensory Stone","Better Skull","Better Third Choice","Better-Laid Plans","BetterRewards","Block Reminder","Curses Come First","Displayed Cursed Tome","Emptier Cage","Marked Mod","Minty Spire (QoL Compilation)","Permanent Neow","Relic Sorter","StSLib","The Blue Laboratory","Transform Curses"],"gold_per_floor":[114,114,129,129,43,73,73,131,156,171,186,186,201,216,216,316,316,331,346,361,376,376,376],"floor_reached":22,"language":"ENG","playtime":937,"items_purged":[],"score":215,"play_id":"a5bbc242-dcb1-4938-8676-fefbc8a491fa","local_time":"20210218162124","daily_mods":["Cursed Run","Uncertain Future","Lethality"],"is_ascension_mode":false,"campfire_choices":[{"data":"Bandage Up","floor":7,"key":"SMITH"},{"data":"Pommel Strike","floor":12,"key":"SMITH"},{"data":"Metallicize","floor":15,"key":"SMITH"}],"circlet_count":0,"master_deck":["Strike_R","Strike_R","Strike_R+1","Strike_R","Strike_R","Defend_R","Defend_R","Defend_R","Defend_R","Bash+1","Evolve","Sentinel","Bandage Up+1","Inflame","Inflame","Doubt","Reckless Charge","Pommel Strike+1","Inflame","Metallicize+1","Clumsy","Berserk","Rage"],"relics":["Cursed Key","SlaversCollar","Smiling Mask","Oddly Smooth Stone","Darkstone Periapt","Du-Vu Doll"],"acts_visited":["Exordium","TheCity"],"potions_floor_usage":[6,8,14,16,19,19,21],"damage_taken":[{"damage":4,"enemies":"Jaw Worm","floor":1,"turns":2},{"damage":0,"enemies":"2 Louse","floor":3,"turns":2},{"damage":11,"enemies":"Gremlin Nob","floor":6,"turns":3},{"damage":30,"enemies":"3 Sentries","floor":8,"turns":5},{"damage":0,"enemies":"Cultist","floor":10,"turns":3},{"damage":1,"enemies":"Looter","floor":11,"turns":3},{"damage":9,"enemies":"Blue Slaver","floor":13,"turns":2},{"damage":15,"enemies":"Exordium Wildlife","floor":14,"turns":3},{"damage":27,"enemies":"The Guardian","floor":16,"turns":11},{"damage":4,"enemies":"Chosen","floor":18,"turns":4},{"damage":11,"enemies":"3 Byrds","floor":19,"turns":3},{"damage":51,"enemies":"Shelled Parasite and Fungi","floor":20,"turns":5},{"damage":34,"enemies":"Cultist and Chosen","floor":21,"turns":5}],"seed_played":"-4060160915487772418","potions_obtained":[{"floor":1,"key":"Explosive Potion"},{"floor":6,"key":"blueLaboratory:FruitPunch"},{"floor":10,"key":"FearPotion"},{"floor":14,"key":"blueLaboratory:PyrophylliteBrew"},{"floor":16,"key":"blueLaboratory:HummingbirdPotion"},{"floor":18,"key":"LiquidBronze"},{"floor":19,"key":"blueLaboratory:HorrorPotion"},{"floor":20,"key":"blueLaboratory:NullPotion"}],"is_trial":false,"path_per_floor":["M","?","M","?","$","E","R","?","T","M","M","R","M","M","R","B",null,"M","M","M","M","?"],"character_chosen":"IRONCLAD","items_purchased":["Bandage Up"],"campfire_rested":0,"item_purchase_floors":[5],"current_hp_per_floor":[76,60,60,57,57,53,53,31,37,43,42,42,33,24,24,9,101,97,92,47,19,0,0],"gold":376,"neow_bonus":"","is_daily":true,"chose_seed":false,"campfire_upgraded":3,"win_rate":0.0,"timestamp":1613661684,"path_taken":["M","?","M","?","$","E","R","?","T","M","M","R","M","M","R","BOSS","M","M","M","M","?"],"items_purchased_type":["Card"],"build_version":"2020-12-22","purchased_purges":0,"victory":false,"max_hp_per_floor":[80,80,80,80,80,87,87,89,95,95,95,95,95,95,95,101,101,101,101,101,101,101,101],"card_choices":[{"not_picked":["Spot Weakness","Cleave"],"picked":"Evolve","floor":1},{"not_picked":["Anger","Body Slam"],"picked":"Sentinel","floor":3},{"not_picked":["Entrench","Body Slam"],"picked":"Inflame","floor":6},{"not_picked":["Feel No Pain","Flame Barrier"],"picked":"Inflame","floor":8},{"not_picked":["Clash","Sentinel"],"picked":"Reckless Charge","floor":10},{"not_picked":["Rupture","Sword Boomerang"],"picked":"Pommel Strike","floor":11},{"not_picked":["Headbutt","Hemokinesis"],"picked":"Inflame","floor":13},{"not_picked":["Warcry","Pummel"],"picked":"Metallicize","floor":14},{"not_picked":["Offering","Corruption"],"picked":"Berserk","floor":16},{"not_picked":["Inflame","Feel No Pain+1"],"picked":"Rage","floor":18},{"not_picked":["Wild Strike+1","Sword Boomerang","Anger+1"],"picked":"SKIP","floor":19},{"not_picked":["Pummel","Entrench+1","Wild Strike"],"picked":"SKIP","floor":20},{"not_picked":["Shockwave","Dark Embrace","Twin Strike"],"picked":"SKIP","floor":21}],"player_experience":750538,"relics_obtained":[{"floor":6,"key":"Strawberry"}],"event_choices":[{"damage_healed":76,"gold_gain":0,"player_choice":"Upgrade","damage_taken":16,"max_hp_gain":0,"max_hp_loss":80,"event_name":"betterThird:BetterShining","floor":2,"gold_loss":0,"cards_upgraded":["Bash","Strike_R"]},{"damage_healed":0,"gold_gain":0,"player_choice":"Relic ","damage_taken":3,"max_hp_gain":0,"max_hp_loss":0,"event_name":"betterThird:BetterScrap","floor":4,"gold_loss":0,"cards_obtained":["WheelKick"]},{"damage_healed":0,"gold_gain":0,"player_choice":"Searched \u00273\u0027 times","damage_taken":0,"relics_obtained":["Oddly Smooth Stone"],"max_hp_gain":0,"max_hp_loss":0,"event_name":"Dead Adventurer","floor":8,"gold_loss":0}],"is_beta":false,"boss_relics":[{"not_picked":["Runic Dome","Pandora\u0027s Box"],"picked":"SlaversCollar"}],"items_purged_floors":[],"is_endless":false,"potions_floor_spawned":[1,6,10,14,16,18,19,20],"ascension_level":0}}