{"host":"mylchucnruboibv3","time":1613678224,"event":{"mods":["Aspiration","Bard","BaseMod","Beaked The Cultist","Colored Map","Conspire","Downfall","GifTheSpireLib","GungeonMod","Halation","Hubris","Infinite Spire","Mad Scientist","Minty Spire (QoL Compilation)","READ ME - Guardian Mod","READ ME - Snecko Mod","Replay The Spire","StSLib","Stuff the Spire","The Construct","The Disciple","The Jungle","The Marked","The Mystic","The Necromancer","The Runesmith","The Servant 0.9.4","The Valiant"],"gold_per_floor":[17,29,29,41,51,51,64,74,101,101,101,120,137,157,157,258,258,277,55,68,22,22,22],"floor_reached":22,"language":"ENG","playtime":1428,"items_purged":["Defend_S"],"score":182,"play_id":"22dfd83c-a4f6-40b1-ba13-d0769a10e7a9","local_time":"20210218205704","is_ascension_mode":false,"campfire_choices":[{"data":"Exchange","floor":6,"key":"SMITH"},{"floor":15,"key":"REST"}],"circlet_count":0,"master_deck":["Strike_S","Strike_S","Strike_S","Strike_S","Defend_S","Defend_S","Defend_S","KidneyShot","Exchange+1","InstantArmor","ReturningBlade","Defy","GearUp","TimeWarp","Ricochet","BestPractice","Rewind","BottledTime","Duplication","Moondial","Starlight"],"relics":["Uniform","halation:VictoryRuler","PreservedInsect","hubris:TerracottaHorce","Strange Spoon"],"acts_visited":["Exordium","TheCity"],"potions_floor_usage":[8,13,16,16,16,16,18,22],"damage_taken":[{"damage":12,"enemies":"Small Slimes","floor":1,"turns":5},{"damage":0,"enemies":"Cultist","floor":2,"turns":4},{"damage":3,"enemies":"Jaw Worm","floor":4,"turns":3},{"damage":4,"enemies":"2 Fungi Beasts","floor":5,"turns":4},{"damage":9,"enemies":"Lots of Slimes","floor":7,"turns":3},{"damage":1,"enemies":"Exordium Thugs","floor":8,"turns":5},{"damage":0,"enemies":"Exordium Wildlife","floor":12,"turns":2},{"damage":0,"enemies":"Lots of Slimes","floor":13,"turns":4},{"damage":0,"enemies":"Blue Slaver","floor":14,"turns":3},{"damage":6,"enemies":"The Guardian","floor":16,"turns":13},{"damage":17,"enemies":"Shell Parasite","floor":18,"turns":8},{"damage":22,"enemies":"2 Thieves","floor":20,"turns":5},{"damage":27,"enemies":"Cultist and Chosen","floor":22,"turns":5}],"seed_played":"-1337728087375402864","potions_obtained":[{"floor":1,"key":"sneckomod:MuddlingPotion"},{"floor":3,"key":"EntropicBrew"},{"floor":3,"key":"SneckoOil"},{"floor":8,"key":"DemoMod:LeadSkinPotion"},{"floor":14,"key":"AttackPotion"}],"is_trial":false,"path_per_floor":["M","M","?","M","M","R","M","M","T","?","?","M","M","M","R","B",null,"M","$","M","$","M"],"character_chosen":"THE_SERVANT","items_purchased":["Strange Spoon","Starlight"],"campfire_rested":1,"item_purchase_floors":[19,21],"current_hp_per_floor":[53,53,53,50,46,46,37,36,36,36,43,43,43,43,62,56,63,46,46,24,24,0,0],"gold":22,"neow_bonus":"ONE_RARE_RELIC","is_daily":false,"chose_seed":false,"campfire_upgraded":1,"win_rate":0.0,"timestamp":1613678224,"path_taken":["M","M","?","M","M","R","?","M","T","?","?","M","M","M","R","BOSS","M","?","M","$","M"],"items_purchased_type":["Relic","Card"],"build_version":"2020-12-22","purchased_purges":1,"victory":false,"max_hp_per_floor":[65,65,65,65,65,65,65,65,65,65,65,65,65,65,65,65,65,65,65,65,65,65,65],"card_choices":[{"not_picked":["Replace","BestPractice"],"picked":"InstantArmor","floor":1},{"not_picked":["Sabotage","Snipe"],"picked":"ReturningBlade","floor":2},{"not_picked":["Potential","TimeWarp"],"picked":"Defy","floor":4},{"not_picked":["StarChef","Starlight"],"picked":"GearUp","floor":5},{"not_picked":["DoubleEdge","ShatteredReality"],"picked":"TimeWarp","floor":7},{"not_picked":["DoubleEdge","Snipe"],"picked":"Ricochet","floor":8},{"not_picked":["Read","LightFlow"],"picked":"BestPractice","floor":12},{"not_picked":["Spin","StarChef"],"picked":"Rewind","floor":13},{"not_picked":["Shuttle","Replace"],"picked":"BottledTime","floor":14},{"not_picked":["TheWorld","KillingDoll"],"picked":"Duplication","floor":16},{"not_picked":["Spin","BestPractice"],"picked":"Moondial","floor":18},{"not_picked":["Barrier","BestPractice","Ricochet"],"picked":"SKIP","floor":20}],"player_experience":109568,"relics_obtained":[{"floor":9,"key":"PreservedInsect"}],"event_choices":[{"damage_healed":0,"gold_gain":0,"player_choice":"Got Potions","damage_taken":0,"max_hp_gain":0,"max_hp_loss":0,"event_name":"Lab","floor":3,"gold_loss":0},{"damage_healed":0,"gold_gain":0,"player_choice":"Searched \u00270\u0027 times","damage_taken":0,"max_hp_gain":0,"max_hp_loss":0,"event_name":"Dead Adventurer","floor":10,"gold_loss":0}],"is_beta":false,"boss_relics":[{"not_picked":["halation:CatFaceCupcake","hubris:VirtuousBlindfold"],"picked":"hubris:TerracottaHorce"}],"items_purged_floors":[19],"is_endless":false,"potions_floor_spawned":[1,5,8,14],"killed_by":"Cultist and Chosen","ascension_level":0}}