{"host":"zdhcon9z6t4xbcdl","time":1613655189,"event":{"mods":["BaseMod","Minty Spire (QoL Compilation)"],"gold_per_floor":[114,114,133,83,8,46,46,46,71,90,109,109,128,147,147,272,272,291,291,291],"floor_reached":19,"language":"ENG","playtime":408,"items_purged":["Defend_R"],"score":194,"play_id":"b03aa34b-754c-4b23-9e1e-06999db94459","local_time":"20210218133309","daily_mods":["Cursed Run","Uncertain Future","Lethality"],"is_ascension_mode":false,"campfire_choices":[{"floor":7,"key":"REST"},{"data":"Inflame","floor":12,"key":"SMITH"},{"floor":15,"key":"REST"}],"circlet_count":0,"master_deck":["Strike_R","Strike_R","Strike_R+1","Strike_R+1","Defend_R","Defend_R","Defend_R","Bash","Cleave","Injury","Anger","Inflame+1","Injury","Heavy Blade+1","Clash+1","Rupture","Inflame","Pain","Bludgeon+1","Inflame"],"relics":["Cursed Key","Darkstone Periapt","Du-Vu Doll","Golden Idol","Molten Egg 2","Smiling Mask","SlaversCollar"],"acts_visited":["Exordium","TheCity"],"potions_floor_usage":[16,16,16],"damage_taken":[{"damage":9,"enemies":"Jaw Worm","floor":1,"turns":2},{"damage":3,"enemies":"2 Louse","floor":3,"turns":2},{"damage":17,"enemies":"Gremlin Nob","floor":6,"turns":3},{"damage":0,"enemies":"Cultist","floor":10,"turns":2},{"damage":0,"enemies":"Looter","floor":11,"turns":1},{"damage":0,"enemies":"Blue Slaver","floor":13,"turns":1},{"damage":14,"enemies":"Exordium Wildlife","floor":14,"turns":2},{"damage":22,"enemies":"The Guardian","floor":16,"turns":3},{"damage":16,"enemies":"Chosen","floor":18,"turns":2},{"damage":62,"enemies":"3 Byrds","floor":19,"turns":2}],"seed_played":"-4060160915487772418","potions_obtained":[{"floor":1,"key":"FearPotion"},{"floor":6,"key":"Fire Potion"},{"floor":10,"key":"Dexterity Potion"},{"floor":14,"key":"Fire Potion"}],"is_trial":false,"path_per_floor":["M","?","M","?","$","E","R","?","T","M","M","R","M","M","R","B",null,"M","M"],"character_chosen":"IRONCLAD","items_purchased":[],"campfire_rested":2,"item_purchase_floors":[],"current_hp_per_floor":[71,77,74,74,74,57,82,65,71,71,71,71,71,57,84,68,98,82,20,20],"gold":291,"neow_bonus":"","is_daily":true,"chose_seed":false,"campfire_upgraded":1,"win_rate":0.0,"timestamp":1613655189,"path_taken":["M","?","M","?","$","E","R","?","T","M","M","R","M","M","R","BOSS","M","M"],"items_purchased_type":[],"build_version":"2020-12-22","purchased_purges":1,"victory":false,"max_hp_per_floor":[80,86,86,86,86,86,86,86,92,92,92,92,92,92,92,98,98,98,98,98],"card_choices":[{"not_picked":["Spot Weakness","Evolve"],"picked":"Cleave","floor":1},{"not_picked":["Body Slam","Sentinel"],"picked":"Anger","floor":3},{"not_picked":["Entrench","Body Slam+1"],"picked":"Inflame","floor":6},{"not_picked":["True Grit","Warcry"],"picked":"Heavy Blade+1","floor":10},{"not_picked":["Reckless Charge+1","Sentinel"],"picked":"Clash+1","floor":11},{"not_picked":["Pommel Strike+1","Sword Boomerang+1"],"picked":"Rupture","floor":13},{"not_picked":["Headbutt+1","Hemokinesis+1"],"picked":"Inflame","floor":14},{"not_picked":["Demon Form","Immolate+1"],"picked":"Bludgeon+1","floor":16},{"not_picked":["Rage","Feel No Pain+1"],"picked":"Inflame","floor":18}],"player_experience":80078,"relics_obtained":[{"floor":6,"key":"Molten Egg 2"},{"floor":9,"key":"Smiling Mask"}],"event_choices":[{"damage_healed":0,"gold_gain":0,"player_choice":"Take Wound","damage_taken":0,"relics_obtained":["Golden Idol"],"max_hp_gain":0,"max_hp_loss":0,"event_name":"Golden Idol","floor":2,"gold_loss":0,"cards_obtained":["Injury"]},{"cards_removed":["Strike_R"],"damage_healed":0,"gold_gain":0,"player_choice":"Card Removal","damage_taken":0,"max_hp_gain":0,"max_hp_loss":0,"event_name":"The Cleric","floor":4,"gold_loss":50},{"damage_healed":0,"gold_gain":0,"player_choice":"Entered Light","damage_taken":17,"max_hp_gain":0,"max_hp_loss":0,"event_name":"Shining Light","floor":8,"gold_loss":0,"cards_upgraded":["Strike_R","Strike_R"]}],"is_beta":false,"boss_relics":[{"not_picked":["Runic Dome","Pandora\u0027s Box"],"picked":"SlaversCollar"}],"items_purged_floors":[5],"is_endless":false,"potions_floor_spawned":[1,6,10,14],"killed_by":"3 Byrds","ascension_level":0}}