{"host":"df48i9djcn92c5sx","time":1613630195,"event":{"mods":["Act Like it!","Arknights","BaseMod","Decade(王小明)","Downfall","Gensokyo","Marisa（F雨　魔理沙）","Minty Spire (QoL Compilation)","READ ME - Guardian Mod","READ ME - Snecko Mod","Reimu（博丽灵梦）","Remilia（蕾米莉亚）","Shop Mod","StSLib","The Jungle","The Servant 0.9.4"],"gold_per_floor":[99,112,287,287,18,18,18,72,72,86,86,105,134,134,154,154,154,154],"floor_reached":16,"language":"ZHS","playtime":391,"items_purged":["Doubt"],"score":110,"play_id":"c00f83ce-f6f7-477c-837e-d92f061b8d1a","local_time":"20210218143635","is_ascension_mode":true,"campfire_choices":[{"data":"bronze:Replicate","floor":1.0,"key":"SMITH"},{"data":"bronze:Constructor","floor":6.0,"key":"SMITH"},{"data":"bronze:WhirlingStrike","floor":9.0,"key":"SMITH"},{"data":"bronze:Repulsor","floor":11.0,"key":"SMITH"}],"circlet_count":0,"master_deck":["bronze:Strike","bronze:Strike","bronze:Strike","bronze:Strike","bronze:Defend","bronze:Defend","bronze:Defend","bronze:Defend","bronze:Replicate+1","bronze:Goto","bronze:Constructor+1","bronze:Philosophize","bronze:WhirlingStrike+1","bronze:Fortify","bronze:Repulsor+1","bronze:FollowUp","bronze:Overload"],"relics":["bronze:BronzeCore","Juzu Bracelet","The Courier","Membership Card","Bronze Scales","PureWhite:ReiMu","MealTicket","Bag of Preparation"],"acts_visited":["Exordium"],"potions_floor_usage":[16],"damage_taken":[{"damage":0.0,"enemies":"Small Slimes","floor":2.0,"turns":3.0},{"damage":0.0,"enemies":"downfall:FleeingMerchant","floor":5.0,"turns":4.0},{"damage":7.0,"enemies":"Jaw Worm","floor":10.0,"turns":2.0},{"damage":0.0,"enemies":"2 Louse","floor":12.0,"turns":2.0},{"damage":31.0,"enemies":"Gremlin Nob","floor":13.0,"turns":5.0},{"damage":0.0,"enemies":"Lots of Slimes","floor":14.0,"turns":1.0},{"damage":0.0,"enemies":"downfall:LooterAlt","floor":15.0,"turns":3.0},{"damage":41,"enemies":"DF_ARCHETYPE_STREAMLINE","floor":16,"turns":6}],"seed_played":"-3202373236237555291","potions_obtained":[{"floor":10.0,"key":"SmokeBomb"},{"floor":12.0,"key":"Ancient Potion"},{"floor":15.0,"key":"Fire Potion"}],"is_trial":false,"path_per_floor":["R","M","?","?","$","R","T","T","R","M","R","M","E","M","M","B"],"character_chosen":"THE_AUTOMATON","items_purchased":["Membership Card","bronze:WhirlingStrike","bronze:Fortify","Bronze Scales"],"campfire_rested":0,"item_purchase_floors":[5,5,5,5],"current_hp_per_floor":[70,70,70,67,67,67,67,67,67,60,60,60,29,29,29,0,0,0],"gold":154,"neow_bonus":"RANDOM_COMMON_RELIC","is_daily":false,"chose_seed":false,"campfire_upgraded":4,"win_rate":0.0,"timestamp":1613630195,"path_taken":["R","M","?","?","?","R","T","?","R","M","R","M","E","M","M","BOSS"],"items_purchased_type":["Relic","Card","Card","Relic"],"build_version":"2020-12-22","purchased_purges":1,"victory":false,"max_hp_per_floor":[70,70,70,70,70,70,70,70,70,70,70,70,70,70,70,70,70,70],"card_choices":[{"not_picked":["bronze:Turbo","bronze:Safeguard"],"picked":"bronze:Constructor","floor":2.0},{"not_picked":["bronze:OilSpill","bronze:WhirlingStrike"],"picked":"bronze:Philosophize","floor":5.0},{"not_picked":["bronze:BugBarrage","bronze:Optimize"],"picked":"bronze:Repulsor","floor":10.0},{"not_picked":["bronze:CloningBeam","bronze:Shield"],"picked":"bronze:FollowUp","floor":12.0},{"not_picked":["bronze:DelayedSlice","bronze:BuggyMess","bronze:Deprecate"],"picked":"SKIP","floor":13.0},{"not_picked":["bronze:BuggyMess","bronze:Shield"],"picked":"bronze:Overload","floor":15.0}],"player_experience":1576436,"relics_obtained":[{"floor":7.0,"key":"PureWhite:ReiMu"},{"floor":8.0,"key":"MealTicket"},{"floor":13.0,"key":"Bag of Preparation"}],"event_choices":[{"damage_healed":0.0,"max_hp_gain":0.0,"max_hp_loss":0.0,"gold_gain":0.0,"event_name":"Scrap Ooze","player_choice":"Success","floor":4.0,"gold_loss":0.0,"damage_taken":3.0,"relics_obtained":["The Courier"]}],"is_beta":false,"boss_relics":[],"items_purged_floors":[5],"is_endless":false,"potions_floor_spawned":[10,12,14,15],"killed_by":"DF_ARCHETYPE_STREAMLINE","ascension_level":2}}