{"host":"Jitters","time":1613663058,"event":{"mods":["BaseMod","Colored Powertips","Curses Come First","Downfall","Minty Spire (QoL Compilation)","Relic Stats","Reliquary","Shop Mod","Spicy Shops","StSLib"],"gold_per_floor":[99,114,130,130,130,130,130,130],"floor_reached":6,"language":"ENG","playtime":170,"items_purged":[],"score":39,"play_id":"eedbcba4-ec02-4980-87ce-9b8eb1356f77","local_time":"20210218104418","is_ascension_mode":true,"campfire_choices":[{"data":"bronze:HyperBeam","floor":1,"key":"SMITH"}],"circlet_count":0,"master_deck":["bronze:Strike","bronze:Strike","bronze:Strike","bronze:Strike","bronze:Defend","bronze:Defend","bronze:Defend","bronze:Defend","bronze:Replicate","bronze:Goto","downfall:Malfunctioning","bronze:HyperBeam+1","bronze:Repulsor","bronze:BugBarrage","Regret"],"relics":["bronze:BronzeCore","reliquary:SharkskinSheath","downfall:ShatteredFragment"],"acts_visited":["Exordium"],"potions_floor_usage":[],"damage_taken":[{"damage":15,"enemies":"Cultist","floor":2,"turns":5},{"damage":14,"enemies":"Jaw Worm","floor":3,"turns":3},{"damage":17,"enemies":"3 Sentries","floor":6,"turns":3}],"seed_played":"-1242367368227724022","potions_obtained":[{"floor":3,"key":"Ancient Potion"}],"is_trial":false,"path_per_floor":["R","M","M","?","?","E"],"character_chosen":"THE_AUTOMATON","items_purchased":[],"campfire_rested":0,"item_purchase_floors":[],"current_hp_per_floor":[70,55,41,41,20,3,3,3],"gold":130,"neow_bonus":"THREE_RARE_CARDS","is_daily":false,"chose_seed":false,"campfire_upgraded":1,"win_rate":0.0,"timestamp":1613663058,"path_taken":["R","M","M","?","?","E"],"items_purchased_type":[],"build_version":"2020-11-17","purchased_purges":0,"victory":false,"max_hp_per_floor":[70,70,70,70,70,70,70,70],"relic_stats":{"counters":[3,11],"obtain_stats":[{"bronze:BronzeCore":0,"downfall:ShatteredFragment":5,"reliquary:SharkskinSheath":4},{"bronze:BronzeCore":0,"downfall:ShatteredFragment":2,"reliquary:SharkskinSheath":2},{"bronze:BronzeCore":0,"downfall:ShatteredFragment":8,"reliquary:SharkskinSheath":8}]},"card_choices":[{"not_picked":["bronze:CleanCode","bronze:HardenedForm"],"picked":"bronze:HyperBeam","floor":0},{"not_picked":["bronze:Terminator","bronze:MaxOutput"],"picked":"bronze:Repulsor","floor":2},{"not_picked":["bronze:Invalidate","bronze:ClassDefault"],"picked":"bronze:BugBarrage","floor":3}],"player_experience":224033,"relics_obtained":[],"event_choices":[{"damage_healed":0,"gold_gain":0,"player_choice":"Box","damage_taken":0,"relics_obtained":["reliquary:SharkskinSheath"],"max_hp_gain":0,"max_hp_loss":0,"event_name":"Big Fish","floor":4,"gold_loss":0,"cards_obtained":["Regret"]}],"is_beta":true,"boss_relics":[],"items_purged_floors":[],"is_endless":false,"potions_floor_spawned":[3],"killed_by":"3 Sentries","ascension_level":3}}