{"host":"o9lehcdjc4u6j9un","time":1613665318,"event":{"mods":["Aspiration","BaseMod","Better-Laid Plans","Bossed Relics","Colored Map","Downfall","Gremlin Mod","Hermit","Koishi","Marisa£®ÏF”Í°°ƒß¿Ì…≥£©","Minty Spire (QoL Compilation)","Reimu£®≤©¿ˆ¡È√Œ£©","Remilia£®¿Ÿ√◊¿Ú—«£©","Robot Space Explorer","StSLib","The Alterego","The Hierophant","The Jungle","The Marked","The Runesmith","The Senshi","The Servant 0.9.4","Yakumo Yukari mod","Youmu£®ªÍ∆«—˝√Œ£©","≤–¡Ù÷ÆŒÔ"],"gold_per_floor":[118,132,143,153,153,153,178,103,150,150,195,210,226,2,2,100,100,111,37,37,37,37,65,65,65,65,75,75,75,75,87,87,87,87],"floor_reached":33,"language":"ZHS","playtime":1254,"items_purged":["Strike_R"],"score":263,"play_id":"08ba6a2e-ba39-4c6d-b315-903742be9555","local_time":"20210219002158","is_ascension_mode":false,"campfire_choices":[{"data":"Sword Boomerang","floor":6,"key":"SMITH"},{"data":"Pummel","floor":10,"key":"SMITH"},{"data":"Spot Weakness","floor":15,"key":"SMITH"},{"data":"Rupture","floor":24,"key":"SMITH"},{"data":"Bloodletting","floor":28,"key":"SMITH"},{"data":"Combust","floor":30,"key":"SMITH"},{"data":"Battle Trance","floor":32,"key":"SMITH"}],"circlet_count":0,"master_deck":["Strike_R","Defend_R","Defend_R","Defend_R","Defend_R","Bash","Cleave","Hemokinesis+1","Burning Pact","True Grit","Wild Strike","Heavy Blade+1","Iron Wave","Pummel+1","Sword Boomerang+1","Pummel+1","Wild Strike+1","Spot Weakness+1","Battle Trance+1","Double Tap","Combust+1","Rupture+1","Writhe","Inflame","Shame","Bloodletting+1","Sword Boomerang+1"],"relics":["Burning Blood","Molten Egg 2","hexamod:BolsterEngine","Ancient Tea Set","Whetstone","Empty Cage","Juzu Bracelet","aspiration:StickyExplosives_weak","aspiration:Nostalgia","Ring of the Snake"],"acts_visited":["Exordium","TheCity"],"potions_floor_usage":[23,23],"damage_taken":[{"damage":7,"enemies":"Small Slimes","floor":1,"turns":4},{"damage":8,"enemies":"Jaw Worm","floor":2,"turns":3},{"damage":2,"enemies":"Cultist","floor":3,"turns":2},{"damage":5,"enemies":"Red Slaver","floor":4,"turns":4},{"damage":32,"enemies":"3 Sentries","floor":7,"turns":9},{"damage":0,"enemies":"3 Louse","floor":12,"turns":3},{"damage":9,"enemies":"Blue Slaver","floor":13,"turns":2},{"damage":15,"enemies":"Slime Boss","floor":16,"turns":7},{"damage":12,"enemies":"3 Byrds","floor":18,"turns":5},{"damage":35,"enemies":"Slavers","floor":23,"turns":4},{"damage":7,"enemies":"Shell Parasite","floor":27,"turns":3},{"damage":18,"enemies":"3 Cultists","floor":31,"turns":4},{"damage":42,"enemies":"Automaton","floor":33,"turns":4}],"seed_played":"-4750211472589253173","potions_obtained":[{"floor":3,"key":"PowerPotion"},{"floor":7,"key":"Ancient Potion"},{"floor":13,"key":"LiquidMemories"},{"floor":16,"key":"BloodPotion"},{"floor":27,"key":"FearPotion"}],"is_trial":false,"path_per_floor":["M","M","M","M","?","R","E","$","T","R","T","M","M","$","R","B",null,"M","$","?","?","?","E","R","?","T","M","R","?","R","M","R","B"],"character_chosen":"IRONCLAD","items_purchased":["Whetstone","Battle Trance","Rupture"],"campfire_rested":0,"item_purchase_floors":[14,14,19],"current_hp_per_floor":[87,85,88,88,88,88,62,62,62,62,62,68,65,65,65,56,88,82,82,82,65,65,54,54,54,54,53,53,53,53,41,41,0,0],"gold":87,"neow_bonus":"TEN_PERCENT_HP_BONUS","is_daily":false,"chose_seed":false,"campfire_upgraded":7,"win_rate":0.0,"timestamp":1613665318,"path_taken":["M","M","M","M","?","R","E","$","T","R","?","M","?","?","R","BOSS","M","$","?","?","?","E","R","?","T","M","R","?","R","M","R","BOSS"],"items_purchased_type":["Relic","Card","Card"],"build_version":"2020-12-22","purchased_purges":1,"victory":false,"max_hp_per_floor":[88,88,88,88,88,88,88,88,88,88,88,88,88,88,88,88,88,88,88,88,93,93,93,93,93,93,93,93,93,93,93,93,93,93],"card_choices":[{"not_picked":["Wild Strike","Anger"],"picked":"Cleave","floor":1},{"not_picked":["Wild Strike","Immolate"],"picked":"Hemokinesis","floor":2},{"not_picked":["Warcry","Blood for Blood"],"picked":"Burning Pact","floor":3},{"not_picked":["Twin Strike","Body Slam"],"picked":"True Grit","floor":4},{"not_picked":["Intimidate","Shrug It Off"],"picked":"Pummel+1","floor":7},{"not_picked":["Burning Pact","Rage"],"picked":"Wild Strike+1","floor":12},{"not_picked":["Cleave+1","Heavy Blade+1"],"picked":"Spot Weakness","floor":13},{"not_picked":["Fiend Fire+1","Impervious"],"picked":"Double Tap","floor":16},{"not_picked":["Wild Strike+1","Body Slam+1"],"picked":"Combust","floor":18},{"not_picked":["Burning Pact","Disarm"],"picked":"Inflame","floor":23},{"not_picked":["Rampage+1","Perfected Strike+1"],"picked":"Bloodletting","floor":27},{"not_picked":["Pommel Strike+1","Perfected Strike+1"],"picked":"Sword Boomerang+1","floor":31}],"player_experience":341932,"relics_obtained":[{"floor":7,"key":"Molten Egg 2"},{"floor":9,"key":"hexamod:BolsterEngine"},{"floor":11,"key":"Ancient Tea Set"},{"floor":23,"key":"aspiration:StickyExplosives_weak"}],"event_choices":[{"damage_healed":0,"gold_gain":0,"player_choice":"Opened","damage_taken":0,"relics_obtained":["Juzu Bracelet"],"max_hp_gain":0,"max_hp_loss":0,"event_name":"The Mausoleum","floor":20,"gold_loss":0,"cards_obtained":["Writhe"]},{"damage_healed":0,"gold_gain":0,"player_choice":"Shed Blood","damage_taken":22,"max_hp_gain":5,"max_hp_loss":0,"event_name":"Forgotten Altar","floor":21,"gold_loss":0},{"cards_removed":["Strike_R"],"damage_healed":0,"gold_gain":0,"player_choice":"Offered Basic","damage_taken":0,"max_hp_gain":0,"max_hp_loss":0,"event_name":"Bonfire Elementals","floor":22,"gold_loss":0},{"damage_healed":0,"gold_gain":0,"player_choice":"Stole Relic","damage_taken":0,"relics_obtained":["aspiration:Nostalgia"],"max_hp_gain":0,"max_hp_loss":0,"event_name":"Addict","floor":25,"gold_loss":0,"cards_obtained":["Shame"]},{"damage_healed":0,"gold_gain":0,"player_choice":"Ignored","damage_taken":0,"max_hp_gain":0,"max_hp_loss":0,"event_name":"Ghosts","floor":29,"gold_loss":0}],"is_beta":false,"boss_relics":[{"not_picked":["Fusion Hammer","aspiration:RandomNobGenerator"],"picked":"Empty Cage"}],"items_purged_floors":[8],"is_endless":false,"potions_floor_spawned":[3,7,13,16,27],"killed_by":"Automaton","ascension_level":0}}