{"host":"37ccm3d17clopct7","time":1613648948,"event":{"mods":["BaseMod","GungeonMod","Hermit","Lobotomy","Minty Spire (QoL Compilation)","Replay The Spire","StSLib","The Bug Knight","The Cursed","The Hierophant","The Jungle","The Runesmith"],"gold_per_floor":[116,116,116,45,63,94,94,121,199,210,59,59,59,69,69,164,164,175,450,469,488,428,460,460,460],"floor_reached":24,"language":"KOR","playtime":877,"items_purged":[],"score":356,"play_id":"5e87bcf8-98cf-45eb-b60e-c1b783aabcf1","local_time":"20210218204908","is_ascension_mode":true,"campfire_choices":[{"floor":7,"key":"RECALL"},{"floor":15,"key":"REST"}],"circlet_count":0,"master_deck":["TheCursedMod:CleanUpWorkshop","TheCursedMod:CursedSpellbook","TheCursedMod:CursedArmor","TheCursedMod:SpitefulPlan","TheCursedMod:LuckyCharm","TheCursedMod:ShockAndAwe","TheCursedMod:CircleOfFocus","TheCursedMod:VoidForm","TheCursedMod:FleshFromBone","TheCursedMod:ManaBullet","TheCursedMod:Wield","TheCursedMod:SurpriseAttack","TheCursedMod:CursedBlade","TheCursedMod:TroublousMinions","TheCursedMod:HellfireBreathing","TheCursedMod:CursedBoomerang","TheCursedMod:ManaCirculation","Regret","TheCursedMod:SurpriseAttack","TheCursedMod:WearCloak+1","TheCursedMod:FleshFromBone"],"relics":["TheCursedMod:OminousMark","Onion Ring","DemoMod:JetPack","Replay:Baseball","Sozu","Pocketwatch"],"acts_visited":["Exordium","TheCity"],"potions_floor_usage":[6],"damage_taken":[{"damage":8,"enemies":"Jaw Worm","floor":1,"turns":4},{"damage":0,"enemies":"Small Slimes","floor":5,"turns":3},{"damage":7,"enemies":"3 Sentries","floor":6,"turns":5},{"damage":0,"enemies":"Lagavulin","floor":8,"turns":4},{"damage":2,"enemies":"Cultist","floor":10,"turns":3},{"damage":0,"enemies":"Looter","floor":14,"turns":1},{"damage":0,"enemies":"Slime Boss","floor":16,"turns":3},{"damage":46,"enemies":"3 Byrds","floor":18,"turns":5},{"damage":5,"enemies":"Spheric Guardian","floor":20,"turns":3},{"damage":6,"enemies":"Snecko","floor":21,"turns":3},{"damage":4,"enemies":"HollowMod:Nosk","floor":23,"turns":3},{"damage":20,"enemies":"Centurion and Healer","floor":24,"turns":3}],"seed_played":"-2284515471635215296","potions_obtained":[{"floor":1,"key":"Explosive Potion"},{"floor":8,"key":"SkillPotion"},{"floor":14,"key":"Adrenaline Potion"}],"is_trial":false,"path_per_floor":["M","?","?","$","M","E","R","E","T","M","$","?","?","M","R","B",null,"M","?","M","M","?","E","M"],"character_chosen":"THE_CURSED","items_purchased":["TheCursedMod:ManaBullet","TheCursedMod:HellfireBreathing","TheCursedMod:CursedBoomerang"],"campfire_rested":1,"item_purchase_floors":[4,11,11],"current_hp_per_floor":[67,67,72,72,72,67,67,67,67,67,67,64,56,62,80,80,80,34,34,29,23,23,19,0,0],"gold":460,"neow_bonus":"REMOVE_CARD","is_daily":false,"chose_seed":false,"campfire_upgraded":0,"win_rate":0.0,"timestamp":1613648948,"path_taken":["M","?","?","?","?","E","R","E","T","M","$","?","?","M","R","BOSS","M","?","M","?","?","E","M"],"items_purchased_type":["Card","Card","Card"],"build_version":"2020-12-22","purchased_purges":0,"victory":false,"max_hp_per_floor":[75,75,80,80,80,80,80,80,80,80,80,80,80,80,80,80,80,80,80,80,80,80,80,80,80],"card_choices":[{"not_picked":["TheCursedMod:CursedArmor","TheCursedMod:AshesToAshes"],"picked":"TheCursedMod:FleshFromBone","floor":1},{"not_picked":["TheCursedMod:TacticalStrike","TheCursedMod:CursedMace"],"picked":"TheCursedMod:Wield","floor":5},{"not_picked":["TheCursedMod:CircleOfCorruption","TheCursedMod:SpreadPlague"],"picked":"TheCursedMod:SurpriseAttack","floor":6},{"not_picked":["TheCursedMod:SpitefulStrike","TheCursedMod:ManaBullet"],"picked":"TheCursedMod:CursedBlade","floor":8},{"not_picked":["TheCursedMod:Stigma","TheCursedMod:TacticalStrike"],"picked":"TheCursedMod:TroublousMinions","floor":10},{"not_picked":["TheCursedMod:VitalStrike","TheCursedMod:AbyssShockwave","TheCursedMod:FuryStrike"],"picked":"SKIP","floor":14},{"not_picked":["TheCursedMod:StunningStrike","TheCursedMod:DemonicPact"],"picked":"TheCursedMod:ManaCirculation","floor":16},{"not_picked":["TheCursedMod:SpreadPlague","TheCursedMod:BloodBarrier+1","TheCursedMod:CircleOfWindfury+1"],"picked":"SKIP","floor":18},{"not_picked":["TheCursedMod:RavingStaff","TheCursedMod:ForbiddenAlchemy"],"picked":"TheCursedMod:SurpriseAttack","floor":20},{"not_picked":["TheCursedMod:RapidMovement","TheCursedMod:CircleOfAmplification"],"picked":"TheCursedMod:WearCloak+1","floor":21},{"not_picked":["TheCursedMod:RavingStaff","TheCursedMod:CursedStaff+1"],"picked":"TheCursedMod:FleshFromBone","floor":23}],"player_experience":214962,"relics_obtained":[{"floor":6,"key":"Onion Ring"},{"floor":8,"key":"DemoMod:JetPack"},{"floor":23,"key":"Pocketwatch"}],"event_choices":[{"damage_healed":0,"gold_gain":0,"player_choice":"Ignored","damage_taken":0,"max_hp_gain":0,"max_hp_loss":0,"event_name":"Shining Light","floor":2,"gold_loss":0},{"damage_healed":0,"gold_gain":0,"player_choice":"Donut","damage_taken":0,"max_hp_gain":5,"max_hp_loss":0,"event_name":"Big Fish","floor":3,"gold_loss":0},{"damage_healed":0,"gold_gain":0,"player_choice":"Success","damage_taken":3,"relics_obtained":["Replay:Baseball"],"max_hp_gain":0,"max_hp_loss":0,"event_name":"Scrap Ooze","floor":12,"gold_loss":0},{"damage_healed":0,"gold_gain":0,"player_choice":"Damaged","damage_taken":8,"max_hp_gain":0,"max_hp_loss":0,"event_name":"Wheel of Change","floor":13,"gold_loss":0},{"damage_healed":0,"gold_gain":275,"player_choice":"Desecrate","damage_taken":0,"max_hp_gain":0,"max_hp_loss":0,"event_name":"Golden Shrine","floor":19,"gold_loss":0,"cards_obtained":["Regret"]},{"cards_removed":["TheCursedMod:CircleOfBlood"],"damage_healed":0,"gold_gain":0,"player_choice":"Single Remove","damage_taken":0,"max_hp_gain":0,"max_hp_loss":0,"event_name":"Designer","floor":22,"gold_loss":60}],"is_beta":false,"boss_relics":[{"not_picked":["ChewingGum","Replay:Bronze Core"],"picked":"Sozu"}],"items_purged_floors":[],"is_endless":false,"potions_floor_spawned":[1,8,14,18,20],"killed_by":"Centurion and Healer","ascension_level":2}}