{"host":"rjfefv2ruvigm2gb","time":1613651711,"event":{"mods":["Act Like it!","AlwaysNeverKeys","BaseMod","Better Note","Better Third Choice","BetterRewards","Block Reminder","Bossed Relics","Colored Map","Colored Powertips","Conspire","Curses Come First","Displayed Cursed Tome","Downfall","Fox Events","GifTheSpireLib","Gold Saver","Googly Eyes","Highlight Path","Hubris","Ironclad Rager","Minty Spire (QoL Compilation)","Monster B Gone","Permanent Neow","Poor People Problems","Quick Restart","Relic Filter","Relic Stats","Reliquary","Replay The Spire","Retaliation","Ruina","Shop Mod","Small Relic Pack","StS++","StSLib","Stuff the Spire","SuperFastMode","The Blue Laboratory","Transform Curses","Uncapped","Virulent Crown"],"gold_per_floor":[810,829,829,829,829,929,946,956,956,988,988,988,988,1014,462,472,488,586,586,686,686,702,702,83,158,181,208,208,263,322,378,378,389,400,509,509,509,527,537,537,537,549,618,690,690,765,765,780,811,718,729,769,769,796,745,745,745,747],"floor_reached":59,"language":"ENG","playtime":3080,"items_purged":["bronze:Strike","Hallucinations"],"score":2093,"play_id":"b81b98f6-e3f8-4197-9931-2101781a1c47","local_time":"20210218063511","is_ascension_mode":true,"campfire_choices":[{"data":"bronze:Strike","floor":1.0,"key":"PURGE"},{"floor":11.0,"key":"REST"},{"data":"bronze:BugBarrage","floor":28.0,"key":"SMITH"},{"data":"bronze:BugBarrage","floor":32.0,"key":"SMITH"},{"data":"bronze:ItsAFeature","floor":37,"key":"SMITH"},{"data":"bronze:BugBarrage","floor":47,"key":"SMITH"},{"data":"bronze:BugBarrage","floor":56,"key":"SMITH"}],"circlet_count":0,"master_deck":["bronze:Strike","bronze:Strike","bronze:Defend","bronze:Defend","bronze:Defend","bronze:Defend","bronze:Replicate","bronze:Goto","bronze:BugBarrage+1","bronze:ChildClass","bronze:BuggyMess","bronze:Repulsor+1","bronze:BugBarrage+1","bronze:BronzeOrb","bronze:BuggyMess","bronze:ItsAFeature+1","bronze:BugBarrage+1","bronze:Virus","bronze:Boost","bronze:BuggyMess+1","bronze:BugBarrage+1","bronze:BronzeOrb","bronze:BronzeOrb+1","bronze:BugBarrage"],"relics":["bronze:BronzeCore","downfall:HeartBlessingGreen","downfall:HeartBlessingRed","downfall:HeartBlessingBlue","relicPack:DSword","HornCleat","Letter Opener","reliquary:Stiletto","hubris:HerbalPaste","ReplayTheSpireMod:TigerMarble","Cursed Key","bronze:Timepiece","StrikeDummy","downfall:KnowingSkull","Counterbalance","Shuriken","reliquary:Bookmark","conspire:TreasureMap","conspire:Dentures","reliquary:Knoch","hubris:DeckOfHolding","ChewingGum","hubris:Reverence","Mirror","Pondfish Scales","StuffTheSpire:Barrel","Torii"],"acts_visited":["Exordium","TheCity","TheBeyond","TheEnding"],"potions_floor_usage":[35,35,48,58,58,58],"damage_taken":[{"damage":2.0,"enemies":"2 Louse","floor":2.0,"turns":4.0},{"damage":0.0,"enemies":"Cultist","floor":7.0,"turns":3.0},{"damage":0.0,"enemies":"Jaw Worm","floor":8.0,"turns":3.0},{"damage":15.0,"enemies":"Gremlin Nob","floor":10.0,"turns":4.0},{"damage":8.0,"enemies":"Lagavulin","floor":14.0,"turns":5.0},{"damage":0.0,"enemies":"downfall:FleeingMerchant","floor":15.0,"turns":4.0},{"damage":0.0,"enemies":"2 Fungi Beasts","floor":16.0,"turns":3.0},{"damage":0.0,"enemies":"Blue Slaver","floor":17.0,"turns":3.0},{"damage":0.0,"enemies":"WA_ARCHETYPE_RETAIN","floor":18.0,"turns":4.0},{"damage":7.0,"enemies":"IC_STATUS_ARCHETYPE","floor":20.0,"turns":5.0},{"damage":1.0,"enemies":"3 Byrds","floor":22.0,"turns":5.0},{"damage":0.0,"enemies":"downfall:FleeingMerchant","floor":24.0,"turns":4.0},{"damage":3.0,"enemies":"conspire:Head Lice","floor":25.0,"turns":5.0},{"damage":0.0,"enemies":"conspire:SneckoGhost","floor":27.0,"turns":5.0},{"damage":3.0,"enemies":"Chosen","floor":29.0,"turns":3.0},{"damage":13.0,"enemies":"Snake Plant","floor":30.0,"turns":3.0},{"damage":12.0,"enemies":"Snecko","floor":31.0,"turns":5.0},{"damage":2,"enemies":"conspire:HollyBat","floor":33,"turns":4},{"damage":0,"enemies":"Cultist and Chosen","floor":34,"turns":3},{"damage":19,"enemies":"DF_ARCHETYPE_CLAW","floor":35,"turns":5},{"damage":0,"enemies":"3 Shapes","floor":38,"turns":2},{"damage":5,"enemies":"Orb Walker","floor":39,"turns":3},{"damage":5,"enemies":"Sphere and 2 Shapes","floor":42,"turns":2},{"damage":3,"enemies":"Nemesis","floor":44,"turns":3},{"damage":3,"enemies":"R_Hoarder","floor":46,"turns":5},{"damage":0,"enemies":"3 Darklings","floor":48,"turns":2},{"damage":5,"enemies":"Nemesis","floor":49,"turns":3},{"damage":3,"enemies":"downfall:FleeingMerchant","floor":50,"turns":2},{"damage":0,"enemies":"Spire Growth","floor":51,"turns":2},{"damage":7,"enemies":"SI_POISON_ARCHETYPE","floor":52,"turns":4},{"damage":1,"enemies":"downfall:CharBossMerchant","floor":54,"turns":3},{"damage":6,"enemies":"downfall:NeowBoss","floor":57,"turns":6},{"damage":39,"enemies":"downfall:NeowBossFinal","floor":58,"turns":4}],"seed_played":"-8914865353080339600","potions_obtained":[{"floor":7.0,"key":"StSpp:ScatteredPotion"},{"floor":16.0,"key":"SpeedPotion"},{"floor":18.0,"key":"Adrenaline Potion"},{"floor":25.0,"key":"Adrenaline Potion"},{"floor":30.0,"key":"Block Potion"},{"floor":31.0,"key":"Dexterity Potion"},{"floor":38,"key":"Death Potion"},{"floor":49,"key":"blueLaboratory:HummingbirdPotion"},{"floor":51,"key":"blueLaboratory:BottleOfRum"}],"is_trial":false,"path_per_floor":["R_BF","M","?","PTL","PTL","?","M","M","T","E","R","?","?","E","$","M","M","B",null,"R_BF","?","M","?","$","E","T","E","R","M","M","M","R","M","M","B",null,"R_BF","M","M","?","?","M","T","E","?","E","R","M","E","$","M","B",null,"E","$","R","B","B",null],"character_chosen":"THE_AUTOMATON","items_purchased":["bronze:Repulsor+1","hubris:HerbalPaste","ReplayTheSpireMod:TigerMarble","Shuriken","bronze:ItsAFeature","reliquary:Bookmark","conspire:TreasureMap","Torii","bronze:BugBarrage","bronze:BronzeOrb","bronze:BugBarrage"],"campfire_rested":1,"item_purchase_floors":[15,15,15,24,24,24,24,50,50,50,55],"current_hp_per_floor":[73,71,36,36,36,36,36,36,36,21,45,45,45,37,37,42,47,53,73,72,65,74,74,80,80,80,80,80,80,70,64,64,68,73,60,75,75,78,78,78,78,76,76,78,78,80,80,80,80,80,80,79,80,80,80,80,74,41],"gold":747,"neow_bonus":"HUNDRED_GOLD","is_daily":false,"chose_seed":false,"campfire_upgraded":5,"win_rate":0.0,"timestamp":1613651711,"path_taken":["R_BF","M","?","PTL","PTL","?","M","?","T","E","R","?","?","E","$","M","M","BOSS","R_BF","?","?","?","$","E","T","E","R","M","M","M","R","M","M","BOSS","R_BF","M","M","?","?","?","T","E","?","E","R","M","E","$","M","BOSS","E","$","R","BOSS","BOSS"],"items_purchased_type":["Card","Relic","Relic","Relic","Card","Relic","Relic","Relic","Card","Card","Card"],"build_version":"2020-12-22","purchased_purges":2,"victory":true,"max_hp_per_floor":[80,80,80,80,80,80,80,80,80,80,80,80,80,80,80,80,80,80,80,80,80,80,80,80,80,80,80,80,80,80,80,80,80,80,80,80,80,80,80,80,80,80,80,80,80,80,80,80,80,80,80,80,80,80,80,80,80,80],"relic_stats":{"Torii":2,"counters":[33,121],"Shuriken":[69],"Letter Opener":[267],"Cursed Key":2,"obtain_stats":[{"StuffTheSpire:Barrel":49,"bronze:BronzeCore":0,"relicPack:DSword":3,"Torii":50,"downfall:HeartBlessingGreen":1,"Cursed Key":19,"HornCleat":9,"hubris:HerbalPaste":15,"downfall:HeartBlessingBlue":1,"bronze:Timepiece":20,"downfall:KnowingSkull":21,"hubris:DeckOfHolding":27,"conspire:Dentures":25,"conspire:TreasureMap":24,"downfall:HeartBlessingRed":1,"Counterbalance":23,"Letter Opener":10,"reliquary:Bookmark":24,"Pondfish Scales":46,"Shuriken":24,"ChewingGum":36,"reliquary:Stiletto":14,"ReplayTheSpireMod:TigerMarble":15,"reliquary:Knoch":26,"StrikeDummy":20,"Mirror":44,"hubris:Reverence":43},{"StuffTheSpire:Barrel":27,"bronze:BronzeCore":0,"relicPack:DSword":1,"Torii":28,"downfall:HeartBlessingGreen":0,"Cursed Key":9,"HornCleat":3,"hubris:HerbalPaste":6,"downfall:HeartBlessingBlue":0,"bronze:Timepiece":10,"downfall:KnowingSkull":10,"hubris:DeckOfHolding":14,"conspire:Dentures":13,"conspire:TreasureMap":12,"downfall:HeartBlessingRed":0,"Counterbalance":11,"Letter Opener":4,"reliquary:Bookmark":12,"Pondfish Scales":25,"Shuriken":12,"ChewingGum":20,"reliquary:Stiletto":5,"ReplayTheSpireMod:TigerMarble":6,"reliquary:Knoch":13,"StrikeDummy":10,"Mirror":24,"hubris:Reverence":23},{"StuffTheSpire:Barrel":100,"bronze:BronzeCore":0,"relicPack:DSword":4,"Torii":102,"downfall:HeartBlessingGreen":0,"Cursed Key":33,"HornCleat":10,"hubris:HerbalPaste":23,"downfall:HeartBlessingBlue":0,"bronze:Timepiece":38,"downfall:KnowingSkull":38,"hubris:DeckOfHolding":57,"conspire:Dentures":52,"conspire:TreasureMap":47,"downfall:HeartBlessingRed":0,"Counterbalance":43,"Letter Opener":14,"reliquary:Bookmark":47,"Pondfish Scales":95,"Shuriken":47,"ChewingGum":80,"reliquary:Stiletto":19,"ReplayTheSpireMod:TigerMarble":23,"reliquary:Knoch":52,"StrikeDummy":38,"Mirror":90,"hubris:Reverence":87}]},"card_choices":[{"not_picked":["bronze:BitShift","bronze:Iterate"],"picked":"bronze:BugBarrage","floor":2.0},{"not_picked":["bronze:Flail","bronze:BitShift","bronze:Repair"],"picked":"SKIP","floor":7.0},{"not_picked":["bronze:Iterate","bronze:Frontload","bronze:Flail"],"picked":"SKIP","floor":8.0},{"not_picked":["bronze:Overheat","bronze:BitShift","bronze:CutThrough"],"picked":"SKIP","floor":10.0},{"not_picked":["bronze:Backtrace","bronze:Return"],"picked":"bronze:ChildClass","floor":14.0},{"not_picked":["bronze:Iterate","bronze:Repair"],"picked":"bronze:BuggyMess","floor":15.0},{"not_picked":["bronze:FineTuning","bronze:DelayedSlice"],"picked":"bronze:BugBarrage","floor":16.0},{"not_picked":["bronze:Separator","bronze:Turbo","bronze:Verify"],"picked":"SKIP","floor":17.0},{"not_picked":["bronze:Frontload","bronze:Invalidate"],"picked":"bronze:BronzeOrb","floor":20.0},{"not_picked":["bronze:Separator","bronze:Safeguard"],"picked":"bronze:BuggyMess","floor":22.0},{"not_picked":["bronze:FollowUp","bronze:Separator","bronze:ForceShield"],"picked":"SKIP","floor":24.0},{"not_picked":["bronze:Allocate","bronze:ClassDefault","bronze:CutThrough"],"picked":"SKIP","floor":25.0},{"not_picked":["bronze:InfiniteBeams","bronze:Backtrace","bronze:Boost"],"picked":"SKIP","floor":27.0},{"not_picked":["bronze:Repair","bronze:ClassDefault","bronze:CutThrough+1"],"picked":"SKIP","floor":29.0},{"not_picked":["bronze:Invalidate","bronze:DelayedSlice","bronze:BronzeArmor"],"picked":"SKIP","floor":30.0},{"not_picked":["bronze:InfiniteBeams","bronze:ForceShield","bronze:Fortify"],"picked":"SKIP","floor":31.0},{"not_picked":["bronze:DigitalCarnage","bronze:Overload"],"picked":"bronze:BugBarrage","floor":33},{"not_picked":["bronze:Invalidate","bronze:Verify","bronze:OilSpill+1"],"picked":"SKIP","floor":34},{"not_picked":["bronze:SpaghettiCode","bronze:Verify"],"picked":"bronze:Virus","floor":35},{"not_picked":["bronze:GetLatest+1","bronze:Overheat","bronze:Fortify+1"],"picked":"SKIP","floor":38},{"not_picked":["bronze:CutThrough+1","bronze:Shield+1","bronze:WhirlingStrike+1"],"picked":"SKIP","floor":39},{"not_picked":["bronze:WildBeam+1","bronze:Repair+1","bronze:Repulsor"],"picked":"SKIP","floor":42},{"not_picked":["bronze:HyperBeam","bronze:FineTuning","bronze:Branch+1"],"picked":"SKIP","floor":44},{"not_picked":["bronze:WhirlingStrike+1","bronze:Backtrace","bronze:FollowUp"],"picked":"SKIP","floor":46},{"not_picked":["bronze:Iterate+1","bronze:ForLoop","bronze:Frontload+1"],"picked":"SKIP","floor":48},{"not_picked":["bronze:CutThrough+1","bronze:Break","bronze:Frontload"],"picked":"SKIP","floor":49},{"not_picked":["bronze:ChosenStrike+1","bronze:SpaghettiCode"],"picked":"bronze:BuggyMess+1","floor":50},{"not_picked":["bronze:Turbo","bronze:CloningBeam"],"picked":"bronze:BronzeOrb+1","floor":51},{"not_picked":["bronze:Constructor","bronze:CutThrough","bronze:ShipIt"],"picked":"SKIP","floor":54}],"player_experience":1133014,"relics_obtained":[{"floor":9.0,"key":"HornCleat"},{"floor":10.0,"key":"Letter Opener"},{"floor":14.0,"key":"reliquary:Stiletto"},{"floor":20.0,"key":"bronze:Timepiece"},{"floor":20.0,"key":"StrikeDummy"},{"floor":25.0,"key":"conspire:Dentures"},{"floor":26.0,"key":"reliquary:Knoch"},{"floor":27.0,"key":"hubris:DeckOfHolding"},{"floor":43,"key":"hubris:Reverence"},{"floor":44,"key":"Mirror"},{"floor":46,"key":"Pondfish Scales"},{"floor":49,"key":"StuffTheSpire:Barrel"}],"event_choices":[],"is_beta":false,"boss_relics":[{"not_picked":["Velvet Choker","hubris:BlackHole"],"picked":"Cursed Key"},{"not_picked":["reliquary:WritOfMandamus","reliquary:ThirdArm"],"picked":"ChewingGum"}],"items_purged_floors":[15,50],"is_endless":false,"potions_floor_spawned":[7,16,18,25,30,31,38,46,49,51],"ascension_level":8}}