{"host":"aapp7ew3jk5k1bvd","time":1613639525,"event":{"mods":["AchievementEnabler","BaseMod","Colored Map","Custom Start","Keyboard Shortcuts","Minty Spire (QoL Compilation)","Permanent Neow","Quick Restart","StSLib","SuperFastMode"],"gold_per_floor":[113,133,151,151,19,19,49,49,49,60,70,90,102,2,2,2,2],"floor_reached":16,"language":"KOR","playtime":334,"items_purged":["Doubt","Strike_B"],"score":187,"play_id":"2e07a275-5e8e-422a-8fb7-1dce79bb1b43","local_time":"20210218181205","is_ascension_mode":true,"campfire_choices":[{"data":"Hyperbeam","floor":6.0,"key":"SMITH"},{"data":"Sunder","floor":8.0,"key":"SMITH"},{"data":"Conserve Battery","floor":15,"key":"SMITH"}],"circlet_count":0,"master_deck":["AscendersBane","Strike_B","Strike_B","Strike_B","Defend_B","Defend_B","Defend_B","Defend_B","Zap","Dualcast","Hyperbeam+1","Sunder+1","Recycle","Conserve Battery+1","Fusion"],"relics":["Cracked Core","HornCleat","Bottled Flame"],"acts_visited":["Exordium"],"potions_floor_usage":[],"damage_taken":[{"damage":1.0,"enemies":"Cultist","floor":1.0,"turns":3.0},{"damage":0.0,"enemies":"2 Louse","floor":2.0,"turns":2.0},{"damage":2.0,"enemies":"Small Slimes","floor":3.0,"turns":2.0},{"damage":13.0,"enemies":"3 Sentries","floor":7.0,"turns":4.0},{"damage":8.0,"enemies":"Blue Slaver","floor":10.0,"turns":3.0},{"damage":9.0,"enemies":"Exordium Thugs","floor":11.0,"turns":2.0},{"damage":0.0,"enemies":"Exordium Wildlife","floor":12.0,"turns":1.0},{"damage":0,"enemies":"Large Slime","floor":13,"turns":5},{"damage":26,"enemies":"The Guardian","floor":16,"turns":8}],"seed_played":"-8293433814664651841","potions_obtained":[{"floor":2.0,"key":"Energy Potion"},{"floor":10.0,"key":"SteroidPotion"},{"floor":11.0,"key":"Energy Potion"},{"floor":13,"key":"LiquidBronze"}],"is_trial":false,"path_per_floor":["M","M","M","?","$","R","E","R","T","M","M","M","M","$","R","B"],"character_chosen":"DEFECT","items_purchased":["Conserve Battery"],"campfire_rested":0,"item_purchase_floors":[5],"current_hp_per_floor":[63,63,61,61,61,61,48,48,48,40,31,31,31,31,31,5,5],"gold":2,"neow_bonus":"THREE_RARE_CARDS","is_daily":false,"chose_seed":false,"campfire_upgraded":3,"win_rate":0.0,"timestamp":1613639525,"path_taken":["M","?","M","?","$","R","E","R","T","M","M","M","M","$","R","BOSS"],"items_purchased_type":["Card"],"build_version":"2020-12-22","purchased_purges":2,"victory":false,"max_hp_per_floor":[71,71,71,71,71,71,71,71,71,71,71,71,71,71,71,71,71],"card_choices":[{"not_picked":["Reboot","Thunder Strike"],"picked":"Hyperbeam","floor":0.0},{"not_picked":["Cold Snap","Leap"],"picked":"Sunder","floor":1.0},{"not_picked":["Gash","Steam Power"],"picked":"Recycle","floor":2.0},{"not_picked":["Redo","White Noise","Melter"],"picked":"SKIP","floor":3.0},{"not_picked":["Blizzard","Lockon","Beam Cell"],"picked":"SKIP","floor":7.0},{"not_picked":["Skim","Force Field","Storm"],"picked":"SKIP","floor":10.0},{"not_picked":["Rip and Tear","Sweeping Beam"],"picked":"Fusion","floor":11.0},{"not_picked":["Streamline","Redo","Steam Power"],"picked":"SKIP","floor":12.0},{"not_picked":["Steam","Barrage","Go for the Eyes"],"picked":"SKIP","floor":13}],"player_experience":1017643,"relics_obtained":[{"floor":7.0,"key":"HornCleat"},{"floor":9.0,"key":"Bottled Flame"}],"event_choices":[{"damage_healed":0.0,"max_hp_gain":0.0,"max_hp_loss":0.0,"gold_gain":0.0,"event_name":"Liars Game","player_choice":"Ignored","floor":4.0,"gold_loss":0.0,"damage_taken":0.0}],"is_beta":false,"boss_relics":[],"items_purged_floors":[5,14],"is_endless":false,"potions_floor_spawned":[2,10,11,13],"killed_by":"The Guardian","ascension_level":16}}