{"host":"iovigr651ajk16h5","time":1613670913,"event":{"mods":["2.2 Compatiblity","AchievementEnabler","Aspiration","BaseMod","Better Altar","Better Match","Better Note","Better Sensory Stone","Better Skull","Better Third Choice","Block Reminder","Colored Map","Ekko","Energized Spire","GifTheSpireLib","GungeonMod","Halation","Hermit","Highlight Path","Hubris","Infinite Spire","Koishi","Luminous","Marisa????????","Minty Spire (QoL Compilation)","Nova Terra(??·??)","Onozuka Komachi Mod","Permanent Neow","Prisma Mod","Quick Restart","Railgun Mod","Remilia??????","Replay The Spire","StSLib","Stuff the Spire","Td1madao Mod","The Administrix","The Bladedancer","The Bug Knight","The Construct","The Marked","TheSwordswoman","Trackpad","Waifu the Spire","WarShipGirlsR/????R mod","everything is the same but u backflip on backflip"],"gold_per_floor":[117,43,54,54,54,86,100,100,170,190,221,146,146,165,165,267,267,267,267],"floor_reached":18,"language":"ENG","playtime":844,"items_purged":[],"score":195,"play_id":"501cb599-0b90-42c7-9b5f-a7830d761cd0","local_time":"20210218125513","is_ascension_mode":false,"campfire_choices":[{"data":"blazmod:BlindBlade","floor":8.0,"key":"SMITH"},{"floor":15.0,"key":"REST"}],"circlet_count":0,"master_deck":["blazmod:Strike","blazmod:Strike","blazmod:Strike","blazmod:Defend","blazmod:Defend","blazmod:Defend","blazmod:Defend","blazmod:ButterflyEffect+1","blazmod:Kyokasuigetsu","blazmod:BlindBlade+1","blazmod:RevolvingPhoenix","blazmod:RevolvingPhoenix","blazmod:TenThousand","blazmod:HoumatsuMugenKochouji","blazmod:LoveAndHonor","blazmod:EightLifePilgrimage"],"relics":["blazmod:Venustas","NeowsBlessing","hubris:SlimyHat","Replay:Ringing Soul","Ginger"],"acts_visited":["Exordium","TheCity"],"potions_floor_usage":[16,16],"damage_taken":[{"damage":0.0,"enemies":"2 Louse","floor":1.0,"turns":1.0},{"damage":0.0,"enemies":"Small Slimes","floor":3.0,"turns":1.0},{"damage":0.0,"enemies":"3 Sentries","floor":6.0,"turns":2.0},{"damage":0.0,"enemies":"Cultist","floor":7.0,"turns":3.0},{"damage":12.0,"enemies":"Large Slime","floor":10.0,"turns":3.0},{"damage":17.0,"enemies":"Gremlin Nob","floor":11.0,"turns":4.0},{"damage":14.0,"enemies":"Gremlin Gang","floor":14.0,"turns":3.0},{"damage":17,"enemies":"The Guardian","floor":16,"turns":10},{"damage":26,"enemies":"Chosen","floor":18,"turns":5}],"seed_played":"4694123884854243705","potions_obtained":[{"floor":7.0,"key":"Fire Potion"},{"floor":11.0,"key":"Weak Potion"},{"floor":16,"key":"SteroidPotion"}],"is_trial":false,"path_per_floor":["M","$","M","?","?","E","M","R","T","M","E","?","?","M","R","B",null,"M"],"character_chosen":"THE_SWORDSWOMAN","items_purchased":["blazmod:RevolvingPhoenix"],"campfire_rested":1,"item_purchase_floors":[2],"current_hp_per_floor":[40,40,40,40,40,40,40,40,40,28,14,14,43,32,45,31,49,23,23],"gold":267,"neow_bonus":"THREE_ENEMY_KILL","is_daily":false,"chose_seed":false,"campfire_upgraded":1,"win_rate":0.0,"timestamp":1613670913,"path_taken":["M","$","M","?","?","E","M","R","T","?","E","?","?","?","R","BOSS","M"],"items_purchased_type":["Card"],"build_version":"2020-12-22","purchased_purges":0,"victory":false,"max_hp_per_floor":[40,40,40,40,40,40,40,40,40,40,43,43,43,46,46,49,49,49,49],"card_choices":[{"not_picked":["blazmod:FlashRock","blazmod:TrueOfHeart"],"picked":"blazmod:BlindBlade","floor":1.0},{"not_picked":["blazmod:Trasient","blazmod:FleetOfFoot"],"picked":"blazmod:RevolvingPhoenix","floor":3.0},{"not_picked":["blazmod:FleetOfFoot","blazmod:Crosscut"],"picked":"blazmod:TenThousand","floor":6.0},{"not_picked":["blazmod:EightLifePilgrimage","blazmod:QuickBlade","blazmod:PhysicalEndurance"],"picked":"SKIP","floor":7.0},{"not_picked":["blazmod:FleetOfFoot","blazmod:PhysicalEndurance","blazmod:PureOfSoul"],"picked":"SKIP","floor":10.0},{"not_picked":["blazmod:Valiance","blazmod:PureOfSoul"],"picked":"blazmod:HoumatsuMugenKochouji","floor":11.0},{"not_picked":["blazmod:Trasient","blazmod:BoulderFlash"],"picked":"blazmod:LoveAndHonor","floor":14.0},{"not_picked":["blazmod:NaturesBeauty","blazmod:VisionsOfButterflies"],"picked":"blazmod:EightLifePilgrimage","floor":16}],"player_experience":369672,"relics_obtained":[{"floor":6.0,"key":"hubris:SlimyHat"},{"floor":9.0,"key":"Replay:Ringing Soul"},{"floor":11.0,"key":"Ginger"}],"event_choices":[{"damage_healed":0.0,"max_hp_gain":0.0,"max_hp_loss":0.0,"gold_gain":0.0,"event_name":"Living Wall","player_choice":"Grow","floor":4.0,"gold_loss":0.0,"damage_taken":0.0,"cards_upgraded":["blazmod:ButterflyEffect"]},{"cards_removed":["blazmod:Strike"],"damage_healed":0.0,"max_hp_gain":0.0,"max_hp_loss":0.0,"gold_gain":0.0,"event_name":"Purifier","player_choice":"Purged","floor":5.0,"gold_loss":0.0,"damage_taken":0.0},{"damage_healed":0.0,"max_hp_gain":0.0,"max_hp_loss":0.0,"gold_gain":0.0,"event_name":"betterMatch:BetterMatch","player_choice":"1","floor":12.0,"gold_loss":0.0,"damage_taken":0.0,"cards_obtained":[]},{"damage_healed":29.0,"max_hp_gain":0.0,"max_hp_loss":0.0,"gold_gain":0.0,"event_name":"Wheel of Change","player_choice":"Full Heal","floor":13.0,"gold_loss":0.0,"damage_taken":0.0}],"is_beta":false,"boss_relics":[{"not_picked":["Snecko Eye","Velvet Choker","Ring of Chaos"]}],"items_purged_floors":[],"is_endless":false,"potions_floor_spawned":[7,11,16],"killed_by":"Chosen","ascension_level":0}}