{"host":"kh6fvhxn285ncg0o","time":1613613362,"event":{"mods":["Act Like it!","BaseMod","Colored Map","Friendly Minions","Keyboard Shortcuts","Minty Spire (QoL Compilation)","Quick Restart","Relic Stats","StSLib","SuperFastMode","UnlockEverythingMod"],"gold_per_floor":[118,118,129,147,147,178,178,222,296,333,348,375,412,195,195,278,278,302,35,53,122,122,160,179,193,193,209,543,62,83,132,132,213,213,232,277,293,293,314,340,340,98,98,98,126,156,168,194,194,194,194,194,194,19,62,62],"floor_reached":57,"language":"KOR","playtime":1603,"items_purged":["Strike_R","Strike_R","Iron Wave","Bash","Dropkick"],"score":3439,"play_id":"47dfa389-80e0-40a7-be28-96c78a5e7e10","local_time":"20210218105601","is_ascension_mode":true,"campfire_choices":[{"data":"Inflame","floor":7,"key":"SMITH"},{"data":"Fire Breathing","floor":15,"key":"SMITH"},{"data":"Fiend Fire","floor":32,"key":"SMITH"},{"floor":41,"key":"RECALL"},{"data":"Body Slam","floor":49,"key":"SMITH"},{"data":"Seeing Red","floor":53,"key":"SMITH"}],"circlet_count":0,"master_deck":["AscendersBane","Defend_R","Defend_R","Defend_R","Defend_R","Reaper","Combust","Seeing Red+1","Fire Breathing+1","Armaments+1","Ghostly Armor+1","Burning Pact+1","Second Wind+1","Fiend Fire+1","Entrench+1","Flex+1","Juggernaut+1","Power Through+1","Feel No Pain+1","Evolve+1","Warcry+1","Barricade+1","Shockwave+1","Impatience+1","Body Slam+1","Shrug It Off+1","Battle Trance+1"],"relics":["Burning Blood","Pocketwatch","Bag of Marbles","CeramicFish","White Beast Statue","Toxic Egg 2","Frozen Egg 2","Orrery","Mark of Pain","Bag of Preparation","Matryoshka","Art of War","Pen Nib","Mercury Hourglass","Old Coin","HornCleat","Regal Pillow","Sozu","CaptainsWheel","Juzu Bracelet","Gremlin Horn","Ginger","Incense Burner"],"acts_visited":["Exordium","TheCity","TheBeyond","TheEnding"],"potions_floor_usage":[8,10,12,23,27,28,51,56],"damage_taken":[{"damage":9,"enemies":"2 Louse","floor":1,"turns":2},{"damage":12,"enemies":"Cultist","floor":3,"turns":4},{"damage":14,"enemies":"Jaw Worm","floor":4,"turns":5},{"damage":30,"enemies":"3 Sentries","floor":6,"turns":6},{"damage":2,"enemies":"Lagavulin","floor":8,"turns":4},{"damage":6,"enemies":"Gremlin Nob","floor":10,"turns":3},{"damage":17,"enemies":"Large Slime","floor":11,"turns":4},{"damage":2,"enemies":"Exordium Thugs","floor":12,"turns":4},{"damage":13,"enemies":"3 Sentries","floor":13,"turns":4},{"damage":7,"enemies":"Slime Boss","floor":16,"turns":5},{"damage":21,"enemies":"2 Thieves","floor":18,"turns":3},{"damage":45,"enemies":"Book of Stabbing","floor":23,"turns":4},{"damage":17,"enemies":"Spheric Guardian","floor":24,"turns":4},{"damage":0,"enemies":"Snecko","floor":25,"turns":4},{"damage":9,"enemies":"Shelled Parasite and Fungi","floor":27,"turns":4},{"damage":33,"enemies":"Slavers","floor":28,"turns":4},{"damage":0,"enemies":"Snake Plant","floor":30,"turns":2},{"damage":0,"enemies":"Collector","floor":33,"turns":6},{"damage":3,"enemies":"Orb Walker","floor":35,"turns":3},{"damage":31,"enemies":"2 Orb Walkers","floor":36,"turns":4},{"damage":0,"enemies":"3 Shapes","floor":37,"turns":3},{"damage":0,"enemies":"Sphere and 2 Shapes","floor":39,"turns":4},{"damage":12,"enemies":"Reptomancer","floor":40,"turns":5},{"damage":18,"enemies":"Jaw Worm Horde","floor":45,"turns":4},{"damage":0,"enemies":"Nemesis","floor":46,"turns":5},{"damage":0,"enemies":"4 Shapes","floor":47,"turns":3},{"damage":0,"enemies":"Sphere and 2 Shapes","floor":48,"turns":5},{"damage":0,"enemies":"Donu and Deca","floor":50,"turns":5},{"damage":0,"enemies":"Time Eater","floor":51,"turns":6},{"damage":0,"enemies":"Shield and Spear","floor":55,"turns":5},{"damage":0,"enemies":"The Heart","floor":56,"turns":7}],"seed_played":"2608032487040344759","potions_obtained":[{"floor":3,"key":"Weak Potion"},{"floor":6,"key":"PowerPotion"},{"floor":10,"key":"SteroidPotion"},{"floor":11,"key":"ColorlessPotion"},{"floor":12,"key":"SteroidPotion"},{"floor":23,"key":"SteroidPotion"},{"floor":24,"key":"DuplicationPotion"},{"floor":27,"key":"DistilledChaos"},{"floor":28,"key":"EssenceOfSteel"},{"floor":30,"key":"Dexterity Potion"}],"is_trial":false,"path_per_floor":["M","?","M","M","?","E","R","E","T","E","M","M","E","$","R","B",null,"M","$","?","T","?","E","M","M","T","M","E","$","M","T","R","B",null,"M","?","M","?","M","E","R","$","T","$","M","E","M","M","R","B","B",null,"R","$","E","B",null],"character_chosen":"IRONCLAD","items_purchased":["Orrery","Bag of Preparation","Evolve+1","HornCleat","Impatience+1"],"campfire_rested":0,"item_purchase_floors":[14,19,29,29,42],"current_hp_per_floor":[65,65,62,54,43,37,37,41,41,51,40,46,60,60,60,68,68,65,65,65,65,65,44,41,51,51,66,54,54,60,60,60,68,68,68,43,49,49,68,62,62,62,62,62,56,62,68,68,68,68,68,68,68,68,68,68],"gold":62,"neow_bonus":"REMOVE_TWO","is_daily":false,"chose_seed":false,"campfire_upgraded":5,"win_rate":0.0,"timestamp":1613613361,"path_taken":["M","?","?","M","?","E","R","E","T","E","M","M","E","$","R","BOSS","M","$","?","?","?","E","M","M","T","M","E","?","?","?","R","BOSS","M","?","M","?","?","E","R","$","T","?","M","E","M","M","R","BOSS","BOSS","R","$","E","BOSS"],"items_purchased_type":["Relic","Relic","Card","Relic","Card"],"build_version":"2020-12-22","purchased_purges":5,"victory":true,"max_hp_per_floor":[68,68,68,68,68,68,68,68,68,68,68,68,68,68,68,68,68,68,68,68,68,68,68,68,68,68,68,68,68,68,68,68,68,68,68,68,68,68,68,68,68,68,68,68,68,68,68,68,68,68,68,68,68,68,68,68],"relic_stats":{"Regal Pillow":0,"Gremlin Horn":[4,6],"counters":[31,129],"CeramicFish":189,"Pen Nib":[4],"Bag of Preparation":[40],"Juzu Bracelet":0,"Ginger":[3],"Burning Blood":143,"Mercury Hourglass":[358],"Sozu":2,"Art of War":[37],"obtain_stats":[{"Regal Pillow":31,"Gremlin Horn":43,"CeramicFish":8,"Pen Nib":26,"Bag of Preparation":19,"Juzu Bracelet":40,"Incense Burner":55,"Ginger":46,"Frozen Egg 2":13,"Burning Blood":0,"White Beast Statue":9,"Mercury Hourglass":26,"Old Coin":28,"Sozu":34,"CaptainsWheel":36,"Matryoshka":21,"HornCleat":29,"Orrery":14,"Mark of Pain":17,"Bag of Marbles":6,"Art of War":23,"Toxic Egg 2":10,"Pocketwatch":5},{"Regal Pillow":17,"Gremlin Horn":23,"CeramicFish":5,"Pen Nib":14,"Bag of Preparation":11,"Juzu Bracelet":23,"Incense Burner":30,"Ginger":25,"Frozen Egg 2":9,"Burning Blood":0,"White Beast Statue":5,"Mercury Hourglass":14,"Old Coin":16,"Sozu":18,"CaptainsWheel":20,"Matryoshka":11,"HornCleat":16,"Orrery":9,"Mark of Pain":10,"Bag of Marbles":4,"Art of War":12,"Toxic Egg 2":6,"Pocketwatch":3},{"Regal Pillow":65,"Gremlin Horn":90,"CeramicFish":21,"Pen Nib":56,"Bag of Preparation":44,"Juzu Bracelet":90,"Incense Burner":122,"Ginger":99,"Frozen Egg 2":36,"Burning Blood":0,"White Beast Statue":21,"Mercury Hourglass":56,"Old Coin":63,"Sozu":71,"CaptainsWheel":78,"Matryoshka":44,"HornCleat":63,"Orrery":36,"Mark of Pain":41,"Bag of Marbles":17,"Art of War":48,"Toxic Egg 2":24,"Pocketwatch":11}],"Pocketwatch":[166]},"card_choices":[{"not_picked":["Anger","Iron Wave"],"picked":"Headbutt","floor":1},{"not_picked":["Ghostly Armor","Havoc"],"picked":"Inflame","floor":3},{"not_picked":["Armaments","Whirlwind"],"picked":"Combust","floor":4},{"not_picked":["Armaments","Perfected Strike"],"picked":"Dropkick","floor":6},{"not_picked":["Sword Boomerang","Blood for Blood"],"picked":"Seeing Red","floor":8},{"not_picked":["Hemokinesis","Pummel"],"picked":"Fire Breathing","floor":10},{"not_picked":["Brutality","Wild Strike","Clothesline"],"picked":"SKIP","floor":11},{"not_picked":["Perfected Strike","Havoc+1"],"picked":"Armaments+1","floor":12},{"not_picked":["Bloodletting+1","Sword Boomerang"],"picked":"Ghostly Armor+1","floor":13},{"not_picked":["Uppercut","Clothesline"],"picked":"Burning Pact+1","floor":14},{"not_picked":["Heavy Blade","Combust+1"],"picked":"Second Wind+1","floor":14},{"not_picked":["Barricade+1","Reaper"],"picked":"Fiend Fire","floor":16},{"not_picked":["Shrug It Off+1","Iron Wave+1"],"picked":"Entrench+1","floor":18},{"not_picked":["Flex+1","Rupture+1"],"picked":"Juggernaut+1","floor":23},{"not_picked":["True Grit+1","Body Slam"],"picked":"Power Through+1","floor":24},{"not_picked":["Entrench+1","Perfected Strike+1","Ghostly Armor+1"],"picked":"SKIP","floor":25},{"not_picked":["Perfected Strike","Uppercut","Infernal Blade+1"],"picked":"SKIP","floor":27},{"not_picked":["Feed","Heavy Blade"],"picked":"Feel No Pain+1","floor":28},{"not_picked":["Flame Barrier+1","Shrug It Off+1"],"picked":"Warcry+1","floor":30},{"not_picked":["Double Tap+1","Limit Break+1"],"picked":"Barricade+1","floor":33},{"not_picked":["Anger+1","True Grit+1","Perfected Strike+1"],"picked":"SKIP","floor":35},{"not_picked":["Perfected Strike","Pummel","Cleave"],"picked":"SKIP","floor":37},{"not_picked":["Twin Strike","Cleave"],"picked":"Shockwave+1","floor":39},{"not_picked":["Armaments+1","Dual Wield+1","Sword Boomerang"],"picked":"SKIP","floor":40},{"not_picked":["Armaments+1","Dual Wield+1","Sword Boomerang"],"picked":"SKIP","floor":40},{"not_picked":["Rage+1","Cleave"],"picked":"Body Slam","floor":45},{"not_picked":["Reckless Charge","Clothesline+1","Pommel Strike"],"picked":"SKIP","floor":46},{"not_picked":["Sentinel+1","Pommel Strike+1","Heavy Blade"],"picked":"SKIP","floor":47},{"not_picked":["Perfected Strike","Havoc+1"],"picked":"Shrug It Off+1","floor":48},{"not_picked":["Cleave","Exhume+1"],"picked":"Battle Trance+1","floor":55}],"player_experience":1439877,"relics_obtained":[{"floor":6,"key":"Bag of Marbles"},{"floor":8,"key":"CeramicFish"},{"floor":9,"key":"White Beast Statue"},{"floor":10,"key":"Toxic Egg 2"},{"floor":13,"key":"Frozen Egg 2"},{"floor":21,"key":"Matryoshka"},{"floor":23,"key":"Art of War"},{"floor":26,"key":"Pen Nib"},{"floor":26,"key":"Mercury Hourglass"},{"floor":28,"key":"Old Coin"},{"floor":31,"key":"Regal Pillow"},{"floor":36,"key":"CaptainsWheel"},{"floor":40,"key":"Juzu Bracelet"},{"floor":43,"key":"Gremlin Horn"},{"floor":46,"key":"Ginger"},{"floor":55,"key":"Incense Burner"}],"event_choices":[{"damage_healed":0,"gold_gain":0,"player_choice":"1 cards matched","damage_taken":0,"max_hp_gain":0,"max_hp_loss":0,"event_name":"Match and Keep!","floor":2,"gold_loss":0,"cards_obtained":["Reaper"]},{"damage_healed":0,"gold_gain":0,"player_choice":"Success","damage_taken":11,"relics_obtained":["Pocketwatch"],"max_hp_gain":0,"max_hp_loss":0,"event_name":"Scrap Ooze","floor":5,"gold_loss":0},{"damage_healed":0,"gold_gain":0,"cards_transformed":["Strike_R","Headbutt"],"player_choice":"Became Test Subject","damage_taken":0,"max_hp_gain":0,"max_hp_loss":0,"event_name":"Drug Dealer","floor":20,"gold_loss":0,"cards_obtained":["Iron Wave","Flex"]},{"damage_healed":0,"gold_gain":0,"player_choice":"Ignored","damage_taken":0,"max_hp_gain":0,"max_hp_loss":0,"event_name":"Vampires","floor":22,"gold_loss":0},{"damage_healed":0,"gold_gain":0,"player_choice":"Fight","damage_taken":0,"max_hp_gain":0,"max_hp_loss":0,"event_name":"Mysterious Sphere","floor":36,"gold_loss":0},{"cards_removed":["Inflame"],"damage_healed":0,"gold_gain":0,"player_choice":"Removed Power","damage_taken":0,"max_hp_gain":0,"max_hp_loss":0,"event_name":"Falling","floor":38,"gold_loss":0}],"is_beta":false,"boss_relics":[{"not_picked":["Black Blood","Fusion Hammer"],"picked":"Mark of Pain"},{"not_picked":["Velvet Choker","Runic Pyramid"],"picked":"Sozu"}],"items_purged_floors":[14,19,29,42,54],"is_endless":false,"potions_floor_spawned":[3,6,10,11,12,13,16,18,23,24,25,27,28,30,33,35,36,37,39,40,45,46,47,48,55],"ascension_level":20}}