{"host":"1ycuxm9gov0tl9zf","time":1613614729,"event":{"mods":["Act Like it!","BaseMod","Colored Powertips","Downfall","Gensokyo","GifTheSpireLib","Hallownest","Marisa£®ÏF”Í°°ƒß¿Ì…≥£©","Minty Spire (QoL Compilation)","Remilia£®¿Ÿ√◊¿Ú—«£©","Replay The Spire","Shop Mod","StSLib","The Administrix","The Animator","The Bug Knight"],"gold_per_floor":[117,117,133,144,144,176,206,237,272,294,306,333,364,164,164,279,279,297,297,397,416,416,416],"floor_reached":22,"language":"ZHS","playtime":2366,"items_purged":["Amnesia"],"score":190,"play_id":"5ab31bc1-e686-4902-91f5-5502a11c33b7","local_time":"20210218101849","is_ascension_mode":false,"campfire_choices":[{"data":"AdministrixMod:GuanyinBlessing","floor":15,"key":"SMITH"}],"circlet_count":0,"master_deck":["AdministrixMod:Strike_Administrix","AdministrixMod:Strike_Administrix","AdministrixMod:Strike_Administrix","AdministrixMod:Strike_Administrix","AdministrixMod:RedCloak","AdministrixMod:Defend_Administrix","AdministrixMod:Defend_Administrix","AdministrixMod:Defend_Administrix","AdministrixMod:Defend_Administrix","AdministrixMod:BlueCloak+1","AdministrixMod:ArmillarySphere","AdministrixMod:BlueCloak","AdministrixMod:JustRewards","AdministrixMod:Transition","AdministrixMod:CastOffRegrets","AdministrixMod:BishamonBlessing","AdministrixMod:Convergence","AdministrixMod:NoblePath","AdministrixMod:ShadowPlay","AdministrixMod:RisingSunPrince","AdministrixMod:RebukeDesires","AdministrixMod:GuanyinBlessing+1","AdministrixMod:CenturiesAscent","AdministrixMod:FiendishCrimson+1","AdministrixMod:FearOfDeath","animator:Curse_Greed","Shame","ReplayTheSpireMod:Faulty Equipment","AdministrixMod:FeastOfDew","RitualDagger","AdministrixMod:TrickOfTheLight+1"],"relics":["AdministrixMod:ConductorRitualBaton","MawBank","Blue Doll","Membership Card","Replay:Ancient Bell","Replay:Rubber Ducky","Mercury Hourglass","FossilizedHelix"],"acts_visited":["Exordium","TheCity"],"potions_floor_usage":[6,6,16],"damage_taken":[{"damage":0,"enemies":"Jaw Worm","floor":1,"turns":4},{"damage":4,"enemies":"Cultist","floor":3,"turns":6},{"damage":1,"enemies":"Small Slimes","floor":4,"turns":4},{"damage":16,"enemies":"Gremlin Nob","floor":6,"turns":4},{"damage":0,"enemies":"Gremlin Gang","floor":7,"turns":3},{"damage":0,"enemies":"Lots of Slimes","floor":8,"turns":2},{"damage":7,"enemies":"Blue Slaver","floor":10,"turns":2},{"damage":2,"enemies":"Looter","floor":12,"turns":3},{"damage":1,"enemies":"Large Slime","floor":13,"turns":4},{"damage":41,"enemies":"The Guardian","floor":16,"turns":10},{"damage":13,"enemies":"Shell Parasite","floor":18,"turns":7},{"damage":12,"enemies":"2 Thieves","floor":21,"turns":4},{"damage":0,"enemies":"Cultist and Chosen","floor":22,"turns":1}],"seed_played":"-6138893535257789432","potions_obtained":[{"floor":1,"key":"Toxic Potion"},{"floor":4,"key":"ColorlessPotion"},{"floor":6,"key":"Elixir"},{"floor":7,"key":"LiquidMemories"},{"floor":13,"key":"ColorlessPotion"}],"is_trial":false,"path_per_floor":["M","?","M","M","?","E","M","M","T","M","?","M","M","$","R","B",null,"M","?","?","M","M"],"character_chosen":"TheAdministrix","items_purchased":["Membership Card","AdministrixMod:CenturiesAscent","AdministrixMod:FiendishCrimson+1"],"campfire_rested":0,"item_purchase_floors":[14,14,14],"current_hp_per_floor":[71,71,67,66,71,55,55,55,55,48,48,46,45,45,45,7,71,61,55,55,43,43,43],"gold":416,"neow_bonus":"TEN_PERCENT_HP_BONUS","is_daily":false,"chose_seed":false,"campfire_upgraded":1,"win_rate":0.0,"timestamp":1613614729,"path_taken":["M","?","M","?","?","E","?","?","T","M","?","M","M","$","R","BOSS","M","?","?","M","?"],"items_purchased_type":["Relic","Card","Card"],"build_version":"2020-12-22","purchased_purges":1,"victory":false,"max_hp_per_floor":[71,71,71,71,71,71,71,71,71,71,71,71,71,71,71,71,71,71,71,71,71,71,71],"card_choices":[{"not_picked":["AdministrixMod:UnstableVigor","AdministrixMod:QuietConspiracy"],"picked":"AdministrixMod:ArmillarySphere","floor":1},{"not_picked":["AdministrixMod:PlateOfAntiquity","AdministrixMod:Wuji"],"picked":"AdministrixMod:CastOffRegrets","floor":3},{"not_picked":["AdministrixMod:ExtolVirtue","AdministrixMod:Metempsychosis"],"picked":"AdministrixMod:BishamonBlessing","floor":4},{"not_picked":["AdministrixMod:Katabasis","AdministrixMod:ImmortalPurity"],"picked":"AdministrixMod:Convergence","floor":6},{"not_picked":["AdministrixMod:PlateOfAntiquity","AdministrixMod:WickedPunishment"],"picked":"AdministrixMod:NoblePath","floor":7},{"not_picked":["AdministrixMod:MixOfMercury","AdministrixMod:FearOfDeath"],"picked":"AdministrixMod:ShadowPlay","floor":8},{"not_picked":["AdministrixMod:QuietConspiracy","AdministrixMod:RegentEdict"],"picked":"AdministrixMod:RisingSunPrince","floor":10},{"not_picked":["AdministrixMod:Katabasis","AdministrixMod:TouchOfCinnabar"],"picked":"AdministrixMod:RebukeDesires","floor":12},{"not_picked":["AdministrixMod:Katabasis","AdministrixMod:SealAway"],"picked":"AdministrixMod:GuanyinBlessing","floor":13},{"not_picked":["AdministrixMod:Mastermind","AdministrixMod:TenDesires"],"picked":"AdministrixMod:FearOfDeath","floor":16},{"not_picked":["Replay:Hysterical Blindness","Normality"],"picked":"animator:Curse_Greed","floor":17},{"not_picked":["Wraith","Sloth_TH"],"picked":"Shame","floor":17},{"not_picked":["Decay","Pain"],"picked":"ReplayTheSpireMod:Faulty Equipment","floor":17},{"not_picked":["AdministrixMod:LightOfYourLife","AdministrixMod:ImmortalPurity"],"picked":"AdministrixMod:FeastOfDew","floor":18},{"not_picked":["AdministrixMod:ImmortalPurity","AdministrixMod:FuneraryRites"],"picked":"AdministrixMod:TrickOfTheLight+1","floor":21}],"player_experience":11037,"relics_obtained":[{"floor":6,"key":"MawBank"},{"floor":9,"key":"Blue Doll"}],"event_choices":[{"damage_healed":0,"gold_gain":0,"player_choice":"4 cards matched","damage_taken":0,"max_hp_gain":0,"max_hp_loss":0,"event_name":"Match and Keep!","floor":2,"gold_loss":0,"cards_obtained":["AdministrixMod:BlueCloak","AdministrixMod:JustRewards","AdministrixMod:Transition","Amnesia"]},{"damage_healed":5,"gold_gain":0,"player_choice":"Full Heal","damage_taken":0,"max_hp_gain":0,"max_hp_loss":0,"event_name":"Wheel of Change","floor":5,"gold_loss":0},{"damage_healed":0,"gold_gain":0,"player_choice":"Joined the Cult","damage_taken":6,"max_hp_gain":0,"max_hp_loss":0,"event_name":"Nest","floor":19,"gold_loss":0,"cards_obtained":["RitualDagger"]},{"damage_healed":0,"gold_gain":100,"player_choice":"Pray","damage_taken":0,"max_hp_gain":0,"max_hp_loss":0,"event_name":"Golden Shrine","floor":20,"gold_loss":0}],"is_beta":false,"boss_relics":[{"not_picked":["Replay:Wanted Poster","Sozu"],"picked":"Replay:Ancient Bell"},{"not_picked":["Replay:Mystery Machine","ScarletDevilRocket"],"picked":"Replay:Rubber Ducky"},{"not_picked":["Snack Pack","White Beast Statue"],"picked":"Mercury Hourglass"},{"not_picked":["TungstenRod","Durian"],"picked":"FossilizedHelix"}],"items_purged_floors":[14],"is_endless":false,"potions_floor_spawned":[1,4,6,7,13],"killed_by":"Cultist and Chosen","ascension_level":0}}