{"host":"27wa8ufp4ryspt1p","time":1613692796,"event":{"mods":["2.2 Compatiblity","A Penny For Your Troubles","Abigail Mod","Act Like it!","Aspiration","BaseMod","Better Altar","Better Match","Better Note","Better Skull","Better Third Choice","Colored Map","Conspire","Curses Come First","Dota2Spire","Downfall-Rebalance","Elementarium","Energized Spire","Fox Events","Friendly Minions","Gensokyo","GifTheSpireLib","Gold Saver","Halation","Hallownest","HololiveMod","Hubris","Humility","Infinite Spire","Keyboard Shortcuts","Menagerie","Mimic Mod","Minty Spire (QoL Compilation)","Pale of the Ancients","Poor People Problems","Quarter Circle Forward PUNCH!","Reimu??????","Relic Filter Mod","Relic Sorter","Relic Stats","Reliquary","Replay The Spire","Reworked Bosses","Shop Mod","Spicy Shops","Spikes Relics","Spire Arcade","StSLib","Stuff the Spire","SuperFastMode","The Cursed","The Exalted","The Judge","The Necromancer","Trackpad","Waifu the Spire","Wandering Minibosses","[IsaacMod]????","??????REMEMod","????"],"gold_per_floor":[2450,1728,1741,1754,1854,1854,1889,1764,2141,2173,2184,2184,2215,2231,1803,1895,1919,1928,1928,1928,1955,2002,2057,2057,1875,1941,1941,1941,2015,2015,2096,1828,1952,1952,2018,2095,2166,2441,2441,2336,2453,2334,2442,2538,2331,2331,2421,2572,2471,2490,2614,2747,2922,2922,2537,2537,2683,2338,2023,2023,2037],"floor_reached":62,"language":"SPA","playtime":11027,"items_purged":["Pain","trackpad:EnergeticOption","Normality","Normality","hubris:Greed","Normality","Pride","hubris:Greed","hubris:Greed","Pain","Regret"],"score":3760,"play_id":"3415d1b1-2a6e-4eb8-bf33-52852c3e3539","local_time":"20210218175956","daily_mods":["SealedDeck","Colorless Cards","Heirloom","Elite Swarm","Lethality"],"is_ascension_mode":true,"campfire_choices":[{"data":"conspire:Banana","floor":6,"key":"SMITH"},{"data":"DoctorFetus","floor":12,"key":"SMITH"},{"floor":24,"key":"RECALL"},{"data":"Specialist","floor":27,"key":"SMITH"},{"data":"SubcavityFantasy:ReiMu","floor":30,"key":"SMITH"},{"data":"expansioncontent:DefensiveStance","floor":46,"key":"SMITH"},{"data":"REME_AllRoundStrike","floor":56,"key":"SMITH"}],"circlet_count":0,"master_deck":["AscendersBane","Amulet:ReiMu","SubAcupoint:ReiMu","SafetyPray:ReiMu","NineCharacters:ReiMu","Bandage Up","Specialist+1","conspire:Banana+1","Replay:Sssssssssstrike","expansioncontent:CaCaw","Amulet:ReiMu","InherentArray:ReiMu+1","DoctorFetus+1","Conquer:ReiMu","RainPray2:ReiMu","expansioncontent:DefensiveStance+1","hubris:EnhanceAbility+1","CareerPray:ReiMu+1","SubcavityFantasy:ReiMu+1","Sadistic Nature+1","SubAcupoint:ReiMu","FoulBorder2:ReiMu+1","REME_ProfessionalPlagiarism","StuffTheSpire:FreeRealEstate","REME_EyeOfCthun","Sadistic Nature+1","infinitespire:NeuralNetwork+1","AbeCurse","infinitespire:UltimateForm+1","Sickly","hubris:Greed","hubris:Greed","hubris:Greed","hubris:Greed","SubAcupoint:ReiMu","hubris:Greed","REME_AllRoundStrike+1","Mayhem+1","Mayhem+1","NineCharacters:ReiMu+1","hubris:Greed","hubris:Greed","Specialist+1","hubris:Greed","hubris:Greed","REME_EyeOfCthun","OctopathBindingBorder2:ReiMu+1","Clumsy","LovePray:ReiMu","Panache+1","ReplayTheSpireMod:Private Reserves","expansioncontent:Chronoboost+1","Bandage Up","Impatience","FineLineFantasy:ReiMu+1","hubris:Greed","hubris:Greed","hubris:Greed","hubris:Greed","EpicFetus+1","NineCharacters:ReiMu+1","ReplayTheSpireMod:Private Reserves","ReplayUltimateDefense+1","FineLineFantasy:ReiMu+1","hubris:Greed","hubris:Greed","hubris:Greed","hubris:Greed","hubris:Greed","hubris:Greed","hubris:Greed","hubris:Greed","hubris:Greed","hubris:Greed","MikOfLucky:ReiMu+1","MikOfLucky:ReiMu+1","REME_HeartOfCthun","UniversalSpiritual:ReiMu+1","UniversalSpiritual:ReiMu+1","Specialist+1"],"relics":["FlyPower:ReiMu","GuppysHead","paleoftheancients:SoulOfTheHexaghost","HushsDoor","REME_ComplimentaryCards","StuffTheSpire:MayFlowers","DoctorsRemote","Membership Card","MerchantsRug","aspiration:TomeofQuesting","Hololive_LightStick","TheBattery","Frozen Egg 2","LugNut","Replay:Ringing Soul","Thread and Needle","REME_HandOfSuture","Abe\u0027s Treasure","reliquary:JackalopeAntler","Ring of Panic","StuffTheSpire:Expresso","Guardian:BottledAnomaly","Singing Bowl","Chameleon Ring","reliquary:Knoch","reliquary:PartyBalloon","ClockworkSouvenir","energizedSpire:SpiderWeb","halation:IllGainedPizza","Smiling Mask","Toy Ornithopter","Replay:Rubber Ducky","ReplayTheSpireMod:CursedCoin","aspiration:FetidBarrel","CaptainsWheel","reliquary:CitrusReamer","paleoftheancients:Timepiece","paleoftheancients:KeyRelic","Oddly Smooth Stone","Bronze Scales","BranchBurnRelic","StuffTheSpire:ForceGauntlet","HandDrill","BicycleWheel"],"acts_visited":["Menagerie:Menagerie","Hallownest:CityofTears","TheBeyond","paleoftheancients:PaleOfTheAncients"],"potions_floor_usage":[23,61,61,61,61,61],"damage_taken":[{"damage":0,"enemies":"Menagerie:MonstrousExperiment","floor":3,"turns":3},{"damage":1,"enemies":"Menagerie:WhisperingWraith","floor":4,"turns":3},{"damage":22,"enemies":"Menagerie:MaskedSummoner","floor":7,"turns":4},{"damage":0,"enemies":"Menagerie:StygianBoar","floor":9,"turns":18},{"damage":0,"enemies":"Menagerie:VoidReaper","floor":10,"turns":4},{"damage":0,"enemies":"Menagerie:StygianBoar","floor":11,"turns":2},{"damage":19,"enemies":"Menagerie:MaskedSummoner","floor":13,"turns":4},{"damage":0,"enemies":"Menagerie:EntropyWarlock","floor":14,"turns":2},{"damage":0,"enemies":"Menagerie:Chimera","floor":16,"turns":7},{"damage":0,"enemies":"Hallownest:2_Mistakes","floor":18,"turns":4},{"damage":0,"enemies":"Hallownest:Flukemon_and_Top","floor":21,"turns":2},{"damage":0,"enemies":"Hallownest:Warrior_and_Youth","floor":22,"turns":2},{"damage":43,"enemies":"Hallownest:eliteSoulWarrior","floor":23,"turns":3},{"damage":0,"enemies":"Hallownest:monsterShrumalOgre","floor":26,"turns":6},{"damage":0,"enemies":"Hallownest:Nosk","floor":29,"turns":2},{"damage":0,"enemies":"Hallownest:eliteWatcherKnight","floor":31,"turns":6},{"damage":8,"enemies":"Hallownest:BossMantisLord","floor":33,"turns":3},{"damage":48,"enemies":"3 Darklings","floor":35,"turns":3},{"damage":4,"enemies":"3 Shapes","floor":36,"turns":2},{"damage":21,"enemies":"3 Darklings","floor":37,"turns":3},{"damage":36,"enemies":"Nemesis","floor":41,"turns":5},{"damage":0,"enemies":"Jaw Worm Horde","floor":43,"turns":4},{"damage":0,"enemies":"R_Hoarder","floor":44,"turns":3},{"damage":0,"enemies":"Jaw Worm Horde","floor":47,"turns":2},{"damage":0,"enemies":"Transient","floor":48,"turns":6},{"damage":11,"enemies":"infinitespire:MassOfShapes","floor":50,"turns":3},{"damage":0,"enemies":"bossMod:newAwakened","floor":51,"turns":5},{"damage":0,"enemies":"bossMod:newAwakened","floor":52,"turns":3},{"damage":147,"enemies":"bossMod:newAwakened","floor":53,"turns":4},{"damage":0,"enemies":"bossMod:newAwakened","floor":57,"turns":4},{"damage":0,"enemies":"paleoftheancients:N","floor":61,"turns":6}],"seed_played":"5234973140982233135","potions_obtained":[{"floor":10,"key":"Toxic Potion"},{"floor":11,"key":"LiquidFlight:ReiMu"},{"floor":16,"key":"Regen Potion"},{"floor":18,"key":"Strength Potion"},{"floor":21,"key":"Swift Potion"},{"floor":36,"key":"SpeedPotion"},{"floor":37,"key":"Doom Potion"},{"floor":44,"key":"PowerPotion"},{"floor":53,"key":"Adrenaline Potion"}],"is_trial":true,"path_per_floor":["?","$","M","M","?","R","E","?","MIM","E","M","R","E","M","R","B",null,"M","AVR","?","M","M","E","R","$","MIM","R","?","E","R","E","R","B",null,"M","M","M","?","?","R","E","R","MIM","E","$","R","M","M","R","B","B","M","M","?","$","R","M","R","$","?","B",null],"character_chosen":"REIMU","items_purchased":["InherentArray:ReiMu+1","Membership Card","MerchantsRug","aspiration:TomeofQuesting","trackpad:AdjectivePendant","Hololive_LightStick","TheBattery","DoctorFetus","Conquer:ReiMu","Replay:Ringing Soul","Thread and Needle","REME_HandOfSuture","StuffTheSpire:BottledEssence","FoulBorder2:ReiMu+1","ReplayTheSpireMod:ShopPack","halation:NonexistentMirror","Mayhem+1","NineCharacters:ReiMu+1","Guardian:BottledAnomaly","OctopathBindingBorder2:ReiMu+1","reliquary:PartyBalloon","ClockworkSouvenir","LovePray:ReiMu","FineLineFantasy:ReiMu+1","halation:IllGainedPizza","Smiling Mask","NineCharacters:ReiMu+1","Replay:Rubber Ducky","ReplayTheSpireMod:CursedCoin","aspiration:FetidBarrel","ReplayTheSpireMod:Private Reserves","FineLineFantasy:ReiMu+1","reliquary:CitrusReamer","MikOfLucky:ReiMu+1","MikOfLucky:ReiMu+1","REME_HeartOfCthun","Dead Branch","UniversalSpiritual:ReiMu+1","StuffTheSpire:ForceGauntlet","HandDrill","EntropicBrew","UniversalSpiritual:ReiMu+1","BicycleWheel","Specialist+1"],"campfire_rested":0,"item_purchase_floors":[2,2,2,2,2,2,2,2,2,15,15,15,15,15,15,25,25,25,25,32,32,32,32,40,40,40,42,42,42,42,42,45,45,49,55,55,55,58,58,58,58,59,59,59],"current_hp_per_floor":[54,54,59,61,61,61,45,45,57,63,63,63,50,50,53,75,80,87,90,93,96,105,69,69,72,90,90,90,92,92,110,113,108,130,93,91,79,82,77,80,53,56,58,61,64,64,69,87,90,79,164,181,117,107,110,110,163,166,169,169,208],"gold":2037,"neow_bonus":"","is_daily":false,"chose_seed":false,"campfire_upgraded":6,"win_rate":0.0,"timestamp":1613692796,"path_taken":["?","$","M","?","?","R","E","?","MIM","E","M","R","E","?","R","BOSS","M","AVR","?","M","M","E","R","$","MIM","R","?","E","R","E","R","BOSS","M","?","M","?","?","R","E","R","MIM","E","$","R","M","M","R","BOSS","BOSS","M","M","?","$","R","M","R","$","?","BOSS"],"items_purchased_type":["Card","Relic","Relic","Relic","Relic","Relic","Relic","Card","Card","Relic","Relic","Relic","Relic","Card","Relic","Relic","Card","Card","Relic","Card","Relic","Relic","Card","Card","Relic","Relic","Card","Relic","Relic","Relic","Card","Card","Relic","Card","Card","Card","Relic","Card","Relic","Relic","Potion","Card","Relic","Card"],"build_version":"2020-12-22","purchased_purges":11,"victory":true,"max_hp_per_floor":[60,60,61,62,62,62,64,64,66,68,68,68,70,70,73,82,82,87,90,93,96,105,112,112,115,122,122,122,124,124,131,134,137,137,140,142,147,150,155,158,163,166,168,171,174,174,179,186,189,189,191,193,195,195,198,198,200,203,206,206,208],"relic_stats":{"Singing Bowl":18,"counters":[31,127],"Bronze Scales":[169],"HandDrill":[0],"Smiling Mask":439,"obtain_stats":[{"reliquary:PartyBalloon":32,"StuffTheSpire:BottledEssence":15,"Replay:Ringing Soul":15,"reliquary:CitrusReamer":45,"HandDrill":58,"trackpad:AdjectivePendant":2,"LugNut":13,"KeepersGift":0,"MerchantsRug":2,"paleoftheancients:KeyRelic":51,"hubris:Teleporter":10,"ReplayTheSpireMod:CursedCoin":42,"Dead Branch":55,"StuffTheSpire:ForceGauntlet":58,"Oddly Smooth Stone":51,"reliquary:JackalopeAntler":19,"paleoftheancients:Timepiece":51,"StuffTheSpire:MayFlowers":0,"Bronze Scales":51,"reliquary:Knoch":31,"FlyPower:ReiMu":0,"HushsDoor":0,"Abe\u0027s Treasure":19,"Singing Bowl":26,"aspiration:TomeofQuesting":2,"TheBattery":2,"Smiling Mask":40,"ClockworkSouvenir":32,"Replay:Rubber Ducky":42,"BranchBurnRelic":56,"Chameleon Ring":29,"Ring of Panic":20,"Guardian:BottledAnomaly":25,"BicycleWheel":59,"DoctorsRemote":0,"aspiration:FetidBarrel":42,"paleoftheancients:SoulOfTheHexaghost":57,"StuffTheSpire:Expresso":23,"halation:IllGainedPizza":40,"Thread and Needle":15,"aspiration:RandomNobGenerator":17,"Frozen Egg 2":7,"energizedSpire:SpiderWeb":34,"halation:NonexistentMirror":25,"Hololive_LightStick":2,"CaptainsWheel":44,"REME_HandOfSuture":15,"Membership Card":2,"GuppysHead":43,"Toy Ornithopter":41,"REME_ComplimentaryCards":0,"ReplayTheSpireMod:ShopPack":15},{"reliquary:PartyBalloon":16,"StuffTheSpire:BottledEssence":8,"Replay:Ringing Soul":8,"reliquary:CitrusReamer":23,"HandDrill":30,"trackpad:AdjectivePendant":0,"LugNut":7,"KeepersGift":0,"MerchantsRug":0,"paleoftheancients:KeyRelic":27,"hubris:Teleporter":5,"ReplayTheSpireMod:CursedCoin":21,"Dead Branch":29,"StuffTheSpire:ForceGauntlet":30,"Oddly Smooth Stone":27,"reliquary:JackalopeAntler":10,"paleoftheancients:Timepiece":27,"StuffTheSpire:MayFlowers":0,"Bronze Scales":27,"reliquary:Knoch":16,"FlyPower:ReiMu":0,"HushsDoor":0,"Abe\u0027s Treasure":10,"Singing Bowl":14,"aspiration:TomeofQuesting":0,"TheBattery":0,"Smiling Mask":20,"ClockworkSouvenir":16,"Replay:Rubber Ducky":21,"BranchBurnRelic":29,"Chameleon Ring":15,"Ring of Panic":10,"Guardian:BottledAnomaly":13,"BicycleWheel":30,"DoctorsRemote":0,"aspiration:FetidBarrel":21,"paleoftheancients:SoulOfTheHexaghost":30,"StuffTheSpire:Expresso":13,"halation:IllGainedPizza":20,"Thread and Needle":8,"aspiration:RandomNobGenerator":9,"Frozen Egg 2":3,"energizedSpire:SpiderWeb":17,"halation:NonexistentMirror":13,"Hololive_LightStick":0,"CaptainsWheel":23,"REME_HandOfSuture":8,"Membership Card":0,"GuppysHead":22,"Toy Ornithopter":21,"REME_ComplimentaryCards":0,"ReplayTheSpireMod:ShopPack":8},{"reliquary:PartyBalloon":72,"StuffTheSpire:BottledEssence":40,"Replay:Ringing Soul":40,"reliquary:CitrusReamer":95,"HandDrill":121,"trackpad:AdjectivePendant":0,"LugNut":38,"KeepersGift":0,"MerchantsRug":0,"paleoftheancients:KeyRelic":111,"hubris:Teleporter":32,"ReplayTheSpireMod:CursedCoin":88,"Dead Branch":118,"StuffTheSpire:ForceGauntlet":121,"Oddly Smooth Stone":111,"reliquary:JackalopeAntler":51,"paleoftheancients:Timepiece":111,"StuffTheSpire:MayFlowers":0,"Bronze Scales":111,"reliquary:Knoch":72,"FlyPower:ReiMu":0,"HushsDoor":0,"Abe\u0027s Treasure":51,"Singing Bowl":64,"aspiration:TomeofQuesting":0,"TheBattery":0,"Smiling Mask":83,"ClockworkSouvenir":72,"Replay:Rubber Ducky":88,"BranchBurnRelic":118,"Chameleon Ring":66,"Ring of Panic":51,"Guardian:BottledAnomaly":58,"BicycleWheel":121,"DoctorsRemote":0,"aspiration:FetidBarrel":88,"paleoftheancients:SoulOfTheHexaghost":121,"StuffTheSpire:Expresso":58,"halation:IllGainedPizza":83,"Thread and Needle":40,"aspiration:RandomNobGenerator":47,"Frozen Egg 2":10,"energizedSpire:SpiderWeb":75,"halation:NonexistentMirror":58,"Hololive_LightStick":0,"CaptainsWheel":95,"REME_HandOfSuture":40,"Membership Card":0,"GuppysHead":92,"Toy Ornithopter":88,"REME_ComplimentaryCards":0,"ReplayTheSpireMod:ShopPack":40}],"Toy Ornithopter":25},"card_choices":[{"not_picked":[],"picked":"ChaosCard","floor":0},{"not_picked":["AlertArray:ReiMu","TightArray:ReiMu"],"picked":"RainPray2:ReiMu","floor":3},{"not_picked":["Panacea","SubAcupoint:ReiMu"],"picked":"expansioncontent:DefensiveStance","floor":4},{"not_picked":["Poisoned Strike","Midas Touch"],"picked":"hubris:EnhanceAbility+1","floor":7},{"not_picked":["OrbThrow:ReiMu+1","Conquer:ReiMu+1"],"picked":"CareerPray:ReiMu+1","floor":8},{"not_picked":["Free:ReiMu","REME_WheelOfFate"],"picked":"SubcavityFantasy:ReiMu","floor":10},{"not_picked":["ReplayTheSpireMod:Uncanny Aura","AlertArray:ReiMu","BettingIsNotGood"],"picked":"SKIP","floor":11},{"not_picked":["DoctorFetus+1","The Bomb"],"picked":"Sadistic Nature+1","floor":13},{"not_picked":["WonderfulDomain:ReiMu","SubcavityInstant:ReiMu"],"picked":"SubAcupoint:ReiMu","floor":14},{"not_picked":["REME_BattleFury","Midas Touch"],"picked":"REME_ProfessionalPlagiarism","floor":15},{"not_picked":["REME_MagicPocketWatch","StuffTheSpire:PlasmaPunch"],"picked":"StuffTheSpire:FreeRealEstate","floor":15},{"not_picked":["expansioncontent:QuickStudy","Bomb"],"picked":"REME_EyeOfCthun","floor":15},{"not_picked":["CleanRite:ReiMu","REME_AllRoundStrike"],"picked":"Sadistic Nature+1","floor":16},{"not_picked":["Madness","OrbThrow:ReiMu","Intuition:ReiMu"],"picked":"SKIP","floor":18},{"not_picked":["EmergencyTakeOff:ReiMu","TightArray:ReiMu+1","SubcavityInstant:ReiMu"],"picked":"SKIP","floor":21},{"not_picked":["Finesse","SafetyPray:ReiMu"],"picked":"SubAcupoint:ReiMu","floor":22},{"not_picked":["Battery","REME_BattleFury+1"],"picked":"REME_AllRoundStrike","floor":23},{"not_picked":["Meditation:ReiMu","FineLineFantasy:ReiMu+1"],"picked":"Specialist+1","floor":26},{"not_picked":["Secret Weapon","REME_BuildACard","Thinking Ahead"],"picked":"Singing Bowl","floor":29},{"not_picked":["Poisoned Strike","Free:ReiMu"],"picked":"REME_EyeOfCthun","floor":31},{"not_picked":["Mayhem+1","PrayRite:ReiMu"],"picked":"Panache+1","floor":33},{"not_picked":["Conquer:ReiMu+1","Meditation:ReiMu"],"picked":"ReplayTheSpireMod:Private Reserves","floor":35},{"not_picked":["OrbThrow:ReiMu","SafetyPray:ReiMu","expansioncontent:ChargeUp"],"picked":"Singing Bowl","floor":36},{"not_picked":["Dark Shackles","expansioncontent:BronzeBeam+1"],"picked":"expansioncontent:Chronoboost+1","floor":37},{"not_picked":["expansioncontent:LastStand+1","expansioncontent:SlimeTackle"],"picked":"Bandage Up","floor":39},{"not_picked":["StuffTheSpire:PlasmaPunch","StuffTheSpire:PlasmaPulse"],"picked":"Impatience","floor":39},{"not_picked":["Battery","expansioncontent:PolyBeam","StuffTheSpire:Recharge"],"picked":"Singing Bowl","floor":39},{"not_picked":["Authority:ReiMu","ReplayTheSpireMod:Necrogeddon"],"picked":"EpicFetus+1","floor":41},{"not_picked":["expansioncontent:FaceSlap","Trip","RainPray2:ReiMu+1"],"picked":"Singing Bowl","floor":43},{"not_picked":["Midas Touch","Sadistic Nature+1"],"picked":"ReplayUltimateDefense+1","floor":44},{"not_picked":["SpreadBorder2:ReiMu+1","Amulet:ReiMu","BettingIsNotGood"],"picked":"Singing Bowl","floor":47},{"not_picked":["Intuition:ReiMu","TightArray:ReiMu","expansioncontent:DefensiveMode+1"],"picked":"Singing Bowl","floor":48},{"not_picked":["CareerPray:ReiMu","Revelation:ReiMu","SubcavityInstant:ReiMu"],"picked":"Singing Bowl","floor":52},{"not_picked":["AirStrike:ReiMu","Forethought","Degenerate"],"picked":"Singing Bowl","floor":53},{"not_picked":["AlertArray:ReiMu","CollectionFlower2:ReiMu+1","RainPray2:ReiMu"],"picked":"Singing Bowl","floor":57}],"player_experience":4028750,"relics_obtained":[{"floor":7,"key":"Frozen Egg 2"},{"floor":10,"key":"hubris:Teleporter"},{"floor":13,"key":"LugNut"},{"floor":20,"key":"Ring of Panic"},{"floor":23,"key":"StuffTheSpire:Expresso"},{"floor":26,"key":"Singing Bowl"},{"floor":29,"key":"Chameleon Ring"},{"floor":31,"key":"reliquary:Knoch"},{"floor":41,"key":"Toy Ornithopter"},{"floor":43,"key":"GuppysHead"},{"floor":44,"key":"CaptainsWheel"},{"floor":57,"key":"paleoftheancients:SoulOfTheHexaghost"}],"event_choices":[{"damage_healed":0,"gold_gain":0,"player_choice":"2","damage_taken":0,"max_hp_gain":0,"max_hp_loss":0,"event_name":"betterMatch:BetterMatch","floor":8,"gold_loss":0,"cards_obtained":["betterMatch:CommonCard"]},{"damage_healed":0,"gold_gain":275,"player_choice":"Desecrate","damage_taken":0,"max_hp_gain":0,"max_hp_loss":0,"event_name":"Golden Shrine","floor":38,"gold_loss":0,"cards_obtained":["Regret"]},{"damage_healed":0,"gold_gain":0,"player_choice":"Memory 3","damage_taken":10,"max_hp_gain":0,"max_hp_loss":0,"event_name":"SensoryStone","floor":39,"gold_loss":0},{"damage_healed":0,"gold_gain":0,"player_choice":"Leave","damage_taken":0,"max_hp_gain":0,"max_hp_loss":0,"event_name":"conspire:Investor","floor":54,"gold_loss":0}],"is_beta":false,"boss_relics":[{"not_picked":["sneckomod:SneckoTalon","DonationBox:ReiMu"],"picked":"aspiration:RandomNobGenerator"},{"not_picked":[]},{"not_picked":["Bromod:ArcaneBarrier","conspire:RoyalGoblet"],"picked":"energizedSpire:SpiderWeb"},{"not_picked":[]}],"items_purged_floors":[2,19,25,32,42,45,45,49,55,58,59],"is_endless":false,"potions_floor_spawned":[10,11,13,16,18,21,22,36,37,44,53],"ascension_level":20,"is_humility":true}}