{"host":"sw6p9u0oh417cx03","time":1613673604,"event":{"mods":["AchievementEnabler","Act Like it!","BaseMod","CapriCore","DeckTracker","Highlight Path","Minty Spire (QoL Compilation)","Quick Restart","StSLib"],"gold_per_floor":[110,110,110,110,185,185,225,225,252,252,285,54,67,91,91,222,222,237,256,281,31,31,31,31],"floor_reached":23,"language":"ZHS","playtime":461,"items_purged":["Parasite","Strike_G"],"score":346,"play_id":"8df67f7a-f27c-449e-bb9b-d39d35290ecd","local_time":"20210219024004","is_ascension_mode":true,"campfire_choices":[{"data":"Neutralize","floor":6.0,"key":"SMITH"},{"floor":10.0,"key":"RECALL"},{"data":"Bouncing Flask","floor":15.0,"key":"SMITH"}],"circlet_count":0,"master_deck":["Strike_G","Strike_G","Strike_G","Defend_G","Defend_G","Defend_G","Defend_G","Defend_G","Survivor","Neutralize+1","Bouncing Flask+1","Caltrops","Acrobatics","Corpse Explosion","Prepared"],"relics":["Ring of the Snake","NeowsBlessing","Golden Idol","Letter Opener","Matryoshka","Snake Skull","Dream Catcher","TwistedFunnel","Philosopher\u0027s Stone","Medical Kit"],"acts_visited":["Exordium","TheCity"],"potions_floor_usage":[16,20,20,23,23],"damage_taken":[{"damage":0.0,"enemies":"Small Slimes","floor":1.0,"turns":1.0},{"damage":0.0,"enemies":"Lagavulin","floor":7.0,"turns":1.0},{"damage":0.0,"enemies":"Gremlin Nob","floor":11.0,"turns":1.0},{"damage":7.0,"enemies":"Jaw Worm","floor":13.0,"turns":3.0},{"damage":0.0,"enemies":"2 Louse","floor":14.0,"turns":2.0},{"damage":12,"enemies":"Hexaghost","floor":16,"turns":5},{"damage":6,"enemies":"Shell Parasite","floor":18,"turns":3},{"damage":22,"enemies":"2 Thieves","floor":19,"turns":4},{"damage":22,"enemies":"Shelled Parasite and Fungi","floor":20,"turns":4},{"damage":9,"enemies":"Slavers","floor":23,"turns":1}],"seed_played":"2227899104316128882","potions_obtained":[{"floor":1.0,"key":"EssenceOfSteel"},{"floor":11.0,"key":"Energy Potion"},{"floor":14.0,"key":"DuplicationPotion"},{"floor":16,"key":"Block Potion"},{"floor":20,"key":"SpeedPotion"}],"is_trial":false,"path_per_floor":["M","?","?","?","?","R","E","?","T","R","E","$","M","M","R","B",null,"M","M","M","$","?","E"],"character_chosen":"THE_SILENT","items_purchased":["TwistedFunnel","Medical Kit"],"campfire_rested":0,"item_purchase_floors":[12,21],"current_hp_per_floor":[63,63,56,49,38,38,38,54,54,54,54,54,47,47,47,35,55,49,27,5,5,5,0,0],"gold":31,"neow_bonus":"THREE_ENEMY_KILL","is_daily":false,"chose_seed":false,"campfire_upgraded":2,"win_rate":0.0,"timestamp":1613673604,"path_taken":["M","?","?","?","?","R","E","?","T","R","E","?","M","M","R","BOSS","M","M","M","$","?","E"],"items_purchased_type":["Relic","Relic"],"build_version":"2020-12-22","purchased_purges":2,"victory":false,"max_hp_per_floor":[70,65,65,65,65,65,65,65,65,65,65,62,62,62,62,62,62,62,62,62,62,62,62,62],"card_choices":[{"not_picked":["Blur","Choke","Deadly Poison"],"picked":"SKIP","floor":1.0},{"not_picked":["Flying Knee","Cloak And Dagger","Outmaneuver"],"picked":"SKIP","floor":7.0},{"not_picked":["Cloak And Dagger","Outmaneuver"],"picked":"Bouncing Flask","floor":11.0},{"not_picked":["Flechettes","Setup"],"picked":"Caltrops","floor":13.0},{"not_picked":["Masterful Stab","Slice"],"picked":"Acrobatics","floor":14.0},{"not_picked":["Wraith Form v2","Adrenaline"],"picked":"Corpse Explosion","floor":16},{"not_picked":["Finisher","Bane","Endless Agony"],"picked":"SKIP","floor":18},{"not_picked":["Poisoned Stab+1","Dagger Throw+1"],"picked":"Prepared","floor":19},{"not_picked":["Outmaneuver","Underhanded Strike","Bane"],"picked":"SKIP","floor":20}],"player_experience":381190,"relics_obtained":[{"floor":7.0,"key":"Matryoshka"},{"floor":9.0,"key":"Snake Skull"},{"floor":11.0,"key":"Dream Catcher"}],"event_choices":[{"damage_healed":0.0,"max_hp_gain":0.0,"max_hp_loss":5.0,"gold_gain":0.0,"event_name":"Golden Idol","player_choice":"Lose Max HP","floor":2.0,"gold_loss":0.0,"damage_taken":0.0,"relics_obtained":["Golden Idol"]},{"cards_removed":["Strike_G"],"damage_healed":0.0,"max_hp_gain":0.0,"max_hp_loss":0.0,"gold_gain":0.0,"event_name":"Golden Wing","player_choice":"Card Removal","floor":3.0,"gold_loss":0.0,"damage_taken":7.0},{"damage_healed":0.0,"max_hp_gain":0.0,"max_hp_loss":0.0,"gold_gain":0.0,"event_name":"Scrap Ooze","player_choice":"Success","floor":4.0,"gold_loss":0.0,"damage_taken":7.0,"relics_obtained":["Letter Opener"]},{"damage_healed":0.0,"max_hp_gain":0.0,"max_hp_loss":0.0,"gold_gain":75.0,"event_name":"World of Goop","player_choice":"Gather Gold","floor":5.0,"gold_loss":0.0,"damage_taken":11.0},{"damage_healed":16.0,"max_hp_gain":0.0,"max_hp_loss":0.0,"gold_gain":0.0,"event_name":"Mushrooms","player_choice":"Healed and dodged fight","floor":8.0,"gold_loss":0.0,"damage_taken":0.0,"cards_obtained":["Parasite"]},{"damage_healed":0,"gold_gain":0,"player_choice":"Ignored","damage_taken":0,"max_hp_gain":0,"max_hp_loss":0,"event_name":"N\u0027loth","floor":22,"gold_loss":0}],"is_beta":false,"boss_relics":[{"not_picked":["Fusion Hammer","SacredBark"],"picked":"Philosopher\u0027s Stone"}],"items_purged_floors":[12,21],"is_endless":false,"potions_floor_spawned":[1,11,14,16,20],"killed_by":"Slavers","ascension_level":8}}