{"host":"8lvnnmfamkc2d31d","time":1613628886,"event":{"mods":["2.2 Compatiblity","Act Like it!","BaseMod","Better Skull","Better Third Choice","Colored Map","Hermit","Minty Spire (QoL Compilation)","Relic Stats","Ruina","StSLib"],"gold_per_floor":[115,290,305,380,380,380,380],"floor_reached":6,"language":"ENG","playtime":307,"items_purged":[],"score":37,"play_id":"d744a4ae-9fc1-41e9-9f78-3f8ff2f6b66f","local_time":"20210218001446","is_ascension_mode":true,"campfire_choices":[],"circlet_count":0,"master_deck":["hermit:Strike_Hermit","hermit:Strike_Hermit","hermit:Strike_Hermit+1","hermit:Strike_Hermit","hermit:Defend_Hermit+1","hermit:Defend_Hermit","hermit:Defend_Hermit","hermit:Defend_Hermit","hermit:Snapshot","hermit:Covet","hermit:Roughhouse","Doubt","hermit:SprayPray"],"relics":["hermit:Momento"],"acts_visited":["Exordium"],"potions_floor_usage":[],"damage_taken":[{"damage":3.0,"enemies":"2 Louse","floor":1.0,"turns":2.0},{"damage":1.0,"enemies":"Small Slimes","floor":3.0,"turns":3.0},{"damage":27,"enemies":"3 Sentries","floor":6,"turns":5}],"seed_played":"-7466766131901651514","potions_obtained":[{"floor":3.0,"key":"ColorlessPotion"}],"is_trial":false,"path_per_floor":["M","?","M","?","?","E"],"character_chosen":"HERMIT","items_purchased":[],"campfire_rested":0,"item_purchase_floors":[],"current_hp_per_floor":[51,51,50,39,24,0,0],"gold":380,"neow_bonus":"THREE_RARE_CARDS","is_daily":false,"chose_seed":false,"campfire_upgraded":0,"win_rate":0.0,"timestamp":1613628886,"path_taken":["M","?","M","?","?","E"],"items_purchased_type":[],"build_version":"2020-12-22","purchased_purges":0,"victory":false,"max_hp_per_floor":[75,75,75,75,75,75,75],"relic_stats":{"counters":[3,10],"obtain_stats":[{"hermit:Momento":0},{"hermit:Momento":0},{"hermit:Momento":0}]},"card_choices":[{"not_picked":["hermit:FinalCanter","hermit:FromBeyond"],"picked":"hermit:Roughhouse","floor":0.0},{"not_picked":["hermit:Desperado","hermit:LuckOfTheDraw","hermit:BodyArmor"],"picked":"SKIP","floor":1.0},{"not_picked":["hermit:WideOpen","hermit:Manifest"],"picked":"hermit:SprayPray","floor":3.0}],"player_experience":464969,"relics_obtained":[],"event_choices":[{"damage_healed":0.0,"max_hp_gain":0.0,"max_hp_loss":0.0,"gold_gain":175.0,"event_name":"betterThird:BetterSerpent","player_choice":"AGREE","floor":2.0,"gold_loss":0.0,"damage_taken":115.0},{"damage_healed":0.0,"max_hp_gain":0.0,"max_hp_loss":0.0,"gold_gain":75.0,"event_name":"betterThird:BetterGoop","player_choice":"Gold","floor":4.0,"gold_loss":0.0,"damage_taken":11.0},{"damage_healed":39.0,"max_hp_gain":0.0,"max_hp_loss":75.0,"gold_gain":0.0,"event_name":"betterThird:BetterShining","player_choice":"Upgrade","floor":5.0,"gold_loss":0.0,"damage_taken":15.0,"cards_upgraded":["hermit:Strike_Hermit","hermit:Defend_Hermit"]}],"is_beta":false,"boss_relics":[],"items_purged_floors":[],"is_endless":false,"potions_floor_spawned":[3],"killed_by":"3 Sentries","ascension_level":2}}