{"host":"zrerxgu8lagrk16e","time":1613621858,"event":{"mods":["AchievementEnabler","BaseMod","Better Altar","Better Match","Better Note","Better Sensory Stone","Better Skull","Better Third Choice","BetterRewards","Colored Map","Colored Powertips","Minty Spire (QoL Compilation)","Quick Restart","Relic Stats","StSLib","slay the spire mod where everything is the same but ironclad has a cowboy hat"],"gold_per_floor":[110,185,185,185,205,235,235,262,262,297,297,397,432,447,447,544,544,559,559,572,572,590,590,226,445,469,469,482,511,522,40,40,136,136,152,31,46,346,365,400,400,418,418,447,33,61,61,61,61,61],"floor_reached":51,"language":"ENG","playtime":1695,"items_purged":[],"score":1470,"play_id":"92d7ba2a-b016-4bcd-9403-0287ecd249c7","local_time":"20210217231738","is_ascension_mode":true,"campfire_choices":[{"data":"True Grit","floor":7.0,"key":"SMITH"},{"data":"Hemokinesis","floor":11.0,"key":"SMITH"},{"floor":15.0,"key":"REST"},{"data":"Bludgeon","floor":23.0,"key":"SMITH"},{"data":"Feed","floor":27.0,"key":"SMITH"},{"data":"Blood for Blood","floor":32.0,"key":"SMITH"},{"floor":49,"key":"REST"}],"circlet_count":0,"master_deck":["Strike_R","Strike_R","Strike_R","Strike_R+1","Defend_R","Defend_R","Defend_R+1","Defend_R","Bash+1","Clothesline","Hemokinesis+1","True Grit+1","Cleave","Fiend Fire","Rampage","Sword Boomerang","Feed+1","Flame Barrier","Pommel Strike","J.A.X.+1","Bludgeon+1","Juggernaut","Shrug It Off","Blood for Blood+1","Swift Strike","Disarm+1","Rampage","Blood for Blood+1","Corruption","CurseOfTheBell","Seeing Red","True Grit","Havoc","Warcry","Ghostly Armor","Seeing Red","Blood for Blood","Offering","Seeing Red","Offering","Seeing Red+1","Pain"],"relics":["Burning Blood","NeowsBlessing","The Courier","Pear","Bag of Marbles","Gremlin Horn","Whetstone","Happy Flower","Snecko Eye","Bronze Scales","Vajra","Lee\u0027s Waffle","Anchor","Dead Branch","Calling Bell","Smiling Mask","Singing Bowl","Magic Flower","Dream Catcher","Lantern","Mummified Hand","War Paint","Cauldron","Regal Pillow","WarpedTongs"],"acts_visited":["Exordium","TheCity","TheBeyond"],"potions_floor_usage":[44,44,46,50],"damage_taken":[{"damage":0.0,"enemies":"2 Louse","floor":1.0,"turns":1.0},{"damage":0.0,"enemies":"Jaw Worm","floor":5.0,"turns":1.0},{"damage":0.0,"enemies":"Gremlin Nob","floor":6.0,"turns":1.0},{"damage":44.0,"enemies":"Lagavulin","floor":8.0,"turns":6.0},{"damage":14.0,"enemies":"Gremlin Nob","floor":10.0,"turns":3.0},{"damage":27.0,"enemies":"Lagavulin","floor":13.0,"turns":4.0},{"damage":0.0,"enemies":"Small Slimes","floor":14.0,"turns":2.0},{"damage":7.0,"enemies":"Slime Boss","floor":16.0,"turns":6.0},{"damage":5.0,"enemies":"Chosen","floor":18.0,"turns":3.0},{"damage":0.0,"enemies":"Shell Parasite","floor":20.0,"turns":2.0},{"damage":22.0,"enemies":"Shelled Parasite and Fungi","floor":22.0,"turns":4.0},{"damage":2.0,"enemies":"3 Cultists","floor":28.0,"turns":2.0},{"damage":15.0,"enemies":"Book of Stabbing","floor":29.0,"turns":3.0},{"damage":0.0,"enemies":"Snake Plant","floor":30.0,"turns":1.0},{"damage":66.0,"enemies":"Champ","floor":33.0,"turns":7.0},{"damage":20,"enemies":"3 Darklings","floor":35,"turns":3},{"damage":0,"enemies":"Orb Walker","floor":37,"turns":2},{"damage":3,"enemies":"Sphere and 2 Shapes","floor":39,"turns":1},{"damage":9,"enemies":"Giant Head","floor":40,"turns":3},{"damage":2,"enemies":"4 Shapes","floor":42,"turns":2},{"damage":45,"enemies":"Reptomancer","floor":44,"turns":4},{"damage":17,"enemies":"Giant Head","floor":46,"turns":5},{"damage":80,"enemies":"Awakened One","floor":50,"turns":8}],"seed_played":"-1264552051729367998","potions_obtained":[{"floor":5.0,"key":"PowerPotion"},{"floor":10.0,"key":"PowerPotion"},{"floor":13.0,"key":"LiquidMemories"},{"floor":14.0,"key":"HeartOfIron"},{"floor":16.0,"key":"Fire Potion"},{"floor":18.0,"key":"SneckoOil"},{"floor":20.0,"key":"SteroidPotion"},{"floor":37,"key":"LiquidMemories"},{"floor":42,"key":"BlessingOfTheForge"},{"floor":45,"key":"SkillPotion"},{"floor":45,"key":"LiquidMemories"},{"floor":46,"key":"Block Potion"}],"is_trial":false,"path_per_floor":["M","?","?","?","M","E","R","E","T","E","R","?","E","M","R","B",null,"M","?","M","?","M","R","$","?","T","R","M","E","M","$","R","B",null,"M","$","M","?","M","E","T","M","T","E","$","E","?","?","R","B",null],"character_chosen":"IRONCLAD","items_purchased":["Bronze Scales","Juggernaut","Shrug It Off","Blood for Blood","Swift Strike","Lee\u0027s Waffle","Anchor","Dead Branch","True Grit","Havoc","Warcry","Offering","Seeing Red","Offering","Cauldron"],"campfire_rested":2,"item_purchase_floors":[24,24,24,24,24,31,31,31,36,36,36,45,45,45,45],"current_hp_per_floor":[78,67,67,67,73,89,89,51,51,43,43,43,22,28,55,54,81,82,82,88,88,72,72,72,50,50,50,58,53,59,105,105,45,90,79,79,90,90,96,96,96,105,105,69,69,67,67,67,115,48],"gold":61,"neow_bonus":"THREE_ENEMY_KILL","is_daily":false,"chose_seed":false,"campfire_upgraded":5,"win_rate":0.0,"timestamp":1613621858,"path_taken":["M","?","?","?","?","E","R","E","T","E","R","?","E","?","R","BOSS","M","?","?","?","M","R","$","?","T","R","M","E","?","$","R","BOSS","BOSS","M","$","M","?","?","E","?","M","T","E","$","E","?","?","R","BOSS"],"items_purchased_type":["Relic","Card","Card","Card","Card","Relic","Relic","Relic","Card","Card","Card","Card","Card","Card","Relic"],"build_version":"2020-12-22","purchased_purges":0,"victory":true,"max_hp_per_floor":[80,80,80,80,80,90,90,90,90,90,90,90,90,90,90,90,90,90,90,90,90,90,90,90,90,90,90,94,98,98,105,105,105,105,105,105,107,107,107,107,107,109,109,109,109,113,113,113,115,119],"relic_stats":{"Lee\u0027s Waffle":46,"Regal Pillow":13,"Gremlin Horn":[18,19],"Happy Flower":[19],"Singing Bowl":6,"counters":[33,102],"Dead Branch":[126],"Magic Flower":[26],"Whetstone":["Strike_R","Strike_R"],"War Paint":["Defend_R","J.A.X."],"Smiling Mask":0,"Burning Blood":162,"WarpedTongs":[8],"Dream Catcher":1,"Mummified Hand":[16],"Bronze Scales":[87],"Snecko Eye":[100,98,109,94],"obtain_stats":[{"Darkstone Periapt":0,"Lantern":41,"Regal Pillow":46,"Gremlin Horn":9,"Singing Bowl":34,"Vajra":29,"Magic Flower":34,"Whetstone":10,"Cursed Key":0,"Smiling Mask":4,"Boot":9,"Burning Blood":0,"Dream Catcher":40,"Mummified Hand":43,"Strawberry":6,"Lee\u0027s Waffle":31,"Pear":6,"NeowsBlessing":0,"Happy Flower":13,"Dead Branch":31,"Oddly Smooth Stone":8,"The Courier":3,"War Paint":44,"WarpedTongs":48,"Du-Vu Doll":0,"Calling Bell":34,"SlaversCollar":17,"Cauldron":45,"Anchor":31,"Bronze Scales":24,"Snecko Eye":17,"Bag of Marbles":8},{"Darkstone Periapt":0,"Lantern":29,"Regal Pillow":32,"Gremlin Horn":14,"Singing Bowl":25,"Vajra":23,"Magic Flower":25,"Whetstone":15,"Cursed Key":0,"Smiling Mask":2,"Boot":3,"Burning Blood":0,"Dream Catcher":29,"Mummified Hand":30,"Strawberry":3,"Lee\u0027s Waffle":24,"Pear":13,"NeowsBlessing":10,"Happy Flower":16,"Dead Branch":24,"Oddly Smooth Stone":3,"The Courier":11,"War Paint":31,"WarpedTongs":32,"Du-Vu Doll":0,"Calling Bell":25,"SlaversCollar":8,"Cauldron":31,"Anchor":24,"Bronze Scales":21,"Snecko Eye":18,"Bag of Marbles":14},{"Darkstone Periapt":0,"Lantern":83,"Regal Pillow":94,"Gremlin Horn":37,"Singing Bowl":74,"Vajra":66,"Magic Flower":74,"Whetstone":40,"Cursed Key":0,"Smiling Mask":3,"Boot":6,"Burning Blood":0,"Dream Catcher":83,"Mummified Hand":85,"Strawberry":6,"Lee\u0027s Waffle":67,"Pear":31,"NeowsBlessing":28,"Happy Flower":44,"Dead Branch":67,"Oddly Smooth Stone":6,"The Courier":29,"War Paint":89,"WarpedTongs":94,"Du-Vu Doll":0,"Calling Bell":74,"SlaversCollar":22,"Cauldron":89,"Anchor":67,"Bronze Scales":61,"Snecko Eye":52,"Bag of Marbles":37}]},"card_choices":[{"not_picked":["Wild Strike","Heavy Blade"],"picked":"Clothesline","floor":1.0},{"not_picked":["Entrench","Clash"],"picked":"Hemokinesis","floor":5.0},{"not_picked":["Perfected Strike","Double Tap"],"picked":"True Grit","floor":6.0},{"not_picked":["Shrug It Off","True Grit"],"picked":"Cleave","floor":8.0},{"not_picked":["Evolve","Body Slam"],"picked":"Fiend Fire","floor":10.0},{"not_picked":["Body Slam","Intimidate"],"picked":"Rampage","floor":13.0},{"not_picked":["Intimidate","Rage"],"picked":"Sword Boomerang","floor":14.0},{"not_picked":["Demon Form","Juggernaut"],"picked":"Feed","floor":16.0},{"not_picked":["Shrug It Off","Twin Strike"],"picked":"Flame Barrier","floor":18.0},{"not_picked":["Havoc","Body Slam"],"picked":"Pommel Strike","floor":20.0},{"not_picked":["Sword Boomerang","Perfected Strike"],"picked":"Bludgeon","floor":22.0},{"not_picked":["Clothesline","Sever Soul+1"],"picked":"Disarm+1","floor":28.0},{"not_picked":["Sword Boomerang","Headbutt"],"picked":"Rampage","floor":29.0},{"not_picked":["Fire Breathing+1","True Grit"],"picked":"Blood for Blood+1","floor":30.0},{"not_picked":["Immolate","Impervious"],"picked":"Corruption","floor":33},{"not_picked":["Perfected Strike","Thunderclap+1"],"picked":"Seeing Red","floor":35},{"not_picked":["Inflame+1","Warcry","Battle Trance+1"],"picked":"Singing Bowl","floor":37},{"not_picked":["Cleave","Battle Trance"],"picked":"Ghostly Armor","floor":39},{"not_picked":["Warcry+1","Iron Wave+1"],"picked":"Seeing Red","floor":40},{"not_picked":["Clothesline","Whirlwind","Heavy Blade+1"],"picked":"Singing Bowl","floor":42},{"not_picked":["Thunderclap+1","Sword Boomerang+1"],"picked":"Blood for Blood","floor":44},{"not_picked":["Hemokinesis","Battle Trance+1"],"picked":"Seeing Red+1","floor":46},{"not_picked":["Cleave+1","Thunderclap+1","True Grit"],"picked":"Singing Bowl","floor":49}],"player_experience":226207,"relics_obtained":[{"floor":6.0,"key":"Pear"},{"floor":8.0,"key":"Bag of Marbles"},{"floor":9.0,"key":"Gremlin Horn"},{"floor":10.0,"key":"Whetstone"},{"floor":13.0,"key":"Happy Flower"},{"floor":29.0,"key":"Vajra"},{"floor":34,"key":"Smiling Mask"},{"floor":34,"key":"Singing Bowl"},{"floor":34,"key":"Magic Flower"},{"floor":40,"key":"Dream Catcher"},{"floor":41,"key":"Lantern"},{"floor":43,"key":"Mummified Hand"},{"floor":44,"key":"War Paint"},{"floor":46,"key":"Regal Pillow"}],"event_choices":[{"damage_healed":0.0,"max_hp_gain":0.0,"max_hp_loss":0.0,"gold_gain":75.0,"event_name":"betterThird:BetterGoop","player_choice":"Gold","floor":2.0,"gold_loss":0.0,"damage_taken":11.0},{"damage_healed":0.0,"max_hp_gain":0.0,"max_hp_loss":0.0,"gold_gain":0.0,"event_name":"Big Fish","player_choice":"Box","floor":3.0,"gold_loss":0.0,"damage_taken":0.0,"relics_obtained":["The Courier"],"cards_obtained":["Regret"]},{"damage_healed":0.0,"max_hp_gain":0.0,"max_hp_loss":0.0,"gold_gain":0.0,"event_name":"Upgrade Shrine","player_choice":"Upgraded","floor":4.0,"gold_loss":0.0,"damage_taken":0.0,"cards_upgraded":["Bash"]},{"damage_healed":0.0,"max_hp_gain":0.0,"max_hp_loss":0.0,"gold_gain":100.0,"event_name":"Golden Shrine","player_choice":"Pray","floor":12.0,"gold_loss":0.0,"damage_taken":0.0},{"cards_removed":["Regret"],"damage_healed":0.0,"max_hp_gain":0.0,"max_hp_loss":0.0,"gold_gain":0.0,"event_name":"Purifier","player_choice":"Purged","floor":19.0,"gold_loss":0.0,"damage_taken":0.0},{"damage_healed":0.0,"max_hp_gain":0.0,"max_hp_loss":0.0,"gold_gain":0.0,"event_name":"Drug Dealer","player_choice":"Obtain J.A.X.","floor":21.0,"gold_loss":0.0,"damage_taken":0.0,"cards_obtained":["J.A.X."]},{"damage_healed":0.0,"max_hp_gain":0.0,"max_hp_loss":0.0,"gold_gain":219.0,"event_name":"betterSkull:BetterSkull","player_choice":"GO GO ","floor":25.0,"gold_loss":0.0,"damage_taken":24.0,"cards_upgraded":[],"relics_obtained":[]},{"damage_healed":0,"gold_gain":300,"player_choice":"Gold","damage_taken":0,"max_hp_gain":0,"max_hp_loss":0,"event_name":"Wheel of Change","floor":38,"gold_loss":0},{"cards_removed":["Strike_R"],"damage_healed":0,"gold_gain":0,"player_choice":"Removed Attack","damage_taken":0,"max_hp_gain":0,"max_hp_loss":0,"event_name":"Falling","floor":47,"gold_loss":0},{"damage_healed":0,"gold_gain":0,"player_choice":"Rummage","damage_taken":0,"relics_obtained":["WarpedTongs"],"max_hp_gain":0,"max_hp_loss":0,"event_name":"Accursed Blacksmith","floor":48,"gold_loss":0,"cards_obtained":["Pain"]}],"is_beta":false,"boss_relics":[{"not_picked":["Runic Pyramid","SacredBark"],"picked":"Snecko Eye"},{"not_picked":["Cursed Key","Black Blood"],"picked":"Calling Bell"}],"items_purged_floors":[],"is_endless":false,"potions_floor_spawned":[5,10,13,14,16,18,20,22,37,42,46],"ascension_level":7}}