{"host":"xf2qgw60ouc7kuj7","time":1613610144,"event":{"mods":["100% Spire Juice","Act Like it!","Arknights","BaseMod","Bestiary","Better Altar","Better Match","Better Note","Better Sensory Stone","Better Skull","Better Third Choice","Curses Come First","Dark Map","Friendly Minions","Gensokyo","Hallownest","HololiveMod","Marisa????????","Marked Mod","Minty Spire (QoL Compilation)","Quick Restart","Rare Cards Sparkle","Relic Stats","Reliquary","Robot Space Explorer","Ruina","StSLib","The Bug Knight","Waifu the Spire"],"gold_per_floor":[115,127,143,64,78,105,105,105,181,181,181,211,225,255,255,255,255],"floor_reached":16,"language":"ENG","playtime":750,"items_purged":[],"score":120,"play_id":"f90f2fed-506e-4b30-85be-d597176f2e33","local_time":"20210217170224","is_ascension_mode":false,"campfire_choices":[{"floor":7,"key":"RECALL"},{"floor":11,"key":"REST"},{"floor":15,"key":"REST"}],"circlet_count":0,"master_deck":["ats:Strike C","ats:Strike G","ats:Strike S","ats:Strike V","ats:Armor Crushing Shot","ats:Defend","ats:Defend","ats:Defend","ats:Defend","ats:Emotion Absorption","ats:Overload+1","ats:Shadow Raid","ats:Assault Order","ats:Volcano","ats:Volcano","ats:Absolute Focus","ats:Flexible Camouflage"],"relics":["ats:Sanity","ats:Originium","Ice Cream","Gensokyo:PortableGap","reliquary:Boomerang","Art of War","Bag of Marbles"],"acts_visited":["Gensokyo:Gensokyo"],"potions_floor_usage":[5,6,12,14],"damage_taken":[{"damage":3,"enemies":"Gensokyo:2_Kodama","floor":1,"turns":5},{"damage":1,"enemies":"Gensokyo:Python","floor":2,"turns":3},{"damage":6,"enemies":"Gensokyo:3_Fairies","floor":3,"turns":4},{"damage":0,"enemies":"Gensokyo:LivingMonolith","floor":5,"turns":3},{"damage":9,"enemies":"Gensokyo:Mamizou","floor":6,"turns":9},{"damage":14,"enemies":"Gensokyo:Cirno","floor":12,"turns":5},{"damage":3,"enemies":"Gensokyo:Python_and_Kodama","floor":13,"turns":4},{"damage":18,"enemies":"Gensokyo:Mamizou","floor":14,"turns":7},{"damage":39,"enemies":"Gensokyo:Kokoro","floor":16,"turns":5}],"seed_played":"8841977340197548757","potions_obtained":[{"floor":1,"key":"Energy Potion"},{"floor":2,"key":"ats:Burn Small Potion"},{"floor":5,"key":"Weak Potion"},{"floor":13,"key":"SneckoOil"}],"is_trial":false,"path_per_floor":["M","M","M","$","M","E","R","?","T","?","R","E","M","E","R","B"],"character_chosen":"DOCTOR_CLASS","items_purchased":["ats:Volcano"],"campfire_rested":2,"item_purchase_floors":[4],"current_hp_per_floor":[76,75,69,69,69,60,60,60,60,34,55,41,38,20,39,0,0],"gold":255,"neow_bonus":"TEN_PERCENT_HP_BONUS","is_daily":false,"chose_seed":false,"campfire_upgraded":0,"win_rate":0.0,"timestamp":1613610144,"path_taken":["M","M","M","$","M","E","R","?","T","?","R","E","?","E","R","BOSS"],"items_purchased_type":["Card"],"build_version":"2020-12-22","purchased_purges":0,"victory":false,"max_hp_per_floor":[79,79,79,79,79,79,79,72,72,72,69,69,66,66,66,66,66],"relic_stats":{"counters":[9,45],"Art of War":[0],"obtain_stats":[{"Ice Cream":6,"reliquary:Boomerang":10,"ats:Originium":6,"Art of War":12,"Bag of Marbles":14,"ats:Sanity":0,"Gensokyo:PortableGap":8},{"Ice Cream":5,"reliquary:Boomerang":5,"ats:Originium":5,"Art of War":6,"Bag of Marbles":8,"ats:Sanity":0,"Gensokyo:PortableGap":5},{"Ice Cream":24,"reliquary:Boomerang":24,"ats:Originium":24,"Art of War":29,"Bag of Marbles":40,"ats:Sanity":0,"Gensokyo:PortableGap":24}]},"card_choices":[{"not_picked":["ats:Closed Bolt Burst Fire","ats:Thermite Blade"],"picked":"ats:Overload","floor":1},{"not_picked":["ats:Very Hot Blade","ats:Apocalypse"],"picked":"ats:Shadow Raid","floor":2},{"not_picked":["ats:Steam Pump","ats:Very Hot Blade"],"picked":"ats:Assault Order","floor":3},{"not_picked":["ats:Support Order","ats:Consecutive Shot Auto"],"picked":"ats:Volcano","floor":5},{"not_picked":["ats:Soul Absorption","ats:Counter Healing Mode","ats:Magnetic Hammer"],"picked":"SKIP","floor":6},{"not_picked":["ats:Curse Doll","ats:Guard Mode"],"picked":"ats:Absolute Focus","floor":12},{"not_picked":["ats:Apocalypse","ats:Guardian Obelisk","ats:Sashimi Platter"],"picked":"SKIP","floor":13},{"not_picked":["ats:Automatic Cover","ats:Curse Doll"],"picked":"ats:Flexible Camouflage","floor":14}],"player_experience":290068,"relics_obtained":[{"floor":6,"key":"ats:Originium"},{"floor":6,"key":"Ice Cream"},{"floor":12,"key":"ats:Originium"},{"floor":12,"key":"Art of War"},{"floor":14,"key":"ats:Originium"},{"floor":14,"key":"Bag of Marbles"}],"event_choices":[{"damage_healed":0,"gold_gain":0,"player_choice":"RE UP ","damage_taken":30,"relics_obtained":["reliquary:Boomerang"],"max_hp_gain":0,"max_hp_loss":0,"event_name":"betterSkull:BetterSkull","floor":10,"gold_loss":0,"cards_upgraded":["ats:Overload"]}],"is_beta":false,"boss_relics":[],"items_purged_floors":[],"is_endless":false,"potions_floor_spawned":[1,2,5,13],"killed_by":"Gensokyo:Kokoro","ascension_level":0}}