{"host":"j5shy70asow5koz5","time":1613648355,"event":{"mods":["2.2 Compatiblity","Act Like it!","Arknights","BaseMod","Colored Map","Marisa£¨Ùöéë¡¡Øª×âÞÞ£©","Minty Spire (QoL Compilation)","Prisma Mod","StSLib","SuperFastMode","Td1madao Mod","The Disciple","The Gatherer","The Servant 0.9.4","Waifu the Spire"],"gold_per_floor":[18,93,105,30,30,30,62,72,72,72,86,96,96,122,122,196,196,196,136,36,36,36,36],"floor_reached":22,"language":"KOR","playtime":1420,"items_purged":["Strike_MRS","Strike_MRS"],"score":349,"play_id":"d3dc50a3-9466-4444-ac2f-0e7a8b62bdcb","local_time":"20210218203915","is_ascension_mode":true,"campfire_choices":[{"data":"MasterSpark","floor":6.0,"key":"SMITH"},{"floor":10.0,"key":"REST"},{"floor":13.0,"key":"REST"},{"floor":15.0,"key":"REST"}],"circlet_count":0,"master_deck":["AscendersBane","Strike_MRS","Strike_MRS","Defend_MRS","Defend_MRS","Defend_MRS","Defend_MRS","MasterSpark+1","UpSweep","MilkyWay","MasterSpark","6A","UnstableBomb","MilkyWay","MillisecondPulsars","OneTimeOff+1"],"relics":["MiniHakkero","Ginger","InkBottle","HandmadeGrimoire","Mango","Ectoplasm"],"acts_visited":["Exordium","TheCity"],"potions_floor_usage":[19],"damage_taken":[{"damage":7.0,"enemies":"Jaw Worm","floor":1.0,"turns":3.0},{"damage":1.0,"enemies":"Cultist","floor":3.0,"turns":3.0},{"damage":37.0,"enemies":"Lagavulin","floor":7.0,"turns":8.0},{"damage":3.0,"enemies":"Small Slimes","floor":8.0,"turns":3.0},{"damage":11.0,"enemies":"2 Fungi Beasts","floor":11.0,"turns":3.0},{"damage":2.0,"enemies":"3 Louse","floor":12.0,"turns":3.0},{"damage":8.0,"enemies":"3 Sentries","floor":14.0,"turns":6.0},{"damage":16,"enemies":"Slime Boss","floor":16,"turns":11},{"damage":9,"enemies":"Chosen","floor":18,"turns":4},{"damage":26,"enemies":"2 Thieves","floor":19,"turns":4},{"damage":0,"enemies":"Snake Plant","floor":22,"turns":1}],"seed_played":"8623147707866881959","potions_obtained":[{"floor":7.0,"key":"Strength Potion"},{"floor":12.0,"key":"EssenceOfSteel"},{"floor":16,"key":"AttackPotion"}],"is_trial":false,"path_per_floor":["M","?","M","$","?","R","E","M","T","R","M","M","R","E","R","B",null,"M","M","$","?","M"],"character_chosen":"MARISA","items_purchased":[],"campfire_rested":3,"item_purchase_floors":[],"current_hp_per_floor":[56,45,44,44,44,44,7,4,4,25,14,12,33,39,64,48,75,66,40,40,16,16,16],"gold":36,"neow_bonus":"ONE_RARE_RELIC","is_daily":false,"chose_seed":false,"campfire_upgraded":1,"win_rate":0.0,"timestamp":1613648355,"path_taken":["M","?","M","$","?","R","E","M","T","R","M","M","R","E","R","BOSS","M","?","$","?","M"],"items_purchased_type":[],"build_version":"2020-12-22","purchased_purges":2,"victory":false,"max_hp_per_floor":[70,70,70,70,70,70,70,70,70,70,70,70,70,84,84,84,84,84,84,84,89,89,89],"card_choices":[{"not_picked":["6A","MeteoricShower"],"picked":"MilkyWay","floor":1.0},{"not_picked":["OrrerysSun","DarkSpark","ShootingEcho"],"picked":"SKIP","floor":3.0},{"not_picked":["GravityBeat","DC","ShootingEcho"],"picked":"SKIP","floor":7.0},{"not_picked":["EnergyRecoil","ManaConvection","WitchOfGreed"],"picked":"SKIP","floor":8.0},{"not_picked":["BigCrunch","OpenUniverse"],"picked":"6A","floor":11.0},{"not_picked":["WitchOfGreed","LuminesStrike"],"picked":"UnstableBomb","floor":12.0},{"not_picked":["EarthLightRay","LuminesStrike"],"picked":"MilkyWay","floor":14.0},{"not_picked":["TreasureHunter","BigCrunch"],"picked":"MillisecondPulsars","floor":16},{"not_picked":["PulseMagic","SuperPerseids","OneTimeOff"],"picked":"SKIP","floor":18},{"not_picked":["ChargingUp","DoubleSpark"],"picked":"OneTimeOff+1","floor":19}],"player_experience":115956,"relics_obtained":[{"floor":7.0,"key":"InkBottle"},{"floor":9.0,"key":"HandmadeGrimoire"},{"floor":14.0,"key":"Mango"}],"event_choices":[{"damage_healed":0.0,"max_hp_gain":0.0,"max_hp_loss":0.0,"gold_gain":75.0,"event_name":"World of Goop","player_choice":"Gather Gold","floor":2.0,"gold_loss":0.0,"damage_taken":11.0},{"damage_healed":0.0,"max_hp_gain":0.0,"max_hp_loss":0.0,"gold_gain":0.0,"event_name":"Match and Keep!","player_choice":"1 cards matched","floor":5.0,"gold_loss":0.0,"damage_taken":0.0,"cards_obtained":["MasterSpark"]},{"damage_healed":0,"gold_gain":0,"player_choice":"Shed Blood","damage_taken":29,"max_hp_gain":5,"max_hp_loss":0,"event_name":"Forgotten Altar","floor":21,"gold_loss":0}],"is_beta":false,"boss_relics":[{"not_picked":["Sozu","Philosopher\u0027s Stone"],"picked":"Ectoplasm"}],"items_purged_floors":[4,20],"is_endless":false,"potions_floor_spawned":[7,12,16],"killed_by":"Snake Plant","ascension_level":16}}