{"host":"phapnj0danpxvjlm","time":1613617477,"event":{"mods":["BaseMod","Better Note","Better Third Choice","Bossed Relics","Colored Powertips","Downfall","Hermit","Minty Spire (QoL Compilation)","Permanent Neow","Quick Restart","Rare Cards Sparkle","Spire Arcade","StSLib","The Animator","The Necromancer","The Wild Card"],"gold_per_floor":[110,110,110,110,124,124,144,144,144,204,204,216,228,198,198,298,298,313,327,327,341,341,341],"floor_reached":22,"language":"ENG","playtime":656,"items_purged":[],"score":178,"play_id":"df34fb16-95f6-42b9-80a9-41ca7c6ed691","local_time":"20210218040437","is_ascension_mode":false,"campfire_choices":[{"data":"theWildCard:Michael","floor":6,"key":"SMITH"},{"floor":8,"key":"REST"},{"data":"hermit:Headshot","floor":11,"key":"SMITH"},{"floor":15,"key":"REST"}],"circlet_count":0,"master_deck":["hermit:Strike_Hermit","hermit:Strike_Hermit","hermit:Strike_Hermit","hermit:Strike_Hermit","hermit:Defend_Hermit","hermit:Defend_Hermit","hermit:Defend_Hermit","hermit:Defend_Hermit","hermit:Snapshot","hermit:Covet","hermit:FatalDesire","hermit:Brawl+1","theWildCard:Michael+1","Melter","hermit:Headshot+1","hermit:HeroicBravado","hermit:Quickdraw+1","hermit:Virtue"],"relics":["hermit:Momento","Happy Flower","Bottled Tornado","Black Star"],"acts_visited":["Exordium","TheCity"],"potions_floor_usage":[20,21],"damage_taken":[{"damage":3,"enemies":"Small Slimes","floor":1,"turns":3},{"damage":6,"enemies":"2 Louse","floor":5,"turns":3},{"damage":1,"enemies":"Cultist","floor":7,"turns":3},{"damage":20,"enemies":"Looter","floor":12,"turns":3},{"damage":11,"enemies":"2 Fungi Beasts","floor":13,"turns":3},{"damage":40,"enemies":"Hexaghost","floor":16,"turns":8},{"damage":12,"enemies":"Shell Parasite","floor":18,"turns":4},{"damage":41,"enemies":"2 Thieves","floor":19,"turns":4},{"damage":0,"enemies":"3 Cultists","floor":20,"turns":2},{"damage":20,"enemies":"Shelled Parasite and Fungi","floor":21,"turns":4},{"damage":4,"enemies":"Cultist and Chosen","floor":22,"turns":1}],"seed_played":"6943301260467769823","potions_obtained":[{"floor":1,"key":"LiquidBronze"},{"floor":5,"key":"Fire Potion"},{"floor":12,"key":"SpeedPotion"},{"floor":14,"key":"DuplicationPotion"},{"floor":14,"key":"SmokeBomb"},{"floor":21,"key":"SpeedPotion"}],"is_trial":false,"path_per_floor":["M","?","?","?","M","R","M","R","T","?","R","M","M","?","R","B",null,"M","M","M","M","M"],"character_chosen":"HERMIT","items_purchased":[],"campfire_rested":2,"item_purchase_floors":[],"current_hp_per_floor":[72,72,72,56,50,50,49,71,71,71,71,51,40,40,62,22,75,63,22,22,2,0,0],"gold":341,"neow_bonus":"ONE_RANDOM_RARE_CARD","is_daily":false,"chose_seed":false,"campfire_upgraded":2,"win_rate":0.0,"timestamp":1613617477,"path_taken":["M","?","?","?","M","R","M","R","T","?","R","M","M","?","R","BOSS","M","?","M","M","M"],"items_purchased_type":[],"build_version":"2020-12-22","purchased_purges":0,"victory":false,"max_hp_per_floor":[75,75,75,75,75,75,75,75,75,75,75,75,75,75,75,75,75,75,75,75,75,75,75],"card_choices":[{"not_picked":["hermit:Showdown","hermit:HighCaliber"],"picked":"hermit:Brawl","floor":1},{"not_picked":["hermit:GhostlyPresence","hermit:Midnight"],"picked":"hermit:Headshot","floor":5},{"not_picked":["hermit:GhostlyPresence","hermit:Misfire","hermit:Desperado"],"picked":"SKIP","floor":7},{"not_picked":["hermit:Dive","hermit:LowProfile","hermit:TakeCover"],"picked":"SKIP","floor":12},{"not_picked":["hermit:Desperado","hermit:GhostlyPresence"],"picked":"hermit:HeroicBravado","floor":13},{"not_picked":["hermit:BodyArmor","hermit:Gestalt+1","hermit:NoHoldsBarred"],"picked":"SKIP","floor":18},{"not_picked":["hermit:Desperado","hermit:ItchyTrigger"],"picked":"hermit:Quickdraw+1","floor":19},{"not_picked":["hermit:Enervate","hermit:Malice"],"picked":"hermit:Virtue","floor":21}],"player_experience":568392,"relics_obtained":[{"floor":9,"key":"Bottled Tornado"}],"event_choices":[{"damage_healed":0,"gold_gain":0,"player_choice":"Grow","damage_taken":0,"max_hp_gain":0,"max_hp_loss":0,"event_name":"Living Wall","floor":3,"gold_loss":0,"cards_upgraded":["hermit:Brawl"]},{"damage_healed":0,"gold_gain":60,"player_choice":"Gained Gold","damage_taken":0,"max_hp_gain":0,"max_hp_loss":0,"event_name":"Golden Wing","floor":10,"gold_loss":0},{"damage_healed":0,"gold_gain":0,"player_choice":"Bought 2 Potions","damage_taken":0,"max_hp_gain":0,"max_hp_loss":0,"event_name":"The Woman in Blue","floor":14,"gold_loss":0}],"is_beta":false,"boss_relics":[{"not_picked":["hermit:BartenderGlass","hermit:DentedPlate"],"picked":"Black Star"}],"items_purged_floors":[],"is_endless":false,"potions_floor_spawned":[1,5,12,18,21],"killed_by":"Cultist and Chosen","ascension_level":0}}