{"host":"xkmvu47k9fdstweo","time":1613688518,"event":{"mods":["BaseMod","Colored Map","Conspire","Hubris","Minty Spire (QoL Compilation)","Quick Restart","Shop Mod","StSLib"],"gold_per_floor":[116,44,44,56,56,83,96,129,155,166,166,199,199,222,222,343,343,364,385,385,385,405,405,421,421,470,470,143,162,198,223,223,313,313,331,331,80,93,109,109,140,140,140,40,40,54,75,25,25,25],"floor_reached":51,"language":"ENG","playtime":1465,"items_purged":["Strike_B","Strike_B"],"score":1051,"play_id":"b07d461e-0dff-45c6-b287-93ee639e7bdf","local_time":"20210218174838","is_ascension_mode":true,"campfire_choices":[{"data":"Biased Cognition","floor":11.0,"key":"SMITH"},{"data":"1","floor":15.0,"key":"LIFT"},{"data":"2","floor":23.0,"key":"LIFT"},{"data":"3","floor":25.0,"key":"LIFT"},{"floor":27.0,"key":"REST"},{"data":"Apotheosis","floor":32,"key":"SMITH"},{"data":"Echo Form","floor":40,"key":"SMITH"},{"data":"Machine Learning","floor":42,"key":"SMITH"},{"floor":49,"key":"REST"}],"circlet_count":0,"master_deck":["Strike_B","Strike_B+1","Defend_B","Defend_B","Defend_B","Defend_B","Zap","Dualcast","Barrage","Loop+1","Cold Snap+1","Gash","Coolheaded","Gash","Biased Cognition+1","Coolheaded","Machine Learning+1","Go for the Eyes","Gash","Spot Weakness","Echo Form+1","Hologram","Apotheosis+1","Conserve Battery","All For One+1","Auto Shields","Core Surge+1","Reinforced Body+1","Scrape+1","Swift Strike+1","Undo","Capacitor+1","Capacitor+1","Cold Snap+1"],"relics":["Cracked Core","NeowsBlessing","conspire:Flyswatter","Bag of Marbles","Whetstone","Girya","Golden Idol","hubris:TerracottaHorce","Nloth\u0027s Gift","DataDisk","Anchor","Molten Egg 2","Busted Crown","Singing Bowl","hubris:GlazedTorus"],"acts_visited":["Exordium","TheCity","TheBeyond"],"potions_floor_usage":[30,39,47,50,50],"damage_taken":[{"damage":0.0,"enemies":"2 Louse","floor":1.0,"turns":1.0},{"damage":0.0,"enemies":"Cultist","floor":4.0,"turns":1.0},{"damage":0.0,"enemies":"3 Sentries","floor":6.0,"turns":1.0},{"damage":0.0,"enemies":"Jaw Worm","floor":7.0,"turns":3.0},{"damage":12.0,"enemies":"Gremlin Nob","floor":8.0,"turns":4.0},{"damage":10.0,"enemies":"Exordium Wildlife","floor":10.0,"turns":5.0},{"damage":7.0,"enemies":"Lagavulin","floor":12.0,"turns":5.0},{"damage":12.0,"enemies":"The Guardian","floor":16.0,"turns":11.0},{"damage":5.0,"enemies":"3 Byrds","floor":18.0,"turns":3.0},{"damage":0.0,"enemies":"Chosen","floor":19.0,"turns":5.0},{"damage":3.0,"enemies":"Centurion and Healer","floor":22.0,"turns":5.0},{"damage":12.0,"enemies":"Snake Plant","floor":24.0,"turns":3.0},{"damage":13,"enemies":"Shelled Parasite and Fungi","floor":29,"turns":4},{"damage":6,"enemies":"conspire:Head Lice","floor":30,"turns":5},{"damage":21,"enemies":"Snecko","floor":31,"turns":4},{"damage":1,"enemies":"Automaton","floor":33,"turns":8},{"damage":0,"enemies":"3 Shapes","floor":35,"turns":4},{"damage":2,"enemies":"3 Darklings","floor":38,"turns":5},{"damage":0,"enemies":"Maw","floor":39,"turns":5},{"damage":2,"enemies":"Nemesis","floor":41,"turns":3},{"damage":27,"enemies":"Jaw Worm Horde","floor":46,"turns":4},{"damage":3,"enemies":"4 Shapes","floor":47,"turns":3},{"damage":11,"enemies":"conspire:OrnateMirror","floor":50,"turns":8}],"seed_played":"1530748934706616166","potions_obtained":[{"floor":4.0,"key":"Energy Potion"},{"floor":10.0,"key":"GamblersBrew"},{"floor":12.0,"key":"Explosive Potion"},{"floor":18.0,"key":"SkillPotion"},{"floor":29,"key":"Explosive Potion"},{"floor":33,"key":"Swift Potion"},{"floor":41,"key":"LiquidBronze"},{"floor":46,"key":"Swift Potion"}],"is_trial":false,"path_per_floor":["M","$","?","M","?","E","M","E","T","M","R","E","?","T","R","B",null,"M","M","?","?","M","R","M","R","T","R","$","M","E","M","R","B",null,"M","?","$","M","M","R","E","R","T","$","?","M","M","$","R","B",null],"character_chosen":"DEFECT","items_purchased":["Loop","Apotheosis","Anchor","Scrape+1","Swift Strike+1","Dexterity Potion"],"campfire_rested":2,"item_purchase_floors":[2,28,28,37,37,48],"current_hp_per_floor":[68,68,68,68,68,68,68,56,56,46,46,39,39,39,39,27,59,54,54,54,54,51,51,39,39,39,59,59,46,40,19,19,18,56,56,56,56,54,54,54,52,52,52,52,52,25,24,24,45,34],"gold":25,"neow_bonus":"THREE_ENEMY_KILL","is_daily":false,"chose_seed":false,"campfire_upgraded":4,"win_rate":0.0,"timestamp":1613688518,"path_taken":["M","$","?","M","?","E","?","E","T","M","R","E","?","?","R","BOSS","M","M","?","?","M","R","M","R","T","R","$","M","E","M","R","BOSS","M","?","$","M","M","R","E","R","T","$","?","M","M","$","R","BOSS"],"items_purchased_type":["Card","Card","Relic","Card","Card","Potion"],"build_version":"2020-12-22","purchased_purges":2,"victory":true,"max_hp_per_floor":[75,75,75,75,75,75,75,75,75,75,75,75,69,69,69,69,69,69,69,69,69,69,69,69,69,69,69,69,69,69,69,69,69,69,69,69,69,69,69,69,69,69,69,69,69,69,71,71,71,71],"card_choices":[{"not_picked":["Hologram","Stack"],"picked":"Barrage","floor":1.0},{"not_picked":["Redo","Hologram"],"picked":"Cold Snap","floor":4.0},{"not_picked":["Compile Driver","hubris:Ukulele"],"picked":"Gash","floor":6.0},{"not_picked":["Conserve Battery","Turbo"],"picked":"Coolheaded","floor":7.0},{"not_picked":["conspire:Rain","Redo"],"picked":"Gash","floor":8.0},{"not_picked":["Turbo","Self Repair"],"picked":"Biased Cognition","floor":10.0},{"not_picked":["Ball Lightning","Compile Driver"],"picked":"Coolheaded","floor":12.0},{"not_picked":["Thunder Strike","Rainbow"],"picked":"Machine Learning","floor":16.0},{"not_picked":["Recycle","Barrage"],"picked":"Go for the Eyes","floor":18.0},{"not_picked":["Compile Driver","Sweeping Beam+1"],"picked":"Gash","floor":19.0},{"not_picked":["Melter+1","Creative AI"],"picked":"Echo Form","floor":22.0},{"not_picked":["Turbo","Steam Power+1"],"picked":"Hologram","floor":24.0},{"not_picked":["Ball Lightning","Leap"],"picked":"Conserve Battery","floor":29},{"not_picked":["conspire:Rain","Go for the Eyes+1"],"picked":"All For One+1","floor":30},{"not_picked":["Fusion","Rebound+1"],"picked":"Auto Shields","floor":31},{"not_picked":["Creative AI","Thunder Strike+1"],"picked":"Core Surge+1","floor":33},{"not_picked":[],"picked":"Reinforced Body+1","floor":35},{"not_picked":[],"picked":"Undo","floor":38},{"not_picked":["Streamline+1"],"picked":"SKIP","floor":39},{"not_picked":[],"picked":"Capacitor+1","floor":41},{"not_picked":[],"picked":"Cold Snap+1","floor":46},{"not_picked":["Leap+1"],"picked":"Singing Bowl","floor":47}],"player_experience":323222,"relics_obtained":[{"floor":6.0,"key":"conspire:Flyswatter"},{"floor":8.0,"key":"Bag of Marbles"},{"floor":9.0,"key":"Whetstone"},{"floor":12.0,"key":"Girya"},{"floor":14.0,"key":"Bag of Preparation"},{"floor":26.0,"key":"DataDisk"},{"floor":30,"key":"Molten Egg 2"},{"floor":41,"key":"Singing Bowl"},{"floor":43,"key":"hubris:GlazedTorus"}],"event_choices":[{"damage_healed":0.0,"max_hp_gain":0.0,"max_hp_loss":0.0,"gold_gain":0.0,"event_name":"conspire:LoneGhost","player_choice":"Disagree","floor":3.0,"gold_loss":0.0,"damage_taken":0.0},{"damage_healed":0.0,"max_hp_gain":0.0,"max_hp_loss":0.0,"gold_gain":0.0,"event_name":"Accursed Blacksmith","player_choice":"Forge","floor":5.0,"gold_loss":0.0,"damage_taken":0.0,"cards_upgraded":["Loop"]},{"damage_healed":0.0,"max_hp_gain":0.0,"max_hp_loss":6.0,"gold_gain":0.0,"event_name":"Golden Idol","player_choice":"Lose Max HP","floor":13.0,"gold_loss":0.0,"damage_taken":0.0,"relics_obtained":["Golden Idol"]},{"damage_healed":0.0,"max_hp_gain":0.0,"max_hp_loss":0.0,"gold_gain":0.0,"event_name":"The Library","player_choice":"Read","floor":20.0,"gold_loss":0.0,"damage_taken":0.0,"cards_obtained":["Spot Weakness"]},{"damage_healed":0.0,"max_hp_gain":0.0,"max_hp_loss":0.0,"gold_gain":0.0,"event_name":"N\u0027loth","player_choice":"Traded Relic","floor":21.0,"relics_lost":["Bag of Preparation"],"gold_loss":0.0,"damage_taken":0.0,"relics_obtained":["Nloth\u0027s Gift"]},{"damage_healed":0,"gold_gain":0,"player_choice":"Copied","damage_taken":0,"max_hp_gain":0,"max_hp_loss":0,"event_name":"Duplicator","floor":45,"gold_loss":0,"cards_obtained":["Capacitor"]}],"is_beta":false,"boss_relics":[{"not_picked":["conspire:SlowCooker","hubris:Backtick"],"picked":"hubris:TerracottaHorce"},{"not_picked":["hubris:HollowSoul","Velvet Choker"],"picked":"Busted Crown"}],"items_purged_floors":[37,44],"is_endless":false,"potions_floor_spawned":[4,10,12,18,29,33,41,46],"ascension_level":9}}