{"host":"g2yp6paluzgljz05","time":1613641550,"event":{"mods":["BaseMod","Bestiary","Colored Powertips","DeckTracker","Highlight Path","Minty Spire (QoL Compilation)","Quick Restart"],"gold_per_floor":[109,123,133,133,58,89,89,116,169,169,169],"floor_reached":10,"language":"ENG","playtime":574,"items_purged":["Strike_P"],"score":76,"play_id":"d1b0889b-c754-4ed1-9d2a-1bfb8b09c8df","local_time":"20210218204550","is_ascension_mode":false,"campfire_choices":[{"data":"BattleHymn","floor":7,"key":"SMITH"}],"circlet_count":0,"master_deck":["Strike_P","Strike_P","Strike_P","Defend_P","Defend_P","Defend_P","Defend_P","Eruption","Vigilance","EmptyBody","DeusExMachina","BattleHymn+1"],"relics":["PureWater","NeowsBlessing","Molten Egg 2","Nunchaku","Blood Vial"],"acts_visited":["Exordium"],"potions_floor_usage":[6],"damage_taken":[{"damage":0,"enemies":"Cultist","floor":1,"turns":1},{"damage":0,"enemies":"Jaw Worm","floor":2,"turns":1},{"damage":0,"enemies":"Small Slimes","floor":3,"turns":1},{"damage":33,"enemies":"3 Sentries","floor":6,"turns":13},{"damage":31,"enemies":"Lagavulin","floor":8,"turns":5},{"damage":34,"enemies":"Gremlin Nob","floor":10,"turns":2}],"seed_played":"2978447837985593312","potions_obtained":[{"floor":2,"key":"AttackPotion"},{"floor":3,"key":"Ancient Potion"},{"floor":8,"key":"Weak Potion"}],"is_trial":false,"path_per_floor":["M","M","M","?","$","E","R","E","T","E"],"character_chosen":"WATCHER","items_purchased":[],"campfire_rested":0,"item_purchase_floors":[],"current_hp_per_floor":[72,72,72,72,72,39,39,8,8,0,0],"gold":169,"neow_bonus":"THREE_ENEMY_KILL","is_daily":false,"chose_seed":false,"campfire_upgraded":1,"win_rate":0.0,"timestamp":1613641550,"path_taken":["M","?","M","?","$","E","R","E","T","E"],"items_purchased_type":[],"build_version":"2020-12-22","purchased_purges":1,"victory":false,"max_hp_per_floor":[72,72,72,72,72,72,72,72,72,72,72],"card_choices":[{"not_picked":["SashWhip","EmptyBody","EmptyFist"],"picked":"SKIP","floor":1},{"not_picked":["ClearTheMind","CutThroughFate"],"picked":"EmptyBody","floor":2},{"not_picked":["CrushJoints","Fasting2"],"picked":"DeusExMachina","floor":3},{"not_picked":["Halt","EmptyBody"],"picked":"BattleHymn","floor":6},{"not_picked":["Collect","CrushJoints+1","Swivel"],"picked":"SKIP","floor":8}],"player_experience":386262,"relics_obtained":[{"floor":6,"key":"Molten Egg 2"},{"floor":8,"key":"Nunchaku"},{"floor":9,"key":"Blood Vial"}],"event_choices":[{"damage_healed":0,"gold_gain":0,"player_choice":"0 cards matched","damage_taken":0,"max_hp_gain":0,"max_hp_loss":0,"event_name":"Match and Keep!","floor":4,"gold_loss":0,"cards_obtained":[]}],"is_beta":false,"boss_relics":[],"items_purged_floors":[5],"is_endless":false,"potions_floor_spawned":[2,3,8],"killed_by":"Gremlin Nob","ascension_level":0}}