{"host":"yfi73559mxreacvo","time":1613618889,"event":{"mods":["AchievementEnabler","Act Like it!","Aspiration","BaseMod","Better Third Choice","BetterRewards","Colored Map","Conspire","Evolution","Gensokyo","GifTheSpireLib","Halation","HexUI Lib","Highlight Path","Hubris","Minty Spire (QoL Compilation)","Quarter Circle Forward PUNCH!","Railgun Mod","Reliquary","Replay The Spire","Spicy Shops","Spikes Relics","StS++","StSLib","Stuff the Spire","The Alterego","Wandering Minibosses"],"gold_per_floor":[119,135,151,251,251,286,286,313,313,313,313],"floor_reached":10,"language":"ENG","playtime":570,"items_purged":[],"score":76,"play_id":"ad0c2aa6-68c0-45dd-a2e1-3ce033824e39","local_time":"20210217222809","is_ascension_mode":false,"campfire_choices":[{"floor":7,"key":"REST"}],"circlet_count":0,"master_deck":["alterego_mod:BiFurious","alterego_mod:Strike","alterego_mod:Strike","alterego_mod:Strike","alterego_mod:Defend","alterego_mod:Defend","alterego_mod:Defend","alterego_mod:Defend","alterego_mod:Impale","alterego_mod:BigMeatyClaws","alterego_mod:BrynhildrsRune","alterego_mod:Valkyrie","alterego_mod:TrashNCrash","alterego_mod:Rip","alterego_mod:BiFurious"],"relics":["alterego_mod:MasochisticConstitution","EVO:Axolotl","aspiration:Lifesprig","RetroEgg"],"acts_visited":["Gensokyo:Gensokyo"],"potions_floor_usage":[10],"damage_taken":[{"damage":24,"enemies":"Gensokyo:Gryphon","floor":1,"turns":5},{"damage":4,"enemies":"Gensokyo:2_Kodama","floor":2,"turns":4},{"damage":8,"enemies":"Gensokyo:Python","floor":3,"turns":4},{"damage":51,"enemies":"Gensokyo:Aya","floor":6,"turns":9},{"damage":32,"enemies":"Gensokyo:Mamizou","floor":8,"turns":11},{"damage":6,"enemies":"Gensokyo:Cirno","floor":10,"turns":6}],"seed_played":"-6196390050301283087","potions_obtained":[{"floor":2,"key":"Swift Potion"},{"floor":6,"key":"Elixir"}],"is_trial":false,"path_per_floor":["M","M","M","?","?","E","R","E","T","E"],"character_chosen":"The_Alterego","items_purchased":[],"campfire_rested":1,"item_purchase_floors":[],"current_hp_per_floor":[54,65,58,58,58,15,37,6,6,0,0],"gold":313,"neow_bonus":"ONE_RANDOM_RARE_CARD","is_daily":false,"chose_seed":false,"campfire_upgraded":0,"win_rate":0.0,"timestamp":1613618889,"path_taken":["M","M","M","?","?","E","R","E","T","E"],"items_purchased_type":[],"build_version":"2020-12-22","purchased_purges":0,"victory":false,"max_hp_per_floor":[71,72,73,73,73,74,74,75,75,75,75],"card_choices":[{"not_picked":["alterego_mod:DiscoLights","alterego_mod:Schoolgirl","alterego_mod:Undulate"],"picked":"SKIP","floor":1},{"not_picked":["alterego_mod:BeGentle","alterego_mod:Mirror"],"picked":"alterego_mod:TrashNCrash","floor":2},{"not_picked":["alterego_mod:MagicResistance","alterego_mod:Smother","alterego_mod:SuperDuperMasochism"],"picked":"SKIP","floor":3},{"not_picked":["alterego_mod:ChallengeComplete","alterego_mod:HighServant"],"picked":"alterego_mod:Rip","floor":5},{"not_picked":["alterego_mod:Pet","alterego_mod:Cooking","alterego_mod:Weigh"],"picked":"SKIP","floor":6},{"not_picked":["alterego_mod:GoddessCore","alterego_mod:Maid"],"picked":"alterego_mod:BiFurious","floor":8}],"player_experience":471446,"relics_obtained":[{"floor":6,"key":"aspiration:Lifesprig"},{"floor":8,"key":"RetroEgg"},{"floor":9,"key":"qcfpunch:Wrestler\u0027s_Cloak"}],"event_choices":[],"is_beta":false,"boss_relics":[],"items_purged_floors":[],"is_endless":false,"potions_floor_spawned":[2,6],"killed_by":"Gensokyo:Cirno","ascension_level":0}}