{"host":"je99lgdwtlinqp9h","time":1613643330,"event":{"mods":["Act Like it!","Arknights","BaseMod","Colored Map","HololiveMod","Minty Spire (QoL Compilation)","MostiFishMod","Reimu£®≤©¿ˆ¡È√Œ£©","Relic Stats","Replay The Spire","Shop Mod","Spicy Shops","StSLib","noobMod","°æ“≈ŒÔø®≈∆°øREMEMod"],"gold_per_floor":[109,109,120,135,146,146,166,200,200,238,238,238,265,60,60,66,66],"floor_reached":16,"language":"ZHS","playtime":994,"items_purged":[],"score":137,"play_id":"95704208-f5cf-41c8-a819-8c08eb7abaa1","local_time":"20210218181530","is_ascension_mode":false,"campfire_choices":[{"data":"MostiFishMod:TemporaryOutbreak","floor":6,"key":"SMITH"},{"data":"Armaments","floor":15,"key":"SMITH"}],"circlet_count":0,"master_deck":["Strike_R","Strike_R","Strike_R","Strike_R","Strike_R","Defend_R","Defend_R","Defend_R","Iron Wave","Survivor","Neutralize","Dual Wield","MostiFishMod:TemporaryOutbreak+1","Spot Weakness","Pommel Strike","Thunderclap","Armaments+1","Limit Break","Pommel Strike"],"relics":["Burning Blood","DaveBox","REME_ComplimentaryCards","ice","SynthV:TestCard","Matryoshka","Replay:Bandana","Replay:Ringing Soul","Replay:PocketPolymizer","Golden Idol","Membership Card","White Beast Statue"],"acts_visited":["Exordium"],"potions_floor_usage":[],"damage_taken":[{"damage":11,"enemies":"Small Slimes","floor":1,"turns":4},{"damage":0,"enemies":"Jaw Worm","floor":3,"turns":5},{"damage":7,"enemies":"Cultist","floor":4,"turns":5},{"damage":0,"enemies":"Large Slime","floor":5,"turns":6},{"damage":8,"enemies":"Red Slaver","floor":7,"turns":3},{"damage":9,"enemies":"Gremlin Nob","floor":8,"turns":4},{"damage":18,"enemies":"Replay:BlueRogue","floor":10,"turns":5},{"damage":6,"enemies":"Exordium Wildlife","floor":13,"turns":4},{"damage":0,"enemies":"Fading Forest","floor":16,"turns":3}],"seed_played":"7354380845975997871","potions_obtained":[{"floor":4,"key":"AttackPotion"},{"floor":5,"key":"SneckoOil"},{"floor":13,"key":"Venom Potion"}],"is_trial":false,"path_per_floor":["M","?","M","M","M","R","M","E","T","E","?","?","M","$","R","B"],"character_chosen":"IRONCLAD","items_purchased":["Membership Card","White Beast Statue"],"campfire_rested":0,"item_purchase_floors":[14,14],"current_hp_per_floor":[83,83,88,87,88,88,86,83,83,74,52,52,55,55,58,58,58],"gold":66,"neow_bonus":"TEN_PERCENT_HP_BONUS","is_daily":false,"chose_seed":false,"campfire_upgraded":2,"win_rate":0.0,"timestamp":1613643330,"path_taken":["M","?","M","M","M","R","M","E","T","E","?","?","M","?","R","BOSS"],"items_purchased_type":["Relic","Relic"],"build_version":"2020-12-22","purchased_purges":0,"victory":false,"max_hp_per_floor":[88,88,88,88,88,88,88,88,88,91,91,91,94,94,97,97,97],"relic_stats":{"counters":[9,39],"Golden Idol":3,"obtain_stats":[{"Replay:Ringing Soul":9,"Replay:Bandana":9,"SynthV:TestCard":1,"Matryoshka":8,"Replay:PocketPolymizer":10,"DaveBox":0,"Golden Idol":11,"ice":0,"Membership Card":14,"Burning Blood":0,"White Beast Statue":14,"REME_ComplimentaryCards":0},{"Replay:Ringing Soul":6,"Replay:Bandana":6,"SynthV:TestCard":1,"Matryoshka":6,"Replay:PocketPolymizer":7,"DaveBox":0,"Golden Idol":7,"ice":0,"Membership Card":8,"Burning Blood":0,"White Beast Statue":8,"REME_ComplimentaryCards":0},{"Replay:Ringing Soul":27,"Replay:Bandana":27,"SynthV:TestCard":4,"Matryoshka":27,"Replay:PocketPolymizer":32,"DaveBox":0,"Golden Idol":32,"ice":0,"Membership Card":36,"Burning Blood":0,"White Beast Statue":36,"REME_ComplimentaryCards":0}],"Burning Blood":42},"card_choices":[{"not_picked":["Cleave","Perfected Strike"],"picked":"Iron Wave","floor":1},{"not_picked":["Clash","Body Slam","Perfected Strike","True Grit"],"picked":"Dual Wield","floor":3},{"not_picked":["Replay:Undeath\u0027s Touch","Armaments","Clothesline","Flex"],"picked":"MostiFishMod:TemporaryOutbreak","floor":4},{"not_picked":["REME_SingleHolding","Feel No Pain","Pommel Strike","Sword Boomerang"],"picked":"Spot Weakness","floor":5},{"not_picked":["Entrench","Twin Strike","Iron Wave","Flex"],"picked":"Pommel Strike","floor":7},{"not_picked":["ReplayTheSpireMod:Strike From Hell","Combust","Demonic Infusion","Massacre"],"picked":"Thunderclap","floor":8},{"not_picked":["Clash","Shrug It Off","Body Slam","Thunderclap"],"picked":"Armaments","floor":10},{"not_picked":["Clothesline","Body Slam","Armaments","Perfected Strike"],"picked":"Limit Break","floor":13}],"player_experience":29325,"relics_obtained":[{"floor":1,"key":"SynthV:TestCard"},{"floor":8,"key":"Matryoshka"},{"floor":9,"key":"Replay:Bandana"},{"floor":9,"key":"Replay:Ringing Soul"},{"floor":10,"key":"Replay:PocketPolymizer"}],"event_choices":[{"damage_healed":0,"gold_gain":0,"player_choice":"Take Damage","damage_taken":22,"relics_obtained":["Golden Idol"],"max_hp_gain":0,"max_hp_loss":0,"event_name":"Golden Idol","floor":11,"gold_loss":0},{"damage_healed":0,"gold_gain":0,"player_choice":"Ignored","damage_taken":0,"max_hp_gain":0,"max_hp_loss":0,"event_name":"Liars Game","floor":12,"gold_loss":0}],"is_beta":false,"boss_relics":[],"items_purged_floors":[],"is_endless":false,"potions_floor_spawned":[4,5,13],"killed_by":"Fading Forest","ascension_level":0}}