{"host":"cfqfeqi6u2qx5u0e","time":1613666901,"event":{"mods":["AchievementEnabler","BaseMod","Colored Powertips","Minty Spire (QoL Compilation)","Quick Restart","StSLib"],"gold_per_floor":[112,128,128,147,159,192,192,208,233,243,243,256,273,300,300,401,401,419,419,123,123,123],"floor_reached":21,"language":"ENG","playtime":1743,"items_purged":[],"score":280,"play_id":"f2496a8e-32e9-44ee-a999-1366851a8257","local_time":"20210218084821","is_ascension_mode":true,"campfire_choices":[{"floor":7,"key":"RECALL"},{"floor":11,"key":"REST"},{"floor":15,"key":"REST"}],"circlet_count":0,"master_deck":["Strike_P","Strike_P","Strike_P","Strike_P","Defend_P","Defend_P","Defend_P","Defend_P","Eruption","Vigilance","Tantrum","Consecrate","Tantrum","Worship","Indignation","Vengeance","Tantrum","FlurryOfBlows","ReachHeaven","Omniscience","Wallop"],"relics":["Runic Pyramid","Pear","Bag of Preparation","Snecko Eye","Torii"],"acts_visited":["Exordium","TheCity"],"potions_floor_usage":[5,6,6,14,14,16],"damage_taken":[{"damage":12,"enemies":"2 Louse","floor":1,"turns":2},{"damage":0,"enemies":"Cultist","floor":2,"turns":2},{"damage":3,"enemies":"Jaw Worm","floor":4,"turns":3},{"damage":18,"enemies":"2 Fungi Beasts","floor":5,"turns":2},{"damage":9,"enemies":"3 Sentries","floor":6,"turns":4},{"damage":0,"enemies":"Large Slime","floor":8,"turns":2},{"damage":5,"enemies":"Red Slaver","floor":10,"turns":2},{"damage":12,"enemies":"Blue Slaver","floor":12,"turns":2},{"damage":5,"enemies":"Looter","floor":13,"turns":3},{"damage":0,"enemies":"Lagavulin","floor":14,"turns":2},{"damage":54,"enemies":"Slime Boss","floor":16,"turns":7},{"damage":20,"enemies":"2 Thieves","floor":18,"turns":3},{"damage":88,"enemies":"Masked Bandits","floor":21,"turns":3}],"seed_played":"8792668298506311756","potions_obtained":[{"floor":1,"key":"Swift Potion"},{"floor":2,"key":"Strength Potion"},{"floor":3,"key":"ColorlessPotion"},{"floor":10,"key":"SpeedPotion"},{"floor":12,"key":"SteroidPotion"},{"floor":13,"key":"Swift Potion"},{"floor":18,"key":"FairyPotion"}],"is_trial":false,"path_per_floor":["M","M","?","M","M","E","R","M","T","M","R","M","M","E","R","B",null,"M","?","$","?"],"character_chosen":"WATCHER","items_purchased":["Torii"],"campfire_rested":2,"item_purchase_floors":[20],"current_hp_per_floor":[60,60,60,57,39,40,40,40,40,35,59,47,42,42,66,12,82,62,46,46,0,0],"gold":123,"neow_bonus":"BOSS_RELIC","is_daily":false,"chose_seed":false,"campfire_upgraded":0,"win_rate":0.0,"timestamp":1613666901,"path_taken":["M","M","?","M","M","E","R","M","T","M","R","M","?","E","R","BOSS","M","?","$","?"],"items_purchased_type":["Relic"],"build_version":"2020-12-22","purchased_purges":0,"victory":false,"max_hp_per_floor":[72,72,72,72,72,82,82,82,82,82,82,82,82,82,82,82,82,82,87,87,87,87],"card_choices":[{"not_picked":["Prostrate","Adaptation"],"picked":"Tantrum","floor":1},{"not_picked":["Protect","BowlingBash"],"picked":"Consecrate","floor":2},{"not_picked":["Scrawl","Protect"],"picked":"Tantrum","floor":4},{"not_picked":["Crescendo","Sanctity"],"picked":"Worship","floor":5},{"not_picked":["FollowUp","FlurryOfBlows"],"picked":"Indignation","floor":6},{"not_picked":["FlyingSleeves","Sanctity"],"picked":"Vengeance","floor":8},{"not_picked":["WindmillStrike","FollowUp"],"picked":"Tantrum","floor":10},{"not_picked":["Collect","FlyingSleeves"],"picked":"FlurryOfBlows","floor":12},{"not_picked":["JustLucky","Crescendo","Evaluate"],"picked":"SKIP","floor":13},{"not_picked":["ClearTheMind","Study"],"picked":"ReachHeaven","floor":14},{"not_picked":["Scrawl","Vault"],"picked":"Omniscience","floor":16},{"not_picked":["Evaluate","Crescendo"],"picked":"Wallop","floor":18}],"player_experience":90769,"relics_obtained":[{"floor":6,"key":"Pear"},{"floor":14,"key":"Bag of Preparation"}],"event_choices":[{"damage_healed":0,"gold_gain":0,"player_choice":"Got Potions","damage_taken":0,"max_hp_gain":0,"max_hp_loss":0,"event_name":"Lab","floor":3,"gold_loss":0},{"damage_healed":0,"gold_gain":0,"player_choice":"Shed Blood","damage_taken":21,"max_hp_gain":5,"max_hp_loss":0,"event_name":"Forgotten Altar","floor":19,"gold_loss":0},{"damage_healed":0,"gold_gain":0,"player_choice":"Fought Bandits","damage_taken":0,"max_hp_gain":0,"max_hp_loss":0,"event_name":"Masked Bandits","floor":21,"gold_loss":0}],"is_beta":false,"boss_relics":[{"not_picked":["SlaversCollar","Astrolabe"],"picked":"Snecko Eye"}],"items_purged_floors":[],"is_endless":false,"potions_floor_spawned":[1,2,10,12,13,18],"killed_by":"Masked Bandits","ascension_level":1}}