{"host":"bx8e8mpro7fea2qq","time":1613663152,"event":{"mods":["BaseMod","Better Third Choice","Colored Map","Hermit","Marisa????????","Minty Spire (QoL Compilation)","Rare Cards Sparkle","Reliquary","StSLib","The Bug Knight","The Cursed","The Servant 0.9.4"],"gold_per_floor":[113,133,133,133,133,158,158,158,158,172,247,98,98,98,98],"floor_reached":14,"language":"ENG","playtime":642,"items_purged":[],"score":111,"play_id":"9e03b220-3a42-47d5-9959-2b8b163f9bce","local_time":"20210218094552","is_ascension_mode":false,"campfire_choices":[{"data":"HollowMod:SoulShaman","floor":7,"key":"SMITH"}],"circlet_count":0,"master_deck":["HollowMod:NailStrikeStart+1","HollowMod:NailStrikeStart","HollowMod:NailStrikeStart","HollowMod:NailStrikeStart","HollowMod:QuickDashStart","HollowMod:QuickDashStart","HollowMod:QuickDashStart","HollowMod:QuickDashStart","HollowMod:FocusHealStart","HollowMod:PogoStrike","HollowMod:ChannelNail+1","HollowMod:SoulSplash","Regret","HollowMod:SoulShaman+1","HollowMod:HowlingWraiths","HollowMod:MidwifesHunger","HollowMod:DescendingDark","HollowMod:InfectedAttack","HollowMod:MothsMistake","HollowMod:SoulMaster","Dash+1"],"relics":["HollowMod:VesselMask","NeowsBlessing","Juzu Bracelet","TungstenRod","reliquary:Firecrackers","Orrery","Tiny Chest"],"acts_visited":["Exordium"],"potions_floor_usage":[14],"damage_taken":[{"damage":0,"enemies":"Cultist","floor":1,"turns":1},{"damage":0,"enemies":"Small Slimes","floor":2,"turns":1},{"damage":0,"enemies":"HollowMod:MossKnight","floor":6,"turns":1},{"damage":2,"enemies":"Jaw Worm","floor":10,"turns":3},{"damage":34,"enemies":"Lagavulin","floor":14,"turns":5}],"seed_played":"2282566300976881579","potions_obtained":[{"floor":1,"key":"CultistPotion"},{"floor":10,"key":"BlessingOfTheForge"}],"is_trial":false,"path_per_floor":["M","M","?","?","?","E","R","?","T","M","?","$","?","E"],"character_chosen":"THE_BUGKNIGHT","items_purchased":["Orrery"],"campfire_rested":0,"item_purchase_floors":[12],"current_hp_per_floor":[75,75,75,75,60,60,60,60,60,58,48,48,33,0,0],"gold":98,"neow_bonus":"THREE_ENEMY_KILL","is_daily":false,"chose_seed":false,"campfire_upgraded":1,"win_rate":0.0,"timestamp":1613663152,"path_taken":["M","M","?","?","?","E","R","?","T","M","?","?","?","E"],"items_purchased_type":["Relic"],"build_version":"2020-12-22","purchased_purges":0,"victory":false,"max_hp_per_floor":[75,75,75,75,75,75,75,75,75,75,75,75,75,75,75],"card_choices":[{"not_picked":["HollowMod:QuirrelsAssistance","HollowMod:RecoilStrike"],"picked":"HollowMod:ChannelNail","floor":1},{"not_picked":["HollowMod:SharpenedNail","HollowMod:DreamGate"],"picked":"HollowMod:SoulSplash","floor":2},{"not_picked":["HollowMod:MidwifesHunger","HollowMod:GrimmsGift"],"picked":"HollowMod:SoulShaman","floor":6},{"not_picked":["HollowMod:VengefulVoid","HollowMod:CycloneSlash"],"picked":"HollowMod:HowlingWraiths","floor":10},{"not_picked":["HollowMod:SiblingsSouls","HollowMod:SoulSplash"],"picked":"HollowMod:MidwifesHunger","floor":12},{"not_picked":["HollowMod:CrystalDash","HollowMod:SoulVessel"],"picked":"HollowMod:DescendingDark","floor":12},{"not_picked":["HollowMod:SiblingsShadow","HollowMod:NewJinnsSoul"],"picked":"HollowMod:InfectedAttack","floor":12},{"not_picked":["HollowMod:NewGlowingWomb","HollowMod:InfectedCysts"],"picked":"HollowMod:MothsMistake","floor":12},{"not_picked":["HollowMod:WraithStrike","HollowMod:DreamGate"],"picked":"HollowMod:SoulMaster","floor":12}],"player_experience":38607,"relics_obtained":[{"floor":6,"key":"TungstenRod"},{"floor":9,"key":"reliquary:Firecrackers"}],"event_choices":[{"damage_healed":0,"gold_gain":0,"player_choice":"Box","damage_taken":0,"relics_obtained":["Juzu Bracelet"],"max_hp_gain":0,"max_hp_loss":0,"event_name":"Big Fish","floor":3,"gold_loss":0,"cards_obtained":["Regret"]},{"damage_healed":0,"gold_gain":0,"player_choice":"Ignored","damage_taken":0,"max_hp_gain":0,"max_hp_loss":0,"event_name":"Golden Wing","floor":4,"gold_loss":0},{"damage_healed":75,"gold_gain":0,"player_choice":"Upgrade","damage_taken":15,"max_hp_gain":0,"max_hp_loss":75,"event_name":"betterThird:BetterShining","floor":5,"gold_loss":0,"cards_upgraded":["HollowMod:ChannelNail","HollowMod:NailStrikeStart"]},{"damage_healed":0,"gold_gain":75,"player_choice":"Gold","damage_taken":11,"max_hp_gain":0,"max_hp_loss":0,"event_name":"betterThird:BetterGoop","floor":11,"gold_loss":0}],"is_beta":false,"boss_relics":[],"items_purged_floors":[],"is_endless":false,"potions_floor_spawned":[1,10],"killed_by":"Lagavulin","ascension_level":0}}