{"host":"eglukmwb6rueyn6u","time":1613661510,"event":{"mods":["AchievementEnabler","BaseMod","Colored Powertips","Highlight Path","Minty Spire (QoL Compilation)"],"gold_per_floor":[215,70,82,157,176,201,189,159,159,159,189,205,222,233,233,233,233],"floor_reached":16,"language":"ENG","playtime":955,"items_purged":["Strike_R"],"score":114,"play_id":"f4505309-d591-473a-ab00-b0c8535ce1b6","local_time":"20210218171830","is_ascension_mode":false,"campfire_choices":[{"floor":10,"key":"REST"},{"floor":15,"key":"REST"}],"circlet_count":0,"master_deck":["Strike_R","Strike_R","Strike_R","Strike_R","Defend_R","Defend_R","Defend_R","Defend_R","Bash","Searing Blow","Entrench","Spot Weakness","Entrench","Armaments","Body Slam","Power Through"],"relics":["Burning Blood","Prayer Wheel","Bottled Flame","Matryoshka"],"acts_visited":["Exordium"],"potions_floor_usage":[7,11,11,11,16,16],"damage_taken":[{"damage":0,"enemies":"Small Slimes","floor":1,"turns":4},{"damage":11,"enemies":"Jaw Worm","floor":3,"turns":4},{"damage":7,"enemies":"Cultist","floor":5,"turns":5},{"damage":37,"enemies":"Gremlin Nob","floor":6,"turns":6},{"damage":8,"enemies":"Exordium Thugs","floor":7,"turns":4},{"damage":34,"enemies":"3 Sentries","floor":11,"turns":9},{"damage":9,"enemies":"Exordium Wildlife","floor":12,"turns":4},{"damage":10,"enemies":"Looter","floor":13,"turns":4},{"damage":10,"enemies":"3 Louse","floor":14,"turns":8},{"damage":67,"enemies":"Hexaghost","floor":16,"turns":14}],"seed_played":"6813688140137287021","potions_obtained":[{"floor":1,"key":"EssenceOfSteel"},{"floor":6,"key":"Swift Potion"},{"floor":8,"key":"LiquidMemories"},{"floor":8,"key":"EntropicBrew"}],"is_trial":false,"path_per_floor":["M","$","M","?","M","E","M","?","T","R","E","M","M","M","R","B"],"character_chosen":"IRONCLAD","items_purchased":["Entrench"],"campfire_rested":2,"item_purchase_floors":[2],"current_hp_per_floor":[80,80,75,64,63,32,30,30,30,54,26,23,19,15,39,0,0],"gold":233,"neow_bonus":"HUNDRED_GOLD","is_daily":false,"chose_seed":false,"campfire_upgraded":0,"win_rate":0.0,"timestamp":1613661510,"path_taken":["M","$","M","?","M","E","M","?","T","R","E","M","M","?","R","BOSS"],"items_purchased_type":["Card"],"build_version":"2020-12-22","purchased_purges":1,"victory":false,"max_hp_per_floor":[80,80,80,80,80,80,80,80,80,80,80,80,80,80,80,80,80],"card_choices":[{"not_picked":["True Grit","Shrug It Off"],"picked":"Searing Blow","floor":1},{"not_picked":["Wild Strike","Pommel Strike"],"picked":"Spot Weakness","floor":3},{"not_picked":["Twin Strike","Sword Boomerang","Iron Wave"],"picked":"SKIP","floor":5},{"not_picked":["Thunderclap","Corruption"],"picked":"Entrench","floor":6},{"not_picked":["True Grit","Cleave","Headbutt"],"picked":"SKIP","floor":7},{"not_picked":["True Grit","Dropkick","Twin Strike"],"picked":"SKIP","floor":7},{"not_picked":["Sword Boomerang","Pummel","Perfected Strike"],"picked":"SKIP","floor":11},{"not_picked":["Reckless Charge","Heavy Blade"],"picked":"Armaments","floor":12},{"not_picked":["Dark Embrace","Wild Strike"],"picked":"Body Slam","floor":12},{"not_picked":["Thunderclap","Anger"],"picked":"Power Through","floor":13},{"not_picked":["Headbutt","Wild Strike","Iron Wave"],"picked":"SKIP","floor":13},{"not_picked":["Bludgeon","Wild Strike","Thunderclap"],"picked":"SKIP","floor":14},{"not_picked":["Thunderclap","Heavy Blade","Perfected Strike"],"picked":"SKIP","floor":14}],"player_experience":96433,"relics_obtained":[{"floor":6,"key":"Prayer Wheel"},{"floor":9,"key":"Bottled Flame"},{"floor":11,"key":"Matryoshka"}],"event_choices":[{"damage_healed":0,"gold_gain":75,"player_choice":"Gather Gold","damage_taken":11,"max_hp_gain":0,"max_hp_loss":0,"event_name":"World of Goop","floor":4,"gold_loss":0},{"damage_healed":0,"gold_gain":0,"player_choice":"Bought 2 Potions","damage_taken":0,"max_hp_gain":0,"max_hp_loss":0,"event_name":"The Woman in Blue","floor":8,"gold_loss":0}],"is_beta":false,"boss_relics":[],"items_purged_floors":[2],"is_endless":false,"potions_floor_spawned":[1,6,11],"killed_by":"Hexaghost","ascension_level":0}}