{"host":"8eqe2o2g03nh9rfw","time":1613673573,"event":{"mods":["AchievementEnabler","AlwaysNeverKeys","BaseMod","Better Third Choice","Block Reminder","Colored Map","Colored Powertips","GifTheSpireLib","Minty Spire (QoL Compilation)","Permanent Neow","Quick Restart","StSLib","Weighted Paths"],"gold_per_floor":[31,31,31,64,17,106,106,122,168,168,196,57,77,104,104,202,202,218,250,250,264,300,300,300],"floor_reached":23,"language":"ENG","playtime":2593,"items_purged":[],"score":211,"play_id":"01d34039-a76c-4552-a401-70ec94839d7e","local_time":"20210218133933","is_ascension_mode":false,"campfire_choices":[{"floor":7,"key":"REST"},{"floor":10,"key":"REST"},{"floor":15,"key":"REST"}],"circlet_count":0,"master_deck":["Strike_P","Strike_P","Strike_P","Strike_P","Defend_P","Defend_P","Defend_P","Defend_P","Eruption+1","Vigilance","HandOfGreed","EmptyBody","Melter","LikeWater","Halt","Prostrate","ClearTheMind","FollowUp","DevaForm","Worship","SandsOfTime","Establishment","EmptyFist","JustLucky","PathToVictory"],"relics":["HolyWater","Happy Flower","Mercury Hourglass","Bronze Scales","Bird Faced Urn","Toy Ornithopter"],"acts_visited":["Exordium","TheCity"],"potions_floor_usage":[11,16,19,19,23,23],"damage_taken":[{"damage":9,"enemies":"Jaw Worm","floor":1,"turns":2},{"damage":0,"enemies":"Small Slimes","floor":4,"turns":3},{"damage":17,"enemies":"3 Sentries","floor":6,"turns":10},{"damage":4,"enemies":"Cultist","floor":8,"turns":4},{"damage":19,"enemies":"Gremlin Nob","floor":11,"turns":4},{"damage":16,"enemies":"Lots of Slimes","floor":13,"turns":3},{"damage":10,"enemies":"Lagavulin","floor":14,"turns":7},{"damage":30,"enemies":"Slime Boss","floor":16,"turns":9},{"damage":15,"enemies":"3 Byrds","floor":18,"turns":3},{"damage":7,"enemies":"2 Thieves","floor":19,"turns":3},{"damage":26,"enemies":"Shelled Parasite and Fungi","floor":21,"turns":6},{"damage":27,"enemies":"Centurion and Healer","floor":22,"turns":7},{"damage":51,"enemies":"Book of Stabbing","floor":23,"turns":5}],"seed_played":"3645582915610302407","potions_obtained":[{"floor":8,"key":"Fire Potion"},{"floor":13,"key":"EssenceOfSteel"},{"floor":14,"key":"SteroidPotion"},{"floor":16,"key":"Explosive Potion"},{"floor":19,"key":"Energy Potion"},{"floor":21,"key":"Dexterity Potion"}],"is_trial":false,"path_per_floor":["M","?","?","M","$","E","R","M","T","R","E","$","M","E","R","B",null,"M","M","?","M","M","E"],"character_chosen":"WATCHER","items_purchased":["Halt","DevaForm"],"campfire_rested":3,"item_purchase_floors":[5,12],"current_hp_per_floor":[63,63,54,54,54,37,58,54,54,72,53,53,41,35,56,35,72,59,66,72,52,31,0,0],"gold":300,"neow_bonus":"RANDOM_COLORLESS_2","is_daily":false,"chose_seed":false,"campfire_upgraded":0,"win_rate":0.0,"timestamp":1613673573,"path_taken":["M","?","?","?","$","E","R","M","T","R","E","?","M","E","R","BOSS","M","?","?","M","?","E"],"items_purchased_type":["Card","Card"],"build_version":"2020-12-22","purchased_purges":0,"victory":false,"max_hp_per_floor":[72,72,72,72,72,72,72,72,72,72,72,72,72,72,72,72,72,72,72,72,72,72,72,72],"card_choices":[{"not_picked":["Master of Strategy","Secret Technique"],"picked":"HandOfGreed","floor":0},{"not_picked":["SignatureMove","PathToVictory"],"picked":"EmptyBody","floor":1},{"not_picked":["CutThroughFate","WindmillStrike"],"picked":"LikeWater","floor":4},{"not_picked":["Wallop","Halt"],"picked":"Prostrate","floor":6},{"not_picked":["Study","EmptyBody"],"picked":"ClearTheMind","floor":8},{"not_picked":["MentalFortress","Wireheading"],"picked":"FollowUp","floor":11},{"not_picked":["BowlingBash","FollowUp"],"picked":"Worship","floor":13},{"not_picked":["MasterReality","CrushJoints"],"picked":"SandsOfTime","floor":14},{"not_picked":["Ragnarok","DevaForm"],"picked":"Establishment","floor":16},{"not_picked":["Halt","Crescendo"],"picked":"EmptyFist","floor":18},{"not_picked":["SandsOfTime+1","CarveReality"],"picked":"Sanctity","floor":19},{"not_picked":["BowlingBash","Fasting2"],"picked":"JustLucky","floor":21},{"not_picked":["Crescendo","DeceiveReality"],"picked":"PathToVictory","floor":22}],"player_experience":150383,"relics_obtained":[{"floor":6,"key":"Mercury Hourglass"},{"floor":9,"key":"Bronze Scales"},{"floor":11,"key":"Bird Faced Urn"},{"floor":14,"key":"Toy Ornithopter"}],"event_choices":[{"damage_healed":0,"gold_gain":0,"player_choice":"Grow","damage_taken":0,"max_hp_gain":0,"max_hp_loss":0,"event_name":"Living Wall","floor":2,"gold_loss":0,"cards_upgraded":["Eruption"]},{"cards_removed":["Sanctity"],"damage_healed":6,"gold_gain":0,"player_choice":"Offered Uncommon","damage_taken":0,"max_hp_gain":0,"max_hp_loss":0,"event_name":"Bonfire Elementals","floor":20,"gold_loss":0}],"is_beta":false,"boss_relics":[{"not_picked":["Runic Pyramid","Astrolabe"],"picked":"HolyWater"}],"items_purged_floors":[],"is_endless":false,"potions_floor_spawned":[8,13,14,16,19,21],"killed_by":"Book of Stabbing","ascension_level":0}}