{"host":"t9zjxed0utvsfjwc","time":1613630789,"event":{"mods":["2.2 Compatiblity","Act Like it!","Aspiration","BaseMod","Better Altar","Better Match","Better Note","Better Sensory Stone","Better Skull","Better Third Choice","Block Reminder","Colored Map","Colored Powertips","Conspire","Defuse TimeMaze Blight","Energized Spire","GifTheSpireLib","Hermit","Highlight Path","Hubris","Infinite Spire","Marked Mod","Minty Spire (QoL Compilation)","Quick Restart","Rare Cards Sparkle","Relic Sorter","Relic Stats","Reliquary","Replay The Spire","Ruina","StSLib","Stuff the Spire","The Blue Laboratory","The Jungle","The Marked","Unceasing Turn Reminder","Wandering Minibosses","everything is the same but u backflip on backflip"],"gold_per_floor":[117,117,134,134,150,150,150,160,208,59,59,88,102,114,114,214,214,228,178,189,189],"floor_reached":20,"language":"ENG","playtime":766,"items_purged":["hermit:Snapshot","Regret"],"score":185,"play_id":"ebb1a059-b27f-40bc-8394-678cdf3e1c8f","local_time":"20210218064629","is_ascension_mode":true,"campfire_choices":[{"floor":6,"key":"REST"},{"data":"hermit:Maintenance","floor":11,"key":"SMITH"},{"floor":15,"key":"REST"}],"circlet_count":0,"master_deck":["hermit:Strike_Hermit","hermit:Strike_Hermit","hermit:Strike_Hermit","hermit:Strike_Hermit","hermit:Defend_Hermit","hermit:Defend_Hermit","hermit:Defend_Hermit","hermit:Defend_Hermit","hermit:Covet","hermit:Strike_Hermit","hermit:Dissolve"],"relics":["hermit:Momento","StuffTheSpire:RedRose","aspiration:Lifesprig","Ginger","energizedSpire:RedRose","Replay:Bottled Steam","energizedSpire:HugeHouse"],"acts_visited":["Exordium","Exordium"],"potions_floor_usage":[12,14,16],"damage_taken":[{"damage":0,"enemies":"Cultist","floor":1,"turns":3},{"damage":1,"enemies":"Jaw Worm","floor":3,"turns":3},{"damage":8,"enemies":"2 Louse","floor":5,"turns":3},{"damage":3,"enemies":"Gremlin Gang","floor":8,"turns":5},{"damage":9,"enemies":"Lagavulin","floor":12,"turns":8},{"damage":5,"enemies":"Blue Slaver","floor":13,"turns":4},{"damage":8,"enemies":"Exordium Wildlife","floor":14,"turns":4},{"damage":19,"enemies":"The Guardian","floor":16,"turns":10},{"damage":49,"enemies":"theJungle:GiantWrat","floor":18,"turns":9},{"damage":33,"enemies":"theJungle:MUSHROOMGANG","floor":20,"turns":7}],"seed_played":"-5151924843643611159","potions_obtained":[{"floor":5,"key":"hermit:BlackBile"},{"floor":8,"key":"blueLaboratory:FruitPunch"},{"floor":12,"key":"Reflective Coating"},{"floor":13,"key":"ColorlessPotion"},{"floor":18,"key":"blueLaboratory:PyrophylliteBrew"},{"floor":20,"key":"FearPotion"}],"is_trial":false,"path_per_floor":["M","?","M","?","M","R","?","M","T","$","R","E","M","M","R","B",null,"M","AVR","M"],"character_chosen":"HERMIT","items_purchased":["hermit:Maintenance"],"campfire_rested":2,"item_purchase_floors":[10],"current_hp_per_floor":[54,85,84,84,76,85,85,82,82,82,82,75,70,62,87,68,87,38,38,5,5],"gold":189,"neow_bonus":"THREE_RARE_CARDS","is_daily":false,"chose_seed":false,"campfire_upgraded":1,"win_rate":0.0,"timestamp":1613630789,"path_taken":["M","?","?","?","M","R","?","?","T","$","R","E","M","M","R","BOSS","M","AVR","M"],"items_purchased_type":["Card"],"build_version":"2020-12-22","purchased_purges":2,"victory":false,"max_hp_per_floor":[75,85,85,85,85,85,85,85,85,85,85,87,87,87,87,87,87,87,82,82,82],"relic_stats":{"counters":[10,56],"Ginger":[3],"obtain_stats":[{"energizedSpire:RedRose":17,"aspiration:Lifesprig":9,"energizedSpire:HugeHouse":19,"Ginger":12,"StuffTheSpire:RedRose":4,"hermit:Momento":0,"Replay:Bottled Steam":19},{"energizedSpire:RedRose":8,"aspiration:Lifesprig":4,"energizedSpire:HugeHouse":9,"Ginger":5,"StuffTheSpire:RedRose":2,"hermit:Momento":0,"Replay:Bottled Steam":9},{"energizedSpire:RedRose":40,"aspiration:Lifesprig":14,"energizedSpire:HugeHouse":49,"Ginger":22,"StuffTheSpire:RedRose":6,"hermit:Momento":0,"Replay:Bottled Steam":49}]},"card_choices":[{"not_picked":["hermit:Dissolve","hermit:Adapt"],"picked":"hermit:Magnum","floor":0},{"not_picked":["hermit:HoleUp","hermit:LuckOfTheDraw","hermit:Dive"],"picked":"SKIP","floor":1},{"not_picked":["hermit:SprayPray","hermit:TrackingShot","hermit:Quickdraw"],"picked":"SKIP","floor":3},{"not_picked":["hermit:Snipe","hermit:HoleUp","hermit:Deadeye"],"picked":"SKIP","floor":5},{"not_picked":["hermit:Cheat","hermit:Grudge","hermit:Enervate"],"picked":"SKIP","floor":8},{"not_picked":["hermit:Cheat","hermit:Grudge","hermit:Enervate"],"picked":"SKIP","floor":8},{"not_picked":["hermit:GhostlyPresence","hermit:EyeOfTheStorm","hermit:ShadowCloak"],"picked":"SKIP","floor":12},{"not_picked":["hermit:ItchyTrigger","hermit:Manifest","hermit:Dive"],"picked":"SKIP","floor":13},{"not_picked":["hermit:Combo","hermit:PistolWhip","hermit:Misfire"],"picked":"SKIP","floor":14},{"not_picked":["hermit:Coalescence+1","hermit:Grudge","hermit:Enervate+1"],"picked":"SKIP","floor":18},{"not_picked":["hermit:BodyArmor+1","hermit:TakeAim","hermit:Roulette"],"picked":"SKIP","floor":20}],"player_experience":489047,"relics_obtained":[{"floor":9,"key":"aspiration:Lifesprig"},{"floor":12,"key":"Ginger"}],"event_choices":[{"cards_removed":["hermit:Magnum"],"damage_healed":21,"gold_gain":0,"player_choice":"Offered Rare","damage_taken":0,"max_hp_gain":10,"max_hp_loss":0,"event_name":"Bonfire Elementals","floor":2,"gold_loss":0}],"is_beta":false,"boss_relics":[{"not_picked":["StuffTheSpire:ModemDavis","Runic Dome"],"picked":"energizedSpire:RedRose"}],"items_purged_floors":[10,19],"is_endless":false,"potions_floor_spawned":[5,8,12,13,18,20],"killed_by":"theJungle:MUSHROOMGANG","ascension_level":1}}