{"host":"e4wnmsyty9uvvtwf","time":1613639133,"event":{"mods":["Act Like it!","BaseMod","Colored Map","Colored Powertips","Gensokyo","Marisa£®ÏF”Í°°ƒß¿Ì…≥£©","Minty Spire (QoL Compilation)","StSLib"],"gold_per_floor":[117,117,41,61,61,61,61,61,61,161,178,388,628,659,659,673,673],"floor_reached":16,"language":"ZHS","playtime":410,"items_purged":[],"score":215,"play_id":"87724b2f-80fb-452c-ab0e-474343c6950a","local_time":"20210218170533","is_ascension_mode":true,"campfire_choices":[{"data":"EarthLightRay","floor":6,"key":"SMITH"},{"data":"MasterSpark","floor":8,"key":"SMITH"},{"floor":15,"key":"REST"}],"circlet_count":0,"master_deck":["AscendersBane","Strike_MRS","Strike_MRS","Strike_MRS","Strike_MRS","Defend_MRS","Defend_MRS","Defend_MRS","Defend_MRS","MasterSpark+1","UpSweep","EarthLightRay+1","PropBag","ChargeUpSpray","Robbery"],"relics":["MiniHakkero","Mango","Gensokyo:OccultBall","Ornamental Fan","Centennial Puzzle","Mercury Hourglass","Gremlin Horn"],"acts_visited":["Exordium"],"potions_floor_usage":[],"damage_taken":[{"damage":3,"enemies":"Gensokyo:Gryphon","floor":1,"turns":3},{"damage":13,"enemies":"Gensokyo:Python","floor":4,"turns":4},{"damage":0,"enemies":"Gensokyo:2_Kodama","floor":11,"turns":4},{"damage":0,"enemies":"Gensokyo:LivingMonolith","floor":12,"turns":3},{"damage":36,"enemies":"Gensokyo:Gryphon_and_Rabbit","floor":13,"turns":5},{"damage":19,"enemies":"Gensokyo:Aya","floor":14,"turns":7},{"damage":42,"enemies":"Gensokyo:Kokoro","floor":16,"turns":8}],"seed_played":"-6780481353981596240","potions_obtained":[{"floor":12,"key":"SpeedPotion"},{"floor":14,"key":"LiquidBronze"}],"is_trial":false,"path_per_floor":["M","?","COS","M","?","R","$","R","T","?","M","M","M","E","R","B"],"character_chosen":"MARISA","items_purchased":[],"campfire_rested":1,"item_purchase_floors":[],"current_hp_per_floor":[67,53,53,40,40,40,40,40,40,40,46,52,22,9,36,0,0],"gold":673,"neow_bonus":"TEN_PERCENT_HP_BONUS","is_daily":false,"chose_seed":false,"campfire_upgraded":2,"win_rate":0.0,"timestamp":1613639133,"path_taken":["M","?","COS","M","?","R","$","R","T","?","M","?","M","E","R","BOSS"],"items_purchased_type":[],"build_version":"2020-12-22","purchased_purges":0,"victory":false,"max_hp_per_floor":[77,91,91,91,91,91,91,91,91,91,91,91,91,91,91,91,91],"card_choices":[{"not_picked":["GalacticHalo","SprinkleStarSeal"],"picked":"Singularity","floor":1},{"not_picked":["ShootingEcho","GravityBeat"],"picked":"EarthLightRay","floor":4},{"not_picked":["DC","StarlightTyphoon","WitchOfGreed"],"picked":"SKIP","floor":11},{"not_picked":["OortCloud","AsteroidBelt"],"picked":"PropBag","floor":12},{"not_picked":["SporeBomb","DC"],"picked":"ChargeUpSpray","floor":13},{"not_picked":["EnergyRecoil","DoubleSpark"],"picked":"Robbery","floor":14}],"player_experience":705199,"relics_obtained":[{"floor":9,"key":"Ornamental Fan"},{"floor":14,"key":"Mercury Hourglass"}],"event_choices":[],"is_beta":false,"boss_relics":[],"items_purged_floors":[],"is_endless":false,"potions_floor_spawned":[12,14],"killed_by":"Gensokyo:Kokoro","ascension_level":20}}