{"host":"y6zg4wwu39otf01a","time":1613690027,"event":{"mods":["Act Like it!","Aspiration","BaseMod","Better Altar","Better Match","Better Note","Better Sensory Stone","Better Skull","Better Third Choice","Challenge The Spire","Colored Map","Colored Powertips","Conspire","GifTheSpireLib","Glutton Mod","Halation","Hermit","Highlight Path","Hubris","Infinite Spire","Mimic Mod","Minty Spire (QoL Compilation)","Quick Restart","Random Character Button","Rare Cards Sparkle","Reliquary","Replay The Spire","Retaliation","Ruina","Spicy Shops","StSLib","Stuff the Spire","The Blue Laboratory","The Construct","The Jungle"],"gold_per_floor":[213,213,213,227,334,49,76,86,111,111,111,111,36,47,47,47,47],"floor_reached":16,"language":"ENG","playtime":693,"items_purged":["Regret"],"score":98,"play_id":"c0459790-02f8-4199-8265-3cdaacf1d7e3","local_time":"20210218171347","is_ascension_mode":false,"campfire_choices":[{"data":"construct:ModeShift","floor":10,"key":"SMITH"},{"data":"hermit:Glare","floor":12,"key":"SMITH"},{"data":"Panacea","floor":15,"key":"SMITH"}],"circlet_count":0,"master_deck":["construct:Strike_Gold","construct:Strike_Gold","construct:Strike_Gold","construct:Strike_Gold","construct:Strike_Gold","construct:Defend_Gold","construct:Defend_Gold","construct:Defend_Gold","construct:Defend_Gold","construct:Defend_Gold","construct:AttackMode","construct:DefenseMode","construct:ForceCore","construct:QuickAttack","Flex","Flex","Panacea+1","Panacea","hermit:Glare+1","construct:ModeShift+1","Writhe","conspire:Blindness","ReplayTheSpireMod:??????????????????????","Replay:Undeath\u0027s Touch"],"relics":["construct:Cogwheel","StuffTheSpire:RedRose","hubris:Icosahedron","hubris:TenFootPole","halation:NonexistentMirror","hubris:SlimyHat","Bag of Preparation"],"acts_visited":["Exordium"],"potions_floor_usage":[7,7,16],"damage_taken":[{"damage":5,"enemies":"Small Slimes","floor":1,"turns":3},{"damage":1,"enemies":"2 Louse","floor":4,"turns":2},{"damage":9,"enemies":"3 Sentries","floor":7,"turns":6},{"damage":17,"enemies":"Cultist","floor":8,"turns":3},{"damage":7,"enemies":"Looter","floor":14,"turns":2},{"damage":31,"enemies":"Slime Boss","floor":16,"turns":6}],"seed_played":"-7177063970361832707","potions_obtained":[{"floor":1,"key":"ColorlessPotion"},{"floor":14,"key":"blueLaboratory:BottleOfRum"}],"is_trial":false,"path_per_floor":["M","?","?","M","?","$","E","M","T","R","?","R","$","M","R","B"],"character_chosen":"THE_CONSTRUCT_MOD","items_purchased":["halation:NonexistentMirror","Flex","Panacea"],"campfire_rested":0,"item_purchase_floors":[6,6,6],"current_hp_per_floor":[80,80,80,79,57,57,48,31,31,31,31,31,31,24,24,0,0],"gold":47,"neow_bonus":"HUNDRED_GOLD","is_daily":false,"chose_seed":false,"campfire_upgraded":3,"win_rate":0.0,"timestamp":1613690027,"path_taken":["M","?","?","M","?","$","E","?","T","R","?","R","?","M","R","BOSS"],"items_purchased_type":["Relic","Card","Card"],"build_version":"2020-12-22","purchased_purges":1,"victory":false,"max_hp_per_floor":[85,85,85,85,85,85,85,85,85,85,85,85,85,85,85,85,85],"card_choices":[{"not_picked":["construct:MetalShell","DDmod:ScaleUpSkill"],"picked":"construct:ForceCore","floor":1},{"not_picked":["hermit:BodyArmor","Warcry"],"picked":"construct:QuickAttack","floor":4},{"not_picked":["hermit:HighCaliber","ReplayTheSpireMod:Limb From Limb"],"picked":"hermit:Glare","floor":7},{"not_picked":["construct:Failsafe","Wild Strike"],"picked":"construct:ModeShift","floor":8},{"not_picked":["infinitespire:FinalStrike","infinitespire:SealOfDarkness+"],"picked":"ReplayTheSpireMod:??????????????????????","floor":11},{"not_picked":["hermit:HoleUp","hermit:LuckOfTheDraw"],"picked":"Replay:Undeath\u0027s Touch","floor":14}],"player_experience":915929,"relics_obtained":[{"floor":7,"key":"hubris:SlimyHat"},{"floor":9,"key":"Bag of Preparation"}],"event_choices":[{"damage_healed":0,"gold_gain":107,"player_choice":"RE GO ","damage_taken":30,"relics_obtained":["hubris:TenFootPole"],"max_hp_gain":0,"max_hp_loss":0,"event_name":"betterSkull:BetterSkull","floor":5,"gold_loss":0,"cards_upgraded":[]}],"is_beta":false,"boss_relics":[],"items_purged_floors":[13],"is_endless":false,"potions_floor_spawned":[1,14],"killed_by":"Slime Boss","ascension_level":0}}