{"host":"d52brwsy6af8zvaq","time":1613632399,"event":{"mods":["AchievementEnabler","BaseMod","Bestiary","Highlight Path","Minty Spire (QoL Compilation)","Quick Restart","Relic Stats","ojb\u0027s Better Paths Mod"],"gold_per_floor":[215,232,232,37,47,72,102,102,125,125,125,125],"floor_reached":11,"language":"ENG","playtime":244,"items_purged":[],"score":142,"play_id":"f35fda0e-5126-4dab-956a-f274e77e83b4","local_time":"20210218001319","is_ascension_mode":true,"campfire_choices":[{"floor":8.0,"key":"REST"},{"data":"Darkness","floor":10.0,"key":"SMITH"}],"circlet_count":0,"master_deck":["AscendersBane","Strike_B","Strike_B","Strike_B","Strike_B","Defend_B","Defend_B","Defend_B","Defend_B","Zap","Dualcast","Darkness+1","Ball Lightning","Go for the Eyes","BootSequence","White Noise","Electrodynamics"],"relics":["Cracked Core","OrangePellets","Dream Catcher","Tiny Chest"],"acts_visited":["Exordium"],"potions_floor_usage":[],"damage_taken":[{"damage":7.0,"enemies":"Jaw Worm","floor":1.0,"turns":3.0},{"damage":5.0,"enemies":"2 Louse","floor":2.0,"turns":3.0},{"damage":1.0,"enemies":"Cultist","floor":5.0,"turns":3.0},{"damage":47.0,"enemies":"3 Sentries","floor":6.0,"turns":8.0},{"damage":51,"enemies":"Gremlin Nob","floor":11,"turns":3}],"seed_played":"4720334601842382227","potions_obtained":[{"floor":1.0,"key":"FocusPotion"}],"is_trial":false,"path_per_floor":["M","M","?","$","M","E","?","R","T","R","E"],"character_chosen":"DEFECT","items_purchased":["OrangePellets","Go for the Eyes"],"campfire_rested":1,"item_purchase_floors":[4,4],"current_hp_per_floor":[57,52,57,57,56,9,9,31,31,31,0,0],"gold":125,"neow_bonus":"HUNDRED_GOLD","is_daily":false,"chose_seed":false,"campfire_upgraded":1,"win_rate":0.0,"timestamp":1613632399,"path_taken":["M","M","?","$","M","E","?","R","T","R","E"],"items_purchased_type":["Relic","Card"],"build_version":"2020-12-22","purchased_purges":0,"victory":false,"max_hp_per_floor":[71,71,76,76,76,76,76,76,76,76,76,76],"relic_stats":{"OrangePellets":[0],"Dream Catcher":1,"counters":[5,20],"Tiny Chest":0,"obtain_stats":[{"OrangePellets":4,"Dream Catcher":6,"Tiny Chest":9,"Cracked Core":0},{"OrangePellets":2,"Dream Catcher":4,"Tiny Chest":4,"Cracked Core":0},{"OrangePellets":6,"Dream Catcher":17,"Tiny Chest":17,"Cracked Core":0}]},"card_choices":[{"not_picked":["Heatsinks","Redo"],"picked":"Darkness","floor":1.0},{"not_picked":["Sunder","Beam Cell"],"picked":"Ball Lightning","floor":2.0},{"not_picked":["Aggregate","Heatsinks"],"picked":"BootSequence","floor":5.0},{"not_picked":["Compile Driver","Go for the Eyes","White Noise"],"picked":"SKIP","floor":6.0},{"not_picked":["Compile Driver","Go for the Eyes"],"picked":"White Noise","floor":6.0},{"not_picked":["Hologram","Rebound"],"picked":"Electrodynamics","floor":8.0}],"player_experience":2309544,"relics_obtained":[{"floor":6.0,"key":"Dream Catcher"},{"floor":9.0,"key":"Tiny Chest"}],"event_choices":[{"damage_healed":0.0,"max_hp_gain":5.0,"max_hp_loss":0.0,"gold_gain":0.0,"event_name":"Big Fish","player_choice":"Donut","floor":3.0,"gold_loss":0.0,"damage_taken":0.0},{"damage_healed":0.0,"max_hp_gain":0.0,"max_hp_loss":0.0,"gold_gain":30.0,"event_name":"Dead Adventurer","player_choice":"Searched \u00271\u0027 times","floor":7.0,"gold_loss":0.0,"damage_taken":0.0}],"is_beta":false,"boss_relics":[],"items_purged_floors":[],"is_endless":false,"potions_floor_spawned":[1],"killed_by":"Gremlin Nob","ascension_level":20}}