{"host":"a3gu5zu37ht99mpa","time":1613612815,"event":{"mods":["100% Spire Juice","Act Like it!","BaseMod","Better Silent Start","Better Third Choice","BetterRewards","Conspire","Downfall","Energized Spire","GifTheSpireLib","Gold Saver","Halation","JesterMod","Lobotomy","LobotomyExtend","Luminous","Minty Spire (QoL Compilation)","Reliquary","StSLib","Stuff the Spire","The Animator","The Necromancer","The Runesmith","The Saiyan","Virulent Crown","Wandering Minibosses","yUi","??????REMEMod"],"gold_per_floor":[165,165,165,184,197,197,44,44,70,70,70,104,53,71,71,71,71],"floor_reached":16,"language":"ENG","playtime":1109,"items_purged":[],"score":148,"play_id":"dc77ed18-2b1c-435d-bfc6-1ab60f7271c1","local_time":"20210217204655","is_ascension_mode":false,"campfire_choices":[{"data":"Uncharnel","floor":6,"key":"SMITH"},{"data":"Pandemic","floor":8,"key":"SMITH"},{"floor":10,"key":"RECALL"},{"data":"Death_March_Dance","floor":15,"key":"SMITH"}],"circlet_count":0,"master_deck":["Strike_W","Strike_W","Strike_W","Strike_W","Defend_W","Defend_W","Defend_W","Defend_W","Negative_Energy_Arrows","Bone_Wall","Finesse+1","Pandemic+1","Burn","Bone_Armor","Uncharnel+1","Negative_Energy_Mist","Negative_Energy_Mist","Death_March_Dance","Death_March_Dance+1","Negative_Energy_Javelin"],"relics":["Vampire_Amulet","REME_ComplimentaryCards","RabbitCall","LetterFromLob","halation:NonexistentMirror","conspire:Flyswatter"],"acts_visited":["Exordium"],"potions_floor_usage":[12,16],"damage_taken":[{"damage":0,"enemies":"2 Louse","floor":1,"turns":3},{"damage":13,"enemies":"Jaw Worm","floor":4,"turns":7},{"damage":7,"enemies":"Cultist","floor":5,"turns":5},{"damage":29,"enemies":"Gremlin Nob","floor":12,"turns":5},{"damage":14,"enemies":"2 Fungi Beasts","floor":14,"turns":6},{"damage":34,"enemies":"Hexaghost","floor":16,"turns":10}],"seed_played":"3275042295181554711","potions_obtained":[{"floor":1,"key":"Swift Potion"},{"floor":5,"key":"Regen Potion"},{"floor":12,"key":"BlessingOfTheForge"}],"is_trial":false,"path_per_floor":["M","?","?","M","M","R","$","R","T","R","?","E","$","M","R","B"],"character_chosen":"NECROMANCER","items_purchased":["halation:NonexistentMirror","Death_March_Dance"],"campfire_rested":0,"item_purchase_floors":[7,13],"current_hp_per_floor":[75,75,75,64,59,59,59,59,59,59,59,44,44,34,34,0,0],"gold":71,"neow_bonus":"","is_daily":false,"chose_seed":false,"campfire_upgraded":3,"win_rate":0.0,"timestamp":1613612815,"path_taken":["M","?","?","?","M","R","$","R","T","R","?","E","?","M","R","BOSS"],"items_purchased_type":["Relic","Card"],"build_version":"2020-12-22","purchased_purges":0,"victory":false,"max_hp_per_floor":[75,75,75,75,75,75,75,75,75,75,75,75,75,75,75,75,75],"card_choices":[{"not_picked":["Life_Tap","Bones_to_Steel"],"picked":"Pandemic","floor":1},{"not_picked":["Epidemic","Shackles_Of_Pain"],"picked":"Bone_Armor","floor":4},{"not_picked":["Consume_Illness","Acid_Javelin"],"picked":"Uncharnel","floor":5},{"not_picked":["Shackles_Of_Pain","Chill_Blood"],"picked":"Negative_Energy_Mist","floor":12},{"not_picked":["Death_March_Dance","Corrupt"],"picked":"Negative_Energy_Javelin","floor":14}],"player_experience":111560,"relics_obtained":[{"floor":1,"key":"LetterFromLob"},{"floor":12,"key":"conspire:Flyswatter"}],"event_choices":[{"damage_healed":75,"gold_gain":0,"player_choice":"Embrace Burn","damage_taken":0,"max_hp_gain":0,"max_hp_loss":75,"event_name":"betterThird:BetterShining","floor":2,"gold_loss":0},{"damage_healed":0,"gold_gain":0,"player_choice":"Ignored","damage_taken":0,"max_hp_gain":0,"max_hp_loss":0,"event_name":"NoteForYourself","floor":3,"gold_loss":0},{"damage_healed":0,"gold_gain":0,"player_choice":"Forge","damage_taken":0,"max_hp_gain":0,"max_hp_loss":0,"event_name":"Accursed Blacksmith","floor":11,"gold_loss":0,"cards_upgraded":["Finesse"]}],"is_beta":false,"boss_relics":[],"items_purged_floors":[],"is_endless":false,"potions_floor_spawned":[1,5,12],"killed_by":"Hexaghost","ascension_level":0}}