{"host":"mydft8i2zzydgggw","time":1613632188,"event":{"mods":["AchievementEnabler","BaseMod","Colored Map","Colored Powertips","DeckTracker","Keyboard Shortcuts","Minty Spire (QoL Compilation)","Rare Cards Sparkle","Relic Stats","StSLib","SuperFastMode","Together in Spire","everything is the same but u backflip on backflip"],"gold_per_floor":[119,119,132,144,154,185,202,202,202,202,202],"floor_reached":10,"language":"KOR","playtime":191,"items_purged":[],"score":112,"play_id":"84027e7b-6285-4f49-b3d7-a8cb6bc75a55","local_time":"20210218160948","is_ascension_mode":true,"campfire_choices":[{"floor":8,"key":"REST"}],"circlet_count":0,"master_deck":["AscendersBane","Strike_R","Strike_R","Strike_R","Strike_R","Defend_R","Defend_R","Defend_R","Defend_R","Bash","Disarm","Sword Boomerang","Shockwave","Entrench","Whirlwind"],"relics":["Burning Blood","Bag of Preparation","White Beast Statue"],"acts_visited":["Exordium"],"potions_floor_usage":[5,6,7],"damage_taken":[{"damage":5,"enemies":"Small Slimes","floor":1,"turns":4},{"damage":9,"enemies":"Jaw Worm","floor":3,"turns":4},{"damage":10,"enemies":"2 Louse","floor":4,"turns":2},{"damage":14,"enemies":"Lots of Slimes","floor":5,"turns":3},{"damage":29,"enemies":"Lagavulin","floor":6,"turns":7},{"damage":32,"enemies":"Gremlin Gang","floor":7,"turns":6},{"damage":40,"enemies":"3 Sentries","floor":10,"turns":3}],"seed_played":"8035732891276939171","potions_obtained":[{"floor":4,"key":"Explosive Potion"},{"floor":5,"key":"PowerPotion"},{"floor":6,"key":"BlessingOfTheForge"}],"is_trial":false,"path_per_floor":["M","?","M","M","M","E","M","R","T","E"],"character_chosen":"IRONCLAD","items_purchased":[],"campfire_rested":1,"item_purchase_floors":[],"current_hp_per_floor":[73,73,70,66,58,35,9,33,33,0,0],"gold":202,"neow_bonus":"TRANSFORM_CARD","is_daily":false,"chose_seed":false,"campfire_upgraded":0,"win_rate":0.0,"timestamp":1613632188,"path_taken":["M","?","M","M","M","E","M","R","T","E"],"items_purchased_type":[],"build_version":"2020-12-22","purchased_purges":0,"victory":false,"max_hp_per_floor":[80,80,80,80,80,80,80,80,80,80,80],"relic_stats":{"counters":[7,29],"Bag of Preparation":[4],"obtain_stats":[{"Bag of Preparation":6,"Burning Blood":0,"White Beast Statue":9},{"Bag of Preparation":5,"Burning Blood":0,"White Beast Statue":6},{"Bag of Preparation":20,"Burning Blood":0,"White Beast Statue":26}],"Burning Blood":36},"card_choices":[{"not_picked":["Iron Wave","Wild Strike"],"picked":"Sword Boomerang","floor":1},{"not_picked":["Body Slam","Anger","True Grit"],"picked":"SKIP","floor":3},{"not_picked":["Twin Strike","Headbutt"],"picked":"Shockwave","floor":4},{"not_picked":["Body Slam","Flex","Perfected Strike"],"picked":"SKIP","floor":5},{"not_picked":["Battle Trance","Body Slam"],"picked":"Entrench","floor":6},{"not_picked":["Disarm","Iron Wave"],"picked":"Whirlwind","floor":7}],"player_experience":279781,"relics_obtained":[{"floor":6,"key":"Bag of Preparation"},{"floor":9,"key":"White Beast Statue"}],"event_choices":[{"damage_healed":0,"gold_gain":0,"player_choice":"Ignored","damage_taken":0,"max_hp_gain":0,"max_hp_loss":0,"event_name":"Liars Game","floor":2,"gold_loss":0}],"is_beta":false,"boss_relics":[],"items_purged_floors":[],"is_endless":false,"potions_floor_spawned":[4,5,6],"killed_by":"3 Sentries","ascension_level":12}}