{"host":"vt6dr1xq3iy14a3e","time":1613650524,"event":{"mods":["AchievementEnabler","BaseMod","Colored Map","DeckTracker","Minty Spire (QoL Compilation)","Replay The Spire","StSLib","SuperFastMode"],"gold_per_floor":[119,119,44,57,57,57,91,91,91,120,138,157,170,170,170,244,244,257,72,41,56,56,56],"floor_reached":22,"language":"KOR","playtime":1399,"items_purged":["Strike_R","Defend_R"],"score":438,"play_id":"9eef64df-2348-4ee0-9c80-16624e7f69e3","local_time":"20210218211524","is_ascension_mode":true,"campfire_choices":[{"data":"Bash","floor":6.0,"key":"SMITH"},{"data":"Armaments","floor":8.0,"key":"SMITH"},{"floor":15.0,"key":"DIG"}],"circlet_count":0,"master_deck":["AscendersBane","Strike_R","Strike_R","Defend_R","Defend_R","Bash+1","Cleave","Clash","Armaments+1","Warcry","Pommel Strike+1","Burning Pact","Whirlwind","Bludgeon","Dark Embrace+1","Abandon+1"],"relics":["Burning Blood","NeowsBlessing","ReplayTheSpireMod:TigerMarble","Frozen Egg 2","Replay:Bottled Snecko","The Courier","Toxic Egg 2","Empty Cage"],"acts_visited":["Exordium","TheCity"],"potions_floor_usage":[],"damage_taken":[{"damage":0.0,"enemies":"Small Slimes","floor":1.0,"turns":1.0},{"damage":0.0,"enemies":"Cultist","floor":4.0,"turns":1.0},{"damage":0.0,"enemies":"Gremlin Nob","floor":7.0,"turns":1.0},{"damage":14.0,"enemies":"Lagavulin","floor":10.0,"turns":7.0},{"damage":16.0,"enemies":"Jaw Worm","floor":11.0,"turns":4.0},{"damage":10.0,"enemies":"Exordium Wildlife","floor":12.0,"turns":4.0},{"damage":12.0,"enemies":"3 Louse","floor":13.0,"turns":3.0},{"damage":36.0,"enemies":"Slime Boss","floor":16.0,"turns":9.0},{"damage":38.0,"enemies":"2 Thieves","floor":18.0,"turns":4.0},{"damage":16.0,"enemies":"Shell Parasite","floor":21.0,"turns":3.0},{"damage":8,"enemies":"3 Cultists","floor":22,"turns":3}],"seed_played":"5503348818992694681","potions_obtained":[{"floor":1.0,"key":"DuplicationPotion"},{"floor":4.0,"key":"Block Potion"},{"floor":7.0,"key":"Elixir"},{"floor":16.0,"key":"PowerPotion"}],"is_trial":false,"path_per_floor":["M","?","$","M","?","R","E","R","T","E","M","M","M","?","R_BF","B",null,"M","$","$","M","M"],"character_chosen":"IRONCLAD","items_purchased":["DistilledChaos","Fire Potion","Dark Embrace+1"],"campfire_rested":0,"item_purchase_floors":[19,19,20],"current_hp_per_floor":[74,67,67,73,73,73,75,75,75,67,57,53,47,47,47,17,61,29,29,29,19,11,11],"gold":56,"neow_bonus":"THREE_ENEMY_KILL","is_daily":false,"chose_seed":false,"campfire_upgraded":2,"win_rate":0.0,"timestamp":1613650524,"path_taken":["M","?","$","M","?","R","E","R","T","E","M","?","M","?","R_BF","BOSS","M","?","$","M","M"],"items_purchased_type":["Potion","Potion","Card"],"build_version":"2020-12-22","purchased_purges":2,"victory":false,"max_hp_per_floor":[75,75,75,75,75,75,75,75,75,75,75,75,75,75,75,75,75,75,75,75,75,75,75],"card_choices":[{"not_picked":["Dark Embrace","Defy Death"],"picked":"Cleave","floor":1.0},{"not_picked":["Wild Strike","Headbutt"],"picked":"Clash","floor":4.0},{"not_picked":["Impervious","Anger"],"picked":"Armaments","floor":7.0},{"not_picked":["Anger","Life Link+1"],"picked":"Warcry","floor":10.0},{"not_picked":["ReplayTheSpireMod:Strike From Hell","Searing Blow"],"picked":"Pommel Strike","floor":11.0},{"not_picked":["Heavy Blade","Iron Wave"],"picked":"Burning Pact","floor":12.0},{"not_picked":["Burning Pact","Flame Barrier"],"picked":"Whirlwind","floor":13.0},{"not_picked":["Juggernaut+1","Double Tap+1"],"picked":"Bludgeon","floor":16.0},{"not_picked":["Clothesline","Wild Strike","Body Slam"],"picked":"SKIP","floor":18.0},{"not_picked":["Bloodletting+1","Perfected Strike"],"picked":"Abandon+1","floor":21.0}],"player_experience":1056529,"relics_obtained":[{"floor":7.0,"key":"Frozen Egg 2"},{"floor":9.0,"key":"Replay:Bottled Snecko"},{"floor":10.0,"key":"The Courier"},{"floor":15.0,"key":"Toxic Egg 2"}],"event_choices":[{"cards_removed":["Strike_R"],"damage_healed":0.0,"max_hp_gain":0.0,"max_hp_loss":0.0,"gold_gain":0.0,"event_name":"Golden Wing","player_choice":"Card Removal","floor":2.0,"gold_loss":0.0,"damage_taken":7.0},{"damage_healed":0.0,"max_hp_gain":0.0,"max_hp_loss":0.0,"gold_gain":0.0,"event_name":"WeMeetAgain","player_choice":"Gave Potion","floor":5.0,"gold_loss":0.0,"damage_taken":0.0,"relics_obtained":["ReplayTheSpireMod:TigerMarble"]},{"damage_healed":0.0,"max_hp_gain":0.0,"max_hp_loss":0.0,"gold_gain":0.0,"event_name":"Upgrade Shrine","player_choice":"Upgraded","floor":14.0,"gold_loss":0.0,"damage_taken":0.0,"cards_upgraded":["Pommel Strike"]}],"is_beta":false,"boss_relics":[{"not_picked":["Replay:Drink Me","Painkiller Herb"],"picked":"Empty Cage"}],"items_purged_floors":[3,19],"is_endless":false,"potions_floor_spawned":[1,4,7,16],"killed_by":"3 Cultists","ascension_level":20}}