{"host":"vps8b43x7l1xjn40","time":1613683152,"event":{"mods":["AchievementEnabler","BaseMod","Colored Map","Colored Powertips","Custom Start","KinomotoSakuraMod(–Ø”V–{?)","Lobotomy","LobotomyExtend","Minty Spire (QoL Compilation)","Prisma Mod","Quick Restart","StSLib","The Cursed"],"gold_per_floor":[115,125,89,108,122,122,156,169,169,169,169,169,169],"floor_reached":12,"language":"JPN","playtime":1120,"items_purged":[],"score":80,"play_id":"f1c44712-dabe-4c07-9860-8d6618a4add0","local_time":"20210219061912","is_ascension_mode":false,"campfire_choices":[{"data":"Poisoned Stab","floor":6,"key":"SMITH"}],"circlet_count":0,"master_deck":["Strike_G","Strike_G","Strike_G","Strike_G","Strike_G","Defend_G","Defend_G","Defend_G","Defend_G","Defend_G","Survivor","Neutralize","Quick Slash","CherryBlossoms","Poisoned Stab+1","LongBird","Flying Knee","DespairKnight","Rudolta","Dagger Spray","OldLady","Funeral","Slice"],"relics":["Ring of the Snake","CogitoBucket","LetterFromLob","Thread and Needle","HellTrain","Vajra","Pantograph","Golden Idol"],"acts_visited":["Exordium"],"potions_floor_usage":[12,12],"damage_taken":[{"damage":1,"enemies":"Cultist","floor":1,"turns":4},{"damage":5,"enemies":"Jaw Worm","floor":2,"turns":4},{"damage":0,"enemies":"Small Slimes","floor":4,"turns":4},{"damage":6,"enemies":"Exordium Wildlife","floor":5,"turns":4},{"damage":23,"enemies":"Gremlin Nob","floor":7,"turns":4},{"damage":17,"enemies":"Large Slime","floor":8,"turns":3}],"seed_played":"-8987174244727572484","potions_obtained":[{"floor":4,"key":"Poison Potion"},{"floor":7,"key":"CultistPotion"}],"is_trial":false,"path_per_floor":["M","M","?","M","M","R","E","M","T","T","?","E"],"character_chosen":"THE_SILENT","items_purchased":[],"campfire_rested":0,"item_purchase_floors":[],"current_hp_per_floor":[69,64,64,64,58,58,35,18,18,18,1,0,0],"gold":169,"neow_bonus":"","is_daily":false,"chose_seed":false,"campfire_upgraded":1,"win_rate":0.0,"timestamp":1613683152,"path_taken":["M","?","?","M","M","R","E","M","T","?","?","E"],"items_purchased_type":[],"build_version":"2020-12-22","purchased_purges":0,"victory":false,"max_hp_per_floor":[70,70,70,70,70,70,70,70,70,70,70,70,70],"card_choices":[{"not_picked":["PiercingWail","Deadly Poison"],"picked":"Quick Slash","floor":1},{"not_picked":["CherryBlossoms","FairyFestival","BigBadWolf"],"picked":"Singing Bowl","floor":1},{"not_picked":["OSAHOGD","VoidDream"],"picked":"CherryBlossoms","floor":1},{"not_picked":["Calculated Gamble","Sucker Punch"],"picked":"Poisoned Stab","floor":2},{"not_picked":["Bloodbath","ShyLook"],"picked":"LongBird","floor":2},{"not_picked":["Acrobatics","Dagger Throw"],"picked":"Flying Knee","floor":4},{"not_picked":["ShyLook","Scorched"],"picked":"DespairKnight","floor":4},{"not_picked":["CrumblingArmor","Funeral"],"picked":"Rudolta","floor":5},{"not_picked":["Backflip","Well Laid Plans"],"picked":"Dagger Spray","floor":5},{"not_picked":["Acrobatics","Deflect"],"picked":"Adrenaline","floor":7},{"not_picked":["SpiderBud","OSAHOGD","FairyFestival"],"picked":"Singing Bowl","floor":7},{"not_picked":["VoidDream","OSAHOGD"],"picked":"OldLady","floor":7},{"not_picked":["Scorched","BigBird"],"picked":"Funeral","floor":8},{"not_picked":["Dodge and Roll","Deflect"],"picked":"Slice","floor":8}],"player_experience":14631,"relics_obtained":[{"floor":1,"key":"LetterFromLob"},{"floor":7,"key":"Thread and Needle"},{"floor":9,"key":"Vajra"},{"floor":10,"key":"Pantograph"}],"event_choices":[{"damage_healed":0,"gold_gain":0,"player_choice":"Left Gold","damage_taken":0,"max_hp_gain":0,"max_hp_loss":0,"event_name":"World of Goop","floor":3,"gold_loss":36},{"damage_healed":0,"gold_gain":0,"player_choice":"Take Damage","damage_taken":17,"relics_obtained":["Golden Idol"],"max_hp_gain":0,"max_hp_loss":0,"event_name":"Golden Idol","floor":11,"gold_loss":0}],"is_beta":false,"boss_relics":[],"items_purged_floors":[],"is_endless":false,"potions_floor_spawned":[4,7],"killed_by":"Lagavulin","ascension_level":0}}