{"host":"w14xfy17z3c5mpoi","time":1613611162,"event":{"mods":["AchievementEnabler","BaseMod","Minty Spire (QoL Compilation)","Relic Stats"],"gold_per_floor":[118,129,148,166,186,186,206,206,232,232,232,252,279,333,333,333,333],"floor_reached":16,"language":"ENG","playtime":500,"items_purged":[],"score":146,"play_id":"61f0d922-0f2d-4062-9059-214ef0bd7d12","local_time":"20210217201922","is_ascension_mode":true,"campfire_choices":[{"data":"Fusion","floor":6,"key":"SMITH"},{"data":"Beam Cell","floor":8,"key":"SMITH"},{"floor":15,"key":"REST"}],"circlet_count":0,"master_deck":["Strike_B","Strike_B","Strike_B","Strike_B","Defend_B","Defend_B","Defend_B","Defend_B","Zap","Dualcast","Reinforced Body+1","Beam Cell+1","Cold Snap","Fusion+1","Compile Driver","Ball Lightning","Biased Cognition","Compile Driver"],"relics":["Cracked Core","NeowsBlessing","Tiny Chest","Dream Catcher","Bag of Marbles","Bag of Preparation"],"acts_visited":["Exordium"],"potions_floor_usage":[12,13,13,13],"damage_taken":[{"damage":0,"enemies":"Small Slimes","floor":1,"turns":1},{"damage":0,"enemies":"2 Louse","floor":2,"turns":1},{"damage":0,"enemies":"Cultist","floor":3,"turns":1},{"damage":11,"enemies":"3 Louse","floor":4,"turns":4},{"damage":2,"enemies":"Blue Slaver","floor":5,"turns":3},{"damage":12,"enemies":"Exordium Thugs","floor":7,"turns":5},{"damage":2,"enemies":"Large Slime","floor":12,"turns":3},{"damage":21,"enemies":"Gremlin Nob","floor":13,"turns":5},{"damage":25,"enemies":"The Guardian","floor":16,"turns":6}],"seed_played":"-6662233400063603600","potions_obtained":[{"floor":1,"key":"Swift Potion"},{"floor":4,"key":"PowerPotion"},{"floor":5,"key":"EssenceOfSteel"},{"floor":12,"key":"DuplicationPotion"}],"is_trial":false,"path_per_floor":["M","M","M","M","M","R","M","R","T","?","?","M","E","T","R","B"],"character_chosen":"DEFECT","items_purchased":[],"campfire_rested":1,"item_purchase_floors":[],"current_hp_per_floor":[68,68,68,57,55,55,43,43,43,25,25,23,2,2,24,0,0],"gold":333,"neow_bonus":"THREE_ENEMY_KILL","is_daily":false,"chose_seed":false,"campfire_upgraded":2,"win_rate":0.0,"timestamp":1613611162,"path_taken":["M","M","M","M","M","R","M","R","T","?","?","?","E","?","R","BOSS"],"items_purchased_type":[],"build_version":"2020-12-22","purchased_purges":0,"victory":false,"max_hp_per_floor":[75,75,75,75,75,75,75,75,75,75,75,75,75,75,75,75,75],"relic_stats":{"Dream Catcher":1,"counters":[9,29],"Tiny Chest":1,"Bag of Preparation":[2],"obtain_stats":[{"Dream Catcher":10,"NeowsBlessing":0,"Tiny Chest":9,"Bag of Marbles":13,"Bag of Preparation":14,"Cracked Core":0},{"Dream Catcher":6,"NeowsBlessing":0,"Tiny Chest":6,"Bag of Marbles":8,"Bag of Preparation":8,"Cracked Core":0},{"Dream Catcher":15,"NeowsBlessing":0,"Tiny Chest":15,"Bag of Marbles":23,"Bag of Preparation":23,"Cracked Core":0}]},"card_choices":[{"not_picked":["Turbo","Streamline"],"picked":"Reinforced Body","floor":1},{"not_picked":["White Noise","Barrage"],"picked":"Beam Cell","floor":2},{"not_picked":["Auto Shields","Hello World","Steam Power"],"picked":"SKIP","floor":3},{"not_picked":["Conserve Battery","Scrape"],"picked":"Cold Snap","floor":4},{"not_picked":["Stack","Turbo"],"picked":"Fusion","floor":5},{"not_picked":["Sweeping Beam","Tempest"],"picked":"Compile Driver","floor":7},{"not_picked":["Sweeping Beam","Aggregate"],"picked":"Ball Lightning","floor":12},{"not_picked":["Turbo","Gash"],"picked":"Biased Cognition","floor":13},{"not_picked":["Gash","Streamline"],"picked":"Compile Driver","floor":15}],"player_experience":698567,"relics_obtained":[{"floor":9,"key":"Tiny Chest"},{"floor":13,"key":"Bag of Marbles"},{"floor":14,"key":"Bag of Preparation"}],"event_choices":[{"damage_healed":0,"gold_gain":0,"player_choice":"Success","damage_taken":18,"relics_obtained":["Dream Catcher"],"max_hp_gain":0,"max_hp_loss":0,"event_name":"Scrap Ooze","floor":10,"gold_loss":0},{"damage_healed":0,"gold_gain":0,"player_choice":"Upgraded","damage_taken":0,"max_hp_gain":0,"max_hp_loss":0,"event_name":"Upgrade Shrine","floor":11,"gold_loss":0,"cards_upgraded":["Reinforced Body"]}],"is_beta":false,"boss_relics":[],"items_purged_floors":[],"is_endless":false,"potions_floor_spawned":[1,4,5,12],"killed_by":"The Guardian","ascension_level":8}}