{"host":"2n2g1vowfllvjtvi","time":1613672007,"event":{"mods":["AchievementEnabler","BaseMod","Custom Start","GifTheSpireLib","Keyboard Shortcuts","Minty Spire (QoL Compilation)","Permanent Neow","Quick Restart","StSLib","SuperFastMode"],"gold_per_floor":[130,178,217,51,1,55,55,125,125,184,184,219,219,256,256,384,384,424,64,64,64,64],"floor_reached":21,"language":"KOR","playtime":342,"items_purged":["Strike_G","Strike_G"],"score":186,"play_id":"0d5a895b-961e-4c74-a9fb-dc2d6c337e77","local_time":"20210219031327","is_ascension_mode":true,"campfire_choices":[{"floor":7.0,"key":"REST"},{"data":"HandOfGreed","floor":11.0,"key":"SMITH"},{"data":"Finisher","floor":13.0,"key":"SMITH"},{"data":"Dagger Spray","floor":15.0,"key":"SMITH"}],"circlet_count":0,"master_deck":["Strike_G","Strike_G","Defend_G","Defend_G","Defend_G","Defend_G","Defend_G","Survivor","Neutralize","HandOfGreed+1","Dagger Spray+1","Finisher+1","Tactician","Tactician","Escape Plan","After Image"],"relics":["Ring of the Snake","Centennial Puzzle","Kunai","White Beast Statue","Philosopher\u0027s Stone","HornCleat"],"acts_visited":["Exordium","TheCity"],"potions_floor_usage":[16,16,16,21],"damage_taken":[{"damage":1.0,"enemies":"Cultist","floor":1.0,"turns":4.0},{"damage":0.0,"enemies":"Jaw Worm","floor":3.0,"turns":3.0},{"damage":34.0,"enemies":"Gremlin Nob","floor":6.0,"turns":6.0},{"damage":1.0,"enemies":"2 Louse","floor":10.0,"turns":5.0},{"damage":5.0,"enemies":"Looter","floor":12.0,"turns":3.0},{"damage":0.0,"enemies":"Lots of Slimes","floor":14.0,"turns":1.0},{"damage":14,"enemies":"Slime Boss","floor":16,"turns":10},{"damage":11,"enemies":"2 Thieves","floor":18,"turns":3},{"damage":0,"enemies":"Shell Parasite","floor":21,"turns":6}],"seed_played":"-2054250053061069293","potions_obtained":[{"floor":6.0,"key":"PowerPotion"},{"floor":10.0,"key":"Explosive Potion"},{"floor":12.0,"key":"ColorlessPotion"},{"floor":14.0,"key":"Weak Potion"},{"floor":16,"key":"Dexterity Potion"},{"floor":18,"key":"GhostInAJar"}],"is_trial":false,"path_per_floor":["M","T","M","$","?","E","R","T","T","M","R","M","R","M","R","B",null,"M","$","?","M"],"character_chosen":"THE_SILENT","items_purchased":["Dagger Spray","Finisher","HornCleat"],"campfire_rested":1,"item_purchase_floors":[4,4,19],"current_hp_per_floor":[62,62,62,62,62,28,46,46,46,45,45,40,40,40,40,26,63,52,52,52,52,52],"gold":64,"neow_bonus":"RANDOM_COLORLESS_2","is_daily":false,"chose_seed":false,"campfire_upgraded":3,"win_rate":0.0,"timestamp":1613672007,"path_taken":["M","?","?","$","?","E","R","?","T","M","R","M","R","M","R","BOSS","M","$","?","M"],"items_purchased_type":["Card","Card","Relic"],"build_version":"2020-12-22","purchased_purges":2,"victory":false,"max_hp_per_floor":[63,63,63,63,63,63,63,63,63,63,63,63,63,63,63,63,63,63,63,63,63,63],"card_choices":[{"not_picked":["Violence","The Bomb"],"picked":"HandOfGreed","floor":0.0},{"not_picked":["PiercingWail","Sucker Punch","Underhanded Strike"],"picked":"SKIP","floor":1.0},{"not_picked":["Underhanded Strike","Noxious Fumes","Dodge and Roll"],"picked":"SKIP","floor":3.0},{"not_picked":["Reflex","Leg Sweep"],"picked":"Tactician","floor":6.0},{"not_picked":["Leg Sweep","Concentrate"],"picked":"Tactician","floor":10.0},{"not_picked":["Poisoned Stab","Slice"],"picked":"Escape Plan","floor":12.0},{"not_picked":["All Out Attack","Catalyst","Flying Knee"],"picked":"SKIP","floor":14.0},{"not_picked":["Venomology","Bullet Time"],"picked":"After Image","floor":16},{"not_picked":["Flying Knee","Sucker Punch","Flechettes"],"picked":"SKIP","floor":18}],"player_experience":242091,"relics_obtained":[{"floor":2.0,"key":"Centennial Puzzle"},{"floor":8.0,"key":"Kunai"},{"floor":9.0,"key":"White Beast Statue"}],"event_choices":[{"cards_removed":["Strike_G"],"damage_healed":0.0,"max_hp_gain":0.0,"max_hp_loss":0.0,"gold_gain":0.0,"event_name":"The Cleric","player_choice":"Card Removal","floor":5.0,"gold_loss":50.0,"damage_taken":0.0},{"damage_healed":0,"gold_gain":0,"player_choice":"Ignored","damage_taken":0,"max_hp_gain":0,"max_hp_loss":0,"event_name":"Ghosts","floor":20,"gold_loss":0}],"is_beta":false,"boss_relics":[{"not_picked":["Snecko Eye","Cursed Key"],"picked":"Philosopher\u0027s Stone"}],"items_purged_floors":[4,19],"is_endless":false,"potions_floor_spawned":[6,10,12,14,16,18],"killed_by":"Shell Parasite","ascension_level":1}}