{"host":"oehe2dxjvdgux73m","time":1613658815,"event":{"mods":["AchievementEnabler","BaseMod","Colored Map","Colored Powertips","DeckTracker","Keyboard Shortcuts","Minty Spire (QoL Compilation)","Permanent Neow","Quick Restart","StSLib","SuperFastMode"],"gold_per_floor":[111,70,83,95,108,108,138,173,173,173,191,191,203,214,214,291,291,307,178,178,189,203,203,237,237,237,237,162,82,98,129,129,208,208,224,244,134,147,147,172,172,172],"floor_reached":41,"language":"KOR","playtime":1161,"items_purged":["Strike_G","Strike_G"],"score":926,"play_id":"82a5ecda-8246-492a-9c6d-56a3ec46bb59","local_time":"20210218233335","is_ascension_mode":true,"campfire_choices":[{"data":"Accuracy","floor":6.0,"key":"SMITH"},{"data":"Neutralize","floor":10.0,"key":"SMITH"},{"data":"Footwork","floor":15.0,"key":"SMITH"},{"floor":23.0,"key":"REST"},{"data":"Tactician","floor":27.0,"key":"SMITH"},{"floor":32.0,"key":"REST"}],"circlet_count":0,"master_deck":["AscendersBane","Defend_G","Defend_G","Defend_G","Defend_G","Defend_G","Survivor","Neutralize+1","Night Terror","Tactician+1","Accuracy+1","Dagger Throw","Blade Dance","Blade Dance","Blade Dance","Calculated Gamble+1","Footwork+1","Malaise","Backflip","Acrobatics","Cloak And Dagger+1","Well Laid Plans","Prepared","Wraith Form v2","Footwork"],"relics":["Ring of the Snake","Unceasing Top","Du-Vu Doll","WristBlade","Calipers","The Courier","InkBottle","Black Star","Orichalcum","Bag of Preparation"],"acts_visited":["Exordium","TheCity","TheBeyond"],"potions_floor_usage":[41],"damage_taken":[{"damage":7.0,"enemies":"2 Louse","floor":1.0,"turns":4.0},{"damage":11.0,"enemies":"Small Slimes","floor":3.0,"turns":6.0},{"damage":4.0,"enemies":"Jaw Worm","floor":4.0,"turns":5.0},{"damage":3.0,"enemies":"Blue Slaver","floor":5.0,"turns":5.0},{"damage":12.0,"enemies":"Lagavulin","floor":8.0,"turns":7.0},{"damage":0.0,"enemies":"Exordium Wildlife","floor":11.0,"turns":1.0},{"damage":1.0,"enemies":"Exordium Thugs","floor":13.0,"turns":3.0},{"damage":0.0,"enemies":"Lots of Slimes","floor":14.0,"turns":2.0},{"damage":15.0,"enemies":"The Guardian","floor":16.0,"turns":11.0},{"damage":0.0,"enemies":"Shell Parasite","floor":18.0,"turns":3.0},{"damage":0.0,"enemies":"Chosen","floor":21.0,"turns":3.0},{"damage":17.0,"enemies":"Shelled Parasite and Fungi","floor":22.0,"turns":4.0},{"damage":6.0,"enemies":"Book of Stabbing","floor":24.0,"turns":4.0},{"damage":1.0,"enemies":"Cultist and Chosen","floor":30.0,"turns":5.0},{"damage":19.0,"enemies":"Slavers","floor":31.0,"turns":5.0},{"damage":11.0,"enemies":"Collector","floor":33.0,"turns":6.0},{"damage":0.0,"enemies":"3 Shapes","floor":35.0,"turns":3.0},{"damage":18.0,"enemies":"3 Darklings","floor":36.0,"turns":5.0},{"damage":2.0,"enemies":"Transient","floor":38.0,"turns":6.0},{"damage":23.0,"enemies":"Giant Head","floor":40.0,"turns":5.0},{"damage":25,"enemies":"Jaw Worm Horde","floor":41,"turns":3}],"seed_played":"-6686072259516175687","potions_obtained":[{"floor":3.0,"key":"Swift Potion"},{"floor":5.0,"key":"Explosive Potion"},{"floor":11.0,"key":"Fire Potion"},{"floor":14.0,"key":"Swift Potion"},{"floor":22.0,"key":"Ancient Potion"},{"floor":24.0,"key":"Strength Potion"},{"floor":31.0,"key":"Energy Potion"},{"floor":36.0,"key":"PowerPotion"},{"floor":40.0,"key":"Regen Potion"}],"is_trial":false,"path_per_floor":["M","$","M","M","M","R","?","E","T","R","M","?","M","M","R","B",null,"M","$","?","M","M","R","E","?","T","R","?","$","M","E","R","B",null,"M","M","?","M","$","E","M"],"character_chosen":"THE_SILENT","items_purchased":["Accuracy","Acrobatics"],"campfire_rested":2,"item_purchase_floors":[2,19],"current_hp_per_floor":[52,52,41,37,34,34,34,22,22,22,22,27,26,26,26,11,56,56,56,36,36,19,41,35,50,50,50,50,50,49,30,52,41,67,67,49,49,47,47,24,8,8],"gold":172,"neow_bonus":"TRANSFORM_CARD","is_daily":false,"chose_seed":false,"campfire_upgraded":4,"win_rate":0.0,"timestamp":1613658815,"path_taken":["M","$","M","M","M","R","?","E","T","R","M","?","M","M","R","BOSS","M","$","?","M","M","R","E","?","T","R","?","?","M","E","R","BOSS","M","M","?","M","?","E","?"],"items_purchased_type":["Card","Card"],"build_version":"2020-12-22","purchased_purges":2,"victory":false,"max_hp_per_floor":[66,66,66,66,66,66,66,66,66,66,66,71,71,71,71,71,71,71,71,76,76,76,76,76,76,76,76,76,76,76,76,76,76,76,76,76,76,76,76,76,76,76],"card_choices":[{"not_picked":["Prepared","Setup"],"picked":"Tactician","floor":1.0},{"not_picked":["Backstab","Blur"],"picked":"Dagger Throw","floor":3.0},{"not_picked":["Endless Agony","Dash"],"picked":"Blade Dance","floor":4.0},{"not_picked":["Terror","Distraction"],"picked":"Blade Dance","floor":5.0},{"not_picked":["Slice","Setup"],"picked":"Blade Dance","floor":8.0},{"not_picked":["PiercingWail","Prepared"],"picked":"Calculated Gamble","floor":11.0},{"not_picked":["Underhanded Strike","Slice","Dodge and Roll"],"picked":"SKIP","floor":13.0},{"not_picked":["Sucker Punch","Calculated Gamble"],"picked":"Footwork","floor":14.0},{"not_picked":["Bullet Time","Tools of the Trade"],"picked":"Malaise","floor":16.0},{"not_picked":["Dagger Throw","Choke+1"],"picked":"Backflip","floor":18.0},{"not_picked":["Dagger Throw","Dodge and Roll","Deflect"],"picked":"SKIP","floor":21.0},{"not_picked":["PiercingWail","Blade Dance"],"picked":"Cloak And Dagger+1","floor":22.0},{"not_picked":["Setup","Reflex"],"picked":"Well Laid Plans","floor":24.0},{"not_picked":["Quick Slash","Backflip"],"picked":"Prepared","floor":30.0},{"not_picked":["Backstab","Masterful Stab","Die Die Die"],"picked":"SKIP","floor":31.0},{"not_picked":["Storm of Steel","Malaise"],"picked":"Wraith Form v2","floor":33.0},{"not_picked":["Quick Slash","Noxious Fumes","Outmaneuver"],"picked":"SKIP","floor":35.0},{"not_picked":["Blade Dance","Underhanded Strike","Backflip"],"picked":"SKIP","floor":36.0},{"not_picked":["Flying Knee","Backflip","Die Die Die"],"picked":"SKIP","floor":38.0},{"not_picked":["Riddle With Holes+1","Calculated Gamble"],"picked":"Footwork","floor":40.0}],"player_experience":476089,"relics_obtained":[{"floor":8.0,"key":"Unceasing Top"},{"floor":9.0,"key":"Du-Vu Doll"},{"floor":24.0,"key":"Calipers"},{"floor":26.0,"key":"The Courier"},{"floor":31.0,"key":"InkBottle"},{"floor":40.0,"key":"Orichalcum"},{"floor":40.0,"key":"Bag of Preparation"}],"event_choices":[{"damage_healed":0.0,"max_hp_gain":0.0,"max_hp_loss":0.0,"gold_gain":30.0,"event_name":"Dead Adventurer","player_choice":"Searched \u00271\u0027 times","floor":7.0,"gold_loss":0.0,"damage_taken":0.0},{"damage_healed":0.0,"max_hp_gain":5.0,"max_hp_loss":0.0,"gold_gain":0.0,"event_name":"Big Fish","player_choice":"Donut","floor":12.0,"gold_loss":0.0,"damage_taken":0.0},{"damage_healed":0.0,"max_hp_gain":5.0,"max_hp_loss":0.0,"gold_gain":0.0,"event_name":"Forgotten Altar","player_choice":"Shed Blood","floor":20.0,"gold_loss":0.0,"damage_taken":25.0},{"damage_healed":15.0,"max_hp_gain":0.0,"max_hp_loss":0.0,"gold_gain":0.0,"event_name":"The Library","player_choice":"Heal","floor":25.0,"gold_loss":0.0,"damage_taken":0.0},{"cards_removed":["Strike_G"],"damage_healed":0.0,"max_hp_gain":0.0,"max_hp_loss":0.0,"gold_gain":0.0,"event_name":"Beggar","player_choice":"Gave Gold","floor":28.0,"gold_loss":75.0,"damage_taken":0.0},{"cards_removed":["Strike_G"],"damage_healed":0.0,"max_hp_gain":0.0,"max_hp_loss":0.0,"gold_gain":0.0,"event_name":"Designer","player_choice":"Upgrade and Remove","floor":37.0,"gold_loss":110.0,"damage_taken":0.0,"cards_upgraded":["Calculated Gamble"]}],"is_beta":false,"boss_relics":[{"not_picked":["Empty Cage","Runic Pyramid"],"picked":"WristBlade"},{"not_picked":["Tiny House","Fusion Hammer"],"picked":"Black Star"}],"items_purged_floors":[19,29],"is_endless":false,"potions_floor_spawned":[3,5,11,14,22,24,31,36,40],"killed_by":"Jaw Worm Horde","ascension_level":20}}