{"host":"oehe2dxjvdgux73m","time":1613657335,"event":{"mods":["AchievementEnabler","BaseMod","Colored Map","Colored Powertips","DeckTracker","Keyboard Shortcuts","Minty Spire (QoL Compilation)","Permanent Neow","Quick Restart","StSLib","SuperFastMode"],"gold_per_floor":[110,120,6,19,10,10,41,41,88,88,88,102,102,177,177,177,177],"floor_reached":16,"language":"KOR","playtime":351,"items_purged":["Strike_G"],"score":200,"play_id":"e4c5399b-d91a-465d-9629-8f0efec018eb","local_time":"20210218230855","is_ascension_mode":true,"campfire_choices":[{"data":"Eviscerate","floor":6,"key":"SMITH"},{"floor":8,"key":"REST"},{"floor":13,"key":"REST"},{"data":"Neutralize","floor":15,"key":"SMITH"}],"circlet_count":0,"master_deck":["AscendersBane","Strike_G","Strike_G","Strike_G","Defend_G","Defend_G","Defend_G","Defend_G","Defend_G","Survivor","Neutralize+1","Dash","Deadly Poison","Footwork","Escape Plan","Eviscerate+1","Deadly Poison","Caltrops","Venomology"],"relics":["Ring of the Snake","Darkstone Periapt","Dream Catcher","Golden Idol"],"acts_visited":["Exordium"],"potions_floor_usage":[5,7,16],"damage_taken":[{"damage":4.0,"enemies":"2 Louse","floor":1.0,"turns":3.0},{"damage":1.0,"enemies":"Cultist","floor":2.0,"turns":4.0},{"damage":0.0,"enemies":"Small Slimes","floor":4.0,"turns":4.0},{"damage":5,"enemies":"Exordium Thugs","floor":5,"turns":5},{"damage":44,"enemies":"Gremlin Nob","floor":7,"turns":5},{"damage":12,"enemies":"Exordium Wildlife","floor":12,"turns":5},{"damage":22,"enemies":"Hexaghost","floor":16,"turns":9}],"seed_played":"-1146475180208369875","potions_obtained":[{"floor":1.0,"key":"Block Potion"},{"floor":2.0,"key":"AttackPotion"},{"floor":12,"key":"Weak Potion"}],"is_trial":false,"path_per_floor":["M","M","$","M","M","R","E","R","T","?","$","M","R","?","R","B"],"character_chosen":"THE_SILENT","items_purchased":["Footwork"],"campfire_rested":2,"item_purchase_floors":[3],"current_hp_per_floor":[55,54,54,54,49,49,5,24,24,24,24,12,30,19,19,0,0],"gold":177,"neow_bonus":"REMOVE_CARD","is_daily":false,"chose_seed":false,"campfire_upgraded":2,"win_rate":0.0,"timestamp":1613657335,"path_taken":["M","M","$","M","M","R","E","R","T","?","$","M","R","?","R","BOSS"],"items_purchased_type":["Card"],"build_version":"2020-12-22","purchased_purges":1,"victory":false,"max_hp_per_floor":[66,66,66,66,66,66,66,66,66,60,60,60,60,60,60,60,60],"card_choices":[{"not_picked":["Skewer","Calculated Gamble"],"picked":"Dash","floor":1.0},{"not_picked":["Sucker Punch","Prepared"],"picked":"Deadly Poison","floor":2.0},{"not_picked":["Dodge and Roll","Expertise"],"picked":"Escape Plan","floor":4.0},{"not_picked":["Prepared","PiercingWail"],"picked":"Eviscerate","floor":5},{"not_picked":["PiercingWail","Flying Knee"],"picked":"Deadly Poison","floor":7},{"not_picked":["Cloak And Dagger","Caltrops","Outmaneuver"],"picked":"SKIP","floor":12},{"not_picked":["Cloak And Dagger","Outmaneuver"],"picked":"Caltrops","floor":12},{"not_picked":["Masterful Stab","Slice"],"picked":"Venomology","floor":13}],"player_experience":475738,"relics_obtained":[{"floor":7,"key":"Darkstone Periapt"},{"floor":9,"key":"Dream Catcher"}],"event_choices":[{"damage_healed":0,"gold_gain":0,"player_choice":"Lose Max HP","damage_taken":0,"relics_obtained":["Golden Idol"],"max_hp_gain":0,"max_hp_loss":6,"event_name":"Golden Idol","floor":10,"gold_loss":0},{"damage_healed":0,"gold_gain":75,"player_choice":"Gather Gold","damage_taken":11,"max_hp_gain":0,"max_hp_loss":0,"event_name":"World of Goop","floor":14,"gold_loss":0}],"is_beta":false,"boss_relics":[],"items_purged_floors":[3],"is_endless":false,"potions_floor_spawned":[1,2,4,12],"killed_by":"Hexaghost","ascension_level":20}}