{"host":"8anmd7ibyxevnonj","time":1613660864,"event":{"mods":["BaseMod","Curses Come First","Glutton Mod","Marisa????????","Minty Spire (QoL Compilation)","Reliquary","StSLib","The Cursed","The Marked","The Necromancer"],"gold_per_floor":[116,128,94,94,94,94,122,142,213,288,28,38,63,91,103,212,224,246,348,377,408,420,420],"floor_reached":22,"language":"ENG","playtime":910,"items_purged":[],"score":206,"play_id":"0ab94d20-5760-44c2-a495-2d95a76f0d62","local_time":"20210218160744","is_ascension_mode":true,"campfire_choices":[{"data":"Summon_Undead_Army","floor":6,"key":"SMITH"},{"floor":15,"key":"REST"}],"circlet_count":0,"master_deck":["Strike_W","Strike_W","Strike_W","Defend_W","Defend_W","Defend_W","Defend_W","Negative_Energy_Arrows","Bone_Wall","Negative_Energy_Burst","Death_Knell","Toxic_Smoke_Screen","Summon_Undead_Army+1","Regret","Bones_to_Steel","Finger_Of_Death","Corrupt","Summon_Lich+1","Grasp_Heart","Summon_Undead","Bone_Armory+1","Negative_Energy_Sphere"],"relics":["Vampire_Amulet","Lizard Tail","StoneCalendar","Girya","reliquary:TridentHead","Frozen Egg 2","MawBank","reliquary:KinkedSpring"],"acts_visited":["Exordium","TheCity"],"potions_floor_usage":[21,22],"damage_taken":[{"damage":0,"enemies":"2 Louse","floor":1,"turns":1},{"damage":0,"enemies":"Jaw Worm","floor":2,"turns":3},{"damage":32,"enemies":"Lagavulin","floor":7,"turns":6},{"damage":7,"enemies":"Cultist","floor":8,"turns":3},{"damage":11,"enemies":"Exordium Thugs","floor":12,"turns":4},{"damage":45,"enemies":"Gremlin Nob","floor":13,"turns":5},{"damage":0,"enemies":"Gremlin Gang","floor":14,"turns":2},{"damage":26,"enemies":"Slime Boss","floor":16,"turns":7},{"damage":24,"enemies":"Spheric Guardian","floor":18,"turns":4},{"damage":2,"enemies":"3 Byrds","floor":20,"turns":3},{"damage":13,"enemies":"Snecko","floor":21,"turns":4},{"damage":36,"enemies":"Centurion and Healer","floor":22,"turns":3}],"seed_played":"-5685288220436518802","potions_obtained":[{"floor":1,"key":"Fire Potion"},{"floor":8,"key":"LiquidBronze"},{"floor":13,"key":"LiquidMemories"},{"floor":18,"key":"PowerPotion"},{"floor":21,"key":"ColorlessPotion"}],"is_trial":false,"path_per_floor":["M","M","$","?","T","R","E","M","T","?","$","M","E","M","R","B",null,"M","?","M","M","M"],"character_chosen":"NECROMANCER","items_purchased":["Summon_Undead_Army","Frozen Egg 2"],"campfire_rested":1,"item_purchase_floors":[3,11],"current_hp_per_floor":[75,75,75,75,75,75,45,40,40,29,29,22,20,28,50,32,75,53,41,45,34,0,0],"gold":420,"neow_bonus":"TRANSFORM_CARD","is_daily":false,"chose_seed":false,"campfire_upgraded":1,"win_rate":0.0,"timestamp":1613660864,"path_taken":["M","M","$","?","?","R","E","M","T","?","$","?","E","M","R","BOSS","M","?","M","M","?"],"items_purchased_type":["Card","Relic"],"build_version":"2020-12-13","purchased_purges":0,"victory":false,"max_hp_per_floor":[75,75,75,75,75,75,75,75,75,75,75,75,75,75,75,75,75,75,75,75,75,75,75],"card_choices":[{"not_picked":["Bone_Shift","Bone_Armor"],"picked":"Death_Knell","floor":1},{"not_picked":["Shackles_Of_Pain","Bone_Armor"],"picked":"Toxic_Smoke_Screen","floor":2},{"not_picked":["Requiem","Summon_Undead"],"picked":"Bones_to_Steel","floor":7},{"not_picked":["Blood_Shield","Negative_Energy_Mist"],"picked":"Finger_Of_Death","floor":8},{"not_picked":["Exploit","Bone_Spikes"],"picked":"Corrupt","floor":12},{"not_picked":["Blood_Whip","Exploit"],"picked":"Summon_Lich+1","floor":13},{"not_picked":["Bones_to_Steel","Bone_Spikes","Corrupt"],"picked":"SKIP","floor":14},{"not_picked":["Negative_Energy_Bomb","Reap_The_Weak"],"picked":"Grasp_Heart","floor":16},{"not_picked":["Toxic_Smoke_Screen","Blood_Curse"],"picked":"Summon_Undead","floor":18},{"not_picked":["Negative_Energy_Sphere","Toxic_Smoke_Screen"],"picked":"Bone_Armory+1","floor":20},{"not_picked":["Negative_Energy_Javelin+1","Blood_Whip"],"picked":"Negative_Energy_Sphere","floor":21}],"player_experience":75186,"relics_obtained":[{"floor":5,"key":"StoneCalendar"},{"floor":7,"key":"Girya"},{"floor":9,"key":"reliquary:TridentHead"},{"floor":13,"key":"MawBank"}],"event_choices":[{"damage_healed":0,"gold_gain":0,"player_choice":"Box","damage_taken":0,"relics_obtained":["Lizard Tail"],"max_hp_gain":0,"max_hp_loss":0,"event_name":"Big Fish","floor":4,"gold_loss":0,"cards_obtained":["Regret"]},{"damage_healed":0,"gold_gain":75,"player_choice":"Gather Gold","damage_taken":11,"max_hp_gain":0,"max_hp_loss":0,"event_name":"World of Goop","floor":10,"gold_loss":0},{"damage_healed":0,"gold_gain":90,"player_choice":"GOLD ","damage_taken":12,"max_hp_gain":0,"max_hp_loss":0,"event_name":"Knowing Skull","floor":19,"potions_obtained":[],"gold_loss":0,"cards_obtained":[]}],"is_beta":false,"boss_relics":[{"not_picked":["Busted Crown","reliquary:Craggleroot"],"picked":"reliquary:KinkedSpring"}],"items_purged_floors":[],"is_endless":false,"potions_floor_spawned":[1,8,13,18,21],"killed_by":"Centurion and Healer","ascension_level":1}}