{"host":"m6rwrrl4vtok99e8","time":1613646045,"event":{"mods":["ATMod(??Mod)","Act Like it!","Aspiration","BaseMod","Colored Powertips","Downfall","Energized Spire","GungeonMod","Jedi Mod","Koishi","LagranYue(???·?)","Lobotomy","Marisa????????","Minty Spire (QoL Compilation)","Pale of the Ancients","Quick Restart","Relic Stats","Reliquary","Remilia??????","Replay The Spire","Spicy Shops","StSLib","TestMod","The Servant 0.9.4","Waifu the Spire","WarShipGirlsR/????R mod","??????REMEMod"],"gold_per_floor":[111,111,167,195,212,241,251,251,251,61,61,74,74,74],"floor_reached":13,"language":"ZHS","playtime":831,"items_purged":["Injury"],"score":85,"play_id":"8707177f-a279-455a-af27-11b4ebea27ed","local_time":"20210218190045","is_ascension_mode":false,"campfire_choices":[{"floor":8,"key":"REST"},{"data":"DemoMod:GunslingerForm","floor":11,"key":"SMITH"}],"circlet_count":0,"master_deck":["DemoMod:Strike_Huntress","DemoMod:Strike_Huntress","DemoMod:Strike_Huntress","DemoMod:Defend_Huntress","DemoMod:Defend_Huntress","DemoMod:Defend_Huntress","DemoMod:Defend_Huntress","DemoMod:Roll","DemoMod:ManualReload","DemoMod:RustySidearm","DemoMod:CrossBow","AT_Dispersion","OSAHOGD","DemoMod:HardPowerCard","DemoMod:CrossBow+1","DemoMod:MegaHand+1","FairyFestival","DemoMod:LifeOrb+1","DemoMod:GunslingerForm+1"],"relics":["DemoMod:Dog","AT_ATBox","testmod-TestBox","REME_ComplimentaryCards","LagranYue:RandomDrawCardRelic","CogitoBucket","testmod-NegativeEmotionEnhancer","Molten Egg 2","Replay:PocketPolymizer","Replay:Accelerometer","DemoMod:GnawedKey","DemoMod:GlassGuonStoneRelic"],"acts_visited":["Exordium"],"potions_floor_usage":[],"damage_taken":[{"damage":5,"enemies":"2 Louse","floor":1,"turns":2},{"damage":4,"enemies":"Small Slimes","floor":3,"turns":4},{"damage":6,"enemies":"Jaw Worm","floor":5,"turns":5},{"damage":29,"enemies":"Lagavulin","floor":6,"turns":6},{"damage":12,"enemies":"Exordium Thugs","floor":7,"turns":3},{"damage":28,"enemies":"Lots of Slimes","floor":12,"turns":4},{"damage":4,"enemies":"Replay:BlueRogue","floor":13,"turns":2}],"seed_played":"-7497832984504473438","potions_obtained":[{"floor":1,"key":"DemoMod:LeadSkinPotion"},{"floor":5,"key":"DemoMod:BlankPotion"}],"is_trial":false,"path_per_floor":["M","?","M","?","M","E","M","R","T","$","R","M","E"],"character_chosen":"HUNTRESS","items_purchased":["DemoMod:GnawedKey"],"campfire_rested":1,"item_purchase_floors":[10],"current_hp_per_floor":[67,67,66,48,44,17,8,30,30,30,30,9,6,6],"gold":74,"neow_bonus":"","is_daily":false,"chose_seed":false,"campfire_upgraded":1,"win_rate":0.0,"timestamp":1613646045,"path_taken":["M","?","M","?","M","E","?","R","T","?","R","M","E"],"items_purchased_type":["Relic"],"build_version":"2020-12-22","purchased_purges":1,"victory":false,"max_hp_per_floor":[71,71,72,72,73,74,75,75,75,75,75,76,76,76],"relic_stats":{"counters":[8,27],"obtain_stats":[{"Replay:Accelerometer":6,"CogitoBucket":0,"AT_ATBox":0,"testmod-TestBox":0,"Replay:PocketPolymizer":4,"DemoMod:Dog":0,"LagranYue:RandomDrawCardRelic":0,"Molten Egg 2":2,"DemoMod:GlassGuonStoneRelic":1,"testmod-NegativeEmotionEnhancer":0,"DemoMod:GnawedKey":10,"REME_ComplimentaryCards":0},{"Replay:Accelerometer":4,"CogitoBucket":0,"AT_ATBox":0,"testmod-TestBox":0,"Replay:PocketPolymizer":2,"DemoMod:Dog":0,"LagranYue:RandomDrawCardRelic":0,"Molten Egg 2":1,"DemoMod:GlassGuonStoneRelic":1,"testmod-NegativeEmotionEnhancer":0,"DemoMod:GnawedKey":5,"REME_ComplimentaryCards":0},{"Replay:Accelerometer":17,"CogitoBucket":0,"AT_ATBox":0,"testmod-TestBox":0,"Replay:PocketPolymizer":6,"DemoMod:Dog":0,"LagranYue:RandomDrawCardRelic":0,"Molten Egg 2":2,"DemoMod:GlassGuonStoneRelic":2,"testmod-NegativeEmotionEnhancer":0,"DemoMod:GnawedKey":20,"REME_ComplimentaryCards":0}]},"card_choices":[{"not_picked":["CherryBlossoms","Wellcheers"],"picked":"OSAHOGD","floor":1},{"not_picked":["DemoMod:AC15","DemoMod:ConditionalReflex"],"picked":"DemoMod:HardPowerCard","floor":1},{"not_picked":["DemoMod:SkilledReload","DemoMod:SAA+1","DemoMod:ZorGun+1"],"picked":"SKIP","floor":3},{"not_picked":["DemoMod:HungryBullets","DemoMod:HighKaliber+1"],"picked":"DemoMod:MegaHand+1","floor":5},{"not_picked":["SnowQueen","Bloodbath"],"picked":"FairyFestival","floor":6},{"not_picked":["DemoMod:PotionOfGunFriendShip","DemoMod:ZorGun+1"],"picked":"DemoMod:LifeOrb+1","floor":6},{"not_picked":["DemoMod:SniperShot","DemoMod:JK47+1"],"picked":"DemoMod:GunslingerForm","floor":7},{"not_picked":["DemoMod:HardPowerCard","DemoMod:Ejector","DemoMod:DirectionalPad+1"],"picked":"SKIP","floor":12}],"player_experience":35667,"relics_obtained":[{"floor":4,"key":"Replay:PocketPolymizer"},{"floor":6,"key":"Replay:Accelerometer"}],"event_choices":[],"is_beta":false,"boss_relics":[],"items_purged_floors":[10],"is_endless":false,"potions_floor_spawned":[1,5],"killed_by":"Replay:BlueRogue","ascension_level":0}}