{"host":"z439itq93uucuvou","time":1613684468,"event":{"mods":["BaseMod","Colored Powertips","Jorbs\u0027s Wanderer Trilogy","Minty Spire (QoL Compilation)","StSLib"],"gold_per_floor":[110,110,35,35,35,63,89,89,89,89,154,199,261,304,304,409,409,426,426,437,479,23,23,72,72,144,144,144],"floor_reached":27,"language":"ENG","playtime":1022,"items_purged":["Pain"],"score":593,"play_id":"8372a9d9-73ab-4241-9333-480a710600e0","local_time":"20210218134108","is_ascension_mode":true,"campfire_choices":[{"data":"Wish","floor":10.0,"key":"SMITH"},{"floor":15.0,"key":"REST"},{"data":"LessonLearned","floor":23.0,"key":"SMITH"},{"data":"Vigilance","floor":25.0,"key":"SMITH"}],"circlet_count":0,"master_deck":["AscendersBane","Strike_P","Strike_P","Strike_P","Defend_P","Defend_P","Defend_P","Defend_P","Eruption","Vigilance+1","Indignation+1","Wish+1","EmptyBody","FlurryOfBlows","MentalFortress+1","MentalFortress+1","SandsOfTime","Establishment+1","Crescendo","Swivel+1","EmptyMind","MentalFortress+1","LessonLearned+1","FlurryOfBlows"],"relics":["PureWater","NeowsBlessing","WarpedTongs","Art of War","Frozen Egg 2","Akabeko","Letter Opener","Bag of Marbles","Dream Catcher","Tiny Chest","Coffee Dripper","Membership Card","FossilizedHelix","Mummified Hand"],"acts_visited":["Exordium","TheCity"],"potions_floor_usage":[27],"damage_taken":[{"damage":0.0,"enemies":"Cultist","floor":1.0,"turns":1.0},{"damage":0.0,"enemies":"Gremlin Nob","floor":6.0,"turns":1.0},{"damage":0.0,"enemies":"3 Sentries","floor":11.0,"turns":1.0},{"damage":7.0,"enemies":"Jaw Worm","floor":12.0,"turns":3.0},{"damage":0.0,"enemies":"Lagavulin","floor":13.0,"turns":5.0},{"damage":2.0,"enemies":"Small Slimes","floor":14.0,"turns":3.0},{"damage":39.0,"enemies":"The Guardian","floor":16.0,"turns":9.0},{"damage":19.0,"enemies":"3 Byrds","floor":18.0,"turns":4.0},{"damage":22.0,"enemies":"2 Thieves","floor":20.0,"turns":4.0},{"damage":13.0,"enemies":"Snake Plant","floor":21.0,"turns":4.0},{"damage":0.0,"enemies":"3 Cultists","floor":24.0,"turns":5.0},{"damage":5,"enemies":"Slavers","floor":27,"turns":2}],"seed_played":"6604723070330045012","potions_obtained":[{"floor":1.0,"key":"AttackPotion"},{"floor":12.0,"key":"LiquidBronze"},{"floor":14.0,"key":"Strength Potion"},{"floor":24.0,"key":"AttackPotion"}],"is_trial":false,"path_per_floor":["M","?","$","?","?","E","T","?","T","R","E","M","E","M","R","B",null,"M","?","M","M","$","R","M","R","T","E"],"character_chosen":"WATCHER","items_purchased":["Membership Card","MentalFortress+1","LessonLearned","FossilizedHelix"],"campfire_rested":1,"item_purchase_floors":[22,22,22,22],"current_hp_per_floor":[61,61,61,61,54,54,54,54,54,54,54,47,47,45,65,26,58,39,39,17,4,4,4,4,4,4,0,0],"gold":144,"neow_bonus":"THREE_ENEMY_KILL","is_daily":false,"chose_seed":false,"campfire_upgraded":3,"win_rate":0.0,"timestamp":1613684468,"path_taken":["M","?","?","?","?","E","?","?","T","R","E","M","E","M","R","BOSS","M","?","M","M","$","R","M","R","T","E"],"items_purchased_type":["Relic","Card","Card","Relic"],"build_version":"2020-12-22","purchased_purges":1,"victory":false,"max_hp_per_floor":[68,68,68,68,68,68,68,68,68,68,68,68,68,68,68,68,68,68,68,68,68,68,68,68,68,68,68,68],"card_choices":[{"not_picked":["Sanctity","Halt"],"picked":"Indignation","floor":1.0},{"not_picked":["Pray","SandsOfTime"],"picked":"Wish","floor":6.0},{"not_picked":["Evaluate","Prostrate"],"picked":"EmptyBody","floor":11.0},{"not_picked":["Consecrate","Halt"],"picked":"FlurryOfBlows","floor":12.0},{"not_picked":["Consecrate","Crescendo"],"picked":"MentalFortress+1","floor":13.0},{"not_picked":["FollowUp","BowlingBash"],"picked":"MentalFortress+1","floor":14.0},{"not_picked":["MentalFortress+1","ForeignInfluence"],"picked":"SandsOfTime","floor":15.0},{"not_picked":["Judgement","Alpha"],"picked":"Establishment+1","floor":16.0},{"not_picked":["FlyingSleeves","Evaluate"],"picked":"Crescendo","floor":18.0},{"not_picked":["BowlingBash","SignatureMove+1"],"picked":"Swivel+1","floor":20.0},{"not_picked":["Protect","FlyingSleeves"],"picked":"EmptyMind","floor":21.0},{"not_picked":["EmptyFist","CutThroughFate"],"picked":"FlurryOfBlows","floor":24.0}],"player_experience":1506461,"relics_obtained":[{"floor":6.0,"key":"Frozen Egg 2"},{"floor":7.0,"key":"Akabeko"},{"floor":9.0,"key":"Bag of Marbles"},{"floor":11.0,"key":"Dream Catcher"},{"floor":13.0,"key":"Tiny Chest"},{"floor":26.0,"key":"Mummified Hand"}],"event_choices":[{"damage_healed":0.0,"max_hp_gain":0.0,"max_hp_loss":0.0,"gold_gain":0.0,"event_name":"Accursed Blacksmith","player_choice":"Rummage","floor":2.0,"gold_loss":0.0,"damage_taken":0.0,"relics_obtained":["WarpedTongs"],"cards_obtained":["Pain"]},{"damage_healed":0.0,"max_hp_gain":0.0,"max_hp_loss":0.0,"gold_gain":0.0,"event_name":"Big Fish","player_choice":"Box","floor":4.0,"gold_loss":0.0,"damage_taken":0.0,"relics_obtained":["Art of War"],"cards_obtained":["Regret"]},{"cards_removed":["Regret"],"damage_healed":0.0,"max_hp_gain":0.0,"max_hp_loss":0.0,"gold_gain":0.0,"event_name":"Golden Wing","player_choice":"Card Removal","floor":5.0,"gold_loss":0.0,"damage_taken":7.0},{"damage_healed":0.0,"max_hp_gain":0.0,"max_hp_loss":0.0,"gold_gain":0.0,"event_name":"Dead Adventurer","player_choice":"Searched \u00271\u0027 times","floor":8.0,"gold_loss":0.0,"damage_taken":0.0,"relics_obtained":["Letter Opener"]},{"cards_removed":["Strike_P"],"damage_healed":0.0,"max_hp_gain":0.0,"max_hp_loss":0.0,"gold_gain":0.0,"event_name":"Wheel of Change","player_choice":"Card Removal","floor":19.0,"gold_loss":0.0,"damage_taken":0.0}],"is_beta":false,"boss_relics":[{"not_picked":["Ectoplasm","Runic Dome"],"picked":"Coffee Dripper"}],"items_purged_floors":[3],"is_endless":false,"potions_floor_spawned":[1,12,14,24],"killed_by":"Slavers","ascension_level":19}}