{"host":"sav7uxregyirlf69","time":1613627312,"event":{"mods":["AchievementEnabler","BaseMod","Colored Map","DeckTracker","Keyboard Shortcuts","Minty Spire (QoL Compilation)","READ ME - Guardian Mod","StSLib","SuperFastMode"],"gold_per_floor":[110,35,55,70,145,145,173,173,197,216,216,216,235,235,235,325,325,349,0,0,0,0,0,0],"floor_reached":23,"language":"KOR","playtime":301,"items_purged":["Strike_R"],"score":374,"play_id":"fd9486b8-35bd-4a4c-b7de-0d48dcd61e52","local_time":"20210218144832","is_ascension_mode":true,"campfire_choices":[{"data":"Inflame","floor":6,"key":"SMITH"},{"data":"Sword Boomerang","floor":8,"key":"SMITH"},{"data":"Bash","floor":12,"key":"SMITH"},{"floor":15,"key":"REST"}],"circlet_count":0,"master_deck":["AscendersBane","Strike_R","Strike_R","Strike_R","Defend_R","Defend_R","Defend_R","Defend_R","Bash+1","Sword Boomerang+1","Inflame+1","Second Wind","Dropkick","Twin Strike+1","Necronomicurse"],"relics":["Burning Blood","Oddly Smooth Stone","Centennial Puzzle","Golden Idol","Sozu","Ornamental Fan","Necronomicon"],"acts_visited":["Exordium","TheCity"],"potions_floor_usage":[15,16],"damage_taken":[{"damage":3,"enemies":"Small Slimes","floor":1,"turns":4},{"damage":11,"enemies":"2 Louse","floor":3,"turns":3},{"damage":9,"enemies":"Jaw Worm","floor":4,"turns":4},{"damage":35,"enemies":"Lagavulin","floor":7,"turns":7},{"damage":0,"enemies":"3 Louse","floor":10,"turns":4},{"damage":11,"enemies":"Exordium Wildlife","floor":13,"turns":5},{"damage":48,"enemies":"The Guardian","floor":16,"turns":9},{"damage":18,"enemies":"Spheric Guardian","floor":18,"turns":4},{"damage":33,"enemies":"Slavers","floor":23,"turns":2}],"seed_played":"691637734780820701","potions_obtained":[{"floor":4,"key":"Fruit Juice"},{"floor":13,"key":"SkillPotion"},{"floor":16,"key":"SteroidPotion"}],"is_trial":false,"path_per_floor":["M","?","M","M","?","R","E","R","T","M","?","R","M","?","R","B",null,"M","$","?","?","$","E"],"character_chosen":"IRONCLAD","items_purchased":["Ornamental Fan"],"campfire_rested":1,"item_purchase_floors":[19],"current_hp_per_floor":[78,78,73,70,59,59,30,30,30,36,36,36,31,31,59,17,64,52,52,52,31,31,0,0],"gold":0,"neow_bonus":"TEN_PERCENT_HP_BONUS","is_daily":false,"chose_seed":false,"campfire_upgraded":3,"win_rate":0.0,"timestamp":1613627312,"path_taken":["M","?","M","M","?","R","E","R","T","M","?","R","M","?","R","BOSS","M","$","?","?","?","E"],"items_purchased_type":["Relic"],"build_version":"2020-12-22","purchased_purges":1,"victory":false,"max_hp_per_floor":[82,82,82,82,82,82,82,82,82,82,74,74,74,74,79,79,79,79,79,79,79,79,79,79],"card_choices":[{"not_picked":["Heavy Blade","Headbutt"],"picked":"Sword Boomerang","floor":1},{"not_picked":["Shrug It Off","Clothesline"],"picked":"Inflame","floor":3},{"not_picked":["Perfected Strike","Warcry","Clothesline"],"picked":"SKIP","floor":4},{"not_picked":["Seeing Red","Barricade"],"picked":"Second Wind","floor":7},{"not_picked":["Perfected Strike","Armaments","Burning Pact"],"picked":"SKIP","floor":10},{"not_picked":["Second Wind","Rupture"],"picked":"Dropkick","floor":13},{"not_picked":["Bloodletting","Sever Soul"],"picked":"Twin Strike+1","floor":18}],"player_experience":1608766,"relics_obtained":[{"floor":7,"key":"Oddly Smooth Stone"},{"floor":9,"key":"Centennial Puzzle"},{"floor":21,"key":"Necronomicon"}],"event_choices":[{"cards_removed":["Strike_R"],"damage_healed":0,"gold_gain":0,"player_choice":"Card Removal","damage_taken":0,"max_hp_gain":0,"max_hp_loss":0,"event_name":"The Cleric","floor":2,"gold_loss":75},{"damage_healed":0,"gold_gain":75,"player_choice":"Gather Gold","damage_taken":11,"max_hp_gain":0,"max_hp_loss":0,"event_name":"World of Goop","floor":5,"gold_loss":0},{"damage_healed":0,"gold_gain":0,"player_choice":"Lose Max HP","damage_taken":0,"relics_obtained":["Golden Idol"],"max_hp_gain":0,"max_hp_loss":8,"event_name":"Golden Idol","floor":11,"gold_loss":0},{"damage_healed":0,"gold_gain":0,"player_choice":"Ignored","damage_taken":0,"max_hp_gain":0,"max_hp_loss":0,"event_name":"Liars Game","floor":14,"gold_loss":0},{"damage_healed":0,"gold_gain":0,"player_choice":"Ignored","damage_taken":0,"max_hp_gain":0,"max_hp_loss":0,"event_name":"Vampires","floor":20,"gold_loss":0},{"damage_healed":0,"gold_gain":0,"player_choice":"Obtained Book","damage_taken":21,"max_hp_gain":0,"max_hp_loss":0,"event_name":"Cursed Tome","floor":21,"gold_loss":0}],"is_beta":false,"boss_relics":[{"not_picked":["Runic Cube","Runic Dome"],"picked":"Sozu"}],"items_purged_floors":[19],"is_endless":false,"potions_floor_spawned":[4,13,16,18],"killed_by":"Slavers","ascension_level":20}}