{"host":"fc4hh3zaz3zk8cya","time":1613618953,"event":{"mods":["BaseMod","BetterRewards","Colored Map","Colored Powertips","Downfall","GifTheSpireLib","Highlight Path","Infinite Spire","Minty Spire (QoL Compilation)","Permanent Neow","Quick Restart","Replay The Spire","Shop Mod","StSLib","slay the spire mod where everything is the same but ironclad has a cowboy hat"],"gold_per_floor":[426,438,456,456,55,55,55,55,68,99,114,114,114,130,142,247,247,247,258,270,280,280,295,295,295,314,314,314,314],"floor_reached":27,"language":"ENG","playtime":1438,"items_purged":[],"score":217,"play_id":"8bc9d84e-6116-4c49-88be-5e717bfd871b","local_time":"20210217222913","is_ascension_mode":false,"campfire_choices":[{"data":"Slimebound:SplitLeeching","floor":6,"key":"SMITH"},{"data":"Slimebound:PressTheAttack","floor":13,"key":"SMITH"},{"floor":18,"key":"DIG"},{"data":"Slimebound:MassRepurpose","floor":25,"key":"SMITH"}],"circlet_count":0,"master_deck":["Slimebound:Tackle","Slimebound:Defend_Slimebound","Slimebound:Defend_Slimebound","Slimebound:Split","Slimebound:CorrosiveSpit","Slimebound:SplitAcid","Slimebound:SplitLeeching+1","Slimebound:PressTheAttack+1","Slimebound:SplitBruiser","Slimebound:FinishingTackle","Slimebound:Schlurp","Slimebound:GoopSpray","Slimebound:SplitMire","Slimebound:MassRepurpose+1","Slimebound:ProtectTheBoss+1","Slimebound:DouseInSlime+1","Slimebound:PressTheAttack+1","Slimebound:SplitAcid+1","Slimebound:FinishingTackle","Slimebound:LevelUp+1","Slimebound:SlimeTap","Slimebound:Overexert"],"relics":["Slimebound:AbsorbEndCombat","infinitespire:Lychee Nut","PreservedInsect","Bottled Lightning","Astrolabe","Centennial Puzzle","ReplayTheSpireMod:Shallot"],"acts_visited":["Exordium","TheCity"],"potions_floor_usage":[14,16,23,27],"damage_taken":[{"damage":1,"enemies":"Jaw Worm","floor":2,"turns":5},{"damage":0,"enemies":"2 Louse","floor":3,"turns":3},{"damage":0,"enemies":"downfall:FleeingMerchant","floor":5,"turns":4},{"damage":0,"enemies":"Cultist","floor":9,"turns":3},{"damage":13,"enemies":"Gremlin Nob","floor":10,"turns":3},{"damage":0,"enemies":"2 Fungi Beasts","floor":11,"turns":3},{"damage":10,"enemies":"3 Louse","floor":14,"turns":2},{"damage":4,"enemies":"Gremlin Gang","floor":15,"turns":3},{"damage":45,"enemies":"DF_ARCHETYPE_STREAMLINE","floor":16,"turns":7},{"damage":16,"enemies":"downfall:LooterAlt2","floor":19,"turns":4},{"damage":10,"enemies":"Chosen","floor":20,"turns":4},{"damage":31,"enemies":"Centurion and Healer","floor":21,"turns":6},{"damage":6,"enemies":"Chosen and Byrds","floor":23,"turns":4},{"damage":21,"enemies":"Snecko","floor":26,"turns":4},{"damage":58,"enemies":"Nightmare","floor":27,"turns":5}],"seed_played":"3753803246201432105","potions_obtained":[{"floor":2,"key":"ColorlessPotion"},{"floor":10,"key":"FairyPotion"},{"floor":15,"key":"ColorlessPotion"},{"floor":16,"key":"DistilledChaos"},{"floor":20,"key":"Swift Potion"},{"floor":26,"key":"hexamod:SoulburnPotion"}],"is_trial":false,"path_per_floor":["R_BF","M","M","?","$","R","T","?","M","E","M","T","R","M","M","B",null,"R_BF","M","M","M","?","M","T","R","M","NM"],"character_chosen":"SLIMEBOUND","items_purchased":["infinitespire:Lychee Nut","Slimebound:SplitBruiser","Slimebound:FinishingTackle"],"campfire_rested":0,"item_purchase_floors":[5,5,5],"current_hp_per_floor":[59,59,59,59,44,44,44,44,44,31,40,40,40,33,38,1,44,44,31,33,16,44,43,43,43,25,0,0,0],"gold":314,"neow_bonus":"TWO_FIFTY_GOLD","is_daily":false,"chose_seed":false,"campfire_upgraded":3,"win_rate":0.0,"timestamp":1613618953,"path_taken":["R_BF","M","M","?","$","R","T","?","M","E","M","?","R","M","M","BOSS","R_BF","M","M","M","?","M","T","R","M","NM"],"items_purchased_type":["Relic","Card","Card"],"build_version":"2020-12-22","purchased_purges":0,"victory":false,"max_hp_per_floor":[59,59,59,59,44,44,44,44,44,44,44,44,44,44,44,44,44,44,44,44,44,44,44,44,44,44,44,44,44],"card_choices":[{"not_picked":["Slimebound:Chomp","Slimebound:ViciousTackle"],"picked":"Slimebound:SplitAcid","floor":2},{"not_picked":["Slimebound:ComboTackle","Slimebound:LivingWall"],"picked":"Slimebound:SplitLeeching","floor":3},{"not_picked":["Slimebound:RollThrough","Slimebound:LeadByExample"],"picked":"Slimebound:PressTheAttack","floor":5},{"not_picked":["Slimebound:LivingWall","Slimebound:MegaLick","Slimebound:FlameTackle"],"picked":"SKIP","floor":9},{"not_picked":["Slimebound:OozeBath","Slimebound:Prepare"],"picked":"Slimebound:Schlurp","floor":10},{"not_picked":["Slimebound:HauntingLick","Slimebound:ItLooksTasty"],"picked":"Slimebound:GoopSpray","floor":11},{"not_picked":["Slimebound:RejuvenatingLick","Slimebound:DisruptingSlam","Slimebound:TongueLash"],"picked":"SKIP","floor":14},{"not_picked":["Slimebound:ViciousTackle","Slimebound:SlimeBarrage"],"picked":"Slimebound:SplitMire","floor":15},{"not_picked":["Slimebound:OozeBath","Slimebound:SlimeSlap"],"picked":"Slimebound:MassRepurpose","floor":16},{"not_picked":["Slimebound:Dissolve","Slimebound:GrowthPunch"],"picked":"Slimebound:SplitAcid+1","floor":19},{"not_picked":["Slimebound:SplitMire","Slimebound:GrowthPunch+1"],"picked":"Slimebound:FinishingTackle","floor":20},{"not_picked":["Slimebound:SplitAcid+1","Slimebound:SplitLeeching"],"picked":"Slimebound:LevelUp+1","floor":21},{"not_picked":["Slimebound:SlimeBarrage+1","Slimebound:SplitAcid"],"picked":"Slimebound:SlimeTap","floor":23},{"not_picked":["Slimebound:ComboTackle","Slimebound:LevelUp"],"picked":"Slimebound:Overexert","floor":26}],"player_experience":90129,"relics_obtained":[{"floor":7,"key":"PreservedInsect"},{"floor":10,"key":"Bottled Lightning"},{"floor":18,"key":"Centennial Puzzle"},{"floor":24,"key":"ReplayTheSpireMod:Shallot"}],"event_choices":[{"damage_healed":28,"gold_gain":0,"player_choice":"Full Heal","damage_taken":0,"max_hp_gain":0,"max_hp_loss":0,"event_name":"Wheel of Change","floor":22,"gold_loss":0}],"is_beta":false,"boss_relics":[{"not_picked":["Slimebound:TarBlob","infinitespire:Cupcake"],"picked":"Astrolabe"}],"items_purged_floors":[],"is_endless":false,"potions_floor_spawned":[2,10,15,16,20,21,26],"killed_by":"Nightmare","ascension_level":0}}