{"host":"raaimkojny05jekw","time":1613670884,"event":{"mods":["AchievementEnabler","BaseMod","Colored Map","Colored Powertips","DeckTracker","Minty Spire (QoL Compilation)","Quick Restart","Rare Cards Sparkle","everything is the same but u backflip on backflip"],"gold_per_floor":[116,48,48,48,68,68,88,88,113,123,123,140,172,191,191,191,191],"floor_reached":16,"language":"KOR","playtime":377,"items_purged":[],"score":163,"play_id":"728f357e-724c-432e-a9ee-c6e7503190bb","local_time":"20210219025444","is_ascension_mode":true,"campfire_choices":[{"data":"Hemokinesis","floor":6,"key":"SMITH"},{"data":"True Grit","floor":8,"key":"SMITH"},{"data":"Bash","floor":11,"key":"SMITH"},{"data":"Offering","floor":15,"key":"SMITH"}],"circlet_count":0,"master_deck":["AscendersBane","Strike_R+1","Strike_R","Strike_R","Strike_R","Strike_R","Defend_R+1","Defend_R","Defend_R","Defend_R","Bash+1","Hemokinesis+1","Pummel","Seeing Red","Shrug It Off","True Grit+1","Wild Strike","Offering+1","Battle Trance"],"relics":["Burning Blood","Dream Catcher","Smiling Mask"],"acts_visited":["Exordium"],"potions_floor_usage":[10,13],"damage_taken":[{"damage":3,"enemies":"Cultist","floor":1,"turns":3},{"damage":2,"enemies":"Small Slimes","floor":5,"turns":3},{"damage":6,"enemies":"Jaw Worm","floor":7,"turns":2},{"damage":17,"enemies":"Lots of Slimes","floor":10,"turns":5},{"damage":0,"enemies":"3 Louse","floor":12,"turns":4},{"damage":20,"enemies":"Lagavulin","floor":13,"turns":5},{"damage":9,"enemies":"Blue Slaver","floor":14,"turns":3},{"damage":41,"enemies":"The Guardian","floor":16,"turns":8}],"seed_played":"5795951673035213471","potions_obtained":[{"floor":1,"key":"Energy Potion"},{"floor":12,"key":"BlessingOfTheForge"},{"floor":14,"key":"BloodPotion"}],"is_trial":false,"path_per_floor":["M","$","?","$","M","R","M","R","T","M","R","M","E","M","R","B"],"character_chosen":"IRONCLAD","items_purchased":["Seeing Red"],"campfire_rested":0,"item_purchase_floors":[2],"current_hp_per_floor":[75,75,59,59,63,63,63,63,63,52,52,58,44,41,41,0,0],"gold":191,"neow_bonus":"THREE_CARDS","is_daily":false,"chose_seed":false,"campfire_upgraded":4,"win_rate":0.0,"timestamp":1613670884,"path_taken":["M","?","?","?","M","R","M","R","T","M","R","?","E","M","R","BOSS"],"items_purchased_type":["Card"],"build_version":"2020-12-22","purchased_purges":0,"victory":false,"max_hp_per_floor":[80,80,80,80,80,80,80,80,80,80,80,80,80,80,80,80,80],"card_choices":[{"not_picked":["Anger","Shrug It Off"],"picked":"Hemokinesis","floor":0},{"not_picked":["Body Slam","Flex"],"picked":"Pummel","floor":1},{"not_picked":["Anger","Intimidate"],"picked":"Shrug It Off","floor":5},{"not_picked":["Warcry","Clash"],"picked":"True Grit","floor":7},{"not_picked":["Sword Boomerang","Warcry"],"picked":"Wild Strike","floor":10},{"not_picked":["Heavy Blade","Dark Embrace","Warcry"],"picked":"SKIP","floor":12},{"not_picked":["Sword Boomerang","Clothesline"],"picked":"Offering","floor":13},{"not_picked":["Warcry","Armaments"],"picked":"Battle Trance","floor":14}],"player_experience":772797,"relics_obtained":[{"floor":9,"key":"Dream Catcher"},{"floor":13,"key":"Smiling Mask"}],"event_choices":[{"damage_healed":0,"gold_gain":0,"player_choice":"Entered Light","damage_taken":16,"max_hp_gain":0,"max_hp_loss":0,"event_name":"Shining Light","floor":3,"gold_loss":0,"cards_upgraded":["Defend_R","Strike_R"]}],"is_beta":false,"boss_relics":[],"items_purged_floors":[],"is_endless":false,"potions_floor_spawned":[1,12,14],"killed_by":"The Guardian","ascension_level":12}}