{"host":"lv7etzzgwahaenh9","time":1613610781,"event":{"mods":["AchievementEnabler","BaseMod","Colored Map","Colored Powertips","Highlight Path","Minty Spire (QoL Compilation)","Permanent Neow","Quick Restart","Random Character Button","StSLib"],"gold_per_floor":[218,236,236,256,272,272,305,305,305,305,305,317,6,25,25,130,130,146,156,2,19,38,38,38,63,143,177,177,102,112,112,112,112,112],"floor_reached":33,"language":"ENG","playtime":1543,"items_purged":["Pain"],"score":462,"play_id":"0de2920c-6ea4-4463-8dc2-50eba3df5b9e","local_time":"20210217171301","is_ascension_mode":true,"campfire_choices":[{"data":"Zap","floor":6.0,"key":"SMITH"},{"data":"Reinforced Body","floor":8.0,"key":"SMITH"},{"data":"Coolheaded","floor":10.0,"key":"SMITH"},{"data":"Defragment","floor":15.0,"key":"SMITH"},{"floor":23.0,"key":"REST"},{"floor":28,"key":"REST"},{"data":"Seek","floor":32,"key":"SMITH"}],"circlet_count":0,"master_deck":["AscendersBane","Strike_B","Strike_B","Strike_B","Defend_B","Defend_B","Defend_B","Defend_B","Zap+1","Dualcast","Steam","Ball Lightning","Reinforced Body+1","Cold Snap","Coolheaded+1","All For One","Gash","Panache","Defragment+1","Seek+1","Cold Snap+1","Mayhem","Storm","Cold Snap+1","Recycle+1","Capacitor","Ball Lightning","Decay"],"relics":["Cracked Core","Mango","Du-Vu Doll","Pocketwatch","WarpedTongs","Membership Card","SacredBark","Bottled Lightning","Sundial","Vajra"],"acts_visited":["Exordium","TheCity"],"potions_floor_usage":[],"damage_taken":[{"damage":1.0,"enemies":"Small Slimes","floor":1.0,"turns":4.0},{"damage":8.0,"enemies":"Jaw Worm","floor":2.0,"turns":4.0},{"damage":0.0,"enemies":"Cultist","floor":4.0,"turns":3.0},{"damage":0.0,"enemies":"Blue Slaver","floor":5.0,"turns":4.0},{"damage":9.0,"enemies":"3 Sentries","floor":7.0,"turns":6.0},{"damage":3.0,"enemies":"2 Fungi Beasts","floor":12.0,"turns":3.0},{"damage":14.0,"enemies":"Exordium Thugs","floor":14.0,"turns":3.0},{"damage":5.0,"enemies":"The Guardian","floor":16.0,"turns":8.0},{"damage":12.0,"enemies":"Shell Parasite","floor":18.0,"turns":6.0},{"damage":5.0,"enemies":"2 Thieves","floor":19.0,"turns":4.0},{"damage":0.0,"enemies":"Snecko","floor":21.0,"turns":4.0},{"damage":0.0,"enemies":"Cultist and Chosen","floor":22.0,"turns":6.0},{"damage":0.0,"enemies":"Centurion and Healer","floor":24.0,"turns":1.0},{"damage":15.0,"enemies":"Book of Stabbing","floor":25.0,"turns":7.0},{"damage":45,"enemies":"Slavers","floor":27,"turns":5},{"damage":4,"enemies":"Snecko","floor":30,"turns":5},{"damage":53,"enemies":"Collector","floor":33,"turns":3}],"seed_played":"-4079115280562680043","potions_obtained":[{"floor":4.0,"key":"Strength Potion"},{"floor":12.0,"key":"SpeedPotion"},{"floor":14.0,"key":"SmokeBomb"},{"floor":18.0,"key":"Energy Potion"},{"floor":21.0,"key":"SmokeBomb"},{"floor":22.0,"key":"Dexterity Potion"}],"is_trial":false,"path_per_floor":["M","M","?","M","M","R","E","R","T","R","?","M","$","M","R","B",null,"M","M","$","M","M","R","M","E","T","E","R","?","M","?","R","B"],"character_chosen":"DEFECT","items_purchased":["Membership Card","Gash","Panache","Block Potion","Mayhem","Storm"],"campfire_rested":2,"item_purchase_floors":[13,13,13,20,20,20],"current_hp_per_floor":[67,59,61,61,61,61,52,52,52,52,52,49,49,35,35,30,74,62,57,57,57,57,83,83,68,68,23,49,49,45,45,45,0,0],"gold":112,"neow_bonus":"HUNDRED_GOLD","is_daily":false,"chose_seed":false,"campfire_upgraded":5,"win_rate":0.0,"timestamp":1613610781,"path_taken":["M","M","?","M","M","R","E","R","T","R","?","?","$","M","R","BOSS","M","M","$","M","M","R","M","E","T","E","R","?","M","?","R","BOSS"],"items_purchased_type":["Relic","Card","Card","Potion","Card","Card"],"build_version":"2020-12-22","purchased_purges":1,"victory":false,"max_hp_per_floor":[75,75,89,89,89,89,89,89,89,89,89,89,89,89,89,89,89,89,89,89,89,89,89,89,89,89,89,89,89,89,89,89,89,89],"card_choices":[{"not_picked":["Conserve Battery","Redo"],"picked":"Steam","floor":1.0},{"not_picked":["Streamline","Conserve Battery"],"picked":"Ball Lightning","floor":2.0},{"not_picked":["Ball Lightning","Genetic Algorithm"],"picked":"Reinforced Body","floor":4.0},{"not_picked":["Sunder","Go for the Eyes"],"picked":"Cold Snap","floor":5.0},{"not_picked":["Compile Driver","Leap"],"picked":"Coolheaded","floor":7.0},{"not_picked":["Stack","Scrape"],"picked":"All For One","floor":12.0},{"not_picked":["Sweeping Beam","Cold Snap"],"picked":"Defragment","floor":14.0},{"not_picked":["All For One","Core Surge"],"picked":"Seek","floor":16.0},{"not_picked":["Force Field","Reprogram","Turbo"],"picked":"SKIP","floor":18.0},{"not_picked":["Barrage","Steam"],"picked":"Cold Snap+1","floor":19.0},{"not_picked":["Compile Driver","Skim"],"picked":"Cold Snap+1","floor":21.0},{"not_picked":["Scrape+1","Aggregate","Barrage"],"picked":"SKIP","floor":22.0},{"not_picked":["Auto Shields","Redo"],"picked":"Recycle+1","floor":25.0},{"not_picked":["Hello World","Turbo+1"],"picked":"Capacitor","floor":27},{"not_picked":["Recycle","Tempest"],"picked":"Ball Lightning","floor":30}],"player_experience":420230,"relics_obtained":[{"floor":7.0,"key":"Du-Vu Doll"},{"floor":9.0,"key":"Pocketwatch"},{"floor":25.0,"key":"Bottled Lightning"},{"floor":26.0,"key":"Sundial"},{"floor":27,"key":"Vajra"}],"event_choices":[{"damage_healed":0.0,"max_hp_gain":0.0,"max_hp_loss":0.0,"gold_gain":0.0,"event_name":"Scrap Ooze","player_choice":"Success","floor":3.0,"gold_loss":0.0,"damage_taken":12.0,"relics_obtained":["Mango"]},{"damage_healed":0.0,"max_hp_gain":0.0,"max_hp_loss":0.0,"gold_gain":0.0,"event_name":"Accursed Blacksmith","player_choice":"Rummage","floor":11.0,"gold_loss":0.0,"damage_taken":0.0,"relics_obtained":["WarpedTongs"],"cards_obtained":["Pain"]},{"cards_removed":["Strike_B"],"damage_healed":0,"gold_gain":0,"player_choice":"Gave Gold","damage_taken":0,"max_hp_gain":0,"max_hp_loss":0,"event_name":"Beggar","floor":29,"gold_loss":75},{"damage_healed":0,"gold_gain":0,"player_choice":"Cursed","damage_taken":0,"max_hp_gain":0,"max_hp_loss":0,"event_name":"Wheel of Change","floor":31,"gold_loss":0,"cards_obtained":["Decay"]}],"is_beta":false,"boss_relics":[{"not_picked":["Cursed Key","Black Star"],"picked":"SacredBark"}],"items_purged_floors":[13],"is_endless":false,"potions_floor_spawned":[4,12,14,18,21,22],"killed_by":"Collector","ascension_level":12}}