{"host":"s41rn2jhghpwfrvz","time":1613607358,"event":{"mods":["BaseMod","Minty Spire (QoL Compilation)","Quick Restart","Relic Stats","SuperFastMode"],"gold_per_floor":[115,130,130,130,130,158,158,189,215,8,35,64,81,101,101,175,175,186,136,136,52,52,81,95,130,130,146,176,176,193,193,193,269,269,283,302,319,333,333,360,360,372,372,372,403,414,439,458,458,458,458,458,458,10,35,35],"floor_reached":57,"language":"ENG","playtime":1446,"items_purged":["Quick Slash","Gash","Second Wind+1"],"score":3860,"play_id":"f51552d9-7c4e-4eba-b7f3-f3e49b896adf","local_time":"20210218021558","daily_mods":["SealedDeck","Diverse","DeadlyEvents"],"is_ascension_mode":true,"campfire_choices":[{"data":"Footwork","floor":7,"key":"SMITH"},{"data":"Prostrate","floor":15,"key":"SMITH"},{"data":"Reflex","floor":29,"key":"SMITH"},{"data":"Acrobatics","floor":32,"key":"SMITH"},{"data":"Backflip","floor":41,"key":"SMITH"},{"floor":44,"key":"RECALL"},{"data":"Blur","floor":49,"key":"SMITH"},{"data":"Conserve Battery","floor":53,"key":"SMITH"}],"circlet_count":0,"master_deck":["AscendersBane","Conserve Battery+1","Wallop","Footwork+1","Acrobatics+1","Prostrate+1","Body Slam+1","Backflip+1","Evolve","Reflex+1","Blur+1"],"relics":["Burning Blood","Blood Vial","Ancient Tea Set","Art of War","Lantern","Membership Card","Omamori","PreservedInsect","Runic Cube","Regal Pillow","Medical Kit","Champion Belt","Self Forming Clay","The Courier","Happy Flower","Ice Cream","Runic Pyramid","Paper Frog","StrikeDummy","Molten Egg 2","War Paint","Shuriken","Bottled Tornado","Thread and Needle","Oddly Smooth Stone"],"acts_visited":["Exordium","TheCity","TheBeyond","TheEnding"],"potions_floor_usage":[56,56],"damage_taken":[{"damage":0,"enemies":"Small Slimes","floor":1,"turns":3},{"damage":5,"enemies":"2 Louse","floor":2,"turns":3},{"damage":6,"enemies":"3 Sentries","floor":6,"turns":9},{"damage":0,"enemies":"Lagavulin","floor":8,"turns":6},{"damage":0,"enemies":"3 Sentries","floor":11,"turns":5},{"damage":0,"enemies":"Gremlin Nob","floor":12,"turns":3},{"damage":0,"enemies":"Jaw Worm","floor":13,"turns":3},{"damage":0,"enemies":"2 Fungi Beasts","floor":14,"turns":3},{"damage":0,"enemies":"The Guardian","floor":16,"turns":4},{"damage":0,"enemies":"2 Thieves","floor":18,"turns":3},{"damage":2,"enemies":"Gremlin Leader","floor":23,"turns":3},{"damage":0,"enemies":"Chosen","floor":24,"turns":3},{"damage":13,"enemies":"Slavers","floor":25,"turns":3},{"damage":4,"enemies":"Snake Plant","floor":27,"turns":3},{"damage":0,"enemies":"Book of Stabbing","floor":28,"turns":3},{"damage":0,"enemies":"Cultist and Chosen","floor":30,"turns":4},{"damage":0,"enemies":"Automaton","floor":33,"turns":3},{"damage":0,"enemies":"3 Shapes","floor":35,"turns":3},{"damage":0,"enemies":"3 Darklings","floor":36,"turns":2},{"damage":0,"enemies":"Transient","floor":37,"turns":3},{"damage":0,"enemies":"Spire Growth","floor":38,"turns":3},{"damage":0,"enemies":"Nemesis","floor":40,"turns":3},{"damage":0,"enemies":"Jaw Worm Horde","floor":42,"turns":3},{"damage":0,"enemies":"Giant Head","floor":45,"turns":3},{"damage":0,"enemies":"Transient","floor":46,"turns":5},{"damage":0,"enemies":"Nemesis","floor":47,"turns":5},{"damage":0,"enemies":"3 Darklings","floor":48,"turns":3},{"damage":0,"enemies":"Awakened One","floor":50,"turns":3},{"damage":0,"enemies":"Donu and Deca","floor":51,"turns":4},{"damage":0,"enemies":"Shield and Spear","floor":55,"turns":2},{"damage":10,"enemies":"The Heart","floor":56,"turns":6}],"seed_played":"-1639309848970075119","potions_obtained":[{"floor":2,"key":"SkillPotion"},{"floor":8,"key":"Dexterity Potion"},{"floor":18,"key":"Energy Potion"}],"is_trial":true,"path_per_floor":["M","M","?","?","?","E","R","E","T","$","E","E","M","M","R","B",null,"M","$","?","$","?","E","M","E","T","M","E","R","M","T","R","B",null,"M","M","M","M","?","E","R","M","T","R","E","M","E","M","R","B","B",null,"R","$","E","B",null],"character_chosen":"IRONCLAD","items_purchased":["Membership Card","Medical Kit","War Paint","Shuriken","Bottled Tornado","Thread and Needle"],"campfire_rested":0,"item_purchase_floors":[10,21,54,54,54,54],"current_hp_per_floor":[74,75,75,57,57,59,59,67,67,67,75,75,75,75,75,75,75,75,75,75,75,75,75,75,68,68,72,75,75,75,75,75,75,75,75,75,75,75,75,75,75,75,75,75,75,75,75,75,75,75,75,75,75,75,75,71],"gold":35,"neow_bonus":"","is_daily":false,"chose_seed":false,"campfire_upgraded":7,"win_rate":0.0,"timestamp":1613607358,"path_taken":["M","M","?","?","?","E","R","E","T","$","?","E","M","M","R","BOSS","M","$","?","$","?","E","M","E","T","M","E","R","M","?","R","BOSS","M","?","M","M","?","E","R","?","T","R","E","M","E","M","R","BOSS","BOSS","R","$","E","BOSS"],"items_purchased_type":["Relic","Relic","Relic","Relic","Relic","Relic"],"build_version":"2020-12-22","purchased_purges":3,"victory":true,"max_hp_per_floor":[75,75,75,75,75,75,75,75,75,75,75,75,75,75,75,75,75,75,75,75,75,75,75,75,75,75,75,75,75,75,75,75,75,75,75,75,75,75,75,75,75,75,75,75,75,75,75,75,75,75,75,75,75,75,75,75],"relic_stats":{"Regal Pillow":0,"Happy Flower":[18],"counters":[31,112],"Self Forming Clay":[12],"PreservedInsect":442,"War Paint":["Second Wind"],"Medical Kit":[16],"Burning Blood":51,"Blood Vial":10,"Shuriken":[0],"Art of War":[2],"Champion Belt":[0],"obtain_stats":[{"Ice Cream":31,"Lantern":9,"Regal Pillow":20,"Bottled Tornado":54,"Ancient Tea Set":6,"Burning Blood":0,"Blood Vial":4,"Runic Cube":17,"Runic Pyramid":34,"Paper Frog":40,"Happy Flower":28,"Self Forming Clay":25,"Oddly Smooth Stone":55,"Thread and Needle":54,"PreservedInsect":12,"The Courier":26,"Omamori":11,"War Paint":54,"Medical Kit":21,"Shuriken":54,"Molten Egg 2":47,"Art of War":8,"Membership Card":10,"Champion Belt":23,"StrikeDummy":45},{"Ice Cream":16,"Lantern":4,"Regal Pillow":10,"Bottled Tornado":29,"Ancient Tea Set":3,"Burning Blood":0,"Blood Vial":2,"Runic Cube":9,"Runic Pyramid":17,"Paper Frog":22,"Happy Flower":15,"Self Forming Clay":13,"Oddly Smooth Stone":30,"Thread and Needle":29,"PreservedInsect":6,"The Courier":13,"Omamori":5,"War Paint":29,"Medical Kit":10,"Shuriken":29,"Molten Egg 2":26,"Art of War":4,"Membership Card":4,"Champion Belt":11,"StrikeDummy":24},{"Ice Cream":61,"Lantern":21,"Regal Pillow":42,"Bottled Tornado":104,"Ancient Tea Set":15,"Burning Blood":0,"Blood Vial":6,"Runic Cube":39,"Runic Pyramid":64,"Paper Frog":78,"Happy Flower":57,"Self Forming Clay":51,"Oddly Smooth Stone":106,"Thread and Needle":104,"PreservedInsect":29,"The Courier":51,"Omamori":26,"War Paint":104,"Medical Kit":42,"Shuriken":104,"Molten Egg 2":94,"Art of War":21,"Membership Card":21,"Champion Belt":45,"StrikeDummy":84}],"Runic Cube":[6]},"card_choices":[{"not_picked":["WindmillStrike","Iron Wave","Deadly Poison"],"picked":"SKIP","floor":1},{"not_picked":["Escape Plan","Anger","ThirdEye"],"picked":"SKIP","floor":2},{"not_picked":["CarveReality","Force Field"],"picked":"Evolve","floor":6},{"not_picked":["FearNoEvil","Coolheaded","Prostrate"],"picked":"SKIP","floor":8},{"not_picked":["Poisoned Stab","Deadly Poison","PiercingWail"],"picked":"SKIP","floor":11},{"not_picked":["Dark Embrace","Reprogram","Sweeping Beam"],"picked":"SKIP","floor":12},{"not_picked":["ThirdEye","Iron Wave","Meditate"],"picked":"SKIP","floor":13},{"not_picked":["Perseverance","Chill","Beam Cell"],"picked":"SKIP","floor":14},{"not_picked":["Go for the Eyes+1","Anger","Double Energy"],"picked":"SKIP","floor":18},{"not_picked":["FlurryOfBlows","Devotion"],"picked":"Reflex","floor":23},{"not_picked":["Havoc","Go for the Eyes","PiercingWail"],"picked":"SKIP","floor":24},{"not_picked":["Flying Knee","Chill","Escape Plan"],"picked":"SKIP","floor":25},{"not_picked":["Gash","Perfected Strike","Stack+1"],"picked":"SKIP","floor":27},{"not_picked":["Sword Boomerang","Beam Cell","Go for the Eyes"],"picked":"SKIP","floor":28},{"not_picked":["Unload","Accuracy","Heavy Blade"],"picked":"SKIP","floor":30},{"not_picked":["Accuracy","All Out Attack","Sweeping Beam"],"picked":"SKIP","floor":35},{"not_picked":["Poisoned Stab+1","Gash","EmptyBody"],"picked":"SKIP","floor":36},{"not_picked":["Steam Power","Clash","Sweeping Beam+1"],"picked":"SKIP","floor":37},{"not_picked":["Poisoned Stab","Stack","MentalFortress+1"],"picked":"SKIP","floor":38},{"not_picked":["Beam Cell","Deflect+1"],"picked":"Blur","floor":40},{"not_picked":["Wireheading","Conserve Battery","JustLucky"],"picked":"SKIP","floor":42},{"not_picked":["Bullet Time","Acrobatics","Anger"],"picked":"SKIP","floor":45},{"not_picked":["Poisoned Stab","Halt","Coolheaded"],"picked":"SKIP","floor":46},{"not_picked":["Scrape+1","Flame Barrier","Swivel"],"picked":"SKIP","floor":47},{"not_picked":["Conserve Battery","Thunder Strike+1","Hemokinesis+1"],"picked":"SKIP","floor":48},{"not_picked":["Leap","Perseverance+1","Study"],"picked":"SKIP","floor":55}],"player_experience":1929323,"relics_obtained":[{"floor":6,"key":"Ancient Tea Set"},{"floor":8,"key":"Art of War"},{"floor":9,"key":"Lantern"},{"floor":11,"key":"Omamori"},{"floor":12,"key":"PreservedInsect"},{"floor":23,"key":"Champion Belt"},{"floor":25,"key":"Self Forming Clay"},{"floor":26,"key":"The Courier"},{"floor":28,"key":"Happy Flower"},{"floor":31,"key":"Ice Cream"},{"floor":40,"key":"Paper Frog"},{"floor":45,"key":"StrikeDummy"},{"floor":47,"key":"Molten Egg 2"},{"floor":55,"key":"Oddly Smooth Stone"}],"event_choices":[{"damage_healed":0,"gold_gain":0,"player_choice":"Grow","damage_taken":0,"max_hp_gain":0,"max_hp_loss":0,"event_name":"Living Wall","floor":3,"gold_loss":0,"cards_upgraded":["Body Slam"]},{"damage_healed":0,"gold_gain":0,"player_choice":"Success","damage_taken":18,"relics_obtained":["Blood Vial"],"max_hp_gain":0,"max_hp_loss":0,"event_name":"Scrap Ooze","floor":4,"gold_loss":0},{"damage_healed":0,"gold_gain":0,"player_choice":"Ignored","damage_taken":0,"max_hp_gain":0,"max_hp_loss":0,"event_name":"Liars Game","floor":5,"gold_loss":0},{"damage_healed":0,"gold_gain":0,"player_choice":"Stole Relic","damage_taken":0,"relics_obtained":["Regal Pillow"],"max_hp_gain":0,"max_hp_loss":0,"event_name":"Addict","floor":20,"gold_loss":0,"cards_obtained":["Shame"]},{"damage_healed":0,"gold_gain":0,"player_choice":"Ignored","damage_taken":0,"max_hp_gain":0,"max_hp_loss":0,"event_name":"Vampires","floor":22,"gold_loss":0},{"damage_healed":0,"gold_gain":0,"player_choice":"Ignored","damage_taken":0,"max_hp_gain":0,"max_hp_loss":0,"event_name":"Tomb of Lord Red Mask","floor":39,"gold_loss":0}],"is_beta":false,"boss_relics":[{"not_picked":["Ectoplasm","Tiny House"],"picked":"Runic Cube"},{"not_picked":["Velvet Choker","Runic Dome"],"picked":"Runic Pyramid"}],"items_purged_floors":[10,19,54],"is_endless":false,"potions_floor_spawned":[2,8,12,13,16,18,24,30,33,36,42,45,46,47,55],"ascension_level":20}}