{"host":"avfk0uqadyfnr875","time":1613630765,"event":{"mods":["2.2 Compatiblity","Act Like it!","BaseMod","Chen","Colored Powertips","Downfall","Gensokyo","Koishi","KomeijiMod","Marisa（F雨　魔理沙）","Minty Spire (QoL Compilation)","Pale of the Ancients","Quick Restart","READ ME - Guardian Mod","Reimu（博丽灵梦）","Shop Mod","StSLib","The Animator","Yakumo Yukari mod","[功能]功能增强和修复MOD"],"gold_per_floor":[99,111,130,305,305,317,343,143,143,168,1,1,451,465,476,574,574,474,489,362,362,0,32,32,32,32,45,56,56,256,270,284,389,389,389,409,423,655,665,578,605,617,629,672,684,727,739,763,786,798,810,857,810,810,810,810],"floor_reached":57,"language":"ZHS","playtime":2738,"items_purged":["Doubt","downfall:Malfunctioning","bronze:Strike","bronze:Strike","bronze:Defend","bronze:Strike","downfall:Icky","downfall:Icky","downfall:Icky","bronze:Strike"],"score":1430,"play_id":"472dcd89-bef3-4b07-8877-e928bc3096b4","local_time":"20210218144605","is_ascension_mode":false,"campfire_choices":[{"floor":1,"key":"RECALL"},{"data":"bronze:Verify","floor":8,"key":"SMITH"},{"data":"expansioncontent:StudyTheSpire","floor":18,"key":"SMITH"},{"data":"expansioncontent:DashGenerateEvil","floor":26,"key":"SMITH"},{"data":"bronze:RecursiveStrike","floor":29,"key":"SMITH"},{"data":"bronze:Format","floor":35,"key":"SMITH"},{"floor":43,"key":"DIG"},{"floor":47,"key":"DIG"},{"floor":54,"key":"DIG"}],"circlet_count":0,"master_deck":["bronze:Defend+1","bronze:Defend","bronze:Defend","bronze:Replicate+1","bronze:Repair+1","bronze:WhirlingStrike","bronze:Verify+1","bronze:Boost","expansioncontent:StudyTheSpire+1","bronze:RecursiveStrike+1","bronze:DigitalCarnage","expansioncontent:DashGenerateEvil+1","bronze:Optimize","expansioncontent:PrepareCrush","bronze:FollowUp+1","bronze:CloningBeam+1","bronze:Frontload","bronze:Overheat","bronze:Format+1","bronze:Return+1","bronze:ChildClass+1","expansioncontent:DashGenerateEvil+1","bronze:Iterate","expansioncontent:StudyTheSpire+1","Flash of Steel","bronze:Branch+1","expansioncontent:PrepareCrush","expansioncontent:YouAreMine","expansioncontent:PrepareCrush","bronze:Allocate","Flash of Steel","bronze:Branch+1","bronze:Turbo+1","bronze:ChosenStrike+1","bronze:Optimize","bronze:RecursiveStrike"],"relics":["bronze:BronzeCore","downfall:HeartBlessingRed","downfall:HeartBlessingBlue","Mercury Hourglass","Membership Card","PureWhite:ReiMu","ThirstyCross","SacredBark","downfall:HeartBlessingGreen","Eternal Feather","StoneCalendar","downfall:RedIOU","Art of War","Shuriken","bronze:MakeshiftBattery","HandDrill","Pocketwatch","Dead Branch","Regal Pillow","Shovel","Frozen Eye","MawBank","Gambling Chip","Whetstone","Mastiff:ReiMu","Guardian:PocketSentry","Lantern","TheAbacus","Torii","CrazyTorch:ReiMu"],"acts_visited":["Exordium","TheCity","TheBeyond","TheEnding"],"potions_floor_usage":[10,11,20,23,27,56],"damage_taken":[{"damage":2,"enemies":"2 Louse","floor":2,"turns":3},{"damage":0,"enemies":"Small Slimes","floor":3,"turns":3},{"damage":7,"enemies":"Cultist","floor":6,"turns":5},{"damage":24,"enemies":"Lagavulin","floor":10,"turns":7},{"damage":5,"enemies":"downfall:FleeingMerchant","floor":11,"turns":4},{"damage":1,"enemies":"downfall:LooterAlt","floor":14,"turns":2},{"damage":10,"enemies":"Large Slime","floor":15,"turns":3},{"damage":22,"enemies":"SI_SHIV_ARCHETYPE","floor":16,"turns":7},{"damage":35,"enemies":"Chosen","floor":19,"turns":5},{"damage":18,"enemies":"downfall:FleeingMerchant","floor":20,"turns":4},{"damage":19,"enemies":"Book of Stabbing","floor":23,"turns":4},{"damage":3,"enemies":"Spheric Guardian","floor":27,"turns":3},{"damage":18,"enemies":"Chosen and Byrds","floor":28,"turns":3},{"damage":0,"enemies":"Centurion and Healer","floor":31,"turns":4},{"damage":0,"enemies":"3 Cultists","floor":32,"turns":3},{"damage":54,"enemies":"WA_ARCHETYPE_CALM","floor":33,"turns":8},{"damage":3,"enemies":"3 Shapes","floor":36,"turns":3},{"damage":4,"enemies":"3 Darklings","floor":37,"turns":4},{"damage":0,"enemies":"downfall:FleeingMerchant","floor":38,"turns":4},{"damage":10,"enemies":"Spire Growth","floor":39,"turns":3},{"damage":0,"enemies":"Reptomancer","floor":44,"turns":2},{"damage":0,"enemies":"Giant Head","floor":46,"turns":5},{"damage":0,"enemies":"Writhing Mass","floor":48,"turns":2},{"damage":0,"enemies":"Transient","floor":49,"turns":5},{"damage":0,"enemies":"IC_BLOCK_ARCHETYPE","floor":50,"turns":5},{"damage":17,"enemies":"downfall:CharBossMerchant","floor":52,"turns":6},{"damage":36,"enemies":"downfall:NeowBoss","floor":55,"turns":9},{"damage":19,"enemies":"downfall:NeowBossFinal","floor":56,"turns":7}],"seed_played":"-4042173730650063399","potions_obtained":[{"floor":2,"key":"Swift Potion"},{"floor":3,"key":"SkillPotion"},{"floor":6,"key":"Explosive Potion"},{"floor":15,"key":"Guardian:BlockOnCardUsePotion"},{"floor":15,"key":"JyouchiReiPotion"},{"floor":23,"key":"SteroidPotion"},{"floor":27,"key":"Fruit Juice"},{"floor":27,"key":"PowerPotion"}],"is_trial":false,"path_per_floor":["R","M","M","?","?","M","T","R","?","E","$","?","?","M","M","B",null,"R","M","$","?","?","E","T","?","R","M","M","R","?","M","M","B",null,"R","M","M","$","M","$","T","?","R","E","?","E","R","M","M","B",null,"E","$","R","B","B",null],"character_chosen":"THE_AUTOMATON","items_purchased":["expansioncontent:StudyTheSpire","Membership Card","Ornamental Fan","PureWhite:ReiMu","Eternal Feather","StoneCalendar","expansioncontent:DashGenerateEvil","bronze:Optimize","expansioncontent:PrepareCrush","Fire Potion","expansioncontent:DashGenerateEvil+1","HandDrill","Pocketwatch","Dead Branch","expansioncontent:StudyTheSpire+1","Flash of Steel","Regal Pillow","Shovel","Frozen Eye","bronze:Branch","bronze:Optimize","bronze:RecursiveStrike","TheAbacus","Torii"],"campfire_rested":0,"item_purchase_floors":[11,11,11,11,20,20,20,20,20,20,38,38,38,38,40,40,40,40,40,40,53,53,53,53],"current_hp_per_floor":[77,75,75,75,75,70,70,80,80,63,58,58,58,67,57,45,87,87,62,54,54,54,45,45,45,54,71,53,62,62,72,72,28,97,97,94,97,97,87,87,87,77,92,97,97,97,97,97,97,97,97,80,80,97,61,52],"gold":810,"neow_bonus":"TEN_PERCENT_HP_BONUS","is_daily":false,"chose_seed":false,"campfire_upgraded":5,"win_rate":0.0,"timestamp":1613630765,"path_taken":["R","M","M","?","?","?","T","R","?","E","$","?","?","M","M","BOSS","R","M","$","?","?","E","T","?","R","M","?","R","?","?","M","BOSS","R","M","M","$","M","$","T","?","R","E","?","E","R","?","M","BOSS","E","$","R","BOSS","BOSS"],"items_purchased_type":["Card","Relic","Relic","Relic","Relic","Relic","Card","Card","Card","Potion","Card","Relic","Relic","Relic","Card","Card","Relic","Relic","Relic","Card","Card","Card","Relic","Relic"],"build_version":"2020-12-22","purchased_purges":10,"victory":true,"max_hp_per_floor":[77,77,77,77,77,77,77,87,87,87,87,87,87,87,87,87,87,87,87,87,87,87,87,87,87,87,97,97,97,97,97,97,97,97,97,97,97,97,97,97,97,97,97,97,97,97,97,97,97,97,97,97,97,97,97,97],"card_choices":[{"not_picked":["bronze:DelayedSlice","bronze:OilSpill"],"picked":"bronze:Repair","floor":2},{"not_picked":["bronze:Overheat","bronze:ForLoop"],"picked":"bronze:WhirlingStrike","floor":3},{"not_picked":["bronze:Deprecate","bronze:FollowUp"],"picked":"bronze:Verify","floor":6},{"not_picked":["bronze:Allocate","bronze:Iterate"],"picked":"bronze:Boost","floor":10},{"not_picked":["bronze:BugBarrage","bronze:Boost","bronze:OilSpill"],"picked":"SKIP","floor":11},{"not_picked":["bronze:Philosophize","bronze:CutThrough","bronze:Invalidate"],"picked":"SKIP","floor":14},{"not_picked":["bronze:Frontload","bronze:BitShift","bronze:WildBeam"],"picked":"SKIP","floor":15},{"not_picked":["bronze:Mutator","bronze:ShipIt"],"picked":"bronze:RecursiveStrike","floor":16},{"not_picked":["bronze:ClassDefault","bronze:Shield","bronze:Boost"],"picked":"SKIP","floor":19},{"not_picked":["bronze:Boost","bronze:WhirlingStrike"],"picked":"bronze:DigitalCarnage","floor":20},{"not_picked":["bronze:BuggyMess","bronze:BitShift"],"picked":"bronze:FollowUp","floor":23},{"not_picked":["bronze:Deprecate","bronze:Shield"],"picked":"bronze:CloningBeam+1","floor":27},{"not_picked":["bronze:CutThrough+1","bronze:BugBarrage+1"],"picked":"bronze:Frontload","floor":28},{"not_picked":["bronze:Turbo+1","bronze:CutThrough","bronze:BugBarrage"],"picked":"SKIP","floor":31},{"not_picked":["bronze:WhirlingStrike","bronze:OilSpill"],"picked":"bronze:Overheat","floor":32},{"not_picked":["bronze:HyperBeam","bronze:Virus"],"picked":"bronze:Format","floor":33},{"not_picked":["bronze:NullPointer+1","bronze:OilSpill+1"],"picked":"bronze:Return+1","floor":36},{"not_picked":["bronze:Turbo+1","bronze:Repulsor","bronze:MaxOutput"],"picked":"SKIP","floor":37},{"not_picked":["bronze:Shield+1","bronze:Shell"],"picked":"bronze:ChildClass+1","floor":38},{"not_picked":["bronze:BugBarrage+1","bronze:Return"],"picked":"bronze:Iterate","floor":39},{"not_picked":["expansioncontent:Chronoboost","expansioncontent:GuardianWhirl"],"picked":"expansioncontent:PrepareCrush","floor":42},{"not_picked":["expansioncontent:Chronoboost","expansioncontent:LastStand"],"picked":"expansioncontent:YouAreMine","floor":42},{"not_picked":["expansioncontent:PolyBeam","expansioncontent:Hexaburn"],"picked":"expansioncontent:PrepareCrush","floor":42},{"not_picked":["bronze:Boost","bronze:ClassDefault"],"picked":"bronze:Allocate","floor":44},{"not_picked":["bronze:OilSpill","bronze:Repulsor"],"picked":"bronze:Branch+1","floor":46},{"not_picked":["bronze:CutThrough+1","bronze:DelayedGuard"],"picked":"bronze:Turbo+1","floor":48},{"not_picked":["bronze:BuggyMess","bronze:ItsAFeature+1"],"picked":"bronze:ChosenStrike+1","floor":49},{"not_picked":["bronze:Turbo+1","bronze:Boost","bronze:AlphaBuild"],"picked":"SKIP","floor":52}],"player_experience":415685,"relics_obtained":[{"floor":10,"key":"Mercury Hourglass"},{"floor":23,"key":"Art of War"},{"floor":24,"key":"Shuriken"},{"floor":41,"key":"MawBank"},{"floor":43,"key":"Gambling Chip"},{"floor":44,"key":"Whetstone"},{"floor":46,"key":"Mastiff:ReiMu"},{"floor":47,"key":"Guardian:PocketSentry"},{"floor":52,"key":"Lantern"},{"floor":54,"key":"CrazyTorch:ReiMu"}],"event_choices":[{"damage_healed":0,"gold_gain":0,"player_choice":"Ignored","damage_taken":0,"max_hp_gain":0,"max_hp_loss":0,"event_name":"NoteForYourself","floor":5,"gold_loss":0}],"is_beta":false,"boss_relics":[{"not_picked":["Busted Crown","EctoplasmExtend"],"picked":"SacredBark"},{"not_picked":["Runic Pyramid","Cursed Key"],"picked":"bronze:MakeshiftBattery"}],"items_purged_floors":[11,11,11,11,11,11,20,20,20,38],"is_endless":false,"potions_floor_spawned":[2,3,6,15,15,15,16,19,23,23,27,27,31,31,33,36,36,44,44,46,46,48,49,49,49,52,52],"ascension_level":0}}