{"host":"iovigr651ajk16h5","time":1613687514,"event":{"mods":["2.2 Compatiblity","AchievementEnabler","Aspiration","BaseMod","Better Altar","Better Match","Better Note","Better Sensory Stone","Better Skull","Better Third Choice","Block Reminder","Colored Map","Ekko","Energized Spire","GifTheSpireLib","GungeonMod","Halation","Hermit","Highlight Path","Hubris","Infinite Spire","Koishi","Luminous","Marisa????????","Minty Spire (QoL Compilation)","Nova Terra(??·??)","Onozuka Komachi Mod","Permanent Neow","Prisma Mod","Quick Restart","Railgun Mod","Remilia??????","Replay The Spire","StSLib","Stuff the Spire","Td1madao Mod","The Administrix","The Bladedancer","The Bug Knight","The Construct","The Marked","TheSwordswoman","Trackpad","Waifu the Spire","WarShipGirlsR/????R mod","everything is the same but u backflip on backflip"],"gold_per_floor":[109,34,48,66,79,79,79],"floor_reached":6,"language":"ENG","playtime":218,"items_purged":["blazmod:Strike"],"score":38,"play_id":"a6c1dfce-adce-460b-87ca-507eda4072bb","local_time":"20210218173154","is_ascension_mode":false,"campfire_choices":[],"circlet_count":0,"master_deck":["blazmod:Strike","blazmod:Strike","blazmod:Strike","blazmod:Defend","blazmod:Defend","blazmod:Defend","blazmod:Defend","blazmod:ButterflyEffect","blazmod:Kyokasuigetsu","blazmod:TandenKatsu","blazmod:WildButterfly","blazmod:Observant"],"relics":["blazmod:Venustas","NeowsBlessing"],"acts_visited":["Exordium"],"potions_floor_usage":[],"damage_taken":[{"damage":0,"enemies":"Small Slimes","floor":1,"turns":1},{"damage":0,"enemies":"2 Louse","floor":3,"turns":1},{"damage":0,"enemies":"Jaw Worm","floor":4,"turns":1},{"damage":6,"enemies":"Looter","floor":5,"turns":3},{"damage":20,"enemies":"Gremlin Nob","floor":6,"turns":3}],"seed_played":"-1173307802630545200","potions_obtained":[{"floor":1,"key":"SteroidPotion"},{"floor":4,"key":"Fire Potion"},{"floor":5,"key":"Block Potion"}],"is_trial":false,"path_per_floor":["M","$","M","M","M","E"],"character_chosen":"THE_SWORDSWOMAN","items_purchased":[],"campfire_rested":0,"item_purchase_floors":[],"current_hp_per_floor":[40,40,40,40,34,14,14],"gold":79,"neow_bonus":"THREE_ENEMY_KILL","is_daily":false,"chose_seed":false,"campfire_upgraded":0,"win_rate":0.0,"timestamp":1613687514,"path_taken":["M","$","M","M","M","E"],"items_purchased_type":[],"build_version":"2020-12-22","purchased_purges":1,"victory":false,"max_hp_per_floor":[40,40,40,40,40,40,40],"card_choices":[{"not_picked":["blazmod:FlashRock","blazmod:MindsEye"],"picked":"blazmod:TandenKatsu","floor":1},{"not_picked":["blazmod:UnderPurifyingWaters","blazmod:FlashRock"],"picked":"blazmod:WildButterfly","floor":3},{"not_picked":["blazmod:SidewaySolace","blazmod:SureOfHand"],"picked":"blazmod:Observant","floor":4},{"not_picked":["blazmod:SeismicSlash","blazmod:KatanaStrike","blazmod:DevilDivine"],"picked":"SKIP","floor":5}],"player_experience":370535,"relics_obtained":[],"event_choices":[],"is_beta":false,"boss_relics":[],"items_purged_floors":[2],"is_endless":false,"potions_floor_spawned":[1,4,5],"killed_by":"Gremlin Nob","ascension_level":0}}