{"host":"q8o6l8eqnoevndy4","time":1613685640,"event":{"mods":["2.2 Compatiblity","AchievementEnabler","Act Like it!","AlwaysNeverKeys","Bard","BaseMod","Bestiary","Better Altar","Better Match","Better Note","Better Sensory Stone","Better Skull","Better Third Choice","Better Vampires","Better-Laid Plans","Booster Modes","Colored Map","Colored Powertips","Custom Start","Disable Question Mark Monsters","Displayed Cursed Tome","Extra Virgin Snecko Oil","Friendly Minions","GifTheSpireLib","Hermit","Highlight Path","Infinite Spire","Keyboard Shortcuts","Minty Spire (QoL Compilation)","Permanent Neow","Quick Restart","Random Character Button","Random Character Mod","Rare Cards Sparkle","Relic Filter","Relic Sorter","Relic Stats","Reliquary","Reorder Act Four","Shapeshifter Mod","Spicy Shops","Spire Arcade","StSLib","The Blackbeard","The Gatherer","Transform Curses","Virulent Crown"],"gold_per_floor":[113,113,113,113,134,178,178,18,18,18,18,18,18,39,54,54,182,245,269,282,282,282,282,282,282,282],"floor_reached":25,"language":"ENG","playtime":1510,"items_purged":["StSShapeShifter:ShapeShifter_Strike"],"score":222,"play_id":"0e6a8d47-47e1-45ab-a51a-1e755c36a941","local_time":"20210218160040","is_ascension_mode":false,"campfire_choices":[{"data":"StSShapeShifter:AdaptiveStrikes","floor":7,"key":"SMITH"},{"data":"StSShapeShifter:Evolution","floor":12,"key":"SMITH"},{"data":"StSShapeShifter:Roar","floor":16,"key":"SMITH"},{"floor":24,"key":"REST"}],"circlet_count":0,"master_deck":["StSShapeShifter:ShapeShifter_Strike","StSShapeShifter:ShapeShifter_Strike+1","StSShapeShifter:ShapeShifter_Strike","StSShapeShifter:ShapeShifter_Defend","StSShapeShifter:ShapeShifter_Defend","StSShapeShifter:ShapeShifter_Defend","StSShapeShifter:ShapeShifter_Defend","StSShapeShifter:ShapeShifter_Defend","StSShapeShifter:Tortoise_Form","StSShapeShifter:Lynx_Form","StSShapeShifter:BurstingSpore+1","StSShapeShifter:UnicornForm","StSShapeShifter:AdaptiveStrikes+1","StSShapeShifter:Evolution+1","StSShapeShifter:Roar+1","StSShapeShifter:BarkSkin","StSShapeShifter:Spring","StSShapeShifter:AdaptiveStrikes","StSShapeShifter:Hunt+1","Discovery","Dramatic Entrance"],"relics":["StSShapeShifter:AnimalHeart","StSShapeShifter:TheShapeShiftersMagnolia","NeowsBlessing","Golden Idol","Ancient Tea Set","Happy Flower","infinitespire:Bottled Soul","Tiny House","MutagenicStrength"],"acts_visited":["Exordium","TheCity"],"potions_floor_usage":[19,25,25,25],"damage_taken":[{"damage":0,"enemies":"Jaw Worm","floor":1,"turns":1},{"damage":0,"enemies":"Small Slimes","floor":5,"turns":1},{"damage":0,"enemies":"3 Sentries","floor":6,"turns":1},{"damage":0,"enemies":"2 Louse","floor":14,"turns":5},{"damage":0,"enemies":"Blue Slaver","floor":15,"turns":4},{"damage":54,"enemies":"Hexaghost","floor":17,"turns":12},{"damage":33,"enemies":"Spheric Guardian","floor":19,"turns":8},{"damage":32,"enemies":"Shell Parasite","floor":20,"turns":9},{"damage":43,"enemies":"Gremlin Leader","floor":25,"turns":5}],"seed_played":"2275922798280747865","potions_obtained":[{"floor":6,"key":"ColorlessPotion"},{"floor":15,"key":"FearPotion"},{"floor":18,"key":"CultistPotion"},{"floor":19,"key":"PowerPotion"}],"is_trial":false,"path_per_floor":["M","?","?","?","M","E","R","$","T","T","$","R","?","M","M","R","B",null,"M","M","?","?","?","R","E"],"character_chosen":"SHAPESHIFTER","items_purchased":["StSShapeShifter:Evolution","Block Potion"],"campfire_rested":1,"item_purchase_floors":[8,8],"current_hp_per_floor":[78,78,59,59,59,59,59,59,59,59,59,59,59,59,59,59,5,83,50,18,18,18,18,42,0,0],"gold":282,"neow_bonus":"THREE_ENEMY_KILL","is_daily":false,"chose_seed":false,"campfire_upgraded":3,"win_rate":0.0,"timestamp":1613685640,"path_taken":["M","?","?","?","M","E","R","$","T","T","?","R","?","?","M","R","BOSS","M","M","?","?","?","R","E"],"items_purchased_type":["Card","Potion"],"build_version":"2020-12-22","purchased_purges":1,"victory":false,"max_hp_per_floor":[78,78,78,78,78,78,78,78,78,78,78,78,78,78,78,78,78,83,83,83,83,83,83,83,83,83],"relic_stats":{"Happy Flower":[14],"counters":[9,46],"Golden Idol":67,"obtain_stats":[{"StSShapeShifter:TheShapeShiftersMagnolia":0,"StSShapeShifter:AnimalHeart":0,"Tiny House":18,"NeowsBlessing":0,"Happy Flower":9,"Golden Idol":3,"infinitespire:Bottled Soul":10,"MutagenicStrength":23,"Ancient Tea Set":6},{"StSShapeShifter:TheShapeShiftersMagnolia":0,"StSShapeShifter:AnimalHeart":0,"Tiny House":6,"NeowsBlessing":0,"Happy Flower":3,"Golden Idol":1,"infinitespire:Bottled Soul":3,"MutagenicStrength":8,"Ancient Tea Set":3},{"StSShapeShifter:TheShapeShiftersMagnolia":0,"StSShapeShifter:AnimalHeart":0,"Tiny House":24,"NeowsBlessing":0,"Happy Flower":3,"Golden Idol":1,"infinitespire:Bottled Soul":3,"MutagenicStrength":41,"Ancient Tea Set":3}]},"card_choices":[{"not_picked":["StSShapeShifter:CursedApple","StSShapeShifter:ThrashAbout"],"picked":"StSShapeShifter:BurstingSpore","floor":1},{"not_picked":["StSShapeShifter:Wildfire2","StSShapeShifter:LeapingSlash","StSShapeShifter:AdaptiveStrikes"],"picked":"SKIP","floor":5},{"not_picked":["StSShapeShifter:Maul","StSShapeShifter:HippoForm"],"picked":"StSShapeShifter:AdaptiveStrikes","floor":6},{"not_picked":["StSShapeShifter:AdaptiveStrikes","StSShapeShifter:MultiSpiritedStrike"],"picked":"StSShapeShifter:Roar","floor":14},{"not_picked":["StSShapeShifter:Synchronicity","StSShapeShifter:ThornedSkin"],"picked":"StSShapeShifter:BarkSkin","floor":15},{"not_picked":["StSShapeShifter:FullMoon","StSShapeShifter:WolfsBane"],"picked":"StSShapeShifter:Spring","floor":17},{"not_picked":["StSShapeShifter:ThornToss","StSShapeShifter:Evolution"],"picked":"StSShapeShifter:AdaptiveStrikes","floor":18},{"not_picked":["StSShapeShifter:Rest+1","StSShapeShifter:SquirrelForm","StSShapeShifter:PantherForm"],"picked":"SKIP","floor":19},{"not_picked":["StSShapeShifter:FallingLeaves","StSShapeShifter:WiltingWrath+1"],"picked":"StSShapeShifter:Hunt+1","floor":20},{"not_picked":["Violence","Blind"],"picked":"Discovery","floor":22},{"not_picked":["HandOfGreed","Jack Of All Trades"],"picked":"Dramatic Entrance","floor":22}],"player_experience":1179428,"relics_obtained":[{"floor":6,"key":"Ancient Tea Set"},{"floor":9,"key":"Happy Flower"},{"floor":10,"key":"infinitespire:Bottled Soul"}],"event_choices":[{"damage_healed":0,"gold_gain":0,"player_choice":"Take Damage","damage_taken":19,"relics_obtained":["Golden Idol"],"max_hp_gain":0,"max_hp_loss":0,"event_name":"Golden Idol","floor":3,"gold_loss":0},{"cards_removed":["StSShapeShifter:ShapeShifter_Strike"],"damage_healed":0,"gold_gain":0,"player_choice":"Forget","damage_taken":0,"max_hp_gain":0,"max_hp_loss":0,"event_name":"Living Wall","floor":13,"gold_loss":0},{"damage_healed":0,"gold_gain":0,"player_choice":"Ignored","damage_taken":0,"max_hp_gain":0,"max_hp_loss":0,"event_name":"betterNote:BetterNote","floor":21,"gold_loss":0,"cards_obtained":["DevaForm"]},{"damage_healed":0,"gold_gain":2,"player_choice":"1","damage_taken":0,"max_hp_gain":0,"max_hp_loss":0,"event_name":"betterStone:BetterStone","floor":22,"gold_loss":0},{"damage_healed":0,"gold_gain":0,"player_choice":"Inject Mutagens","damage_taken":0,"relics_obtained":["MutagenicStrength"],"max_hp_gain":0,"max_hp_loss":0,"event_name":"Drug Dealer","floor":23,"gold_loss":0}],"is_beta":false,"boss_relics":[{"not_picked":["Velvet Choker","Cursed Key"],"picked":"Tiny House"}],"items_purged_floors":[8],"is_endless":false,"potions_floor_spawned":[6,15,17,19,20],"killed_by":"Gremlin Leader","ascension_level":0}}