{"host":"btkbr53c3gip0r7d","time":1613611483,"event":{"mods":["BaseMod","Better Altar","Better Match","Better Note","Better Sensory Stone","Better Skull","Better Third Choice","Colored Map","Curses Come First","Downfall","Minty Spire (QoL Compilation)","StSLib","The Cursed","The Marked"],"gold_per_floor":[99,114,133,151,151,166,166,178,278,308,308,339,351,17,29,132,132,132,143,143,153,166,166,191,191,191,202,230,240,240,273,285,380,380,380,399,412,627,677,708,783,796,848,874,886,886,74,74,92,92],"floor_reached":51,"language":"ENG","playtime":6486,"items_purged":["Guardian:Defend_Guardian","Guardian:Strike_Guardian+1","Guardian:Defend_Guardian+1"],"score":945,"play_id":"028169f0-0c21-4db7-b906-35e96a310e0a","local_time":"20210217182443","is_ascension_mode":true,"campfire_choices":[{"data":"Guardian:CompilePackage","floor":1.0,"key":"SMITH"},{"data":"Guardian:MultiBeam","floor":11.0,"key":"SMITH"},{"data":"Trip","floor":18.0,"key":"SMITH"},{"data":"Guardian:PrismaticBarrier","floor":23.0,"key":"SMITH"},{"data":"Guardian:Preprogram","floor":26.0,"key":"SMITH"},{"data":"Guardian:ConstructionForm","floor":30.0,"key":"SMITH"},{"data":"Guardian:StasisField","floor":35.0,"key":"SMITH"},{"data":"1","floor":46,"key":"LIFT"}],"circlet_count":0,"master_deck":["Guardian:Strike_Guardian+1","Guardian:Strike_Guardian+1","Guardian:Defend_Guardian+1","Guardian:Defend_Guardian+1","Guardian:CompilePackage+1","Guardian:PrismaticBarrier+1","Guardian:MultiBeam","Guardian:ShieldSpikes","Guardian:CompilePackage+1","Guardian:MultiBeam+1","Guardian:Clone","Guardian:Preprogram+1","Guardian:BodySlam+1","Guardian:EvasiveProtocol","Guardian:DonusPower","Guardian:SpikerProtocol","Trip+1","Guardian:ChargeUp","Guardian:DecasProtection+1","Guardian:ConstructionForm+1","Guardian:SphericShield+1","Guardian:StasisField+1","Guardian:TemporalStrike+1","Guardian:ChargeUp+1","Guardian:Gem_Synthetic"],"relics":["Guardian:ModeShifter","Calipers","Gambling Chip","Art of War","Lantern","bronze:MakeshiftBattery","Akabeko","Bottled Lightning","Bottled Flame","Runic Dome","Girya","Singing Bowl","Kunai","Lizard Tail","PreservedInsect","CaptainsWheel","Sundial"],"acts_visited":["Exordium","TheCity","TheBeyond"],"potions_floor_usage":[50,50,50],"damage_taken":[{"damage":0.0,"enemies":"Small Slimes","floor":2.0,"turns":2.0},{"damage":1.0,"enemies":"Cultist","floor":3.0,"turns":3.0},{"damage":0.0,"enemies":"2 Louse","floor":4.0,"turns":1.0},{"damage":0.0,"enemies":"2 Fungi Beasts","floor":6.0,"turns":2.0},{"damage":0.0,"enemies":"3 Louse","floor":8.0,"turns":1.0},{"damage":0.0,"enemies":"downfall:Heads","floor":9.0,"turns":4.0},{"damage":0.0,"enemies":"3 Sentries","floor":10.0,"turns":1.0},{"damage":6.0,"enemies":"Gremlin Nob","floor":12.0,"turns":3.0},{"damage":0.0,"enemies":"Red Slaver","floor":13.0,"turns":1.0},{"damage":0.0,"enemies":"downfall:FleeingMerchant","floor":14.0,"turns":4.0},{"damage":0.0,"enemies":"downfall:LooterAlt","floor":15.0,"turns":3.0},{"damage":52.0,"enemies":"DF_ARCHETYPE_STREAMLINE","floor":16.0,"turns":11.0},{"damage":14.0,"enemies":"Shell Parasite","floor":19.0,"turns":3.0},{"damage":0.0,"enemies":"downfall:LooterAlt2","floor":21.0,"turns":1.0},{"damage":0.0,"enemies":"Snecko","floor":22.0,"turns":3.0},{"damage":0.0,"enemies":"Snake Plant","floor":27.0,"turns":2.0},{"damage":0.0,"enemies":"Book of Stabbing","floor":28.0,"turns":4.0},{"damage":0.0,"enemies":"Sentry and Sphere","floor":29.0,"turns":1.0},{"damage":0.0,"enemies":"Slavers","floor":31.0,"turns":1.0},{"damage":0.0,"enemies":"Cultist and Chosen","floor":32.0,"turns":1.0},{"damage":21.0,"enemies":"SI_MIRROR_ARCHETYPE","floor":33.0,"turns":7.0},{"damage":0.0,"enemies":"3 Shapes","floor":36.0,"turns":1.0},{"damage":0.0,"enemies":"3 Darklings","floor":37.0,"turns":1.0},{"damage":0.0,"enemies":"downfall:FleeingMerchant","floor":38.0,"turns":3.0},{"damage":0.0,"enemies":"downfall:FleeingMerchant","floor":39.0,"turns":4.0},{"damage":0.0,"enemies":"Giant Head","floor":40.0,"turns":7.0},{"damage":0,"enemies":"Maw","floor":42,"turns":5},{"damage":0,"enemies":"2 Orb Walkers","floor":43,"turns":1},{"damage":18,"enemies":"Nemesis","floor":44,"turns":3},{"damage":0,"enemies":"4 Shapes","floor":45,"turns":1},{"damage":0,"enemies":"Jaw Worm Horde","floor":49,"turns":1},{"damage":7,"enemies":"IC_BLOCK_ARCHETYPE","floor":50,"turns":6}],"seed_played":"-4234370885242731909","potions_obtained":[{"floor":3.0,"key":"BlessingOfTheForge"},{"floor":6.0,"key":"Energy Potion"},{"floor":9.0,"key":"sneckomod:MuddlingPotion"},{"floor":10.0,"key":"hexamod:SoulburnPotion"},{"floor":12.0,"key":"Swift Potion"},{"floor":16.0,"key":"BlessingOfTheForge"},{"floor":21.0,"key":"Regen Potion"},{"floor":22.0,"key":"Explosive Potion"},{"floor":31.0,"key":"champ:CounterPotion"},{"floor":32.0,"key":"bronze:BurnAndBuffPotion"},{"floor":33.0,"key":"SkillPotion"},{"floor":36.0,"key":"DistilledChaos"},{"floor":42,"key":"ColorlessPotion"},{"floor":45,"key":"Regen Potion"}],"is_trial":false,"path_per_floor":["R","M","M","M","?","M","T","M","?","E","R","E","M","$","M","B",null,"R","M","?","M","M","R","T","?","R","M","E","M","R","E","M","B",null,"R","M","M","$","?","E","T","M","?","E","M","R","$","?","M","B",null],"character_chosen":"GUARDIAN","items_purchased":["Trip","Lantern","CaptainsWheel","Guardian:Gem_Synthetic","Sundial"],"campfire_rested":0,"item_purchase_floors":[14,14,47,47,47],"current_hp_per_floor":[72,72,71,71,71,71,71,71,71,71,71,65,65,65,65,13,72,72,58,58,58,58,58,58,58,58,58,58,58,58,58,58,37,72,72,72,72,72,72,74,74,76,78,62,64,64,64,64,66,84],"gold":92,"neow_bonus":"THREE_RARE_CARDS","is_daily":false,"chose_seed":false,"campfire_upgraded":7,"win_rate":0.0,"timestamp":1613611483,"path_taken":["R","M","M","M","?","?","T","M","?","E","R","E","M","$","M","BOSS","R","M","?","M","M","R","T","?","R","M","E","M","R","E","M","BOSS","R","M","M","$","?","E","T","M","?","E","M","R","$","?","M","BOSS"],"items_purchased_type":["Card","Relic","Relic","Card","Relic"],"build_version":"2020-12-22","purchased_purges":3,"victory":true,"max_hp_per_floor":[72,72,72,72,72,72,72,72,72,72,72,72,72,72,72,72,72,72,72,72,72,72,72,72,72,72,72,72,72,72,72,72,72,72,72,72,72,72,72,74,74,76,78,80,82,82,82,82,84,84],"card_choices":[{"not_picked":["Guardian:Gem_Synthetic","Guardian:ConstructionForm"],"picked":"Guardian:CompilePackage","floor":0.0},{"not_picked":["Guardian:Gem_Lightblue","Guardian:Gem_Red"],"picked":"Guardian:PrismaticBarrier","floor":2.0},{"not_picked":["Guardian:PrismaticBarrier","Guardian:TemporalShield"],"picked":"Guardian:MultiBeam","floor":3.0},{"not_picked":["Guardian:Recover","Guardian:ShieldCharger"],"picked":"Guardian:ShieldSpikes","floor":4.0},{"not_picked":["Guardian:ChargeCore","Guardian:TemporalStrike"],"picked":"Guardian:Clone","floor":6.0},{"not_picked":["Guardian:DecasProtection","Guardian:ShieldCharger"],"picked":"Guardian:Preprogram","floor":8.0},{"not_picked":["Guardian:Gem_Green","Guardian:WalkerClaw"],"picked":"Guardian:BodySlam","floor":9.0},{"not_picked":["Guardian:CrystalBeam","Guardian:Gem_Cyan"],"picked":"Guardian:DonusPower","floor":10.0},{"not_picked":["Guardian:CrystalBeam","Guardian:Suspension"],"picked":"Guardian:SpikerProtocol","floor":12.0},{"not_picked":["Guardian:SentryBeam","Guardian:Gem_Lightblue","Guardian:Planning"],"picked":"SKIP","floor":13.0},{"not_picked":["Guardian:FloatingOrbs","Guardian:TemporalStrike","Guardian:Recover"],"picked":"SKIP","floor":14.0},{"not_picked":["Guardian:Preprogram","Guardian:TemporalStrike"],"picked":"Guardian:ChargeUp","floor":15.0},{"not_picked":["Guardian:GemFinder","Guardian:RevengeProtocol"],"picked":"Guardian:Gem_Orange","floor":16.0},{"not_picked":["Guardian:PrimingBeam","Guardian:PiercingHide"],"picked":"Guardian:DecasProtection+1","floor":19.0},{"not_picked":["Guardian:PrismaticBarrier","Guardian:Gem_Lightblue"],"picked":"Guardian:Gem_White","floor":21.0},{"not_picked":["Guardian:Gem_Blue","Guardian:PrismaticBarrier+1"],"picked":"Guardian:Gem_Yellow","floor":22.0},{"not_picked":["Guardian:PrimingBeam","Guardian:ChargeCore","Guardian:RollAttack"],"picked":"SKIP","floor":27.0},{"not_picked":["Guardian:RollAttack+1","Guardian:Gem_Fragmented"],"picked":"Guardian:ConstructionForm","floor":28.0},{"not_picked":["Guardian:VentSteam+1","Guardian:WalkerClaw","Guardian:Incinerate"],"picked":"SKIP","floor":29.0},{"not_picked":["Guardian:WalkerClaw+1","Guardian:ArmoredProtocol"],"picked":"Guardian:SphericShield","floor":31.0},{"not_picked":["Guardian:Harden+1","Guardian:Gem_Green","Guardian:PrimingBeam"],"picked":"SKIP","floor":32.0},{"not_picked":["Guardian:CompilePackage","Guardian:GemFinder"],"picked":"Guardian:StasisField","floor":33.0},{"not_picked":["Guardian:TemporalStrike","Guardian:ShieldCharger","Guardian:PolyBeam"],"picked":"SKIP","floor":36.0},{"not_picked":["Guardian:Gem_Red","Guardian:TimeBomb"],"picked":"Guardian:Gem_Yellow","floor":37.0},{"not_picked":["Guardian:TemporalShield","Guardian:GemFinder"],"picked":"Guardian:TemporalStrike+1","floor":38.0},{"not_picked":["Guardian:Gem_Green","Guardian:SpikerProtocol+1"],"picked":"Guardian:ChargeUp+1","floor":39.0},{"not_picked":["Guardian:VentSteam","Guardian:DonusPower+1","Guardian:ShieldCharger+1"],"picked":"Singing Bowl","floor":40.0},{"not_picked":["Guardian:Suspension","Guardian:Gem_Green","Guardian:Repulse+1"],"picked":"Singing Bowl","floor":42},{"not_picked":["Guardian:PolyBeam+1","Guardian:TimeCapacitor","Guardian:VentSteam+1"],"picked":"Singing Bowl","floor":43},{"not_picked":["Guardian:Gem_Red","Guardian:EvasiveProtocol","Guardian:FastForward"],"picked":"Singing Bowl","floor":44},{"not_picked":["Guardian:TimeBomb+1","Guardian:WalkerClaw","Guardian:ShieldSpikes"],"picked":"Singing Bowl","floor":45},{"not_picked":["Guardian:Gem_Purple","Guardian:Incinerate","Guardian:Recover+1"],"picked":"Singing Bowl","floor":49}],"player_experience":1459380,"relics_obtained":[{"floor":7.0,"key":"Calipers"},{"floor":10.0,"key":"Gambling Chip"},{"floor":12.0,"key":"Art of War"},{"floor":24.0,"key":"Akabeko"},{"floor":28.0,"key":"Bottled Lightning"},{"floor":31.0,"key":"Bottled Flame"},{"floor":39.0,"key":"Girya"},{"floor":40.0,"key":"Singing Bowl"},{"floor":41.0,"key":"Kunai"},{"floor":43,"key":"Lizard Tail"},{"floor":44,"key":"PreservedInsect"}],"event_choices":[{"damage_healed":0,"gold_gain":0,"player_choice":"Fight","damage_taken":0,"max_hp_gain":0,"max_hp_loss":0,"event_name":"Mysterious Sphere","floor":43,"gold_loss":0}],"is_beta":false,"boss_relics":[{"not_picked":["Philosopher\u0027s Stone","Calling Bell"],"picked":"bronze:MakeshiftBattery"},{"not_picked":["Snecko Eye","Empty Cage"],"picked":"Runic Dome"}],"items_purged_floors":[14,38,47],"is_endless":false,"potions_floor_spawned":[3,6,9,10,12,16,21,22,31,32,33,36,37,42,45],"ascension_level":2}}