{"host":"zybdh2ue20qfjbiz","time":1613657492,"event":{"mods":["AchievementEnabler","BaseMod","Better Altar","Better Skull","BetterRewards","Friendly Minions","Koishi","Lobotomy","LobotomyExtend","Minty Spire (QoL Compilation)","RemiliaÅiÂQïƒ‰ª?Åj","StSLib"],"gold_per_floor":[114,129,129,79,94,109,109,124,149,179,194,233,248,287,287,387,468,483,507,432,32,56,95,95,170,179,179,179],"floor_reached":27,"language":"ENG","playtime":1260,"items_purged":["Shame"],"score":305,"play_id":"7e6e60ca-dad1-453b-86db-7a415a8de995","local_time":"20210218171132","daily_mods":["Cursed Run","ControlledChaos","Lethality"],"is_ascension_mode":false,"campfire_choices":[{"floor":7,"key":"REST"},{"floor":15,"key":"REST"},{"floor":24,"key":"REST"}],"circlet_count":0,"master_deck":["Survivor","Neutralize","Dagger Throw","Quick Slash","Riddle With Holes","Tools of the Trade","Backflip","Riddle With Holes","Quick Slash","Caltrops","Reflex","Die Die Die","Quick Slash","Flechettes","Predator","Die Die Die","Storm of Steel","Backflip","Terror","Acrobatics+1","Choke+1","Shame"],"relics":["Cursed Key","Darkstone Periapt","Du-Vu Doll","Frozen Eye","LetterFromLob","HornCleat","Akabeko","Omamori","CeramicFish","Blue Candle","Pandora\u0027s Box","Matryoshka","Pantograph","ScarletDevilRocket","Letter Opener","Anchor","Oddly Smooth Stone"],"acts_visited":["Exordium","TheCity"],"potions_floor_usage":[11],"damage_taken":[{"damage":5,"enemies":"Jaw Worm","floor":1,"turns":2},{"damage":0,"enemies":"2 Louse","floor":2,"turns":2},{"damage":0,"enemies":"Cultist","floor":5,"turns":2},{"damage":0,"enemies":"Looter","floor":6,"turns":2},{"damage":1,"enemies":"Blue Slaver","floor":8,"turns":3},{"damage":0,"enemies":"Gremlin Nob","floor":10,"turns":3},{"damage":17,"enemies":"Exordium Wildlife","floor":11,"turns":2},{"damage":12,"enemies":"3 Sentries","floor":12,"turns":4},{"damage":9,"enemies":"3 Louse","floor":13,"turns":2},{"damage":0,"enemies":"Lagavulin","floor":14,"turns":3},{"damage":39,"enemies":"The Guardian","floor":16,"turns":6},{"damage":0,"enemies":"Chosen","floor":18,"turns":3},{"damage":30,"enemies":"3 Byrds","floor":19,"turns":3},{"damage":0,"enemies":"Shelled Parasite and Fungi","floor":22,"turns":1},{"damage":20,"enemies":"Book of Stabbing","floor":23,"turns":3}],"seed_played":"-4060160915487772418","potions_obtained":[{"floor":1,"key":"Explosive Potion"},{"floor":5,"key":"Poison Potion"},{"floor":11,"key":"BlessingOfTheForge"},{"floor":14,"key":"Regen Potion"},{"floor":18,"key":"EssenceOfSteel"},{"floor":22,"key":"Fire Potion"}],"is_trial":false,"path_per_floor":["M","M","?","?","M","M","R","M","T","E","M","E","M","E","R","B",null,"M","M","?","$","M","E","R","T","T","M"],"character_chosen":"THE_SILENT","items_purchased":["CunningPotion","Matryoshka"],"campfire_rested":3,"item_purchase_floors":[21,21],"current_hp_per_floor":[65,65,47,47,47,47,68,67,73,73,56,44,35,35,57,18,76,76,46,46,46,46,26,48,48,54,0,0],"gold":179,"neow_bonus":"","is_daily":true,"chose_seed":false,"campfire_upgraded":0,"win_rate":0.0,"timestamp":1613657492,"path_taken":["M","M","?","?","M","M","R","M","T","E","M","E","M","E","R","BOSS","M","M","?","$","M","E","R","?","T","M"],"items_purchased_type":["Potion","Relic"],"build_version":"2020-12-22","purchased_purges":1,"victory":false,"max_hp_per_floor":[70,70,70,70,70,70,70,70,76,76,76,76,76,76,76,76,76,76,76,76,76,76,76,76,76,82,82,82],"card_choices":[{"not_picked":["Crippling Poison","Blur"],"picked":"Dagger Throw","floor":1},{"not_picked":["Outmaneuver","Catalyst"],"picked":"Deadly Poison","floor":2},{"not_picked":["Dodge and Roll","Flying Knee"],"picked":"Quick Slash","floor":5},{"not_picked":["Reflex","All Out Attack","Underhanded Strike"],"picked":"SKIP","floor":6},{"not_picked":["Reflex","All Out Attack","Underhanded Strike"],"picked":"SKIP","floor":6},{"not_picked":["Sucker Punch","Slice"],"picked":"Riddle With Holes","floor":8},{"not_picked":["Quick Slash","Dodge and Roll"],"picked":"Tools of the Trade","floor":10},{"not_picked":["Caltrops","Bane"],"picked":"Backflip","floor":11},{"not_picked":["Crippling Poison","Prepared"],"picked":"Riddle With Holes","floor":12},{"not_picked":["Slice","Doppelganger","Distraction"],"picked":"SKIP","floor":13},{"not_picked":["Sucker Punch","Flying Knee"],"picked":"Quick Slash","floor":14},{"not_picked":["Flechettes","Reflex","All Out Attack"],"picked":"SKIP","floor":18},{"not_picked":["Flying Knee+1","Dodge and Roll"],"picked":"Terror","floor":19},{"not_picked":["Endless Agony","Masterful Stab"],"picked":"Acrobatics+1","floor":22},{"not_picked":["Flying Knee+1","All Out Attack+1"],"picked":"Choke+1","floor":23}],"player_experience":419841,"relics_obtained":[{"floor":1,"key":"LetterFromLob"},{"floor":9,"key":"Akabeko"},{"floor":10,"key":"Omamori"},{"floor":12,"key":"CeramicFish"},{"floor":14,"key":"Blue Candle"},{"floor":23,"key":"Pantograph"},{"floor":25,"key":"ScarletDevilRocket"},{"floor":25,"key":"Letter Opener"},{"floor":26,"key":"Anchor"},{"floor":26,"key":"Oddly Smooth Stone"}],"event_choices":[{"damage_healed":0,"gold_gain":0,"player_choice":"Success","damage_taken":18,"relics_obtained":["HornCleat"],"max_hp_gain":0,"max_hp_loss":0,"event_name":"Scrap Ooze","floor":3,"gold_loss":0},{"cards_removed":["Defend_G"],"damage_healed":0,"gold_gain":0,"player_choice":"Card Removal","damage_taken":0,"max_hp_gain":0,"max_hp_loss":0,"event_name":"The Cleric","floor":4,"gold_loss":50},{"cards_removed":["Deadly Poison"],"damage_healed":0,"gold_gain":0,"player_choice":"Gave Gold","damage_taken":0,"max_hp_gain":0,"max_hp_loss":0,"event_name":"Beggar","floor":20,"gold_loss":75}],"is_beta":false,"boss_relics":[{"not_picked":["SlaversCollar","Runic Dome"],"picked":"Pandora\u0027s Box"}],"items_purged_floors":[21],"is_endless":false,"potions_floor_spawned":[1,5,11,14,18,19,22],"ascension_level":0}}