{"host":"x7btokbb0w2jhl7e","time":1613650204,"event":{"mods":["Act Like it!","BaseMod","Gensokyo","Marisa£®ÏF”Í°°ƒß¿Ì…≥£©","Minty Spire (QoL Compilation)","Quick Restart","StSLib","°æ“≈ŒÔø®≈∆°øREMEMod"],"gold_per_floor":[115,115,132,152,152,152,180,196,196,196,210,135,145,145,145,145,145],"floor_reached":16,"language":"ZHS","playtime":381,"items_purged":["Strike_P"],"score":194,"play_id":"76f31ffd-fd2f-4272-9bf9-cda485506fb6","local_time":"20210218201004","is_ascension_mode":true,"campfire_choices":[{"data":"Eruption","floor":6.0,"key":"SMITH"},{"data":"BowlingBash","floor":15.0,"key":"SMITH"}],"circlet_count":0,"master_deck":["AscendersBane","Strike_P","Strike_P","Defend_P","Defend_P","Eruption+1","Vigilance","BattleHymn","Scrawl","BowlingBash+1"],"relics":["PureWater","REME_ComplimentaryCards","NeowsBlessing","REME_IWantAll","Frozen Egg 2","Happy Flower"],"acts_visited":["Gensokyo:Gensokyo"],"potions_floor_usage":[16],"damage_taken":[{"damage":0.0,"enemies":"Gensokyo:Gryphon","floor":1.0,"turns":1.0},{"damage":0.0,"enemies":"Gensokyo:Python","floor":3.0,"turns":1.0},{"damage":0.0,"enemies":"Gensokyo:3_Fairies","floor":4.0,"turns":2.0},{"damage":4.0,"enemies":"Gensokyo:Cirno","floor":7.0,"turns":5.0},{"damage":2.0,"enemies":"Gensokyo:VengefulSpirit","floor":8.0,"turns":3.0},{"damage":0.0,"enemies":"Gensokyo:2_Rabbits","floor":11.0,"turns":2.0},{"damage":0.0,"enemies":"Gensokyo:CorruptedTreant","floor":13.0,"turns":2.0},{"damage":57,"enemies":"Gensokyo:Kokoro","floor":16,"turns":8}],"seed_played":"2714760060335159833","potions_obtained":[{"floor":3.0,"key":"EssenceOfSteel"},{"floor":7.0,"key":"Energy Potion"},{"floor":11.0,"key":"Weak Potion"}],"is_trial":false,"path_per_floor":["M","?","M","M","?","R","E","M","T","?","M","$","M","?","R","B"],"character_chosen":"WATCHER","items_purchased":[],"campfire_rested":0,"item_purchase_floors":[],"current_hp_per_floor":[61,27,27,27,33,33,29,27,27,27,27,27,27,27,27,0,0],"gold":145,"neow_bonus":"THREE_ENEMY_KILL","is_daily":false,"chose_seed":false,"campfire_upgraded":2,"win_rate":0.0,"timestamp":1613650204,"path_taken":["M","?","?","M","?","R","E","M","T","?","M","?","?","?","R","BOSS"],"items_purchased_type":[],"build_version":"2020-12-22","purchased_purges":1,"victory":false,"max_hp_per_floor":[68,68,68,68,74,74,74,74,74,74,74,74,74,74,74,74,74],"card_choices":[{"not_picked":["JustLucky","REME_Repentance","EmptyMind"],"picked":"SKIP","floor":1.0},{"not_picked":["JustLucky","EmptyBody","Protect"],"picked":"SKIP","floor":3.0},{"not_picked":["MentalFortress","FlyingSleeves"],"picked":"BattleHymn","floor":4.0},{"not_picked":["EmptyFist","FollowUp"],"picked":"Scrawl","floor":7.0},{"not_picked":["EmptyBody","CarveReality"],"picked":"BowlingBash","floor":8.0},{"not_picked":["PathToVictory","CarveReality","Meditate"],"picked":"SKIP","floor":11.0},{"not_picked":["FlurryOfBlows","Prostrate","FlyingSleeves"],"picked":"SKIP","floor":13.0}],"player_experience":283466,"relics_obtained":[{"floor":7.0,"key":"REME_IWantAll"},{"floor":9.0,"key":"Frozen Egg 2"}],"event_choices":[],"is_beta":false,"boss_relics":[],"items_purged_floors":[12],"is_endless":false,"potions_floor_spawned":[3,7,11],"killed_by":"Gensokyo:Kokoro","ascension_level":20}}