{"host":"fuszjwm6fqgjjp4d","time":1613622613,"event":{"mods":["BaseMod","Colored Map","Minty Spire (QoL Compilation)","Permanent Neow","Relic Sorter","Relic Stats","StSLib"],"gold_per_floor":[119,44,60,60,25,25,55,55,355,372,406,422,422,442,442,442,442],"floor_reached":16,"language":"ENG","playtime":339,"items_purged":["Strike_B"],"score":220,"play_id":"4f1db667-ed5d-423c-8968-64229d459b7a","local_time":"20210217223013","is_ascension_mode":true,"campfire_choices":[{"data":"Zap","floor":6,"key":"SMITH"},{"data":"Dualcast","floor":8,"key":"SMITH"},{"data":"Steam Power","floor":15,"key":"SMITH"}],"circlet_count":0,"master_deck":["AscendersBane","Strike_B","Strike_B","Strike_B","Defend_B","Defend_B","Defend_B","Defend_B","Zap+1","Dualcast+1","All For One","Beam Cell+1","Go for the Eyes","Chill","FTL","Self Repair","Steam Power+1"],"relics":["Cracked Core","Potion Belt","Old Coin","Turnip"],"acts_visited":["Exordium"],"potions_floor_usage":[11],"damage_taken":[{"damage":2,"enemies":"Cultist","floor":1,"turns":4},{"damage":10,"enemies":"Small Slimes","floor":3,"turns":3},{"damage":31,"enemies":"Gremlin Nob","floor":7,"turns":4},{"damage":2,"enemies":"2 Louse","floor":10,"turns":2},{"damage":3,"enemies":"Lagavulin","floor":11,"turns":5},{"damage":0,"enemies":"2 Fungi Beasts","floor":12,"turns":2},{"damage":14,"enemies":"Exordium Thugs","floor":14,"turns":5},{"damage":41,"enemies":"Slime Boss","floor":16,"turns":7}],"seed_played":"-3614629102089704786","potions_obtained":[{"floor":1,"key":"LiquidBronze"},{"floor":7,"key":"SteroidPotion"},{"floor":12,"key":"Ancient Potion"}],"is_trial":false,"path_per_floor":["M","$","M","?","?","R","E","R","T","M","E","M","?","M","R","B"],"character_chosen":"DEFECT","items_purchased":[],"campfire_rested":0,"item_purchase_floors":[],"current_hp_per_floor":[62,62,52,57,76,76,45,45,45,43,40,40,40,33,33,0,0],"gold":442,"neow_bonus":"ONE_RANDOM_RARE_CARD","is_daily":false,"chose_seed":false,"campfire_upgraded":3,"win_rate":0.0,"timestamp":1613622613,"path_taken":["M","$","?","?","?","R","E","R","T","M","E","M","?","M","R","BOSS"],"items_purchased_type":[],"build_version":"2020-12-22","purchased_purges":1,"victory":false,"max_hp_per_floor":[71,71,71,76,76,76,76,76,76,76,76,76,76,76,76,76,76],"relic_stats":{"counters":[8,32],"Turnip":[7],"obtain_stats":[{"Potion Belt":7,"Turnip":11,"Cracked Core":0,"Old Coin":9},{"Potion Belt":3,"Turnip":5,"Cracked Core":0,"Old Coin":3},{"Potion Belt":11,"Turnip":18,"Cracked Core":0,"Old Coin":11}]},"card_choices":[{"not_picked":["Reprogram","Tempest"],"picked":"Beam Cell","floor":1},{"not_picked":["Static Discharge","Coolheaded"],"picked":"Go for the Eyes","floor":3},{"not_picked":["Compile Driver","Scrape"],"picked":"Chill","floor":7},{"not_picked":["Darkness","Ball Lightning"],"picked":"FTL","floor":10},{"not_picked":["Melter","Rebound"],"picked":"Self Repair","floor":11},{"not_picked":["Streamline","Amplify"],"picked":"Steam Power","floor":12},{"not_picked":["Reinforced Body","Hologram","Cold Snap"],"picked":"SKIP","floor":14}],"player_experience":1494516,"relics_obtained":[{"floor":7,"key":"Potion Belt"},{"floor":9,"key":"Old Coin"},{"floor":11,"key":"Turnip"}],"event_choices":[{"damage_healed":0,"gold_gain":0,"player_choice":"Donut","damage_taken":0,"max_hp_gain":5,"max_hp_loss":0,"event_name":"Big Fish","floor":4,"gold_loss":0},{"damage_healed":19,"gold_gain":0,"player_choice":"Healed","damage_taken":0,"max_hp_gain":0,"max_hp_loss":0,"event_name":"The Cleric","floor":5,"gold_loss":35},{"damage_healed":0,"gold_gain":0,"player_choice":"Grow","damage_taken":0,"max_hp_gain":0,"max_hp_loss":0,"event_name":"Living Wall","floor":13,"gold_loss":0,"cards_upgraded":["Beam Cell"]}],"is_beta":false,"boss_relics":[],"items_purged_floors":[2],"is_endless":false,"potions_floor_spawned":[1,7,12],"killed_by":"Slime Boss","ascension_level":20}}