{"host":"hmb95rboouqzgqy7","time":1613662989,"event":{"mods":["BaseMod","Colored Map","Colored Powertips","Highlight Path","Minty Spire (QoL Compilation)","Permanent Neow","Quick Restart","Relic Stats","StSLib"],"gold_per_floor":[116,136,150,169,59,59,91,91,140,140,0,31,114,139,139,237,237,249,268,286,286,236,236,264,264,291,325,325,275,301,321,321,423,423,439,459,459,474,264,264,264,294,321,321,347,347,297,344,344,344,344,344,32,65,65],"floor_reached":56,"language":"ENG","playtime":5337,"items_purged":["Strike_P","Strike_P","Strike_P","Defend_P","Defend_P","Defend_P"],"score":1615,"play_id":"8cd844dd-1b90-45b1-823b-8e9baa8b4835","local_time":"20210218094309","is_ascension_mode":true,"campfire_choices":[{"data":"Conclude","floor":6.0,"key":"SMITH"},{"data":"Eruption","floor":8.0,"key":"SMITH"},{"data":"Ragnarok","floor":10.0,"key":"SMITH"},{"data":"CutThroughFate","floor":11.0,"key":"SMITH"},{"data":"MentalFortress","floor":15.0,"key":"SMITH"},{"data":"Vault","floor":23.0,"key":"SMITH"},{"data":"CutThroughFate","floor":25.0,"key":"SMITH"},{"data":"CutThroughFate","floor":28.0,"key":"SMITH"},{"data":"ClearTheMind","floor":32.0,"key":"SMITH"},{"data":"Scrawl","floor":40.0,"key":"SMITH"},{"data":"Vengeance","floor":41.0,"key":"SMITH"},{"data":"WindmillStrike","floor":44.0,"key":"SMITH"},{"data":"Meditate","floor":46.0,"key":"SMITH"},{"floor":49.0,"key":"RECALL"},{"data":"Vigilance","floor":52.0,"key":"SMITH"}],"circlet_count":0,"master_deck":["Defend_P","Eruption+1","Vigilance+1","Ragnarok+1","FearNoEvil","Conclude+1","Vengeance+1","Tantrum","Meditate+1","CutThroughFate+1","CutThroughFate+1","WindmillStrike+1","MentalFortress+1","InnerPeace+1","ClearTheMind+1","Evaluate+1","Evaluate+1","DeceiveReality+1","Vault+1","Vault+1","Scrawl+1","Protect+1"],"relics":["PureWater","Yang","Bag of Marbles","Smiling Mask","Potion Belt","Gremlin Horn","Boot","Coffee Dripper","Ginger","Pen Nib","Vajra","Omamori","Sozu","Bottled Lightning","Orichalcum","WingedGreaves","Letter Opener","Torii","Bottled Tornado","Anchor"],"acts_visited":["Exordium","TheCity","TheBeyond","TheEnding"],"potions_floor_usage":[55,55,55],"damage_taken":[{"damage":0.0,"enemies":"Jaw Worm","floor":1.0,"turns":2.0},{"damage":0.0,"enemies":"Small Slimes","floor":2.0,"turns":3.0},{"damage":2.0,"enemies":"2 Louse","floor":3.0,"turns":2.0},{"damage":0.0,"enemies":"2 Fungi Beasts","floor":4.0,"turns":2.0},{"damage":0.0,"enemies":"Lagavulin","floor":7.0,"turns":2.0},{"damage":3.0,"enemies":"3 Sentries","floor":12.0,"turns":4.0},{"damage":0.0,"enemies":"Lagavulin","floor":13.0,"turns":1.0},{"damage":0.0,"enemies":"Gremlin Nob","floor":14.0,"turns":2.0},{"damage":22.0,"enemies":"The Guardian","floor":16.0,"turns":5.0},{"damage":0.0,"enemies":"Shell Parasite","floor":18.0,"turns":1.0},{"damage":0.0,"enemies":"2 Thieves","floor":19.0,"turns":1.0},{"damage":14.0,"enemies":"Shelled Parasite and Fungi","floor":20.0,"turns":4.0},{"damage":0.0,"enemies":"Book of Stabbing","floor":24.0,"turns":5.0},{"damage":7.0,"enemies":"Slavers","floor":27.0,"turns":3.0},{"damage":4.0,"enemies":"Book of Stabbing","floor":30.0,"turns":3.0},{"damage":0.0,"enemies":"3 Cultists","floor":31.0,"turns":2.0},{"damage":0.0,"enemies":"Collector","floor":33.0,"turns":4.0},{"damage":0.0,"enemies":"3 Shapes","floor":35.0,"turns":2.0},{"damage":0.0,"enemies":"Orb Walker","floor":36.0,"turns":1.0},{"damage":0.0,"enemies":"Maw","floor":38.0,"turns":4.0},{"damage":0.0,"enemies":"Giant Head","floor":42.0,"turns":5.0},{"damage":0.0,"enemies":"Reptomancer","floor":45.0,"turns":3.0},{"damage":0.0,"enemies":"2 Orb Walkers","floor":48.0,"turns":2.0},{"damage":35.0,"enemies":"Awakened One","floor":50.0,"turns":6.0},{"damage":2.0,"enemies":"Shield and Spear","floor":54.0,"turns":6.0},{"damage":48,"enemies":"The Heart","floor":55,"turns":7}],"seed_played":"4867889677202363159","potions_obtained":[{"floor":2.0,"key":"FearPotion"},{"floor":3.0,"key":"DuplicationPotion"},{"floor":7.0,"key":"Fruit Juice"},{"floor":12.0,"key":"CultistPotion"},{"floor":13.0,"key":"StancePotion"},{"floor":19.0,"key":"DuplicationPotion"},{"floor":27.0,"key":"SkillPotion"},{"floor":31.0,"key":"GamblersBrew"}],"is_trial":false,"path_per_floor":["M","M","M","M","$","R","E","R","T","R","R","E","E","E","R","B",null,"M","M","M","?","$","R","E","R","T","E","R","$","E","M","R","B",null,"M","M","?","M","$","R","R","E","T","R","E","R","$","?","R","B",null,"R","$","E","B",null],"character_chosen":"WATCHER","items_purchased":["Tantrum","Scrawl","Bottled Tornado"],"campfire_rested":0,"item_purchase_floors":[5,39,53],"current_hp_per_floor":[72,72,70,70,70,70,75,75,75,75,75,72,72,72,72,50,77,77,77,63,63,63,63,63,63,63,56,56,56,52,52,52,52,77,77,77,77,77,77,77,77,77,77,77,77,77,77,77,77,42,77,77,77,75,27],"gold":65,"neow_bonus":"ONE_RANDOM_RARE_CARD","is_daily":false,"chose_seed":false,"campfire_upgraded":14,"win_rate":0.0,"timestamp":1613662989,"path_taken":["M","M","M","M","$","R","E","R","T","R","R","E","E","E","R","BOSS","M","M","M","?","$","R","E","R","T","E","R","$","E","M","R","BOSS","M","M","?","M","$","R","R","E","T","R","E","R","$","?","R","BOSS","R","$","E","BOSS"],"items_purchased_type":["Card","Card","Relic"],"build_version":"2020-12-22","purchased_purges":6,"victory":true,"max_hp_per_floor":[72,72,72,72,72,72,77,77,77,77,77,77,77,77,77,77,77,77,77,77,77,77,77,77,77,77,77,77,77,77,77,77,77,77,77,77,77,77,77,77,77,77,77,77,77,77,77,77,77,77,77,77,77,77,77],"relic_stats":{"Sozu":0,"Gremlin Horn":[12,12],"Torii":18,"counters":[26,82],"Yang":[158],"Pen Nib":[10],"Ginger":[7],"Letter Opener":[75],"Orichalcum":[30],"Smiling Mask":500,"Boot":[45],"obtain_stats":[{"Potion Belt":12,"Gremlin Horn":13,"Torii":48,"Vajra":29,"Yang":7,"Pen Nib":27,"Omamori":30,"Ginger":24,"Letter Opener":45,"Orichalcum":43,"Bottled Tornado":53,"Smiling Mask":11,"Boot":14,"Sozu":34,"Anchor":54,"WingedGreaves":0,"Bag of Marbles":9,"Coffee Dripper":17,"Bottled Lightning":42,"PureWater":0},{"Potion Belt":6,"Gremlin Horn":7,"Torii":23,"Vajra":14,"Yang":5,"Pen Nib":14,"Omamori":15,"Ginger":13,"Letter Opener":22,"Orichalcum":21,"Bottled Tornado":24,"Smiling Mask":5,"Boot":8,"Sozu":17,"Anchor":25,"WingedGreaves":0,"Bag of Marbles":5,"Coffee Dripper":9,"Bottled Lightning":21,"PureWater":0},{"Potion Belt":15,"Gremlin Horn":16,"Torii":63,"Vajra":37,"Yang":11,"Pen Nib":37,"Omamori":40,"Ginger":34,"Letter Opener":61,"Orichalcum":58,"Bottled Tornado":69,"Smiling Mask":11,"Boot":18,"Sozu":46,"Anchor":75,"WingedGreaves":0,"Bag of Marbles":11,"Coffee Dripper":23,"Bottled Lightning":58,"PureWater":0}]},"card_choices":[{"not_picked":["Evaluate","FlyingSleeves"],"picked":"FearNoEvil","floor":1.0},{"not_picked":["ThirdEye","EmptyFist"],"picked":"CutThroughFate","floor":2.0},{"not_picked":["WaveOfTheHand","Halt"],"picked":"Conclude","floor":3.0},{"not_picked":["Worship","MentalFortress"],"picked":"Vengeance","floor":4.0},{"not_picked":["Evaluate","Halt"],"picked":"Meditate","floor":7.0},{"not_picked":["Worship","Prostrate"],"picked":"CutThroughFate","floor":12.0},{"not_picked":["Collect","Brilliance"],"picked":"WindmillStrike","floor":13.0},{"not_picked":["Evaluate","BowlingBash"],"picked":"MentalFortress","floor":14.0},{"not_picked":["DevaForm","Ragnarok"],"picked":"Vault","floor":16.0},{"not_picked":["Crescendo","Halt"],"picked":"InnerPeace+1","floor":18.0},{"not_picked":["Consecrate","Vengeance+1"],"picked":"ClearTheMind","floor":19.0},{"not_picked":["Fasting2","CrushJoints+1","Wireheading"],"picked":"SKIP","floor":20.0},{"not_picked":["ClearTheMind","ReachHeaven+1","Halt+1"],"picked":"SKIP","floor":24.0},{"not_picked":["FollowUp","JustLucky+1"],"picked":"Evaluate+1","floor":27.0},{"not_picked":["Vengeance","FlyingSleeves+1"],"picked":"Evaluate+1","floor":30.0},{"not_picked":["PathToVictory+1","Consecrate+1"],"picked":"DeceiveReality+1","floor":31.0},{"not_picked":["MasterReality","Alpha"],"picked":"Vault","floor":33.0},{"not_picked":["JustLucky","ClearTheMind+1","MentalFortress"],"picked":"SKIP","floor":35.0},{"not_picked":["Prostrate","ClearTheMind+1","SashWhip+1"],"picked":"SKIP","floor":36.0},{"not_picked":["ForeignInfluence","Evaluate","Consecrate+1"],"picked":"SKIP","floor":38.0},{"not_picked":["Consecrate+1","BattleHymn","FlyingSleeves"],"picked":"SKIP","floor":42.0},{"not_picked":["ClearTheMind","Worship+1","Consecrate+1"],"picked":"SKIP","floor":45.0},{"not_picked":["ClearTheMind+1","SandsOfTime+1"],"picked":"Protect+1","floor":48.0},{"not_picked":["TalkToTheHand","Vengeance+1","ClearTheMind"],"picked":"SKIP","floor":54.0}],"player_experience":131347,"relics_obtained":[{"floor":7.0,"key":"Yang"},{"floor":9.0,"key":"Bag of Marbles"},{"floor":12.0,"key":"Potion Belt"},{"floor":13.0,"key":"Gremlin Horn"},{"floor":14.0,"key":"Boot"},{"floor":24.0,"key":"Ginger"},{"floor":27.0,"key":"Pen Nib"},{"floor":30.0,"key":"Omamori"},{"floor":42.0,"key":"Bottled Lightning"},{"floor":43.0,"key":"Orichalcum"},{"floor":45.0,"key":"Letter Opener"},{"floor":48.0,"key":"Torii"},{"floor":54.0,"key":"Anchor"}],"event_choices":[{"damage_healed":0.0,"max_hp_gain":0.0,"max_hp_loss":0.0,"gold_gain":0.0,"event_name":"Ghosts","player_choice":"Ignored","floor":21.0,"gold_loss":0.0,"damage_taken":0.0},{"damage_healed":0.0,"max_hp_gain":0.0,"max_hp_loss":0.0,"gold_gain":0.0,"event_name":"Tomb of Lord Red Mask","player_choice":"Ignored","floor":37.0,"gold_loss":0.0,"damage_taken":0.0},{"damage_healed":0.0,"max_hp_gain":0.0,"max_hp_loss":0.0,"gold_gain":0.0,"event_name":"Mysterious Sphere","player_choice":"Fight","floor":48.0,"gold_loss":0.0,"damage_taken":0.0}],"is_beta":false,"boss_relics":[{"not_picked":["Snecko Eye","Astrolabe","SlaversCollar"]},{"not_picked":["Philosopher\u0027s Stone","Black Star","Empty Cage"]}],"items_purged_floors":[5,22,29,39,47,53],"is_endless":false,"potions_floor_spawned":[2,3,7,12,13,19,27,31,33,36,38,48],"ascension_level":3}}