{"host":"373g0ui1bgeshz9m","time":1613675944,"event":{"mods":["Act Like it!","Aspiration","BaseMod","Beaked The Cultist","Better Third Choice","Colored Map","Conspire","Downfall","Halation","Hermit","Hubris","Infinite Spire","Minty Spire (QoL Compilation)","Pale of the Ancients","Permanent Neow","Quick Restart","Replay The Spire","Shade Mod","Shop Mod","Spikes Relics","StSLib","The Animator","The Bladedancer","The Florist","The Jungle","The Necromancer","The Sage","Trackpad"],"gold_per_floor":[114,128,30,43,43,68,1,1,1],"floor_reached":8,"language":"ENG","playtime":850,"items_purged":[],"score":59,"play_id":"f00f1637-ce85-4924-8610-91b6da78af1c","local_time":"20210218141904","is_ascension_mode":true,"campfire_choices":[],"circlet_count":0,"master_deck":["Strike_P","Strike_P","Strike_P","Strike_P","Defend_P","Defend_P","Defend_P","Defend_P","Eruption+1","Vigilance","Protect+1","MentalFortress","Crescendo","FollowUp","FollowUp","Consecrate","Brilliance"],"relics":["PureWater","Anchor","conspire:DecoderRing"],"acts_visited":["Exordium"],"potions_floor_usage":[],"damage_taken":[{"damage":0,"enemies":"Cultist","floor":1,"turns":2},{"damage":5,"enemies":"2 Louse","floor":2,"turns":3},{"damage":0,"enemies":"Jaw Worm","floor":4,"turns":2},{"damage":10,"enemies":"Gremlin Nob","floor":6,"turns":3},{"damage":18,"enemies":"3 Sentries","floor":8,"turns":4}],"seed_played":"8885640654685419623","potions_obtained":[{"floor":2,"key":"Reflective Coating"},{"floor":4,"key":"BlessingOfTheForge"}],"is_trial":false,"path_per_floor":["M","M","$","M","?","E","$","E"],"character_chosen":"WATCHER","items_purchased":["Crescendo","FollowUp","Brilliance"],"campfire_rested":0,"item_purchase_floors":[3,3,7],"current_hp_per_floor":[72,67,67,67,53,43,43,25,25],"gold":1,"neow_bonus":"RANDOM_COMMON_RELIC","is_daily":false,"chose_seed":false,"campfire_upgraded":0,"win_rate":0.0,"timestamp":1613675944,"path_taken":["M","?","$","M","?","E","$","E"],"items_purchased_type":["Card","Card","Card"],"build_version":"2020-12-22","purchased_purges":0,"victory":false,"max_hp_per_floor":[72,72,72,72,72,72,72,72,72],"card_choices":[{"not_picked":["PathToVictory","Sanctity"],"picked":"Protect","floor":1},{"not_picked":["JustLucky","Collect"],"picked":"MentalFortress","floor":2},{"not_picked":["Evaluate","CrushJoints"],"picked":"FollowUp","floor":4},{"not_picked":["Tantrum","Sanctity"],"picked":"Consecrate","floor":6}],"player_experience":384045,"relics_obtained":[{"floor":6,"key":"conspire:DecoderRing"}],"event_choices":[{"damage_healed":67,"gold_gain":0,"player_choice":"Upgrade","damage_taken":14,"max_hp_gain":0,"max_hp_loss":72,"event_name":"betterThird:BetterShining","floor":5,"gold_loss":0,"cards_upgraded":["Protect","Eruption"]}],"is_beta":false,"boss_relics":[],"items_purged_floors":[],"is_endless":false,"potions_floor_spawned":[2,4],"killed_by":"3 Sentries","ascension_level":1}}