{"host":"hqvh779b89tfrjxy","time":1613648147,"event":{"mods":["Act Like it!","BaseMod","Better Third Choice","Downfall","Elementarium","GifTheSpireLib","Minty Spire (QoL Compilation)","Replay The Spire","Spicy Shops","StSLib"],"gold_per_floor":[114,125,142,161,172,172,172,199,199,34,53,53,67,92,92,193,193,210,224,4,17,17,17],"floor_reached":22,"language":"ENG","playtime":1053,"items_purged":["Looming Evil"],"score":270,"play_id":"5b2fa8a4-a676-4904-a175-fd898690d0a1","local_time":"20210218123547","is_ascension_mode":true,"campfire_choices":[{"data":"Rip and Tear","floor":6,"key":"SMITH"},{"data":"Cold Snap","floor":12,"key":"SMITH"},{"data":"Static Discharge","floor":15,"key":"SMITH"}],"circlet_count":0,"master_deck":["Strike_B","Strike_B","Strike_B","Strike_B","Defend_B","Defend_B","Defend_B","Defend_B","Zap","Dualcast","Rip and Tear+1","Sweeping Beam","Coolheaded","Gash","BootSequence","Capacitor","Cold Snap+1","Static Discharge+1","Echo Form","Hologram+1","Elementarium:StickyTar","Heatsinks","Core Surge","Chill+1"],"relics":["Cracked Core","NeowsBlessing","FaceOfCleric","Thread and Needle","InkBottle","ReplayTheSpireMod:CursedCoin","Toxic Egg 2","Garlic","SlaversCollar","Membership Card"],"acts_visited":["Exordium","Elementarium:Elementarium"],"potions_floor_usage":[8],"damage_taken":[{"damage":0,"enemies":"Cultist","floor":1,"turns":1},{"damage":0,"enemies":"Jaw Worm","floor":2,"turns":1},{"damage":0,"enemies":"2 Louse","floor":3,"turns":1},{"damage":4,"enemies":"2 Fungi Beasts","floor":4,"turns":2},{"damage":8,"enemies":"Looter","floor":5,"turns":4},{"damage":13,"enemies":"Gremlin Nob","floor":8,"turns":3},{"damage":0,"enemies":"Red Slaver","floor":11,"turns":3},{"damage":0,"enemies":"Gremlin Gang","floor":13,"turns":4},{"damage":6,"enemies":"Replay:BlueRogue","floor":14,"turns":4},{"damage":57,"enemies":"Fading Forest","floor":16,"turns":11},{"damage":6,"enemies":"Elementarium:VoidCorruption","floor":18,"turns":5},{"damage":6,"enemies":"Elementarium:MUD_AND_TAR_GOLEMS","floor":19,"turns":6},{"damage":14,"enemies":"Elementarium:STONE_GOLEMS","floor":21,"turns":5},{"damage":16,"enemies":"Elementarium:CYCLONE_AND_LIVING_STORMCLOUD","floor":22,"turns":5}],"seed_played":"-832460346471587745","potions_obtained":[{"floor":1,"key":"PowerPotion"},{"floor":2,"key":"SmokeBomb"},{"floor":14,"key":"Reflective Coating"},{"floor":21,"key":"Strength Potion"}],"is_trial":false,"path_per_floor":["M","M","M","M","M","R","?","E","T","$","M","R","M","E","R","B",null,"M","M","$","M","M"],"character_chosen":"DEFECT","items_purchased":["ReplayTheSpireMod:CursedCoin","Toxic Egg 2","Membership Card","Core Surge"],"campfire_rested":0,"item_purchase_floors":[10,10,20,20],"current_hp_per_floor":[68,68,68,64,56,56,56,44,44,44,45,45,46,41,41,3,61,56,51,51,38,22,22],"gold":17,"neow_bonus":"THREE_ENEMY_KILL","is_daily":false,"chose_seed":false,"campfire_upgraded":3,"win_rate":0.0,"timestamp":1613648147,"path_taken":["M","M","?","M","M","R","?","E","T","?","?","R","M","E","R","BOSS","M","M","$","M","M"],"items_purchased_type":["Relic","Relic","Relic","Card"],"build_version":"2020-12-22","purchased_purges":1,"victory":false,"max_hp_per_floor":[75,75,75,75,75,75,75,76,76,76,77,77,78,79,79,80,80,81,82,82,83,83,83],"card_choices":[{"not_picked":["Reprogram","Chaos"],"picked":"Rip and Tear","floor":1},{"not_picked":["Conserve Battery","Fusion"],"picked":"Sweeping Beam","floor":2},{"not_picked":["Streamline","White Noise"],"picked":"Coolheaded","floor":3},{"not_picked":["Creative AI","White Noise"],"picked":"Gash","floor":4},{"not_picked":["Turbo","Sweeping Beam"],"picked":"BootSequence","floor":5},{"not_picked":["Double Energy","Compile Driver"],"picked":"Capacitor","floor":8},{"not_picked":["Tempest+1","Auto Shields+1"],"picked":"Cold Snap","floor":11},{"not_picked":["Compile Driver","Streamline","Coolheaded+1"],"picked":"SKIP","floor":13},{"not_picked":["Sweeping Beam","Redo+1"],"picked":"Static Discharge","floor":14},{"not_picked":["Hyperbeam","Buffer"],"picked":"Echo Form","floor":16},{"not_picked":["Sunder","Leap+1"],"picked":"Hologram+1","floor":18},{"not_picked":["Stack+1","Streamline"],"picked":"Heatsinks","floor":19},{"not_picked":["ReplayTheSpireMod:System Scan+1","Auto Shields+1"],"picked":"Chill+1","floor":21}],"player_experience":238172,"relics_obtained":[{"floor":8,"key":"Thread and Needle"},{"floor":9,"key":"InkBottle"},{"floor":14,"key":"Garlic"}],"event_choices":[{"damage_healed":0,"gold_gain":0,"player_choice":"Trade","damage_taken":0,"relics_obtained":["FaceOfCleric"],"max_hp_gain":0,"max_hp_loss":0,"event_name":"FaceTrader","floor":7,"gold_loss":0}],"is_beta":false,"boss_relics":[{"not_picked":["Ectoplasm","Busted Crown"],"picked":"SlaversCollar"}],"items_purged_floors":[10],"is_endless":false,"potions_floor_spawned":[1,2,14,21],"killed_by":"Elementarium:CYCLONE_AND_LIVING_STORMCLOUD","ascension_level":7}}