{"host":"t9zjxed0utvsfjwc","time":1613621670,"event":{"mods":["2.2 Compatiblity","Act Like it!","Aspiration","BaseMod","Better Altar","Better Match","Better Note","Better Sensory Stone","Better Skull","Better Third Choice","Block Reminder","Colored Map","Colored Powertips","Conspire","Defuse TimeMaze Blight","Energized Spire","GifTheSpireLib","Hermit","Highlight Path","Hubris","Infinite Spire","Marked Mod","Minty Spire (QoL Compilation)","Quick Restart","Rare Cards Sparkle","Relic Sorter","Relic Stats","Reliquary","Replay The Spire","Ruina","StSLib","Stuff the Spire","The Blue Laboratory","The Jungle","The Marked","Unceasing Turn Reminder","Wandering Minibosses","everything is the same but u backflip on backflip"],"gold_per_floor":[114,134,59,59,59,94,94,94,169,201,201,101,116,130,130,232,232,242,242,254,272,89,89,109,109,187,204,236,253,253,285,285,285,285],"floor_reached":33,"language":"ENG","playtime":1752,"items_purged":["theMarked:Strike","theMarked:Defend","theMarked:Defend","theMarked:Strike"],"score":310,"play_id":"06b11cbb-2335-4325-b9d8-3d8c5718293c","local_time":"20210218041430","is_ascension_mode":true,"campfire_choices":[{"data":"theMarked:EmpowerWeapon","floor":11,"key":"SMITH"},{"floor":15,"key":"REST"},{"data":"theMarked:MysticalArsenal","floor":23,"key":"SMITH"},{"floor":30,"key":"REST"},{"floor":32,"key":"REST"}],"circlet_count":0,"master_deck":["theMarked:Strike","theMarked:Strike","theMarked:Defend","theMarked:Defend","theMarked:SoldierOfQuellstein+1","theMarked:SwordAndMagic","theMarked:EmpowerWeapon+1","theMarked:OneWithTheBlade","infinitespire:TheBestDefense","theMarked:MysticalArsenal","theMarked:MysticalArsenal+1","ReplayTheSpireMod:Limb From Limb","theMarked:BindingBlade"],"relics":["theMarked:ArtifactOfAir","aspiration:Nostalgia","Burning Blood","Replay:Baseball","Boot","conspire:DeflatedDodgeball","reliquary:Knoch","energizedSpire:OgreHead","ReplayFunnel","Bottled Flame","infinitespire:Lychee Nut","infinitespire:Lucky Rock"],"acts_visited":["Exordium","Exordium"],"potions_floor_usage":[16,16,21,28,29,33],"damage_taken":[{"damage":0,"enemies":"2 Louse","floor":1,"turns":2},{"damage":6,"enemies":"Jaw Worm","floor":2,"turns":2},{"damage":14,"enemies":"Gremlin Nob","floor":6,"turns":3},{"damage":17,"enemies":"3 Sentries","floor":10,"turns":7},{"damage":0,"enemies":"Small Slimes","floor":13,"turns":2},{"damage":11,"enemies":"Exordium Wildlife","floor":14,"turns":3},{"damage":21,"enemies":"Hexaghost","floor":16,"turns":7},{"damage":5,"enemies":"theJungle:MUSHROOMGANG","floor":18,"turns":3},{"damage":15,"enemies":"theJungle:5_Spyders","floor":20,"turns":8},{"damage":6,"enemies":"theJungle:JungleHuntersEncounter","floor":21,"turns":5},{"damage":21,"enemies":"theJungle:Snecko_Cultist_And_Trap","floor":24,"turns":5},{"damage":16,"enemies":"theJungle:Lyon","floor":27,"turns":4},{"damage":24,"enemies":"Nightmare","floor":28,"turns":6},{"damage":12,"enemies":"theJungle:JungleHuntersEncounter","floor":29,"turns":6},{"damage":13,"enemies":"theJungle:2_Phrogs","floor":31,"turns":5},{"damage":57,"enemies":"theJungle:TotemBoss","floor":33,"turns":7}],"seed_played":"2362607095013502849","potions_obtained":[{"floor":1,"key":"Strength Potion"},{"floor":10,"key":"Weak Potion"},{"floor":13,"key":"blueLaboratory:PhilterOfMotion"},{"floor":21,"key":"blueLaboratory:PhilterOfMotion"},{"floor":28,"key":"blueLaboratory:LouseDecoction"},{"floor":29,"key":"SteroidPotion"},{"floor":31,"key":"blueLaboratory:ArtificerPotion"}],"is_trial":false,"path_per_floor":["M","M","$","?","?","E","$","T","T","E","R","$","M","M","R","B",null,"M","AVR","M","M","$","R","M","?","T","M","NM","M","R","E","R","B"],"character_chosen":"THE_DEFAULT","items_purchased":["theMarked:MysticalArsenal"],"campfire_rested":3,"item_purchase_floors":[22],"current_hp_per_floor":[72,72,72,72,72,64,64,64,64,53,53,53,59,54,72,57,72,72,72,63,63,63,63,48,48,48,38,20,20,36,35,51,0,0],"gold":285,"neow_bonus":"NOSTALGIA","is_daily":false,"chose_seed":false,"campfire_upgraded":2,"win_rate":0.0,"timestamp":1613621670,"path_taken":["M","M","$","?","?","E","$","?","T","E","R","?","M","?","R","BOSS","M","AVR","M","M","?","R","M","?","T","M","NM","M","R","E","R","BOSS"],"items_purchased_type":["Card"],"build_version":"2020-12-22","purchased_purges":4,"victory":false,"max_hp_per_floor":[72,72,72,72,72,72,72,72,72,72,72,72,72,72,72,72,72,72,72,72,72,72,72,72,72,72,72,54,54,54,54,54,54,54],"relic_stats":{"counters":[16,75],"Boot":[22],"obtain_stats":[{"ReplayFunnel":19,"theMarked:ArtifactOfAir":0,"Replay:Baseball":6,"Bottled Flame":26,"aspiration:Nostalgia":0,"infinitespire:Lychee Nut":28,"energizedSpire:OgreHead":17,"reliquary:Knoch":10,"infinitespire:Lucky Rock":31,"conspire:DeflatedDodgeball":9,"Boot":8,"Burning Blood":0},{"ReplayFunnel":8,"theMarked:ArtifactOfAir":0,"Replay:Baseball":3,"Bottled Flame":11,"aspiration:Nostalgia":0,"infinitespire:Lychee Nut":13,"energizedSpire:OgreHead":7,"reliquary:Knoch":4,"infinitespire:Lucky Rock":15,"conspire:DeflatedDodgeball":3,"Boot":3,"Burning Blood":0},{"ReplayFunnel":29,"theMarked:ArtifactOfAir":0,"Replay:Baseball":7,"Bottled Flame":47,"aspiration:Nostalgia":0,"infinitespire:Lychee Nut":57,"energizedSpire:OgreHead":26,"reliquary:Knoch":14,"infinitespire:Lucky Rock":68,"conspire:DeflatedDodgeball":7,"Boot":7,"Burning Blood":0}],"Burning Blood":83},"card_choices":[{"not_picked":["theMarked:RepellingDischarge","theMarked:Electrify"],"picked":"theMarked:SwordAndMagic","floor":1},{"not_picked":["theMarked:ResourceFulStrike","theMarked:TwofoldDefense","theMarked:Panic"],"picked":"SKIP","floor":2},{"not_picked":["theMarked:Seal","theMarked:Friction"],"picked":"theMarked:EmpowerWeapon","floor":6},{"not_picked":["theMarked:BanishingStrike","theMarked:ElectricStrings","theMarked:Parkour"],"picked":"SKIP","floor":10},{"not_picked":["theMarked:ResourceFulStrike","theMarked:TakeCover","theMarked:WastefulAttack"],"picked":"SKIP","floor":13},{"not_picked":["theMarked:TurnInvisible","theMarked:Improvise","theMarked:HeightenedSenses"],"picked":"SKIP","floor":14},{"not_picked":["theMarked:EmpowerWeapon","theMarked:SwordAndMagic"],"picked":"theMarked:OneWithTheBlade","floor":18},{"not_picked":["theMarked:Generate","theMarked:Parkour","theMarked:Frustration"],"picked":"SKIP","floor":20},{"not_picked":["theMarked:TwofoldDefense","theMarked:ChainLightning","theMarked:ResourceFulStrike"],"picked":"SKIP","floor":21},{"not_picked":["theMarked:Generate","theMarked:Snap","theMarked:ResourceFulStrike"],"picked":"SKIP","floor":24},{"not_picked":["theMarked:ElectricStrings","theMarked:Seal","theMarked:Parkour+1"],"picked":"SKIP","floor":27},{"not_picked":["theMarked:TheMission+1","theMarked:SwordAndMagic"],"picked":"theMarked:BindingBlade","floor":28},{"not_picked":["theMarked:WardOff","theMarked:Improvise+1","theMarked:Parkour"],"picked":"SKIP","floor":29},{"not_picked":["theMarked:Parkour","theMarked:UnarmedFury","theMarked:BanishingStrike+1"],"picked":"SKIP","floor":31}],"player_experience":483593,"relics_obtained":[{"floor":6,"key":"Replay:Baseball"},{"floor":8,"key":"Boot"},{"floor":9,"key":"conspire:DeflatedDodgeball"},{"floor":10,"key":"reliquary:Knoch"},{"floor":26,"key":"Bottled Flame"},{"floor":28,"key":"infinitespire:Lychee Nut"},{"floor":31,"key":"infinitespire:Lucky Rock"}],"event_choices":[{"cards_removed":["theMarked:EmpowerWeapon"],"damage_healed":0,"gold_gain":0,"player_choice":"Take \u0026 Give","damage_taken":0,"max_hp_gain":0,"max_hp_loss":0,"event_name":"betterNote:BetterNote","floor":25,"gold_loss":0,"cards_obtained":["ReplayTheSpireMod:Limb From Limb"]}],"is_beta":false,"boss_relics":[{"not_picked":["conspire:RunicOctahedron","Replay:Grab Bag"],"picked":"energizedSpire:OgreHead"}],"items_purged_floors":[3,12,19,22],"is_endless":true,"potions_floor_spawned":[1,10,13,21,28,29,31],"killed_by":"theJungle:TotemBoss","ascension_level":1}}