{"host":"l2lylj0omvglf5x0","time":1613662969,"event":{"mods":["2.2 Compatiblity","BaseMod","Bestiary","Block Reminder","Colored Map","Colored Powertips","Curses Come First","Highlight Path","Keyboard Shortcuts","Minty Spire (QoL Compilation)","Relic Sorter","Relic Stats","Slay the Relics Exporter","StSLib","SuperFastMode"],"gold_per_floor":[16,29,29,42,56,56,90,90,114,114,114,124,124,0,0,130,130,155,80,0,0,13,44,44,44,44,44,44,44,44,44,44],"floor_reached":31,"language":"ENG","playtime":926,"items_purged":["Strike_R"],"score":399,"play_id":"2dd7d5a3-e028-428a-92f6-46fd8179d271","local_time":"20210218164249","is_ascension_mode":true,"campfire_choices":[{"data":"Brutality","floor":6,"key":"SMITH"},{"data":"Ghostly Armor","floor":8,"key":"SMITH"},{"floor":11,"key":"REST"},{"floor":15,"key":"REST"},{"floor":24,"key":"REST"},{"data":"Heavy Blade","floor":28,"key":"SMITH"}],"circlet_count":0,"master_deck":["AscendersBane","Defend_R","Defend_R","Defend_R","Bash+1","Inflame","Twin Strike","Brutality+1","Ghostly Armor+1","Metallicize","Shrug It Off","Juggernaut","Whirlwind","Battle Trance","Iron Wave","Heavy Blade+1","Cleave+1","Parasite","Bite","Bite","Bite","Bite","Bite","Necronomicurse"],"relics":["Burning Blood","Ice Cream","PreservedInsect","Juzu Bracelet","Golden Idol","Cursed Key","Akabeko","Pen Nib","Meat on the Bone","Necronomicon"],"acts_visited":["Exordium","TheCity"],"potions_floor_usage":[16,16,16,22],"damage_taken":[{"damage":0,"enemies":"Small Slimes","floor":1,"turns":3},{"damage":1,"enemies":"2 Louse","floor":2,"turns":3},{"damage":12,"enemies":"Jaw Worm","floor":4,"turns":2},{"damage":22,"enemies":"2 Fungi Beasts","floor":5,"turns":4},{"damage":27,"enemies":"Gremlin Nob","floor":7,"turns":4},{"damage":6,"enemies":"3 Louse","floor":12,"turns":3},{"damage":57,"enemies":"Slime Boss","floor":16,"turns":11},{"damage":14,"enemies":"Spheric Guardian","floor":18,"turns":5},{"damage":3,"enemies":"3 Byrds","floor":22,"turns":3},{"damage":50,"enemies":"Slavers","floor":23,"turns":6},{"damage":29,"enemies":"Gremlin Leader","floor":31,"turns":2}],"seed_played":"-7826700684775138966","potions_obtained":[{"floor":1,"key":"Swift Potion"},{"floor":2,"key":"BloodPotion"},{"floor":12,"key":"FearPotion"},{"floor":18,"key":"DistilledChaos"}],"is_trial":false,"path_per_floor":["M","M","?","M","M","R","E","R","T","?","R","M","?","$","R","B",null,"M","?","$","?","M","E","R","$","T","?","R","?","?","E"],"character_chosen":"IRONCLAD","items_purchased":["Shrug It Off","Battle Trance"],"campfire_rested":3,"item_purchase_floors":[14,20],"current_hp_per_floor":[78,80,80,74,58,58,37,37,37,30,54,54,34,34,58,23,66,58,58,58,58,61,17,41,41,41,41,41,41,25,0,0],"gold":44,"neow_bonus":"ONE_RARE_RELIC","is_daily":false,"chose_seed":false,"campfire_upgraded":3,"win_rate":0.0,"timestamp":1613662969,"path_taken":["M","M","?","M","M","R","E","R","T","?","R","M","?","$","R","BOSS","M","?","$","?","M","E","R","$","T","?","R","?","?","E"],"items_purchased_type":["Card","Card"],"build_version":"2020-12-22","purchased_purges":1,"victory":false,"max_hp_per_floor":[80,80,80,80,80,80,80,80,80,80,80,80,80,80,80,80,80,80,80,80,80,80,80,80,80,80,56,56,56,56,56,56],"relic_stats":{"counters":[11,46],"Golden Idol":40,"PreservedInsect":90,"Pen Nib":[0],"Juzu Bracelet":1,"Necronomicon":[1],"Cursed Key":1,"obtain_stats":[{"Ice Cream":0,"Golden Idol":13,"PreservedInsect":7,"Pen Nib":26,"Juzu Bracelet":9,"Necronomicon":30,"Cursed Key":17,"Burning Blood":0,"Akabeko":23,"Meat on the Bone":29},{"Ice Cream":0,"Golden Idol":6,"PreservedInsect":5,"Pen Nib":10,"Juzu Bracelet":5,"Necronomicon":10,"Cursed Key":7,"Burning Blood":0,"Akabeko":10,"Meat on the Bone":10},{"Ice Cream":0,"Golden Idol":19,"PreservedInsect":16,"Pen Nib":44,"Juzu Bracelet":16,"Necronomicon":44,"Cursed Key":30,"Burning Blood":0,"Akabeko":44,"Meat on the Bone":44}],"Burning Blood":57,"Meat on the Bone":0},"card_choices":[{"not_picked":["Searing Blow","Havoc","True Grit"],"picked":"SKIP","floor":1},{"not_picked":["Shrug It Off","Body Slam"],"picked":"Inflame","floor":2},{"not_picked":["Body Slam","Shockwave"],"picked":"Twin Strike","floor":4},{"not_picked":["Warcry","Bloodletting"],"picked":"Brutality","floor":5},{"not_picked":["Pommel Strike","Body Slam"],"picked":"Ghostly Armor","floor":7},{"not_picked":["Intimidate","Blood for Blood"],"picked":"Metallicize","floor":12},{"not_picked":["Exhume","Reaper"],"picked":"Juggernaut","floor":16},{"not_picked":["Clothesline","Sword Boomerang"],"picked":"Whirlwind","floor":18},{"not_picked":["Cleave","Fire Breathing"],"picked":"Heavy Blade","floor":22},{"not_picked":["Bloodletting+1","Evolve+1"],"picked":"Cleave+1","floor":23}],"player_experience":971127,"relics_obtained":[{"floor":7,"key":"PreservedInsect"},{"floor":9,"key":"Juzu Bracelet"},{"floor":23,"key":"Akabeko"},{"floor":26,"key":"Pen Nib"},{"floor":30,"key":"Necronomicon"}],"event_choices":[{"damage_healed":0,"gold_gain":0,"player_choice":"Grow","damage_taken":0,"max_hp_gain":0,"max_hp_loss":0,"event_name":"Living Wall","floor":3,"gold_loss":0,"cards_upgraded":["Bash"]},{"cards_removed":["Strike_R"],"damage_healed":0,"gold_gain":0,"player_choice":"Card Removal","damage_taken":7,"max_hp_gain":0,"max_hp_loss":0,"event_name":"Golden Wing","floor":10,"gold_loss":0},{"damage_healed":0,"gold_gain":0,"player_choice":"Take Damage","damage_taken":20,"relics_obtained":["Golden Idol"],"max_hp_gain":0,"max_hp_loss":0,"event_name":"Golden Idol","floor":13,"gold_loss":0},{"cards_removed":["Defend_R"],"damage_healed":0,"gold_gain":0,"player_choice":"Gave Gold","damage_taken":0,"max_hp_gain":0,"max_hp_loss":0,"event_name":"Beggar","floor":19,"gold_loss":75},{"damage_healed":0,"gold_gain":0,"player_choice":"Read","damage_taken":0,"max_hp_gain":0,"max_hp_loss":0,"event_name":"The Library","floor":21,"gold_loss":0,"cards_obtained":["Iron Wave"]},{"damage_healed":0,"gold_gain":0,"player_choice":"Became a vampire","damage_taken":0,"max_hp_gain":0,"max_hp_loss":24,"event_name":"Vampires","floor":27,"gold_loss":0,"cards_obtained":["Bite","Bite","Bite","Bite","Bite"]},{"damage_healed":0,"gold_gain":0,"player_choice":"Opened","damage_taken":0,"relics_obtained":["Meat on the Bone"],"max_hp_gain":0,"max_hp_loss":0,"event_name":"The Mausoleum","floor":29,"gold_loss":0},{"damage_healed":0,"gold_gain":0,"player_choice":"Obtained Book","damage_taken":16,"max_hp_gain":0,"max_hp_loss":0,"event_name":"Cursed Tome","floor":30,"gold_loss":0}],"is_beta":false,"boss_relics":[{"not_picked":["Ectoplasm","Runic Dome"],"picked":"Cursed Key"}],"items_purged_floors":[14],"is_endless":false,"potions_floor_spawned":[1,2,12,18],"killed_by":"Gremlin Leader","ascension_level":10}}