{"host":"pj7egx7jkoz18hom","time":1613624245,"event":{"mods":["AchievementEnabler","BaseMod","Keyboard Shortcuts","Minty Spire (QoL Compilation)","SuperFastMode"],"gold_per_floor":[111,61,61,61,78,106,123,137,161,173,186,200,200,99,99,99,99],"floor_reached":16,"language":"KOR","playtime":407,"items_purged":[],"score":224,"play_id":"ec0a24e8-b666-4bc5-a506-a071680362e3","local_time":"20210218135725","is_ascension_mode":true,"campfire_choices":[{"data":"Fire Breathing","floor":13,"key":"SMITH"},{"data":"Demon Form","floor":15,"key":"SMITH"}],"circlet_count":0,"master_deck":["Strike_R","Strike_R","Strike_R","Strike_R","Defend_R","Defend_R","Defend_R","Bash","Fire Breathing","Evolve","Demon Form+1","Carnage","Heavy Blade","Fire Breathing+1","Intimidate","Fire Breathing"],"relics":["Burning Blood","NeowsBlessing","Boot","Bronze Scales"],"acts_visited":["Exordium"],"potions_floor_usage":[10,12,16,16,16],"damage_taken":[{"damage":0,"enemies":"2 Louse","floor":1,"turns":1},{"damage":0,"enemies":"Jaw Worm","floor":5,"turns":1},{"damage":0,"enemies":"3 Sentries","floor":6,"turns":1},{"damage":6,"enemies":"Cultist","floor":7,"turns":4},{"damage":0,"enemies":"Large Slime","floor":8,"turns":5},{"damage":11,"enemies":"Looter","floor":10,"turns":2},{"damage":35,"enemies":"Gremlin Gang","floor":11,"turns":4},{"damage":1,"enemies":"Exordium Wildlife","floor":12,"turns":3}],"seed_played":"629376670993284029","potions_obtained":[{"floor":1,"key":"Fire Potion"},{"floor":5,"key":"LiquidMemories"},{"floor":7,"key":"LiquidBronze"}],"is_trial":false,"path_per_floor":["M","?","$","?","M","E","M","M","T","M","M","M","R","$","R","B"],"character_chosen":"IRONCLAD","items_purchased":["Strength Potion","Dexterity Potion"],"campfire_rested":0,"item_purchase_floors":[14,14],"current_hp_per_floor":[80,80,80,73,79,80,80,80,80,75,46,51,51,51,51,0,0],"gold":99,"neow_bonus":"THREE_ENEMY_KILL","is_daily":false,"chose_seed":false,"campfire_upgraded":2,"win_rate":0.0,"timestamp":1613624245,"path_taken":["M","?","$","?","M","E","M","M","T","M","M","M","R","?","R","BOSS"],"items_purchased_type":["Potion","Potion"],"build_version":"2020-12-22","purchased_purges":0,"victory":false,"max_hp_per_floor":[80,80,80,80,80,80,80,80,80,80,80,80,80,80,80,80,80],"card_choices":[{"not_picked":["Pommel Strike","Warcry"],"picked":"Fire Breathing","floor":1},{"not_picked":["Seeing Red","Clash"],"picked":"Evolve","floor":5},{"not_picked":["Brutality","Dark Embrace"],"picked":"Demon Form","floor":6},{"not_picked":["Perfected Strike","Thunderclap"],"picked":"Carnage","floor":7},{"not_picked":["Perfected Strike","Clothesline"],"picked":"Heavy Blade","floor":8},{"not_picked":["Evolve","Anger"],"picked":"Fire Breathing","floor":10},{"not_picked":["Flame Barrier","Spot Weakness"],"picked":"Intimidate","floor":11},{"not_picked":["Pummel","Rampage"],"picked":"Fire Breathing","floor":12}],"player_experience":151683,"relics_obtained":[{"floor":6,"key":"Boot"},{"floor":9,"key":"Bronze Scales"}],"event_choices":[{"cards_removed":["Strike_R"],"damage_healed":0,"gold_gain":0,"player_choice":"Card Removal","damage_taken":0,"max_hp_gain":0,"max_hp_loss":0,"event_name":"The Cleric","floor":2,"gold_loss":50},{"cards_removed":["Defend_R"],"damage_healed":0,"gold_gain":0,"player_choice":"Card Removal","damage_taken":7,"max_hp_gain":0,"max_hp_loss":0,"event_name":"Golden Wing","floor":4,"gold_loss":0}],"is_beta":false,"boss_relics":[],"items_purged_floors":[],"is_endless":false,"potions_floor_spawned":[1,5,7,8],"killed_by":"The Guardian","ascension_level":5}}