{"host":"dth8fvkfiulu86fi","time":1613639327,"event":{"mods":["2.2 Compatiblity","AchievementEnabler","BaseMod","Better Third Choice","Colored Map","Colored Powertips","Minty Spire (QoL Compilation)","Rare Cards Sparkle","StSLib","SuperFastMode","Synergy Search"],"gold_per_floor":[114,114,133,98,49,87,87,87,112,131,150,150,169,188,188,313,313,332,351,370,389,389,389,427,460,535,554,573,573,123,142,142,267,267,286,305,368,368,368],"floor_reached":38,"language":"ENG","playtime":949,"items_purged":["Pain"],"score":550,"play_id":"3ea519a9-5d26-4e87-a0f2-a79c65dff85f","local_time":"20210218100847","daily_mods":["Cursed Run","Uncertain Future","Lethality"],"is_ascension_mode":false,"campfire_choices":[{"data":"Inflame","floor":7.0,"key":"SMITH"},{"floor":12.0,"key":"REST"},{"floor":15.0,"key":"REST"},{"floor":23.0,"key":"REST"},{"floor":32.0,"key":"REST"}],"circlet_count":0,"master_deck":["Defend_R+1","Defend_R","Defend_R","Defend_R","Bash","Cleave","Anger","Heavy Blade","Inflame+1","Injury","Heavy Blade+1","Pommel Strike+1","Immolate+1","Inflame","Anger+1","Twin Strike+1","Bite+1","Bite+1","Bite+1","Bite+1","Bite+1","Flex","Decay","Flex","Writhe","Twin Strike+1","Parasite","Impervious","CurseOfTheBell","Heavy Blade+1","Ghostly Armor"],"relics":["Cursed Key","Darkstone Periapt","Du-Vu Doll","Golden Idol","Molten Egg 2","Smiling Mask","SlaversCollar","Strawberry","Red Mask","Bottled Tornado","Oddly Smooth Stone","Kunai","Cauldron","Calling Bell","Boot","Eternal Feather","Girya","Ice Cream"],"acts_visited":["Exordium","TheCity","TheBeyond"],"potions_floor_usage":[],"damage_taken":[{"damage":4.0,"enemies":"Jaw Worm","floor":1.0,"turns":3.0},{"damage":3.0,"enemies":"2 Louse","floor":3.0,"turns":2.0},{"damage":17.0,"enemies":"Gremlin Nob","floor":6.0,"turns":3.0},{"damage":0.0,"enemies":"Cultist","floor":10.0,"turns":2.0},{"damage":13.0,"enemies":"Looter","floor":11.0,"turns":2.0},{"damage":5.0,"enemies":"Blue Slaver","floor":13.0,"turns":2.0},{"damage":27.0,"enemies":"Exordium Wildlife","floor":14.0,"turns":2.0},{"damage":36.0,"enemies":"The Guardian","floor":16.0,"turns":9.0},{"damage":16.0,"enemies":"Chosen","floor":18.0,"turns":2.0},{"damage":41.0,"enemies":"3 Byrds","floor":19.0,"turns":2.0},{"damage":13.0,"enemies":"Shelled Parasite and Fungi","floor":20.0,"turns":3.0},{"damage":15.0,"enemies":"Cultist and Chosen","floor":21.0,"turns":3.0},{"damage":18.0,"enemies":"Book of Stabbing","floor":24.0,"turns":2.0},{"damage":0.0,"enemies":"Masked Bandits","floor":25.0,"turns":1.0},{"damage":20.0,"enemies":"Snake Plant","floor":27.0,"turns":2.0},{"damage":11.0,"enemies":"Chosen and Byrds","floor":28.0,"turns":3.0},{"damage":0.0,"enemies":"Cultist and Chosen","floor":31.0,"turns":3.0},{"damage":20.0,"enemies":"Automaton","floor":33.0,"turns":6.0},{"damage":27.0,"enemies":"3 Darklings","floor":35.0,"turns":3.0},{"damage":24.0,"enemies":"Orb Walker","floor":36.0,"turns":3.0},{"damage":48.0,"enemies":"Mind Bloom Boss Battle","floor":37.0,"turns":4.0},{"damage":36,"enemies":"Writhing Mass","floor":38,"turns":2}],"seed_played":"-4060160915487772418","potions_obtained":[{"floor":1.0,"key":"FearPotion"},{"floor":6.0,"key":"Fire Potion"},{"floor":10.0,"key":"Dexterity Potion"},{"floor":19.0,"key":"SkillPotion"},{"floor":20.0,"key":"PowerPotion"},{"floor":21.0,"key":"Regen Potion"},{"floor":25.0,"key":"DistilledChaos"},{"floor":27.0,"key":"SkillPotion"},{"floor":30.0,"key":"HeartOfIron"},{"floor":30.0,"key":"Block Potion"},{"floor":30.0,"key":"PowerPotion"},{"floor":31.0,"key":"Block Potion"},{"floor":36.0,"key":"CultistPotion"}],"is_trial":false,"path_per_floor":["M","?","M","?","$","E","R","?","T","M","M","R","M","M","R","B",null,"M","M","M","M","?","R","E","?","T","M","M","T","$","M","R","B",null,"M","M","?","M"],"character_chosen":"IRONCLAD","items_purchased":["Heavy Blade","Kunai","Cauldron"],"campfire_rested":4,"item_purchase_floors":[5,30,30],"current_hp_per_floor":[76,56,53,73,73,56,56,40,46,46,33,58,53,26,51,21,92,76,35,22,7,7,26,21,27,33,16,11,17,17,20,44,45,95,74,59,23,0,0],"gold":368,"neow_bonus":"","is_daily":true,"chose_seed":false,"campfire_upgraded":1,"win_rate":0.0,"timestamp":1613639327,"path_taken":["M","?","M","?","$","E","R","?","T","M","M","R","M","M","R","BOSS","M","M","M","M","?","R","E","?","T","M","M","?","$","M","R","BOSS","M","M","?","M"],"items_purchased_type":["Card","Relic","Relic"],"build_version":"2020-12-22","purchased_purges":1,"victory":false,"max_hp_per_floor":[80,80,80,80,80,80,80,80,86,86,86,86,86,86,86,92,92,92,92,92,92,64,64,71,71,77,77,77,83,83,83,83,89,95,95,95,95,95,95],"card_choices":[{"not_picked":["Spot Weakness","Evolve"],"picked":"Cleave","floor":1.0},{"not_picked":["Body Slam","Sentinel"],"picked":"Anger","floor":3.0},{"not_picked":["Entrench","Body Slam+1"],"picked":"Inflame","floor":6.0},{"not_picked":["True Grit","Warcry"],"picked":"Heavy Blade+1","floor":10.0},{"not_picked":["Reckless Charge+1","Clash+1","Sentinel"],"picked":"SKIP","floor":11.0},{"not_picked":["Rupture","Sword Boomerang+1"],"picked":"Pommel Strike+1","floor":13.0},{"not_picked":["Headbutt+1","Hemokinesis+1","Inflame"],"picked":"SKIP","floor":14.0},{"not_picked":["Demon Form","Bludgeon+1"],"picked":"Immolate+1","floor":16.0},{"not_picked":["Rage","Feel No Pain+1"],"picked":"Inflame","floor":18.0},{"not_picked":["Wild Strike+1","Sword Boomerang+1"],"picked":"Anger+1","floor":19.0},{"not_picked":["Pummel+1","Entrench+1","Wild Strike+1"],"picked":"SKIP","floor":20.0},{"not_picked":["Shockwave","Dark Embrace"],"picked":"Twin Strike+1","floor":21.0},{"not_picked":["Iron Wave+1","Infernal Blade","Body Slam+1"],"picked":"SKIP","floor":24.0},{"not_picked":["Metallicize","Blood for Blood+1"],"picked":"Flex","floor":25.0},{"not_picked":["Headbutt+1","Second Wind","Searing Blow+1"],"picked":"SKIP","floor":27.0},{"not_picked":["Power Through","True Grit"],"picked":"Flex","floor":28.0},{"not_picked":["Sword Boomerang+1","Sever Soul+1"],"picked":"Twin Strike+1","floor":31.0},{"not_picked":["Limit Break","Exhume"],"picked":"Impervious","floor":33.0},{"not_picked":["Twin Strike+1","Clothesline+1"],"picked":"Heavy Blade+1","floor":35.0},{"not_picked":["Wild Strike+1","Bloodletting+1","Intimidate"],"picked":"SKIP","floor":36.0},{"not_picked":["Clash+1","Wild Strike+1"],"picked":"Ghostly Armor","floor":37.0}],"player_experience":1182389,"relics_obtained":[{"floor":6.0,"key":"Molten Egg 2"},{"floor":9.0,"key":"Smiling Mask"},{"floor":24.0,"key":"Strawberry"},{"floor":25.0,"key":"Red Mask"},{"floor":26.0,"key":"Bottled Tornado"},{"floor":29.0,"key":"Oddly Smooth Stone"},{"floor":34.0,"key":"Boot"},{"floor":34.0,"key":"Eternal Feather"},{"floor":34.0,"key":"Girya"},{"floor":37.0,"key":"Ice Cream"}],"event_choices":[{"damage_healed":0.0,"max_hp_gain":0.0,"max_hp_loss":0.0,"gold_gain":0.0,"event_name":"Golden Idol","player_choice":"Take Damage","floor":2.0,"gold_loss":0.0,"damage_taken":20.0,"relics_obtained":["Golden Idol"]},{"damage_healed":20.0,"max_hp_gain":0.0,"max_hp_loss":0.0,"gold_gain":0.0,"event_name":"The Cleric","player_choice":"Healed","floor":4.0,"gold_loss":35.0,"damage_taken":0.0},{"damage_healed":56.0,"max_hp_gain":0.0,"max_hp_loss":80.0,"gold_gain":0.0,"event_name":"betterThird:BetterShining","player_choice":"Upgrade","floor":8.0,"gold_loss":0.0,"damage_taken":16.0,"cards_upgraded":["Strike_R","Defend_R"]},{"damage_healed":0.0,"max_hp_gain":0.0,"max_hp_loss":28.0,"gold_gain":0.0,"event_name":"Vampires","player_choice":"Became a vampire","floor":22.0,"gold_loss":0.0,"damage_taken":0.0,"cards_obtained":["Bite","Bite","Bite","Bite","Bite"]},{"damage_healed":0.0,"max_hp_gain":0.0,"max_hp_loss":0.0,"gold_gain":0.0,"event_name":"Masked Bandits","player_choice":"Fought Bandits","floor":25.0,"gold_loss":0.0,"damage_taken":0.0},{"damage_healed":0.0,"max_hp_gain":0.0,"max_hp_loss":0.0,"gold_gain":0.0,"event_name":"MindBloom","player_choice":"Fight","floor":37.0,"gold_loss":0.0,"damage_taken":0.0}],"is_beta":false,"boss_relics":[{"not_picked":["Runic Dome","Pandora\u0027s Box"],"picked":"SlaversCollar"},{"not_picked":["Runic Pyramid","Fusion Hammer"],"picked":"Calling Bell"}],"items_purged_floors":[30],"is_endless":false,"potions_floor_spawned":[1,6,10,14,19,20,21,25,27,31,36],"killed_by":"Writhing Mass","ascension_level":0}}