{"host":"uzcks4yhskks9i02","time":1613672973,"event":{"mods":["BaseMod","Minty Spire (QoL Compilation)"],"gold_per_floor":[115,134,134,134,145,179,191,223,223,237,237,248,268,126,126,204,204,219,219,219],"floor_reached":19,"language":"ENG","playtime":1021,"items_purged":["Strike_P"],"score":393,"play_id":"cfd50297-4a7a-4fdc-816b-761b66e81754","local_time":"20210218112933","is_ascension_mode":true,"campfire_choices":[{"data":"Alpha","floor":11.0,"key":"SMITH"},{"data":"LikeWater","floor":15.0,"key":"SMITH"}],"circlet_count":0,"master_deck":["AscendersBane","Strike_P","Defend_P","Defend_P","Defend_P","Defend_P","Eruption","Vigilance","WheelKick+1","Collect","Blasphemy","EmptyBody","Meditate","Alpha+1","WindmillStrike","WheelKick","LikeWater+1","DeusExMachina"],"relics":["PureWater","Art of War","Regal Pillow","HornCleat","Empty Cage"],"acts_visited":["Exordium","TheCity"],"potions_floor_usage":[],"damage_taken":[{"damage":0.0,"enemies":"Small Slimes","floor":1.0,"turns":2.0},{"damage":0.0,"enemies":"2 Louse","floor":2.0,"turns":2.0},{"damage":2.0,"enemies":"Cultist","floor":5.0,"turns":4.0},{"damage":0.0,"enemies":"Gremlin Nob","floor":6.0,"turns":1.0},{"damage":0.0,"enemies":"Large Slime","floor":7.0,"turns":4.0},{"damage":0.0,"enemies":"Lagavulin","floor":8.0,"turns":5.0},{"damage":17.0,"enemies":"Gremlin Gang","floor":10.0,"turns":5.0},{"damage":0.0,"enemies":"Red Slaver","floor":12.0,"turns":1.0},{"damage":0.0,"enemies":"Large Slime","floor":13.0,"turns":5.0},{"damage":33.0,"enemies":"Slime Boss","floor":16.0,"turns":6.0},{"damage":11.0,"enemies":"Shell Parasite","floor":18.0,"turns":5.0},{"damage":53,"enemies":"Masked Bandits","floor":19,"turns":3}],"seed_played":"-2760621405992778267","potions_obtained":[{"floor":1.0,"key":"AttackPotion"},{"floor":6.0,"key":"SpeedPotion"},{"floor":7.0,"key":"Weak Potion"},{"floor":8.0,"key":"Regen Potion"}],"is_trial":false,"path_per_floor":["M","M","?","?","M","E","M","E","T","M","R","M","M","$","R","B",null,"M","?"],"character_chosen":"WATCHER","items_purchased":["LikeWater"],"campfire_rested":0,"item_purchase_floors":[14],"current_hp_per_floor":[67,67,67,67,65,65,65,65,65,48,48,48,48,48,48,15,59,48,0,0],"gold":219,"neow_bonus":"TEN_PERCENT_HP_BONUS","is_daily":false,"chose_seed":false,"campfire_upgraded":2,"win_rate":0.0,"timestamp":1613672973,"path_taken":["M","M","?","?","M","E","M","E","T","M","R","M","M","$","R","BOSS","M","?"],"items_purchased_type":["Card"],"build_version":"2020-12-22","purchased_purges":1,"victory":false,"max_hp_per_floor":[74,74,74,74,74,74,74,74,74,74,74,74,74,74,74,74,74,74,74,74],"card_choices":[{"not_picked":["BattleHymn","Halt"],"picked":"WheelKick","floor":1.0},{"not_picked":["CutThroughFate","Study"],"picked":"Collect","floor":2.0},{"not_picked":["Fasting2","PathToVictory"],"picked":"EmptyBody","floor":5.0},{"not_picked":["FollowUp","Evaluate"],"picked":"Meditate","floor":6.0},{"not_picked":["WreathOfFlame","Worship"],"picked":"Alpha","floor":7.0},{"not_picked":["CutThroughFate","Halt"],"picked":"WindmillStrike","floor":8.0},{"not_picked":["EmptyBody","WreathOfFlame"],"picked":"WheelKick","floor":10.0},{"not_picked":["Consecrate","Evaluate","Brilliance"],"picked":"SKIP","floor":12.0},{"not_picked":["Weave","Protect","CarveReality"],"picked":"SKIP","floor":13.0},{"not_picked":["SpiritShield","Judgement"],"picked":"DeusExMachina","floor":16.0},{"not_picked":["ForeignInfluence","Protect","MentalFortress"],"picked":"SKIP","floor":18.0}],"player_experience":597293,"relics_obtained":[{"floor":6.0,"key":"Art of War"},{"floor":8.0,"key":"Regal Pillow"},{"floor":9.0,"key":"HornCleat"}],"event_choices":[{"damage_healed":0.0,"max_hp_gain":0.0,"max_hp_loss":0.0,"gold_gain":0.0,"event_name":"Living Wall","player_choice":"Grow","floor":3.0,"gold_loss":0.0,"damage_taken":0.0,"cards_upgraded":["WheelKick"]},{"damage_healed":0.0,"max_hp_gain":0.0,"max_hp_loss":0.0,"gold_gain":0.0,"event_name":"Match and Keep!","player_choice":"1 cards matched","floor":4.0,"gold_loss":0.0,"damage_taken":0.0,"cards_obtained":["Blasphemy"]},{"damage_healed":0,"gold_gain":0,"player_choice":"Fought Bandits","damage_taken":0,"max_hp_gain":0,"max_hp_loss":0,"event_name":"Masked Bandits","floor":19,"gold_loss":0}],"is_beta":false,"boss_relics":[{"not_picked":["HolyWater","Coffee Dripper"],"picked":"Empty Cage"}],"items_purged_floors":[14],"is_endless":false,"potions_floor_spawned":[1,6,7,8],"killed_by":"Masked Bandits","ascension_level":14}}