{"host":"cjhtzh7tp54jdfyv","time":1613685276,"event":{"mods":["AchievementEnabler","BaseMod","Colored Map","Colored Powertips","Curses Come First","DeckTracker","Filter the Spire","Minty Spire (QoL Compilation)","RNG Fix","Relic Sorter","Relic Stats","StSLib","UnlockEverythingMod","ojb\u0027s Better Paths Mod","ojb\u0027s Info Mod"],"gold_per_floor":[114,114,114,131,143,143,157,182,182,201,220,246,246,273,273,352,352,365,383,399,410,178,206,206,241,241,273,285,285,297,316,316,387,387,397,397,407,420,435,435,464,477,477,477,494,506,506,163,163,183,183,183,183,7,39,39],"floor_reached":57,"language":"ENG","playtime":6360,"items_purged":["Defend_P","Defend_P+1","Strike_P+1"],"score":3090,"play_id":"296ac0fa-8ee1-4cfd-9b0d-51682f2fcd5b","local_time":"20210218165436","is_ascension_mode":true,"campfire_choices":[{"floor":6.0,"key":"REST"},{"floor":15,"key":"REST"},{"floor":24,"key":"REST"},{"floor":32,"key":"RECALL"},{"floor":40,"key":"REST"},{"floor":47,"key":"REST"},{"floor":49,"key":"REST"},{"floor":53,"key":"REST"}],"circlet_count":0,"master_deck":["AscendersBane","Strike_P+1","Strike_P+1","Eruption+1","Vigilance+1","TalkToTheHand+1","FlurryOfBlows+1","Consecrate+1","LessonLearned+1","TalkToTheHand+1","EmptyBody+1","InnerPeace+1","Vault+1","InnerPeace+1","DeceiveReality+1","Sanctity+1","TalkToTheHand+1","Scrawl+1","SashWhip+1","Tantrum+1","CrushJoints+1","CutThroughFate+1","FlurryOfBlows+1","Scrawl+1","Sanctity+1","JustLucky+1","Adaptation+1","FlurryOfBlows+1"],"relics":["Fusion Hammer","PreservedInsect","HornCleat","Strawberry","Regal Pillow","Philosopher\u0027s Stone","Toolbox","Lantern","Pear","The Courier","Darkstone Periapt","VioletLotus","Vajra","Smiling Mask","Frozen Egg 2","ClockworkSouvenir","Art of War"],"acts_visited":["Exordium","TheCity","TheBeyond","TheEnding"],"potions_floor_usage":[16,33,56],"damage_taken":[{"damage":0.0,"enemies":"Cultist","floor":1.0,"turns":3.0},{"damage":0.0,"enemies":"Jaw Worm","floor":4.0,"turns":3.0},{"damage":2.0,"enemies":"Small Slimes","floor":5.0,"turns":3.0},{"damage":15.0,"enemies":"3 Louse","floor":7.0,"turns":3.0},{"damage":5.0,"enemies":"Lagavulin","floor":8.0,"turns":12.0},{"damage":0,"enemies":"Exordium Wildlife","floor":10,"turns":2},{"damage":0,"enemies":"2 Fungi Beasts","floor":11,"turns":4},{"damage":0,"enemies":"Gremlin Nob","floor":12,"turns":3},{"damage":0,"enemies":"Lagavulin","floor":14,"turns":9},{"damage":29,"enemies":"Hexaghost","floor":16,"turns":11},{"damage":8,"enemies":"3 Byrds","floor":18,"turns":5},{"damage":11,"enemies":"Chosen","floor":19,"turns":7},{"damage":0,"enemies":"Centurion and Healer","floor":20,"turns":5},{"damage":2,"enemies":"Snake Plant","floor":21,"turns":9},{"damage":10,"enemies":"Book of Stabbing","floor":23,"turns":5},{"damage":0,"enemies":"Slavers","floor":25,"turns":3},{"damage":0,"enemies":"Book of Stabbing","floor":27,"turns":4},{"damage":0,"enemies":"Chosen and Byrds","floor":28,"turns":2},{"damage":0,"enemies":"3 Cultists","floor":30,"turns":3},{"damage":0,"enemies":"Snake Plant","floor":31,"turns":5},{"damage":0,"enemies":"Champ","floor":33,"turns":9},{"damage":0,"enemies":"3 Darklings","floor":35,"turns":3},{"damage":0,"enemies":"Orb Walker","floor":37,"turns":4},{"damage":8,"enemies":"4 Shapes","floor":38,"turns":9},{"damage":0,"enemies":"Spire Growth","floor":39,"turns":3},{"damage":0,"enemies":"Giant Head","floor":41,"turns":4},{"damage":0,"enemies":"3 Darklings","floor":42,"turns":4},{"damage":6,"enemies":"4 Shapes","floor":45,"turns":6},{"damage":0,"enemies":"Sphere and 2 Shapes","floor":46,"turns":3},{"damage":17,"enemies":"Awakened One","floor":50,"turns":8},{"damage":35,"enemies":"Donu and Deca","floor":51,"turns":6},{"damage":0,"enemies":"Shield and Spear","floor":55,"turns":2},{"damage":1,"enemies":"The Heart","floor":56,"turns":8}],"seed_played":"1545787778047450479","potions_obtained":[{"floor":4.0,"key":"Dexterity Potion"},{"floor":7.0,"key":"FairyPotion"},{"floor":10,"key":"BlessingOfTheForge"},{"floor":14,"key":"Swift Potion"},{"floor":16,"key":"SteroidPotion"},{"floor":21,"key":"SkillPotion"},{"floor":25,"key":"FearPotion"},{"floor":37,"key":"SpeedPotion"},{"floor":41,"key":"Energy Potion"},{"floor":46,"key":"Strength Potion"}],"is_trial":false,"path_per_floor":["M","?","?","M","M","R","M","E","T","M","M","E","?","E","R","B",null,"M","M","M","M","$","E","R","E","T","E","M","?","M","M","R","B",null,"M","?","M","M","M","R","E","M","T","?","M","M","R","$","R","B","B",null,"R","$","E","B",null],"character_chosen":"WATCHER","items_purchased":["Toolbox","Frozen Egg 2","Adaptation+1","ClockworkSouvenir"],"campfire_rested":7,"item_purchase_floors":[22,48,48,54],"current_hp_per_floor":[61,61,41,41,39,59,44,39,39,39,39,46,39,39,75,46,68,60,49,49,47,47,37,74,84,84,84,84,84,84,84,84,84,85,85,85,85,77,77,85,85,85,85,85,79,79,85,85,85,68,33,72,85,85,85,84],"gold":39,"neow_bonus":"BOSS_RELIC","is_daily":false,"chose_seed":false,"campfire_upgraded":0,"win_rate":0.0,"timestamp":1613685276,"path_taken":["M","?","?","M","M","R","M","E","T","M","M","E","?","E","R","BOSS","M","M","M","M","$","E","R","E","T","E","M","?","M","M","R","BOSS","M","?","M","M","M","R","E","M","T","?","M","M","R","$","R","BOSS","BOSS","R","$","E","BOSS"],"items_purchased_type":["Relic","Relic","Card","Relic"],"build_version":"2020-12-22","purchased_purges":3,"victory":true,"max_hp_per_floor":[68,68,68,68,68,68,68,68,68,68,68,75,75,75,75,75,75,75,75,75,75,75,75,75,85,85,85,85,85,85,85,85,85,85,85,85,85,85,85,85,85,85,85,85,85,85,85,85,85,85,85,85,85,85,85,85],"relic_stats":{"Darkstone Periapt":0,"Regal Pillow":29,"counters":[33,170],"PreservedInsect":417,"VioletLotus":[36],"Art of War":[1],"Smiling Mask":80,"obtain_stats":[{"Darkstone Periapt":27,"Regal Pillow":14,"Lantern":23,"Pear":25,"Vajra":36,"PreservedInsect":8,"The Courier":26,"Frozen Egg 2":48,"Smiling Mask":41,"ClockworkSouvenir":54,"HornCleat":9,"Strawberry":12,"Toolbox":22,"Philosopher\u0027s Stone":17,"Fusion Hammer":0,"VioletLotus":34,"Art of War":55,"PureWater":0},{"Darkstone Periapt":17,"Regal Pillow":9,"Lantern":15,"Pear":16,"Vajra":22,"PreservedInsect":5,"The Courier":16,"Frozen Egg 2":29,"Smiling Mask":26,"ClockworkSouvenir":31,"HornCleat":5,"Strawberry":8,"Toolbox":14,"Philosopher\u0027s Stone":10,"Fusion Hammer":0,"VioletLotus":21,"Art of War":32,"PureWater":0},{"Darkstone Periapt":91,"Regal Pillow":42,"Lantern":84,"Pear":87,"Vajra":113,"PreservedInsect":24,"The Courier":87,"Frozen Egg 2":146,"Smiling Mask":133,"ClockworkSouvenir":160,"HornCleat":24,"Strawberry":33,"Toolbox":79,"Philosopher\u0027s Stone":53,"Fusion Hammer":0,"VioletLotus":110,"Art of War":162,"PureWater":0}]},"card_choices":[{"not_picked":["EmptyFist","Protect"],"picked":"TalkToTheHand","floor":1.0},{"not_picked":["CutThroughFate","Protect"],"picked":"FlurryOfBlows","floor":4.0},{"not_picked":["WreathOfFlame","JustLucky"],"picked":"Consecrate","floor":5.0},{"not_picked":["PathToVictory","Evaluate","Consecrate"],"picked":"SKIP","floor":7.0},{"not_picked":["BattleHymn","SandsOfTime"],"picked":"LessonLearned","floor":8.0},{"not_picked":["ThirdEye","Protect","FlyingSleeves"],"picked":"SKIP","floor":10},{"not_picked":["Crescendo","Consecrate"],"picked":"TalkToTheHand","floor":11},{"not_picked":["Consecrate","Conclude"],"picked":"EmptyBody","floor":12},{"not_picked":["Wish","Pray"],"picked":"InnerPeace","floor":14},{"not_picked":["Brilliance","Wish"],"picked":"Vault","floor":16},{"not_picked":["FlyingSleeves","FlurryOfBlows"],"picked":"InnerPeace","floor":18},{"not_picked":["ThirdEye","PathToVictory"],"picked":"DeceiveReality","floor":19},{"not_picked":["Conclude","FlurryOfBlows"],"picked":"Sanctity","floor":20},{"not_picked":["ThirdEye","ClearTheMind+1","Evaluate"],"picked":"SKIP","floor":21},{"not_picked":["Evaluate","Pray"],"picked":"TalkToTheHand","floor":23},{"not_picked":["Consecrate","Prostrate","ReachHeaven"],"picked":"SKIP","floor":25},{"not_picked":["Fasting2","Prostrate"],"picked":"Scrawl","floor":27},{"not_picked":["EmptyBody","Crescendo+1"],"picked":"SashWhip","floor":28},{"not_picked":["Nirvana","Protect"],"picked":"Tantrum","floor":30},{"not_picked":["Wireheading","FollowUp"],"picked":"CrushJoints","floor":31},{"not_picked":["SignatureMove+1","Protect"],"picked":"CutThroughFate","floor":35},{"not_picked":["ClearTheMind","Evaluate","SashWhip"],"picked":"SKIP","floor":37},{"not_picked":["BowlingBash","Crescendo"],"picked":"FlurryOfBlows","floor":38},{"not_picked":["ThirdEye+1","JustLucky"],"picked":"Scrawl","floor":39},{"not_picked":["Consecrate","PathToVictory","ReachHeaven"],"picked":"SKIP","floor":41},{"not_picked":["WreathOfFlame","Halt"],"picked":"Sanctity","floor":42},{"not_picked":["SashWhip","PathToVictory","BowlingBash"],"picked":"SKIP","floor":45},{"not_picked":["Conclude+1","Indignation"],"picked":"JustLucky","floor":46},{"not_picked":["ReachHeaven","Swivel"],"picked":"FlurryOfBlows+1","floor":55}],"player_experience":4695726,"relics_obtained":[{"floor":8.0,"key":"PreservedInsect"},{"floor":9.0,"key":"HornCleat"},{"floor":12,"key":"Strawberry"},{"floor":14,"key":"Regal Pillow"},{"floor":23,"key":"Lantern"},{"floor":25,"key":"Pear"},{"floor":26,"key":"The Courier"},{"floor":27,"key":"Darkstone Periapt"},{"floor":41,"key":"Smiling Mask"},{"floor":55,"key":"Art of War"}],"event_choices":[{"damage_healed":0.0,"max_hp_gain":0.0,"max_hp_loss":0.0,"gold_gain":0.0,"event_name":"Living Wall","player_choice":"Grow","floor":2.0,"gold_loss":0.0,"damage_taken":0.0,"cards_upgraded":["Eruption"]},{"damage_healed":0.0,"max_hp_gain":0.0,"max_hp_loss":0.0,"gold_gain":0.0,"event_name":"Shining Light","player_choice":"Entered Light","floor":3.0,"gold_loss":0.0,"damage_taken":20.0,"cards_upgraded":["Defend_P","Defend_P"]},{"cards_removed":["Defend_P"],"damage_healed":0,"gold_gain":0,"player_choice":"Card Removal","damage_taken":7,"max_hp_gain":0,"max_hp_loss":0,"event_name":"Golden Wing","floor":13,"gold_loss":0},{"cards_removed":["Defend_P"],"damage_healed":0,"gold_gain":0,"player_choice":"Elegance","damage_taken":0,"max_hp_gain":0,"max_hp_loss":0,"event_name":"Back to Basics","floor":29,"gold_loss":0},{"damage_healed":0,"gold_gain":0,"player_choice":"Gave Potion","damage_taken":0,"relics_obtained":["Vajra"],"max_hp_gain":0,"max_hp_loss":0,"event_name":"WeMeetAgain","floor":36,"gold_loss":0},{"cards_removed":["Strike_P"],"damage_healed":0,"gold_gain":0,"player_choice":"Removed Attack","damage_taken":0,"max_hp_gain":0,"max_hp_loss":0,"event_name":"Falling","floor":44,"gold_loss":0}],"is_beta":false,"boss_relics":[{"not_picked":["Pandora\u0027s Box","SacredBark"],"picked":"Philosopher\u0027s Stone"},{"not_picked":["Black Star","Snecko Eye"],"picked":"VioletLotus"}],"items_purged_floors":[22,48,54],"is_endless":false,"potions_floor_spawned":[4,7,10,14,16,18,19,21,25,30,37,41,46],"ascension_level":20}}