{"host":"8jwrv7sn1174lfer","time":1613675299,"event":{"mods":["BaseMod","Colored Map","Colored Powertips","Downfall","Highlight Path","Minty Spire (QoL Compilation)","StSLib"],"gold_per_floor":[99,117,117,133,133,144,144,144,144,172,187,217,241,6,19,122,122,122,142,142,142,142,162,162,182,182,67,167,184,263,278,292,292,292,292],"floor_reached":33,"language":"ENG","playtime":1521,"items_purged":["Guardian:Strike_Guardian","Guardian:Strike_Guardian"],"score":333,"play_id":"efb02421-b7b5-43cc-801e-c7c38aa90dfe","local_time":"20210218140819","is_ascension_mode":true,"campfire_choices":[{"data":"Guardian:TwinSlam","floor":1,"key":"SMITH"},{"data":"Guardian:RefractedBeam","floor":9,"key":"SMITH"},{"data":"Guardian:RefractedBeam+1","floor":18,"key":"SMITH"},{"floor":26,"key":"RECALL"}],"circlet_count":0,"master_deck":["Guardian:Defend_Guardian","Guardian:Defend_Guardian","Guardian:Defend_Guardian","Guardian:CurlUp","Guardian:TwinSlam+1","Guardian:WalkerClaw","Guardian:RefractedBeam+2","Guardian:WalkerClaw","Guardian:Clone","Guardian:HyperBeam_Guardian","Guardian:VentSteam","Guardian:BronzeArmor","Guardian:SphericShield","Guardian:SpikerProtocol","Guardian:BronzeArmor+1","Guardian:Gem_Blue","Guardian:BronzeOrb"],"relics":["Velvet Choker","Sundial","Pen Nib","Odd Mushroom","Oddly Smooth Stone","Lantern","Empty Cage","MutagenicStrength","Enchiridion","Art of War","WingedGreaves","Ornamental Fan","Gremlin Horn"],"acts_visited":["Exordium","TheCity"],"potions_floor_usage":[12,14,16,33,33,33],"damage_taken":[{"damage":2,"enemies":"Jaw Worm","floor":2,"turns":3},{"damage":2,"enemies":"2 Louse","floor":4,"turns":2},{"damage":0,"enemies":"Cultist","floor":6,"turns":3},{"damage":10,"enemies":"Lagavulin","floor":10,"turns":6},{"damage":0,"enemies":"Exordium Wildlife","floor":11,"turns":2},{"damage":0,"enemies":"The Mushroom Lair","floor":12,"turns":2},{"damage":0,"enemies":"downfall:FleeingMerchant","floor":14,"turns":4},{"damage":0,"enemies":"downfall:LooterAlt","floor":15,"turns":1},{"damage":38,"enemies":"DF_ARCHETYPE_STREAMLINE","floor":16,"turns":7},{"damage":0,"enemies":"Spheric Guardian","floor":19,"turns":2},{"damage":0,"enemies":"3 Byrds","floor":23,"turns":3},{"damage":0,"enemies":"Cultist and Chosen","floor":25,"turns":5},{"damage":5,"enemies":"downfall:FleeingMerchant","floor":27,"turns":4},{"damage":8,"enemies":"Colosseum Nobs","floor":28,"turns":6},{"damage":14,"enemies":"Snake Plant","floor":29,"turns":3},{"damage":18,"enemies":"Snecko","floor":31,"turns":5},{"damage":0,"enemies":"3 Cultists","floor":32,"turns":5},{"damage":3,"enemies":"SI_MIRROR_ARCHETYPE","floor":33,"turns":4}],"seed_played":"-6111195313194776082","potions_obtained":[{"floor":4,"key":"sneckomod:MuddlingPotion"},{"floor":10,"key":"SpeedPotion"},{"floor":12,"key":"sneckomod:MuddlingPotion"},{"floor":15,"key":"Fruit Juice"},{"floor":16,"key":"bronze:BurnAndBuffPotion"},{"floor":25,"key":"hexamod:SoulburnPotion"},{"floor":28,"key":"hexamod:SoulburnPotion"},{"floor":31,"key":"Strength Potion"}],"is_trial":false,"path_per_floor":["R","M","?","M","?","M","T","?","R","E","M","?","T","$","M","B",null,"R","M","?","?","?","M","T","M","R","$","?","M","T","M","M","B"],"character_chosen":"GUARDIAN","items_purchased":["Lantern"],"campfire_rested":0,"item_purchase_floors":[14],"current_hp_per_floor":[72,70,70,68,68,68,68,44,44,34,34,34,34,34,34,1,64,64,64,64,64,48,48,48,48,48,43,35,21,21,3,3,0,0,0],"gold":292,"neow_bonus":"BOSS_RELIC","is_daily":false,"chose_seed":false,"campfire_upgraded":3,"win_rate":0.0,"timestamp":1613675299,"path_taken":["R","M","?","M","?","?","T","?","R","E","M","?","?","$","M","BOSS","R","M","?","?","?","?","T","M","R","$","?","M","?","?","M","BOSS"],"items_purchased_type":["Relic"],"build_version":"2020-12-22","purchased_purges":2,"victory":false,"max_hp_per_floor":[80,80,80,80,80,80,80,80,80,80,80,80,80,80,80,85,85,85,85,85,85,85,85,85,85,85,85,85,85,85,85,85,85,85,85],"card_choices":[{"not_picked":["Guardian:Gem_Red","Guardian:Gem_Lightblue"],"picked":"Guardian:WalkerClaw","floor":2},{"not_picked":["Guardian:BaubleBeam","Guardian:BronzeArmor"],"picked":"Guardian:RefractedBeam","floor":4},{"not_picked":["Guardian:Gem_Green","Guardian:WalkerClaw"],"picked":"Guardian:Clone","floor":6},{"not_picked":["Guardian:WalkerClaw","Guardian:FloatingOrbs"],"picked":"Guardian:HyperBeam_Guardian","floor":10},{"not_picked":["Guardian:Recover","Guardian:RefractedBeam","Guardian:Reroute"],"picked":"SKIP","floor":11},{"not_picked":["Guardian:PiercingHide","Guardian:BodySlam"],"picked":"Guardian:VentSteam","floor":12},{"not_picked":["Guardian:ArmoredProtocol","Guardian:Gem_Cyan"],"picked":"Guardian:Gem_Blue","floor":14},{"not_picked":["Guardian:GemFinder","Guardian:Gem_Red"],"picked":"Guardian:BronzeArmor","floor":15},{"not_picked":["Guardian:HyperBeam_Guardian","Guardian:FierceBash"],"picked":"Guardian:SphericShield","floor":16},{"not_picked":["Guardian:ShieldCharger+1","Guardian:Repulse","Guardian:DonusPower"],"picked":"SKIP","floor":19},{"not_picked":["Guardian:ShieldSpikes+1","Guardian:PiercingHide+1"],"picked":"Guardian:SpikerProtocol","floor":23},{"not_picked":["Guardian:ShieldCharger","Guardian:Gem_Green"],"picked":"Guardian:BronzeArmor+1","floor":25},{"not_picked":["Guardian:BronzeOrb","Guardian:RefractedBeam"],"picked":"Guardian:Gem_Blue","floor":27},{"not_picked":["Guardian:CrystalBeam","Guardian:VentSteam"],"picked":"Guardian:BronzeOrb","floor":29},{"not_picked":["Guardian:BodySlam","Guardian:Gem_Lightblue","Guardian:Gem_White"],"picked":"SKIP","floor":31},{"not_picked":["Guardian:GuardianWhirl","Guardian:EvasiveProtocol","Guardian:Recover"],"picked":"SKIP","floor":32}],"player_experience":803298,"relics_obtained":[{"floor":7,"key":"Sundial"},{"floor":10,"key":"Pen Nib"},{"floor":12,"key":"Odd Mushroom"},{"floor":13,"key":"Oddly Smooth Stone"},{"floor":22,"key":"Enchiridion"},{"floor":24,"key":"Art of War"},{"floor":28,"key":"WingedGreaves"},{"floor":28,"key":"Ornamental Fan"},{"floor":30,"key":"Gremlin Horn"}],"event_choices":[{"cards_removed":["Guardian:Strike_Guardian"],"damage_healed":0,"gold_gain":0,"player_choice":"Card Removal","damage_taken":0,"max_hp_gain":0,"max_hp_loss":0,"event_name":"The Cleric","floor":3,"gold_loss":0},{"damage_healed":0,"gold_gain":0,"player_choice":"Fought Mushrooms","damage_taken":0,"max_hp_gain":0,"max_hp_loss":0,"event_name":"Mushrooms","floor":12,"gold_loss":0},{"damage_healed":0,"gold_gain":0,"player_choice":"Inject Mutagens","damage_taken":0,"relics_obtained":["MutagenicStrength"],"max_hp_gain":0,"max_hp_loss":0,"event_name":"Drug Dealer","floor":21,"gold_loss":0}],"is_beta":false,"boss_relics":[{"not_picked":["bronze:MakeshiftBattery","SlaversCollar"],"picked":"Empty Cage"}],"items_purged_floors":[14,27],"is_endless":false,"potions_floor_spawned":[4,10,12,15,16,25,28,29,31],"killed_by":"SI_MIRROR_ARCHETYPE","ascension_level":7}}