{"host":"gzsdmyo07u314vug","time":1613686969,"event":{"mods":["2.2 Compatiblity","Astrologer","BaseMod","Colored Powertips","GifTheSpireLib","Gremlin Mod","Hermit","Jorbs\u0027s Wanderer Trilogy","Minty Spire (QoL Compilation)","Quick Restart","Rare Cards Sparkle","Relic Stats","Replay The Spire","Robot Space Explorer","Shop Mod","StSLib","The Bladedancer","The Bug Knight","The Construct","The Cursed","The Elementalist","The Hierophant","The IronCluck","The Marked","The Necromancer","The Runesmith","The Servant 0.9.4","Unceasing Turn Reminder","everything is the same but u backflip on backflip","slay the spire mod where everything is the same but ironclad has a cowboy hat"],"gold_per_floor":[113,113,128,147,147,147,175,193,247,247,263,263,13,45,45,150,150,167,58,69,69,69,69,102,118,118,118,154,79,79,79,79,198,198,210,210,222,222,245,280,280,308,335,356,392,392,419,440,449,454],"floor_reached":51,"language":"ENG","playtime":3785,"items_purged":["stsjorbsmod:Strike_Wanderer"],"score":925,"play_id":"989482f6-a468-4128-9fd5-c017f2e057e7","local_time":"20210218192249","is_ascension_mode":true,"campfire_choices":[{"data":"stsjorbsmod:BookOfTongues","floor":6.0,"key":"SMITH"},{"data":"stsjorbsmod:Prepare","floor":10.0,"key":"SMITH"},{"data":"stsjorbsmod:EyeOfTheStorm","floor":12.0,"key":"SMITH"},{"data":"stsjorbsmod:Defend_Wanderer","floor":15.0,"key":"PURGE"},{"data":"ReplayTheSpireMod:Necrogeddon","floor":23.0,"key":"SMITH"},{"data":"stsjorbsmod:MirrorImage","floor":27.0,"key":"SMITH"},{"data":"stsjorbsmod:SchoolsOfMagic","floor":30.0,"key":"SMITH"},{"data":"stsjorbsmod:OldPocket","floor":32.0,"key":"SMITH"},{"data":"stsjorbsmod:IvoryTower","floor":41,"key":"SMITH"},{"data":"stsjorbsmod:Materialize","floor":46,"key":"SMITH"},{"floor":49,"key":"REST"}],"circlet_count":0,"master_deck":["stsjorbsmod:ForbiddenGrimoire+1","stsjorbsmod:Defend_Wanderer","stsjorbsmod:Defend_Wanderer+1","stsjorbsmod:FreshAdventure","stsjorbsmod:EyeOfTheStorm+1","stsjorbsmod:BookOfTongues+1","stsjorbsmod:BookOfTongues+1","stsjorbsmod:Prepare+1","stsjorbsmod:MirrorImage+1","ReplayTheSpireMod:Necrogeddon+1","stsjorbsmod:OldPocket+1","stsjorbsmod:SchoolsOfMagic+1","stsjorbsmod:IvoryTower+1","stsjorbsmod:HedgeWizard+1","stsjorbsmod:Materialize+1","stsjorbsmod:FranticSearch+1","stsjorbsmod:Index"],"relics":["stsjorbsmod:GrimoireRelic","Pet Ghost","Quantum Egg","MerchantsRug","Anchor","Replay:Ringing Soul","ReplayTheSpireMod:Lightbulb","MutagenicStrength","SlaversCollar","ReplayTheSpireMod:Ninjato","CeramicFish","Bag of Preparation","Replay:PocketPolymizer"],"acts_visited":["Exordium","TheCity","TheBeyond"],"potions_floor_usage":[33,33,42,47,50],"damage_taken":[{"damage":0.0,"enemies":"2 Louse","floor":1.0,"turns":2.0},{"damage":1.0,"enemies":"Cultist","floor":3.0,"turns":4.0},{"damage":0.0,"enemies":"Small Slimes","floor":4.0,"turns":3.0},{"damage":0.0,"enemies":"Lagavulin","floor":7.0,"turns":6.0},{"damage":0.0,"enemies":"Gremlin Gang","floor":8.0,"turns":4.0},{"damage":3.0,"enemies":"Red Slaver","floor":11.0,"turns":3.0},{"damage":0.0,"enemies":"3 Sentries","floor":14.0,"turns":4.0},{"damage":13.0,"enemies":"The Guardian","floor":16.0,"turns":8.0},{"damage":0.0,"enemies":"Chosen","floor":18.0,"turns":4.0},{"damage":0.0,"enemies":"Shell Parasite","floor":20.0,"turns":4.0},{"damage":5.0,"enemies":"Book of Stabbing","floor":24.0,"turns":6.0},{"damage":0.0,"enemies":"Centurion and Healer","floor":25.0,"turns":5.0},{"damage":1.0,"enemies":"Slavers","floor":28.0,"turns":5.0},{"damage":4,"enemies":"Automaton","floor":33,"turns":7},{"damage":10,"enemies":"Orb Walker","floor":35,"turns":4},{"damage":0,"enemies":"3 Shapes","floor":37,"turns":4},{"damage":0,"enemies":"Maw","floor":39,"turns":7},{"damage":6,"enemies":"Giant Head","floor":40,"turns":6},{"damage":0,"enemies":"Reptomancer","floor":42,"turns":3},{"damage":0,"enemies":"Spire Growth","floor":44,"turns":4},{"damage":0,"enemies":"Giant Head","floor":45,"turns":6},{"damage":10,"enemies":"Sphere and 2 Shapes","floor":47,"turns":4},{"damage":0,"enemies":"Writhing Mass","floor":48,"turns":6},{"damage":1,"enemies":"Donu and Deca","floor":50,"turns":6}],"seed_played":"-1633424806777392783","potions_obtained":[{"floor":1.0,"key":"GamblersBrew"},{"floor":5.0,"key":"Strength Potion"},{"floor":5.0,"key":"SpeedPotion"},{"floor":7.0,"key":"EssenceOfSteel"},{"floor":24.0,"key":"Fire Potion"},{"floor":25.0,"key":"BlessingOfTheForge"},{"floor":28.0,"key":"Energy Potion"},{"floor":35,"key":"stsjorbsmod:BurningPotion"},{"floor":40,"key":"AttackPotion"},{"floor":44,"key":"Languid Potion"}],"is_trial":false,"path_per_floor":["M","?","M","M","?","R","E","M","T","R","M","R","$","E","R","B",null,"M","$","M","?","?","R","E","M","T","R","E","$","R","?","R","B",null,"M","?","M","?","M","E","R","E","T","M","E","R","M","M","R","B",null],"character_chosen":"WANDERER","items_purchased":["Quantum Egg","MerchantsRug","ReplayTheSpireMod:Necrogeddon"],"campfire_rested":1,"item_purchase_floors":[13,19,19],"current_hp_per_floor":[70,70,70,70,70,70,70,70,70,70,67,67,67,68,68,55,70,70,70,70,70,70,70,67,69,69,69,79,79,79,79,79,82,82,76,76,80,80,86,88,88,89,89,91,91,91,85,93,96,96],"gold":454,"neow_bonus":"REMOVE_CARD","is_daily":false,"chose_seed":false,"campfire_upgraded":9,"win_rate":0.0,"timestamp":1613686969,"path_taken":["M","?","M","?","?","R","E","?","T","R","?","R","?","E","R","BOSS","M","$","M","?","?","R","E","?","T","R","E","$","R","?","R","BOSS","M","?","M","?","M","E","R","E","T","M","E","R","M","M","R","BOSS"],"items_purchased_type":["Relic","Relic","Card"],"build_version":"2020-12-22","purchased_purges":1,"victory":true,"max_hp_per_floor":[70,70,70,70,70,70,70,70,70,70,70,70,70,70,70,70,70,70,70,70,70,70,70,70,70,70,70,79,79,79,79,79,82,82,85,81,84,84,87,89,89,89,89,91,91,91,91,93,96,96],"relic_stats":{"counters":[24,115],"CeramicFish":9,"Bag of Preparation":[10],"obtain_stats":[{"MerchantsRug":19,"ReplayTheSpireMod:Ninjato":40,"Replay:PocketPolymizer":45,"Quantum Egg":13,"CeramicFish":42,"stsjorbsmod:GrimoireRelic":0,"Ring of Chaos":17,"Bag of Preparation":43,"Pet Ghost":9,"Replay:Ringing Soul":26,"SlaversCollar":34,"Anchor":24,"MutagenicStrength":31,"HollowMod:PaleOreRelic":14,"StrikeDummy":7,"ReplayTheSpireMod:Lightbulb":28},{"MerchantsRug":9,"ReplayTheSpireMod:Ninjato":18,"Replay:PocketPolymizer":21,"Quantum Egg":6,"CeramicFish":19,"stsjorbsmod:GrimoireRelic":0,"Ring of Chaos":8,"Bag of Preparation":19,"Pet Ghost":5,"Replay:Ringing Soul":12,"SlaversCollar":14,"Anchor":11,"MutagenicStrength":13,"HollowMod:PaleOreRelic":7,"StrikeDummy":4,"ReplayTheSpireMod:Lightbulb":13},{"MerchantsRug":38,"ReplayTheSpireMod:Ninjato":86,"Replay:PocketPolymizer":99,"Quantum Egg":22,"CeramicFish":89,"stsjorbsmod:GrimoireRelic":0,"Ring of Chaos":34,"Bag of Preparation":89,"Pet Ghost":19,"Replay:Ringing Soul":53,"SlaversCollar":65,"Anchor":48,"MutagenicStrength":58,"HollowMod:PaleOreRelic":26,"StrikeDummy":15,"ReplayTheSpireMod:Lightbulb":58}]},"card_choices":[{"not_picked":["stsjorbsmod:Counterspell","stsjorbsmod:Index"],"picked":"stsjorbsmod:BookOfTongues","floor":1.0},{"not_picked":["stsjorbsmod:AnimateObjects","stsjorbsmod:WanderingMind"],"picked":"stsjorbsmod:Prepare","floor":3.0},{"not_picked":["stsjorbsmod:MagicMirror","stsjorbsmod:DisguiseSelf","stsjorbsmod:BlackTentacles"],"picked":"SKIP","floor":4.0},{"not_picked":["stsjorbsmod:Rest","stsjorbsmod:Message","stsjorbsmod:Channel"],"picked":"SKIP","floor":7.0},{"not_picked":["stsjorbsmod:ChainLightning","stsjorbsmod:SchoolsOfMagic","stsjorbsmod:Stalwart"],"picked":"SKIP","floor":8.0},{"not_picked":["stsjorbsmod:FaerieFire","stsjorbsmod:FracturedMind","stsjorbsmod:Pyromancy"],"picked":"SKIP","floor":11.0},{"not_picked":["stsjorbsmod:Mania","stsjorbsmod:UnseenServant","stsjorbsmod:Message"],"picked":"SKIP","floor":14.0},{"not_picked":["stsjorbsmod:ThirstingSword","stsjorbsmod:ArcaneForm"],"picked":"stsjorbsmod:MirrorImage","floor":16.0},{"not_picked":["stsjorbsmod:ScorchingRay","stsjorbsmod:Introspection","stsjorbsmod:UnseenServant"],"picked":"SKIP","floor":18.0},{"not_picked":["stsjorbsmod:Message","stsjorbsmod:LoseGrip","stsjorbsmod:Counterspell"],"picked":"SKIP","floor":20.0},{"not_picked":["stsjorbsmod:TrueStrike","stsjorbsmod:Pyromancy","stsjorbsmod:Hibernate+1"],"picked":"SKIP","floor":24.0},{"not_picked":["stsjorbsmod:WanderingMind","stsjorbsmod:Index"],"picked":"stsjorbsmod:OldPocket","floor":25.0},{"not_picked":["stsjorbsmod:Hurt","stsjorbsmod:FaerieFire+1"],"picked":"stsjorbsmod:SchoolsOfMagic","floor":28.0},{"not_picked":["stsjorbsmod:Rediscovery","stsjorbsmod:MirrorImage"],"picked":"stsjorbsmod:IvoryTower","floor":33},{"not_picked":["stsjorbsmod:BlackTentacles","stsjorbsmod:Mending+1"],"picked":"stsjorbsmod:HedgeWizard+1","floor":35},{"not_picked":["stsjorbsmod:Aid","stsjorbsmod:Message+1"],"picked":"stsjorbsmod:Materialize","floor":37},{"not_picked":["stsjorbsmod:WeightOfMemory","stsjorbsmod:RayOfFrost+1"],"picked":"stsjorbsmod:FranticSearch+1","floor":39},{"not_picked":["stsjorbsmod:WanderingMind+1","stsjorbsmod:BurningFlask+1","stsjorbsmod:Patron"],"picked":"SKIP","floor":40},{"not_picked":["stsjorbsmod:BlackTentacles+1","stsjorbsmod:ParryingBlow","stsjorbsmod:Hurt"],"picked":"SKIP","floor":42},{"not_picked":["stsjorbsmod:Inferno+1","stsjorbsmod:ArcaneWeapon+1","stsjorbsmod:Introspection"],"picked":"SKIP","floor":44},{"not_picked":["stsjorbsmod:SchoolsOfMagic","stsjorbsmod:Prestidigitation+1","stsjorbsmod:TrueStrike+1"],"picked":"SKIP","floor":45},{"not_picked":["stsjorbsmod:Patron","stsjorbsmod:UnseenServant+1","stsjorbsmod:WeightOfMemory+1"],"picked":"SKIP","floor":47},{"not_picked":["stsjorbsmod:Patron","stsjorbsmod:UnseenServant+1","stsjorbsmod:WeightOfMemory+1"],"picked":"SKIP","floor":47},{"not_picked":["stsjorbsmod:Mindworm","stsjorbsmod:TinyHut","stsjorbsmod:Index"],"picked":"SKIP","floor":48}],"player_experience":919179,"relics_obtained":[{"floor":7.0,"key":"StrikeDummy"},{"floor":9.0,"key":"Pet Ghost"},{"floor":14.0,"key":"HollowMod:PaleOreRelic"},{"floor":24.0,"key":"Anchor"},{"floor":26.0,"key":"Replay:Ringing Soul"},{"floor":28.0,"key":"ReplayTheSpireMod:Lightbulb"},{"floor":40,"key":"ReplayTheSpireMod:Ninjato"},{"floor":42,"key":"CeramicFish"},{"floor":43,"key":"Bag of Preparation"},{"floor":45,"key":"Replay:PocketPolymizer"}],"event_choices":[{"damage_healed":0.0,"max_hp_gain":0.0,"max_hp_loss":0.0,"gold_gain":0.0,"event_name":"Match and Keep!","player_choice":"1 cards matched","floor":2.0,"gold_loss":0.0,"damage_taken":0.0,"cards_obtained":["stsjorbsmod:BookOfTongues"]},{"damage_healed":0.0,"max_hp_gain":0.0,"max_hp_loss":0.0,"gold_gain":0.0,"event_name":"Lab","player_choice":"Got Potions","floor":5.0,"gold_loss":0.0,"damage_taken":0.0},{"cards_removed":["stsjorbsmod:Strike_Wanderer"],"damage_healed":0.0,"max_hp_gain":0.0,"max_hp_loss":0.0,"gold_gain":0.0,"event_name":"Purifier","player_choice":"Purged","floor":22.0,"gold_loss":0.0,"damage_taken":0.0},{"damage_healed":0.0,"max_hp_gain":0.0,"max_hp_loss":0.0,"gold_gain":0.0,"event_name":"Drug Dealer","player_choice":"Inject Mutagens","floor":31.0,"gold_loss":0.0,"damage_taken":0.0,"relics_obtained":["MutagenicStrength"]},{"damage_healed":0,"gold_gain":0,"player_choice":"Max HP","damage_taken":0,"max_hp_gain":0,"max_hp_loss":4,"event_name":"Winding Halls","floor":36,"gold_loss":0},{"cards_removed":["stsjorbsmod:Strike_Wanderer"],"damage_healed":0,"gold_gain":0,"player_choice":"Removed Attack","damage_taken":0,"max_hp_gain":0,"max_hp_loss":0,"event_name":"Falling","floor":38,"gold_loss":0}],"is_beta":false,"boss_relics":[{"not_picked":["Pandora\u0027s Box","ReplayTheSpireMod:DimensionalGlitch"],"picked":"Ring of Chaos"},{"not_picked":["SacredBark","Snecko Eye"],"picked":"SlaversCollar"}],"items_purged_floors":[29],"is_endless":false,"potions_floor_spawned":[1,7,11,24,25,28,35,40,44],"ascension_level":1}}