{"host":"tzwikg9s6mkzv6w0","time":1613648582,"event":{"mods":["BaseMod","Good Game Mod","Minty Spire (QoL Compilation)","Spicy Shops","StSLib"],"gold_per_floor":[114,125,125,141,141,141,168,191,191,218,218,237,272,283,283,381,381,396,424,349,369,139,172,172,200,227,227,39,67,78,33,33,33,33],"floor_reached":33,"language":"ZHS","playtime":1145,"items_purged":["Defend_R","Defend_R"],"score":410,"play_id":"282ed762-386f-424b-8255-0258aa7eb9fd","local_time":"20210218194302","is_ascension_mode":true,"campfire_choices":[{"data":"Perfected Strike","floor":6.0,"key":"SMITH"},{"data":"Armaments","floor":11.0,"key":"SMITH"},{"data":"Body Slam","floor":15.0,"key":"SMITH"},{"data":"Juggernaut","floor":24,"key":"SMITH"},{"floor":27,"key":"REST"},{"data":"True Grit","floor":32,"key":"SMITH"}],"circlet_count":0,"master_deck":["Strike_R","Strike_R","Strike_R","Strike_R","Strike_R","Defend_R","Bash","Power Through","Perfected Strike+1","Battle Trance","Evolve","Armaments+1","Pommel Strike","Wild Strike","Body Slam+1","Juggernaut+1","Perfected Strike","Perfected Strike","Ghostly Armor+1","Entrench+1","True Grit+1","Perfected Strike"],"relics":["Burning Blood","REME:ComplimentaryCards","NeowsBlessing","Incense Burner","Turnip","Odd Mushroom","Magic Flower","Boot","CaptainsWheel","Runic Dome","Red Mask","Bag of Preparation","Dream Catcher","Frozen Egg 2","Ice Cream","Anchor"],"acts_visited":["Exordium","TheCity"],"potions_floor_usage":[19,23,23],"damage_taken":[{"damage":0.0,"enemies":"Jaw Worm","floor":1.0,"turns":1.0},{"damage":0.0,"enemies":"2 Louse","floor":2.0,"turns":1.0},{"damage":0.0,"enemies":"Small Slimes","floor":4.0,"turns":1.0},{"damage":38.0,"enemies":"Gremlin Nob","floor":7.0,"turns":5.0},{"damage":0.0,"enemies":"The Mushroom Lair","floor":8.0,"turns":6.0},{"damage":11.0,"enemies":"3 Sentries","floor":10.0,"turns":9.0},{"damage":7.0,"enemies":"Looter","floor":12.0,"turns":4.0},{"damage":16.0,"enemies":"Lagavulin","floor":13.0,"turns":8.0},{"damage":5.0,"enemies":"Large Slime","floor":14.0,"turns":5.0},{"damage":43.0,"enemies":"Hexaghost","floor":16.0,"turns":10.0},{"damage":6,"enemies":"Spheric Guardian","floor":18,"turns":3},{"damage":7,"enemies":"Masked Bandits","floor":19,"turns":3},{"damage":4,"enemies":"3 Byrds","floor":21,"turns":5},{"damage":5,"enemies":"Book of Stabbing","floor":23,"turns":3},{"damage":70,"enemies":"Gremlin Leader","floor":25,"turns":8},{"damage":16,"enemies":"Slavers","floor":29,"turns":5},{"damage":0,"enemies":"Sentry and Sphere","floor":30,"turns":4},{"damage":72,"enemies":"Champ","floor":33,"turns":9}],"seed_played":"-8073349176314671852","potions_obtained":[{"floor":1.0,"key":"SpeedPotion"},{"floor":2.0,"key":"Fruit Juice"},{"floor":7.0,"key":"FairyPotion"},{"floor":10.0,"key":"PowerPotion"},{"floor":14.0,"key":"DistilledChaos"},{"floor":16.0,"key":"AttackPotion"},{"floor":25,"key":"Dexterity Potion"},{"floor":30,"key":"ElixirPotion"}],"is_trial":false,"path_per_floor":["M","M","?","M","?","R","E","?","T","E","R","M","E","M","R","B",null,"M","?","?","M","$","E","R","E","T","R","$","E","M","$","R","B"],"character_chosen":"IRONCLAD","items_purchased":["Bag of Preparation","Ice Cream","Perfected Strike"],"campfire_rested":1,"item_purchase_floors":[22,28,31],"current_hp_per_floor":[80,85,85,85,60,60,28,34,34,32,32,34,27,31,31,37,85,85,85,85,85,85,85,85,24,24,49,49,42,51,51,51,0,0],"gold":33,"neow_bonus":"THREE_ENEMY_KILL","is_daily":false,"chose_seed":false,"campfire_upgraded":5,"win_rate":0.0,"timestamp":1613648582,"path_taken":["M","M","?","M","?","R","E","?","T","E","R","M","E","M","R","BOSS","M","?","?","M","$","E","R","E","T","R","$","E","M","$","R","BOSS"],"items_purchased_type":["Relic","Relic","Card"],"build_version":"2020-12-22","purchased_purges":2,"victory":false,"max_hp_per_floor":[80,85,85,85,85,85,85,85,85,85,85,85,85,85,85,85,85,85,85,85,85,85,85,85,85,85,85,85,85,85,85,85,85,85],"card_choices":[{"not_picked":["Anger","Warcry","Combust"],"picked":"SKIP","floor":1.0},{"not_picked":["Wild Strike","Pommel Strike"],"picked":"Perfected Strike","floor":2.0},{"not_picked":["True Grit","Cleave"],"picked":"Battle Trance","floor":4.0},{"not_picked":["Warcry","Rage"],"picked":"Evolve","floor":7.0},{"not_picked":["Disarm","True Grit"],"picked":"Armaments","floor":8.0},{"not_picked":["Blood for Blood","Disarm"],"picked":"Pommel Strike","floor":10.0},{"not_picked":["Clothesline","Thunderclap"],"picked":"Wild Strike","floor":12.0},{"not_picked":["Anger","Pummel","Intimidate"],"picked":"SKIP","floor":13.0},{"not_picked":["Uppercut","Thunderclap"],"picked":"Body Slam","floor":14.0},{"not_picked":["Immolate","Brutality"],"picked":"Juggernaut","floor":16.0},{"not_picked":["Thunderclap","Wild Strike+1","Heavy Blade"],"picked":"SKIP","floor":18},{"not_picked":["Twin Strike","Sentinel","Dropkick"],"picked":"SKIP","floor":21},{"not_picked":["Twin Strike","Sentinel","Dropkick"],"picked":"SKIP","floor":21},{"not_picked":["Rampage","Hemokinesis+1"],"picked":"Perfected Strike","floor":23},{"not_picked":["Havoc+1","Feed"],"picked":"Perfected Strike","floor":25},{"not_picked":["Power Through","Cleave"],"picked":"Ghostly Armor+1","floor":27},{"not_picked":["Spot Weakness","Armaments"],"picked":"Entrench+1","floor":29},{"not_picked":["Body Slam","Inflame+1"],"picked":"True Grit","floor":30}],"player_experience":146703,"relics_obtained":[{"floor":7.0,"key":"Turnip"},{"floor":8.0,"key":"Odd Mushroom"},{"floor":9.0,"key":"Magic Flower"},{"floor":10.0,"key":"Boot"},{"floor":13.0,"key":"CaptainsWheel"},{"floor":19,"key":"Red Mask"},{"floor":23,"key":"Dream Catcher"},{"floor":25,"key":"Frozen Egg 2"},{"floor":29,"key":"Anchor"}],"event_choices":[{"damage_healed":0.0,"max_hp_gain":0.0,"max_hp_loss":0.0,"gold_gain":0.0,"event_name":"Liars Game","player_choice":"Ignored","floor":3.0,"gold_loss":0.0,"damage_taken":0.0},{"damage_healed":0.0,"max_hp_gain":0.0,"max_hp_loss":0.0,"gold_gain":0.0,"event_name":"Scrap Ooze","player_choice":"Success","floor":5.0,"gold_loss":0.0,"damage_taken":25.0,"relics_obtained":["Incense Burner"]},{"damage_healed":0.0,"max_hp_gain":0.0,"max_hp_loss":0.0,"gold_gain":0.0,"event_name":"Mushrooms","player_choice":"Fought Mushrooms","floor":8.0,"gold_loss":0.0,"damage_taken":0.0},{"damage_healed":0,"gold_gain":0,"player_choice":"Fought Bandits","damage_taken":0,"max_hp_gain":0,"max_hp_loss":0,"event_name":"Masked Bandits","floor":19,"gold_loss":0},{"cards_removed":["Defend_R"],"damage_healed":0,"gold_gain":0,"player_choice":"Gave Gold","damage_taken":0,"max_hp_gain":0,"max_hp_loss":0,"event_name":"Beggar","floor":20,"gold_loss":75}],"is_beta":false,"boss_relics":[{"not_picked":["Black Blood","Black Star"],"picked":"Runic Dome"}],"items_purged_floors":[22,28],"is_endless":false,"potions_floor_spawned":[1,2,7,10,14,16,25,30],"killed_by":"Champ","ascension_level":4}}