{"host":"82hffqp29db0c9y2","time":1613607171,"event":{"mods":["BaseMod","Downfall","Googly Eyes","Marisa£®ÏF”Í°°ƒß¿Ì…≥£©","Minty Spire (QoL Compilation)","Replay The Spire","StSLib","The Cursed","The Disciple","The Servant 0.9.4"],"gold_per_floor":[11,84,96,96,107,140,105,140,140,140,158,226,226,240,240,335,335,352,352,372,300,300,325,348,373,411,456,468,510,522,550,562,574,574],"floor_reached":33,"language":"ZHS","playtime":2113,"items_purged":[],"score":389,"play_id":"a84e3aa0-67d3-416c-8116-759ae050c9d7","local_time":"20210218091251","is_ascension_mode":true,"campfire_choices":[{"floor":10.0,"key":"RECALL"},{"data":"Deflect","floor":13.0,"key":"SMITH"},{"floor":15.0,"key":"REST"},{"floor":28.0,"key":"REST"},{"floor":30.0,"key":"REST"},{"floor":32.0,"key":"REST"}],"circlet_count":0,"master_deck":["Strike_G","Strike_G","Strike_G","Defend_G","Defend_G","Defend_G","Defend_G","Defend_G","Survivor","Neutralize","Backflip","Die Die Die","Distraction+1","Slice","Poisoned Stab","Noxious Fumes","Deflect+1","Slice","Flying Knee","A Thousand Cuts","Dash","RitualDagger","Well Laid Plans","Caltrops","Setup","PiercingWail+1","Distraction","Backstab","Acrobatics+1"],"relics":["Ring of the Snake","Shuriken","Akabeko","Tiny Chest","Mercury Hourglass","Velvet Choker","Letter Opener","Blood Vial","MawBank","Boot","Calipers","Toxic Egg 2"],"acts_visited":[],"potions_floor_usage":[33,33],"damage_taken":[{"damage":2.0,"enemies":"Cultist","floor":1.0,"turns":5.0},{"damage":0.0,"enemies":"2 Louse","floor":3.0,"turns":2.0},{"damage":0.0,"enemies":"Jaw Worm","floor":5.0,"turns":4.0},{"damage":30.0,"enemies":"Gremlin Nob","floor":6.0,"turns":5.0},{"damage":16.0,"enemies":"Lagavulin","floor":8.0,"turns":5.0},{"damage":0.0,"enemies":"Exordium Wildlife","floor":11.0,"turns":3.0},{"damage":7.0,"enemies":"Blue Slaver","floor":14.0,"turns":3.0},{"damage":31.0,"enemies":"Slime Boss","floor":16.0,"turns":10.0},{"damage":5.0,"enemies":"Spheric Guardian","floor":18.0,"turns":4.0},{"damage":9.0,"enemies":"3 Byrds","floor":20.0,"turns":3.0},{"damage":46.0,"enemies":"Book of Stabbing","floor":23.0,"turns":6.0},{"damage":5.0,"enemies":"Snake Plant","floor":25.0,"turns":4.0},{"damage":0.0,"enemies":"Slavers","floor":27.0,"turns":4.0},{"damage":17.0,"enemies":"Gremlin Leader","floor":29.0,"turns":6.0},{"damage":13.0,"enemies":"Cultist and Chosen","floor":31.0,"turns":5.0},{"damage":67,"enemies":"Champ","floor":33,"turns":13}],"seed_played":"1947445493608272358","potions_obtained":[{"floor":1.0,"key":"DuplicationPotion"},{"floor":6.0,"key":"EntropicBrew"},{"floor":8.0,"key":"Block Potion"},{"floor":16.0,"key":"Block Potion"},{"floor":25.0,"key":"Weak Potion"},{"floor":27.0,"key":"Dexterity Potion"},{"floor":29.0,"key":"GamblersBrew"}],"is_trial":false,"path_per_floor":["M","T","M","?","M","E","?","E","T","R","M","T","R","M","R","B",null,"M","?","M","$","?","E","T","M","T","E","R","E","R","M","R","B"],"character_chosen":"THE_SILENT","items_purchased":["Caltrops"],"campfire_rested":4,"item_purchase_floors":[21],"current_hp_per_floor":[68,68,68,68,68,38,55,39,39,39,39,39,39,32,53,22,70,65,59,50,50,50,4,4,1,1,3,24,9,30,19,40,0,0],"gold":574,"neow_bonus":"TRANSFORM_TWO_CARDS","is_daily":false,"chose_seed":false,"campfire_upgraded":1,"win_rate":0.0,"timestamp":1613607171,"path_taken":["M","?","M","?","?","E","?","E","T","R","M","?","R","M","R","BOSS","M","?","M","$","?","E","?","M","T","E","R","E","R","M","R","BOSS"],"items_purchased_type":["Card"],"build_version":"2020-12-22","purchased_purges":0,"victory":false,"max_hp_per_floor":[70,70,70,70,70,70,70,70,70,70,70,70,70,70,70,70,70,70,70,70,70,70,70,70,70,70,70,70,70,70,70,70,70,70],"card_choices":[{"not_picked":["Blur","Calculated Gamble"],"picked":"Distraction","floor":1.0},{"not_picked":["Cloak And Dagger","Prepared"],"picked":"Slice","floor":3.0},{"not_picked":["Setup","PiercingWail"],"picked":"Poisoned Stab","floor":5.0},{"not_picked":["Skewer","Blade Dance"],"picked":"Noxious Fumes","floor":6.0},{"not_picked":["A Thousand Cuts","Backflip"],"picked":"Deflect","floor":8.0},{"not_picked":["Flying Knee","Deadly Poison"],"picked":"Slice","floor":11.0},{"not_picked":["Slice","Blade Dance"],"picked":"Flying Knee","floor":14.0},{"not_picked":["Tools of the Trade","Doppelganger"],"picked":"A Thousand Cuts","floor":16.0},{"not_picked":["Underhanded Strike+1","Accuracy+1"],"picked":"Dash","floor":18.0},{"not_picked":["Underhanded Strike","Quick Slash"],"picked":"Well Laid Plans","floor":20.0},{"not_picked":["Prepared","Tactician+1"],"picked":"Setup","floor":23.0},{"not_picked":["Poisoned Stab","Prepared"],"picked":"PiercingWail+1","floor":25.0},{"not_picked":["Caltrops","All Out Attack"],"picked":"Distraction","floor":27.0},{"not_picked":["Prepared+1","Choke"],"picked":"Backstab","floor":29.0},{"not_picked":["Backstab","Deadly Poison+1"],"picked":"Acrobatics+1","floor":31.0}],"player_experience":345456,"relics_obtained":[{"floor":2.0,"key":"Shuriken"},{"floor":6.0,"key":"Akabeko"},{"floor":8.0,"key":"Tiny Chest"},{"floor":9.0,"key":"Mercury Hourglass"},{"floor":23.0,"key":"Blood Vial"},{"floor":24.0,"key":"MawBank"},{"floor":26.0,"key":"Boot"},{"floor":27.0,"key":"Calipers"},{"floor":29.0,"key":"Toxic Egg 2"}],"event_choices":[{"damage_healed":0.0,"max_hp_gain":0.0,"max_hp_loss":0.0,"gold_gain":0.0,"event_name":"Upgrade Shrine","player_choice":"Upgraded","floor":4.0,"gold_loss":0.0,"damage_taken":0.0,"cards_upgraded":["Distraction"]},{"damage_healed":17.0,"max_hp_gain":0.0,"max_hp_loss":0.0,"gold_gain":0.0,"event_name":"The Cleric","player_choice":"Healed","floor":7.0,"gold_loss":35.0,"damage_taken":0.0},{"damage_healed":0.0,"max_hp_gain":0.0,"max_hp_loss":0.0,"gold_gain":0.0,"event_name":"Nest","player_choice":"Joined the Cult","floor":19.0,"gold_loss":0.0,"damage_taken":6.0,"cards_obtained":["RitualDagger"]},{"damage_healed":0.0,"max_hp_gain":0.0,"max_hp_loss":0.0,"gold_gain":0.0,"event_name":"The Mausoleum","player_choice":"Opened","floor":22.0,"gold_loss":0.0,"damage_taken":0.0,"relics_obtained":["Letter Opener"]}],"is_beta":false,"boss_relics":[{"not_picked":["Snecko Eye","Fusion Hammer"],"picked":"Velvet Choker"}],"items_purged_floors":[],"is_endless":false,"potions_floor_spawned":[1,6,8,14,16,25,27,29],"killed_by":"Champ","ascension_level":3}}