{"host":"bxn2em57qlx5u4i0","time":1613614079,"event":{"mods":["BaseMod","Colored Map","Colored Powertips","Highlight Path","Minty Spire (QoL Compilation)","Random Character Button","Relic Sorter","Relic Stats","StSLib","SuperFastMode"],"gold_per_floor":[114,37,53,53,53,53,53,18,18,18,18],"floor_reached":10,"language":"ENG","playtime":178,"items_purged":[],"score":108,"play_id":"97ba4002-daba-4154-b525-60843083ef8e","local_time":"20210217210759","is_ascension_mode":true,"campfire_choices":[{"data":"Footwork","floor":6,"key":"SMITH"},{"data":"Neutralize","floor":7,"key":"SMITH"}],"circlet_count":0,"master_deck":["AscendersBane","Strike_G","Strike_G","Strike_G","Strike_G","Strike_G","Defend_G","Defend_G","Defend_G","Defend_G","Defend_G","Survivor","Neutralize+1","Tactician","Footwork+1"],"relics":["Ring of the Snake","WingedGreaves","Golden Idol","Blue Candle","Matryoshka"],"acts_visited":["Exordium"],"potions_floor_usage":[10],"damage_taken":[{"damage":2,"enemies":"Jaw Worm","floor":1,"turns":8},{"damage":0,"enemies":"Small Slimes","floor":3,"turns":5},{"damage":58,"enemies":"Lagavulin","floor":10,"turns":13}],"seed_played":"3719599878722228253","potions_obtained":[{"floor":3,"key":"SteroidPotion"}],"is_trial":false,"path_per_floor":["M","$","M","?","?","R","R","?","T","E"],"character_chosen":"THE_SILENT","items_purchased":["Footwork"],"campfire_rested":0,"item_purchase_floors":[2],"current_hp_per_floor":[42,42,42,42,24,24,24,39,39,0,0],"gold":18,"neow_bonus":"ONE_RARE_RELIC","is_daily":false,"chose_seed":false,"campfire_upgraded":2,"win_rate":0.0,"timestamp":1613614079,"path_taken":["M","$","M","?","?","R","R","?","T","E"],"items_purchased_type":["Card"],"build_version":"2020-12-22","purchased_purges":0,"victory":false,"max_hp_per_floor":[66,66,66,60,60,60,60,60,60,60,60],"relic_stats":{"counters":[3,26],"Golden Idol":0,"Blue Candle":[0],"obtain_stats":[{"Matryoshka":9,"Golden Idol":4,"Blue Candle":5,"WingedGreaves":0,"Ring of the Snake":0},{"Matryoshka":2,"Golden Idol":2,"Blue Candle":2,"WingedGreaves":0,"Ring of the Snake":0},{"Matryoshka":13,"Golden Idol":13,"Blue Candle":13,"WingedGreaves":0,"Ring of the Snake":0}],"Ring of the Snake":[6]},"card_choices":[{"not_picked":["Prepared","Quick Slash"],"picked":"Tactician","floor":1},{"not_picked":["Deflect","Bane","Accuracy"],"picked":"SKIP","floor":3}],"player_experience":3038093,"relics_obtained":[{"floor":9,"key":"Matryoshka"}],"event_choices":[{"damage_healed":0,"gold_gain":0,"player_choice":"Lose Max HP","damage_taken":0,"relics_obtained":["Golden Idol"],"max_hp_gain":0,"max_hp_loss":6,"event_name":"Golden Idol","floor":4,"gold_loss":0},{"damage_healed":0,"gold_gain":0,"player_choice":"Success","damage_taken":18,"relics_obtained":["Blue Candle"],"max_hp_gain":0,"max_hp_loss":0,"event_name":"Scrap Ooze","floor":5,"gold_loss":0},{"damage_healed":15,"gold_gain":0,"player_choice":"Healed","damage_taken":0,"max_hp_gain":0,"max_hp_loss":0,"event_name":"The Cleric","floor":8,"gold_loss":35}],"is_beta":false,"boss_relics":[],"items_purged_floors":[],"is_endless":false,"potions_floor_spawned":[3],"killed_by":"Lagavulin","ascension_level":20}}