{"host":"ve9aztkoyqeblvav","time":1613669184,"event":{"mods":["Act Like it!","Aspiration","BaseMod","Colored Map","Colored Powertips","Highlight Path","Luminous","Marked Mod","Minty Spire (QoL Compilation)","Pale of the Ancients","Quick Restart","Reorder Act Four","StSLib","The Hierophant","Waifu the Spire"],"gold_per_floor":[113,113,113,126,126,154,164,194,194,221,233,262,262,310,310,382,382,396,411,411,411,431,464,477,119,119,150,163,163,63,77,77,156,156,168,185,19,34,45,45,80,80,104,129,145,145,20,30,30,30,30],"floor_reached":50,"language":"ZHS","playtime":1761,"items_purged":["Strike_P","Defend_P","Strike_P+1"],"score":1209,"play_id":"42cca02b-ca81-4044-aad8-10d59625be8f","local_time":"20210219012624","is_ascension_mode":true,"campfire_choices":[{"data":"BowlingBash","floor":13.0,"key":"SMITH"},{"data":"FlurryOfBlows","floor":15.0,"key":"SMITH"},{"floor":29.0,"key":"RECALL"},{"data":"Tantrum","floor":32.0,"key":"SMITH"},{"floor":40.0,"key":"REST"},{"floor":42.0,"key":"REST"},{"data":"Steam Power","floor":49.0,"key":"SMITH"}],"circlet_count":0,"master_deck":["AscendersBane","Strike_P+1","Defend_P+1","Defend_P+1","Defend_P+1","Eruption+1","Vigilance+1","FlurryOfBlows+1","BowlingBash+1","InnerPeace+1","FearNoEvil+1","LessonLearned+1","Indignation+1","BattleHymn+1","Tantrum+1","DevaForm+1","Steam Power+1","Hologram+1","Gash+1"],"relics":["PureWater","NeowsBlessing","FaceOfCleric","Ornamental Fan","White Beast Statue","Bag of Marbles","Meat on the Bone","Dream Catcher","Strawberry","VioletLotus","MarkedMod:AcupunctureKit","TeardropLocket","aspiration:DefectSkillbook","Bag of Preparation","Molten Egg 2","Nunchaku","Incense Burner"],"acts_visited":["Exordium","TheCity","TheBeyond"],"potions_floor_usage":[50],"damage_taken":[{"damage":0.0,"enemies":"Jaw Worm","floor":1.0,"turns":1.0},{"damage":0.0,"enemies":"2 Louse","floor":4.0,"turns":1.0},{"damage":0.0,"enemies":"Gremlin Nob","floor":6.0,"turns":1.0},{"damage":0.0,"enemies":"Cultist","floor":7.0,"turns":4.0},{"damage":9.0,"enemies":"Lagavulin","floor":8.0,"turns":7.0},{"damage":0.0,"enemies":"Gremlin Nob","floor":10.0,"turns":2.0},{"damage":14.0,"enemies":"Exordium Thugs","floor":11.0,"turns":2.0},{"damage":21.0,"enemies":"3 Sentries","floor":12.0,"turns":7.0},{"damage":29.0,"enemies":"The Guardian","floor":16.0,"turns":12.0},{"damage":1.0,"enemies":"Spheric Guardian","floor":18.0,"turns":3.0},{"damage":2.0,"enemies":"2 Thieves","floor":19.0,"turns":3.0},{"damage":0.0,"enemies":"Centurion and Healer","floor":22.0,"turns":5.0},{"damage":38.0,"enemies":"Gremlin Leader","floor":23.0,"turns":7.0},{"damage":0.0,"enemies":"3 Cultists","floor":24.0,"turns":3.0},{"damage":20.0,"enemies":"Book of Stabbing","floor":27.0,"turns":4.0},{"damage":0.0,"enemies":"Cultist and Chosen","floor":28.0,"turns":3.0},{"damage":0.0,"enemies":"Snake Plant","floor":31.0,"turns":2.0},{"damage":38.0,"enemies":"Champ","floor":33.0,"turns":6.0},{"damage":17.0,"enemies":"3 Darklings","floor":35.0,"turns":3.0},{"damage":34.0,"enemies":"3 Shapes","floor":36.0,"turns":4.0},{"damage":18.0,"enemies":"Spire Growth","floor":38.0,"turns":3.0},{"damage":0.0,"enemies":"Transient","floor":39.0,"turns":6.0},{"damage":35.0,"enemies":"Nemesis","floor":41.0,"turns":5.0},{"damage":17.0,"enemies":"Mind Bloom Boss Battle","floor":44.0,"turns":4.0},{"damage":0.0,"enemies":"Jaw Worm Horde","floor":45.0,"turns":3.0},{"damage":5.0,"enemies":"3 Darklings","floor":48.0,"turns":3.0},{"damage":65,"enemies":"Time Eater","floor":50,"turns":8}],"seed_played":"3099403447270477194","potions_obtained":[{"floor":4.0,"key":"DistilledChaos"},{"floor":6.0,"key":"PowerPotion"},{"floor":10.0,"key":"SkillPotion"},{"floor":11.0,"key":"SpeedPotion"},{"floor":12.0,"key":"Weak Potion"},{"floor":16.0,"key":"Dexterity Potion"},{"floor":18.0,"key":"Swift Potion"},{"floor":19.0,"key":"SpeedPotion"},{"floor":22.0,"key":"SteroidPotion"},{"floor":23.0,"key":"MarkedMod:BlackLotusJuice"},{"floor":24.0,"key":"LiquidMemories"},{"floor":27.0,"key":"FearPotion"},{"floor":28.0,"key":"Ancient Potion"},{"floor":33.0,"key":"Explosive Potion"},{"floor":35.0,"key":"GamblersBrew"},{"floor":36.0,"key":"SkillPotion"},{"floor":39.0,"key":"Swift Potion"},{"floor":41.0,"key":"LiquidBronze"},{"floor":44.0,"key":"AttackPotion"},{"floor":45.0,"key":"ColorlessPotion"},{"floor":48.0,"key":"Regen Potion"}],"is_trial":false,"path_per_floor":["M","?","?","M","?","E","M","E","T","E","M","E","R","T","R","B",null,"M","M","?","?","M","E","M","$","T","E","M","R","$","M","R","B",null,"M","M","$","M","M","R","E","R","T","?","M","?","$","M","R","B"],"character_chosen":"WATCHER","items_purchased":["TeardropLocket","Bag of Preparation"],"campfire_rested":2,"item_purchase_floors":[25,37],"current_hp_per_floor":[61,41,63,63,63,64,65,57,57,58,45,37,37,44,44,28,69,69,68,68,68,69,44,45,45,45,38,51,51,51,52,52,27,75,59,38,38,33,46,74,52,80,80,64,65,65,65,61,61,11,11],"gold":30,"neow_bonus":"THREE_ENEMY_KILL","is_daily":false,"chose_seed":false,"campfire_upgraded":4,"win_rate":0.0,"timestamp":1613669184,"path_taken":["M","?","?","M","?","E","?","E","T","E","M","E","R","?","R","BOSS","M","M","?","?","M","E","?","$","T","E","M","R","$","M","R","BOSS","M","M","$","M","M","R","E","R","T","?","M","?","$","M","R","BOSS"],"items_purchased_type":["Relic","Relic"],"build_version":"2020-12-22","purchased_purges":3,"victory":false,"max_hp_per_floor":[68,68,68,68,68,69,70,71,71,72,73,74,74,81,81,82,82,83,84,84,84,85,86,87,87,87,88,89,89,89,90,90,91,91,92,93,93,94,95,95,96,96,96,97,98,93,93,94,94,94,94],"card_choices":[{"not_picked":["Consecrate","Evaluate"],"picked":"FlurryOfBlows","floor":1.0},{"not_picked":["Evaluate","Vengeance","EmptyBody"],"picked":"SKIP","floor":4.0},{"not_picked":["MarkedMod:NorthStar","WreathOfFlame","Collect"],"picked":"SKIP","floor":6.0},{"not_picked":["TalkToTheHand","MarkedMod:FirstStrike"],"picked":"BowlingBash","floor":7.0},{"not_picked":["Consecrate","PathToVictory","SandsOfTime"],"picked":"SKIP","floor":8.0},{"not_picked":["Halt","MarkedMod:Acupuncture"],"picked":"InnerPeace","floor":10.0},{"not_picked":["SashWhip","DeceiveReality","EmptyBody"],"picked":"SKIP","floor":11.0},{"not_picked":["ClearTheMind","MarkedMod:Acupuncture"],"picked":"FearNoEvil","floor":12.0},{"not_picked":["Wish","DeusExMachina"],"picked":"LessonLearned","floor":16.0},{"not_picked":["SashWhip","FlyingSleeves","Prostrate"],"picked":"SKIP","floor":18.0},{"not_picked":["MarkedMod:GracefulMovements","Brilliance","EmptyMind"],"picked":"SKIP","floor":19.0},{"not_picked":["EmptyMind","ThirdEye","SashWhip"],"picked":"SKIP","floor":22.0},{"not_picked":["Consecrate","MarkedMod:FirstStrike"],"picked":"Indignation","floor":23.0},{"not_picked":["MarkedMod:GentlePulse","Evaluate"],"picked":"BattleHymn+1","floor":24.0},{"not_picked":["SpiritShield","Swivel","ForeignInfluence"],"picked":"SKIP","floor":27.0},{"not_picked":["WindmillStrike","BowlingBash","FlurryOfBlows"],"picked":"SKIP","floor":28.0},{"not_picked":["WindmillStrike","BowlingBash","FlurryOfBlows"],"picked":"SKIP","floor":28.0},{"not_picked":["FlyingSleeves","CrushJoints"],"picked":"Tantrum","floor":31.0},{"not_picked":["MarkedMod:ChiBlock","Scrawl"],"picked":"DevaForm","floor":33.0},{"not_picked":["Static Discharge","Steam Power","ClearTheMind","MarkedMod:GracefulMovements"],"picked":"SKIP","floor":35.0},{"not_picked":["Static Discharge","ClearTheMind","MarkedMod:GracefulMovements"],"picked":"Steam Power","floor":35.0},{"not_picked":["JustLucky+1","Steam","Sweeping Beam"],"picked":"Hologram+1","floor":36.0},{"not_picked":["FlyingSleeves","Cold Snap","Tempest","Protect"],"picked":"SKIP","floor":38.0},{"not_picked":["Barrage+1","Wireheading","CutThroughFate","Sweeping Beam"],"picked":"SKIP","floor":39.0},{"not_picked":["FearNoEvil+1","Defragment","Wish","SignatureMove+1"],"picked":"SKIP","floor":41.0},{"not_picked":["Brilliance+1","MarkedMod:PinPointDefense","FlyingSleeves+1","CrushJoints+1"],"picked":"SKIP","floor":45.0},{"not_picked":["Brilliance+1","MarkedMod:PinPointDefense","FlyingSleeves+1","CrushJoints+1"],"picked":"SKIP","floor":45.0},{"not_picked":["SashWhip+1","Crescendo","Indignation"],"picked":"Gash+1","floor":48.0}],"player_experience":1663830,"relics_obtained":[{"floor":6.0,"key":"Ornamental Fan"},{"floor":8.0,"key":"White Beast Statue"},{"floor":9.0,"key":"Bag of Marbles"},{"floor":10.0,"key":"Meat on the Bone"},{"floor":12.0,"key":"Dream Catcher"},{"floor":14.0,"key":"Strawberry"},{"floor":23.0,"key":"MarkedMod:AcupunctureKit"},{"floor":41.0,"key":"Molten Egg 2"},{"floor":43.0,"key":"Nunchaku"},{"floor":44.0,"key":"Incense Burner"}],"event_choices":[{"damage_healed":0.0,"max_hp_gain":0.0,"max_hp_loss":0.0,"gold_gain":0.0,"event_name":"Shining Light","player_choice":"Entered Light","floor":2.0,"gold_loss":0.0,"damage_taken":20.0,"cards_upgraded":["Strike_P","Eruption"]},{"damage_healed":22.0,"max_hp_gain":0.0,"max_hp_loss":0.0,"gold_gain":0.0,"event_name":"Big Fish","player_choice":"Banana","floor":3.0,"gold_loss":0.0,"damage_taken":0.0},{"damage_healed":0.0,"max_hp_gain":0.0,"max_hp_loss":0.0,"gold_gain":0.0,"event_name":"FaceTrader","player_choice":"Trade","floor":5.0,"gold_loss":0.0,"damage_taken":0.0,"relics_obtained":["FaceOfCleric"]},{"damage_healed":0.0,"max_hp_gain":0.0,"max_hp_loss":0.0,"gold_gain":0.0,"event_name":"The Mausoleum","player_choice":"Ignored","floor":20.0,"gold_loss":0.0,"damage_taken":0.0},{"cards_removed":["Strike_P"],"damage_healed":0.0,"max_hp_gain":0.0,"max_hp_loss":0.0,"gold_gain":0.0,"event_name":"Purifier","player_choice":"Purged","floor":21.0,"gold_loss":0.0,"damage_taken":0.0},{"damage_healed":0.0,"max_hp_gain":0.0,"max_hp_loss":0.0,"gold_gain":0.0,"event_name":"MindBloom","player_choice":"Fight","floor":44.0,"gold_loss":0.0,"damage_taken":0.0},{"damage_healed":0.0,"max_hp_gain":0.0,"max_hp_loss":5.0,"gold_gain":0.0,"event_name":"Winding Halls","player_choice":"Max HP","floor":46.0,"gold_loss":0.0,"damage_taken":0.0}],"is_beta":false,"boss_relics":[{"not_picked":["Sozu","HolyWater"],"picked":"VioletLotus"},{"not_picked":["aspiration:SecretTechniqueScroll","aspiration:PoetsPen_weak"],"picked":"aspiration:DefectSkillbook"}],"items_purged_floors":[25,30,47],"is_endless":false,"potions_floor_spawned":[4,6,10,11,12,16,18,19,22,23,24,27,28,31,33,35,36,38,39,41,44,45,48],"killed_by":"Time Eater","ascension_level":20}}