{"host":"5wwct7e0z3l0f094","time":1613692042,"event":{"mods":["AchievementEnabler","BaseMod","Downfall","Highlight Path","Minty Spire (QoL Compilation)","Quick Restart","StSLib","SuperFastMode"],"gold_per_floor":[363,363,374,384,398,427,205,380,380,380,380,390,425,500,500,604,604,619,633,644,594,594,594],"floor_reached":22,"language":"ENG","playtime":685,"items_purged":["Strike_B"],"score":304,"play_id":"3c79221b-e3cd-4e41-9bf2-6c8e5088e525","local_time":"20210218184722","is_ascension_mode":true,"campfire_choices":[{"floor":11.0,"key":"REST"},{"floor":15.0,"key":"REST"}],"circlet_count":0,"master_deck":["AscendersBane","Strike_B","Strike_B","Defend_B","Defend_B","Defend_B","Defend_B","Zap+1","Dualcast","Ball Lightning","Electrodynamics","Doubt","White Noise","Echo Form","Loop"],"relics":["Cracked Core","Centennial Puzzle","Strawberry","Sundial","Sozu"],"acts_visited":["Exordium","TheCity"],"potions_floor_usage":[],"damage_taken":[{"damage":4.0,"enemies":"Jaw Worm","floor":1.0,"turns":4.0},{"damage":3.0,"enemies":"Small Slimes","floor":3.0,"turns":3.0},{"damage":1.0,"enemies":"Cultist","floor":4.0,"turns":3.0},{"damage":23.0,"enemies":"3 Louse","floor":5.0,"turns":4.0},{"damage":8.0,"enemies":"Gremlin Nob","floor":6.0,"turns":3.0},{"damage":0.0,"enemies":"Large Slime","floor":12.0,"turns":3.0},{"damage":15.0,"enemies":"Lagavulin","floor":13.0,"turns":7.0},{"damage":3.0,"enemies":"Slime Boss","floor":16.0,"turns":6.0},{"damage":12,"enemies":"Chosen","floor":18,"turns":3},{"damage":33,"enemies":"2 Thieves","floor":19,"turns":4},{"damage":8,"enemies":"3 Cultists","floor":20,"turns":3},{"damage":18,"enemies":"Snecko","floor":22,"turns":2}],"seed_played":"7968008003417237242","potions_obtained":[{"floor":1.0,"key":"Ancient Potion"},{"floor":4.0,"key":"PowerPotion"},{"floor":13.0,"key":"AttackPotion"}],"is_trial":false,"path_per_floor":["M","?","M","M","M","E","$","?","T","?","R","M","E","?","R","B",null,"M","M","M","?","M"],"character_chosen":"DEFECT","items_purchased":["Strawberry"],"campfire_rested":2,"item_purchase_floors":[7],"current_hp_per_floor":[46,39,36,35,12,4,11,11,11,11,35,35,20,9,33,30,69,57,24,16,16,0,0],"gold":594,"neow_bonus":"TWO_FIFTY_GOLD","is_daily":false,"chose_seed":false,"campfire_upgraded":0,"win_rate":0.0,"timestamp":1613692042,"path_taken":["M","?","M","M","M","E","$","?","T","?","R","?","E","?","R","BOSS","M","M","M","?","?"],"items_purchased_type":["Relic"],"build_version":"2020-12-22","purchased_purges":1,"victory":false,"max_hp_per_floor":[75,75,75,75,75,75,82,82,82,82,82,82,82,82,82,82,82,82,82,82,82,82,82],"card_choices":[{"not_picked":["Doom and Gloom","Compile Driver"],"picked":"Ball Lightning","floor":1.0},{"not_picked":["Rebound","Coolheaded","Consume"],"picked":"SKIP","floor":3.0},{"not_picked":["Redo","Rebound","Chaos"],"picked":"SKIP","floor":4.0},{"not_picked":["Hologram","Coolheaded","Cold Snap"],"picked":"SKIP","floor":5.0},{"not_picked":["Ball Lightning","Cold Snap"],"picked":"Electrodynamics","floor":6.0},{"not_picked":["Blizzard","Hologram"],"picked":"White Noise","floor":12.0},{"not_picked":["Streamline","Coolheaded","Sweeping Beam"],"picked":"SKIP","floor":13.0},{"not_picked":["Biased Cognition","Hyperbeam"],"picked":"Echo Form","floor":16.0},{"not_picked":["Steam","Chill","Blizzard+1"],"picked":"SKIP","floor":18},{"not_picked":["Stack","Leap"],"picked":"Loop","floor":19},{"not_picked":["Compile Driver","Ball Lightning","Turbo"],"picked":"SKIP","floor":20}],"player_experience":344839,"relics_obtained":[{"floor":6.0,"key":"Centennial Puzzle"},{"floor":13.0,"key":"Sundial"}],"event_choices":[{"cards_removed":["Strike_B"],"damage_healed":0.0,"max_hp_gain":0.0,"max_hp_loss":0.0,"gold_gain":0.0,"event_name":"Golden Wing","player_choice":"Card Removal","floor":2.0,"gold_loss":0.0,"damage_taken":7.0},{"damage_healed":0.0,"max_hp_gain":0.0,"max_hp_loss":0.0,"gold_gain":175.0,"event_name":"Liars Game","player_choice":"AGREE","floor":8.0,"gold_loss":0.0,"damage_taken":0.0,"cards_obtained":["Doubt"]},{"damage_healed":0.0,"max_hp_gain":0.0,"max_hp_loss":0.0,"gold_gain":0.0,"event_name":"Accursed Blacksmith","player_choice":"Forge","floor":10.0,"gold_loss":0.0,"damage_taken":0.0,"cards_upgraded":["Zap"]},{"damage_healed":0.0,"max_hp_gain":0.0,"max_hp_loss":0.0,"gold_gain":75.0,"event_name":"World of Goop","player_choice":"Gather Gold","floor":14.0,"gold_loss":0.0,"damage_taken":11.0},{"damage_healed":0,"gold_gain":0,"player_choice":"Bet on Murderer","damage_taken":0,"max_hp_gain":0,"max_hp_loss":0,"event_name":"The Joust","floor":21,"gold_loss":50}],"is_beta":false,"boss_relics":[{"not_picked":["Velvet Choker","Inserter"],"picked":"Sozu"}],"items_purged_floors":[7],"is_endless":false,"potions_floor_spawned":[1,4,13],"killed_by":"Snecko","ascension_level":11}}