{"host":"ormi09wwzv7sq47a","time":1613650956,"event":{"mods":["2.2 Compatiblity","AchievementEnabler","Act Like it!","BaseMod","Bestiary","Better Altar","Better Note","Better Sensory Stone","Better Silent Start","Better Skull","Better Third Choice","Better Vampires","BetterRewards","Block Reminder","Card Forge","Colored Map","Colored Powertips","Curses Come First","DeckTracker","Downfall","Highlight Path","Minty Spire (QoL Compilation)","Permanent Neow","Quick Restart","Rare Cards Sparkle","Relic Stats","Shop Mod","StSLib","The Jungle"],"gold_per_floor":[138,172,211,228,248,248,258,258,258,358,368,407,407,426,426,525,525,566,491,691,74,109,139,139,156,156,156,201,219,245,259,259,334,334,347,372,384,384,399,399,429,471,495,539,558,558,627,627,627],"floor_reached":48,"language":"ENG","playtime":2837,"items_purged":["Darkness"],"score":1327,"play_id":"54418751-0c86-4a36-a962-ee933df62952","local_time":"20210218102236","is_ascension_mode":true,"campfire_choices":[{"data":"Zap","floor":6.0,"key":"SMITH"},{"data":"HandOfGreed","floor":8.0,"key":"SMITH"},{"data":"Scrape","floor":13.0,"key":"SMITH"},{"data":"Scrape","floor":15.0,"key":"SMITH"},{"data":"Sunder","floor":24.0,"key":"SMITH"},{"data":"Coolheaded","floor":27.0,"key":"SMITH"},{"floor":32.0,"key":"REST"},{"data":"Go for the Eyes","floor":40.0,"key":"SMITH"},{"data":"Seek","floor":46,"key":"SMITH"}],"circlet_count":0,"master_deck":["AscendersBane","Zap+1","Beam Cell","Scrape+1","HandOfGreed+1","Go for the Eyes+1","Sunder+1","Steam Power","Scrape+1","Steam","All For One+1","Hologram","FTL","Conserve Battery","Steam","Steam","Gash","All For One","Auto Shields","Hologram","Lockon","All For One+1","Turbo","Coolheaded+1","Undo","Hologram+1","Turbo","Gash","Gash","Aggregate+1","All For One","White Noise+1","Turbo+1","Beam Cell+1","Pain","Stack+1","Seek+1","Steam","BootSequence","Scrape"],"relics":["Cracked Core","Hammer of Thor","Seething Fire","Anvil of the Gods","FossilizedHelix","Prayer Wheel","Pear","Pandora\u0027s Box","Whetstone","bronze:DonusWashers","Regal Pillow","champ:DeflectingBracers","Slimebound:PreparedRelic","InkBottle","Cursed Key","Ginger","Kunai"],"acts_visited":["Exordium","TheCity","TheBeyond"],"potions_floor_usage":[45,45],"damage_taken":[{"damage":0.0,"enemies":"2 Louse","floor":1.0,"turns":3.0},{"damage":0.0,"enemies":"Cultist","floor":2.0,"turns":2.0},{"damage":0.0,"enemies":"Jaw Worm","floor":3.0,"turns":2.0},{"damage":10.0,"enemies":"Lots of Slimes","floor":4.0,"turns":3.0},{"damage":0.0,"enemies":"Exordium Wildlife","floor":5.0,"turns":2.0},{"damage":0.0,"enemies":"Looter","floor":7.0,"turns":2.0},{"damage":0.0,"enemies":"3 Louse","floor":11.0,"turns":2.0},{"damage":0.0,"enemies":"Large Slime","floor":12.0,"turns":2.0},{"damage":0.0,"enemies":"Looter","floor":14.0,"turns":3.0},{"damage":18.0,"enemies":"Hexaghost","floor":16.0,"turns":5.0},{"damage":0.0,"enemies":"Chosen","floor":18.0,"turns":3.0},{"damage":18.0,"enemies":"3 Byrds","floor":22.0,"turns":3.0},{"damage":0.0,"enemies":"Gremlin Leader","floor":23.0,"turns":3.0},{"damage":0.0,"enemies":"Centurion and Healer","floor":25.0,"turns":3.0},{"damage":0.0,"enemies":"Snecko","floor":28.0,"turns":3.0},{"damage":8.0,"enemies":"Snake Plant","floor":29.0,"turns":2.0},{"damage":0.0,"enemies":"Book of Stabbing","floor":30.0,"turns":1.0},{"damage":9.0,"enemies":"Centurion and Healer","floor":31.0,"turns":2.0},{"damage":0.0,"enemies":"Champ","floor":33.0,"turns":5.0},{"damage":0.0,"enemies":"3 Darklings","floor":35.0,"turns":2.0},{"damage":1.0,"enemies":"Mind Bloom Boss Battle","floor":36.0,"turns":3.0},{"damage":0.0,"enemies":"3 Shapes","floor":37.0,"turns":3.0},{"damage":0.0,"enemies":"Transient","floor":39.0,"turns":6.0},{"damage":33.0,"enemies":"Nemesis","floor":41.0,"turns":5.0},{"damage":0.0,"enemies":"4 Shapes","floor":42.0,"turns":3.0},{"damage":0,"enemies":"Jaw Worm Horde","floor":44,"turns":3},{"damage":17,"enemies":"Writhing Mass","floor":45,"turns":3},{"damage":0,"enemies":"Sphere and 2 Shapes","floor":47,"turns":2},{"damage":27,"enemies":"Reptomancer","floor":48,"turns":3}],"seed_played":"7408884237065255809","potions_obtained":[{"floor":2.0,"key":"AttackPotion"},{"floor":3.0,"key":"hexamod:SoulburnPotion"},{"floor":5.0,"key":"PowerPotion"},{"floor":14.0,"key":"AttackPotion"},{"floor":18.0,"key":"FearPotion"},{"floor":28.0,"key":"Regen Potion"},{"floor":31.0,"key":"Block Potion"},{"floor":33.0,"key":"Explosive Potion"},{"floor":35.0,"key":"SkillPotion"},{"floor":37.0,"key":"Fire Potion"},{"floor":44,"key":"AttackPotion"}],"is_trial":false,"path_per_floor":["M","M","M","M","M","R","M","R","T","?","M","M","R","M","R","B",null,"M","?","?","$","M","E","R","M","T","R","M","M","E","M","R","B",null,"M","?","M","?","M","R","E","M","T","M","M","R","M","E"],"character_chosen":"DEFECT","items_purchased":["Beam Cell","Scrape","HandOfGreed","Prayer Wheel","Whetstone","bronze:DonusWashers","Turbo","Regal Pillow"],"campfire_rested":1,"item_purchase_floors":[0,0,0,0,21,21,21,21],"current_hp_per_floor":[32,32,32,22,22,22,22,22,32,32,32,32,32,32,32,14,64,64,64,64,64,46,46,46,46,46,46,46,38,38,34,73,73,79,79,78,78,77,77,77,44,44,44,44,27,27,27,0,0],"gold":627,"neow_bonus":"","is_daily":false,"chose_seed":false,"campfire_upgraded":8,"win_rate":0.0,"timestamp":1613650956,"path_taken":["M","M","M","M","M","R","M","R","T","?","M","M","R","?","R","BOSS","M","?","?","$","M","E","R","M","T","R","M","?","E","M","R","BOSS","M","?","M","?","M","R","E","M","T","M","M","R","M","E"],"items_purchased_type":["Card","Card","Card","Relic","Relic","Relic","Card","Relic"],"build_version":"2020-12-22","purchased_purges":1,"victory":false,"max_hp_per_floor":[71,71,71,71,71,71,71,71,81,81,81,81,81,81,81,81,81,81,81,81,81,81,81,81,81,81,81,81,81,81,81,81,81,81,81,81,81,77,77,77,77,77,77,77,77,77,77,77,77],"relic_stats":{"Regal Pillow":15,"counters":[29,84],"Prayer Wheel":22,"Pandora\u0027s Box":["Auto Shields","Hologram","Darkness","Lockon","All For One","Turbo","Coolheaded","Undo"],"Whetstone":["All For One","All For One"],"Ginger":[3],"Kunai":[21],"Cursed Key":1,"obtain_stats":[{"bronze:DonusWashers":21,"Regal Pillow":21,"Pear":9,"Hammer of Thor":0,"champ:DeflectingBracers":23,"Seething Fire":0,"Whetstone":21,"Ginger":36,"Cursed Key":34,"Anvil of the Gods":0,"Prayer Wheel":0,"Pandora\u0027s Box":17,"Slimebound:PreparedRelic":26,"Kunai":41,"Cracked Core":0,"FossilizedHelix":0,"InkBottle":30},{"bronze:DonusWashers":11,"Regal Pillow":11,"Pear":6,"Hammer of Thor":0,"champ:DeflectingBracers":13,"Seething Fire":0,"Whetstone":11,"Ginger":21,"Cursed Key":19,"Anvil of the Gods":0,"Prayer Wheel":0,"Pandora\u0027s Box":10,"Slimebound:PreparedRelic":14,"Kunai":24,"Cracked Core":0,"FossilizedHelix":0,"InkBottle":17},{"bronze:DonusWashers":29,"Regal Pillow":29,"Pear":14,"Hammer of Thor":0,"champ:DeflectingBracers":35,"Seething Fire":0,"Whetstone":29,"Ginger":56,"Cursed Key":51,"Anvil of the Gods":0,"Prayer Wheel":0,"Pandora\u0027s Box":26,"Slimebound:PreparedRelic":38,"Kunai":70,"Cracked Core":0,"FossilizedHelix":0,"InkBottle":44}],"InkBottle":[44]},"card_choices":[{"not_picked":["BootSequence","Ball Lightning"],"picked":"Go for the Eyes","floor":1.0},{"not_picked":["Redo","Melter"],"picked":"Sunder","floor":1.0},{"not_picked":["Defragment","Chill"],"picked":"Steam Power","floor":2.0},{"not_picked":["Streamline","Reprogram","Beam Cell"],"picked":"SKIP","floor":2.0},{"not_picked":["Ball Lightning","Redo"],"picked":"Scrape","floor":3.0},{"not_picked":["Cold Snap","Ball Lightning","Melter"],"picked":"SKIP","floor":3.0},{"not_picked":["Leap","Sweeping Beam"],"picked":"Steam","floor":4.0},{"not_picked":["Sunder","Rebound"],"picked":"All For One","floor":4.0},{"not_picked":["Barrage","Leap"],"picked":"Hologram","floor":5.0},{"not_picked":["Defragment","Loop"],"picked":"FTL","floor":5.0},{"not_picked":["Barrage","Stack"],"picked":"Conserve Battery","floor":7.0},{"not_picked":["Rip and Tear","Undo","Redo"],"picked":"SKIP","floor":7.0},{"not_picked":["Sweeping Beam","Ball Lightning","Chaos"],"picked":"SKIP","floor":11.0},{"not_picked":["Melter","Chaos","Consume"],"picked":"SKIP","floor":11.0},{"not_picked":["Streamline","All For One"],"picked":"Steam","floor":12.0},{"not_picked":["Doom and Gloom","Beam Cell"],"picked":"Steam","floor":12.0},{"not_picked":["Streamline","Hologram"],"picked":"Gash","floor":14.0},{"not_picked":["Sweeping Beam","Auto Shields","Tempest"],"picked":"SKIP","floor":14.0},{"not_picked":["Rainbow","Creative AI"],"picked":"All For One","floor":16.0},{"not_picked":["Glacier+1","BootSequence"],"picked":"Hologram+1","floor":18.0},{"not_picked":["Conserve Battery","Sweeping Beam","Capacitor"],"picked":"SKIP","floor":18.0},{"not_picked":["Auto Shields","Consume"],"picked":"Gash","floor":22.0},{"not_picked":["Ball Lightning","Barrage","Sunder"],"picked":"SKIP","floor":22.0},{"not_picked":["Undo+1","Storm","Blizzard"],"picked":"SKIP","floor":23.0},{"not_picked":["Sunder","Cold Snap"],"picked":"Gash","floor":25.0},{"not_picked":["Tempest","Cold Snap","Reprogram"],"picked":"SKIP","floor":25.0},{"not_picked":["Streamline","Static Discharge","Beam Cell"],"picked":"SKIP","floor":28.0},{"not_picked":["Doom and Gloom","Redo+1","Rebound"],"picked":"SKIP","floor":28.0},{"not_picked":["Scrape","Sweeping Beam"],"picked":"Aggregate+1","floor":29.0},{"not_picked":["Beam Cell","Cold Snap","Hologram"],"picked":"SKIP","floor":29.0},{"not_picked":["Rainbow","Conserve Battery","Meteor Strike"],"picked":"SKIP","floor":30.0},{"not_picked":["Coolheaded","Cold Snap","Streamline"],"picked":"SKIP","floor":31.0},{"not_picked":["Beam Cell","Turbo","Steam"],"picked":"SKIP","floor":31.0},{"not_picked":["Creative AI","Biased Cognition"],"picked":"All For One","floor":33.0},{"not_picked":["Steam Power","Steam+1"],"picked":"White Noise+1","floor":35.0},{"not_picked":["Rip and Tear+1","Genetic Algorithm","Compile Driver"],"picked":"SKIP","floor":35.0},{"not_picked":["Stack","Chaos","Redo"],"picked":"SKIP","floor":37.0},{"not_picked":["Beam Cell+1","Go for the Eyes","Barrage"],"picked":"SKIP","floor":37.0},{"not_picked":["Scrape","Coolheaded"],"picked":"Turbo+1","floor":39.0},{"not_picked":["Sunder","Thunder Strike","Lockon"],"picked":"SKIP","floor":39.0},{"not_picked":["Doom and Gloom","Hologram"],"picked":"Beam Cell+1","floor":41.0},{"not_picked":["Barrage+1","Reprogram+1","Self Repair"],"picked":"SKIP","floor":42.0},{"not_picked":["Force Field+1","Chaos+1","Rebound+1"],"picked":"SKIP","floor":42.0},{"not_picked":["Sweeping Beam","Reprogram"],"picked":"Stack+1","floor":44},{"not_picked":["Compile Driver+1","Streamline","Coolheaded"],"picked":"SKIP","floor":44},{"not_picked":["Doom and Gloom","White Noise"],"picked":"Seek","floor":45},{"not_picked":["Streamline+1","Sweeping Beam"],"picked":"Steam","floor":45},{"not_picked":["Cold Snap","Rebound"],"picked":"BootSequence","floor":47},{"not_picked":["Barrage","Compile Driver+1"],"picked":"Scrape","floor":47}],"player_experience":1107669,"relics_obtained":[{"floor":9.0,"key":"Pear"},{"floor":23.0,"key":"champ:DeflectingBracers"},{"floor":26.0,"key":"Slimebound:PreparedRelic"},{"floor":30.0,"key":"InkBottle"},{"floor":36.0,"key":"Ginger"},{"floor":41.0,"key":"Kunai"}],"event_choices":[{"damage_healed":0.0,"max_hp_gain":0.0,"max_hp_loss":0.0,"gold_gain":100.0,"event_name":"Wheel of Change","player_choice":"Gold","floor":10.0,"gold_loss":0.0,"damage_taken":0.0},{"cards_removed":["Dualcast"],"damage_healed":0.0,"max_hp_gain":0.0,"max_hp_loss":0.0,"gold_gain":0.0,"event_name":"Beggar","player_choice":"Gave Gold","floor":19.0,"gold_loss":75.0,"damage_taken":0.0},{"damage_healed":0.0,"max_hp_gain":0.0,"max_hp_loss":0.0,"gold_gain":200.0,"event_name":"Wheel of Change","player_choice":"Gold","floor":20.0,"gold_loss":0.0,"damage_taken":0.0},{"damage_healed":0.0,"max_hp_gain":0.0,"max_hp_loss":0.0,"gold_gain":0.0,"event_name":"MindBloom","player_choice":"Fight","floor":36.0,"gold_loss":0.0,"damage_taken":0.0},{"damage_healed":0.0,"max_hp_gain":0.0,"max_hp_loss":4.0,"gold_gain":0.0,"event_name":"Winding Halls","player_choice":"Max HP","floor":38.0,"gold_loss":0.0,"damage_taken":0.0}],"is_beta":false,"boss_relics":[{"not_picked":["Sozu","Nuclear Battery"],"picked":"Pandora\u0027s Box"},{"not_picked":["SlaversCollar","SacredBark"],"picked":"Cursed Key"}],"items_purged_floors":[21],"is_endless":false,"potions_floor_spawned":[2,3,5,14,18,28,30,31,33,35,36,37,44],"killed_by":"Reptomancer","ascension_level":19}}