{"host":"j5j96s76v36ug78u","time":1613677469,"event":{"mods":["Astrologer","BaseMod","Better Third Choice","Downfall","Hermit","Highlight Path","Minty Spire (QoL Compilation)","Reliquary","StSLib","The Animator","The Hayseed","The Servant 0.9.4"],"gold_per_floor":[99,112,131,41,41,41,41,41,61,72,86,86,112,212,226,331,331,231,243,255,255,255,255,281,81,99,116,116,130,165,177,189,293,293,293,313,45,56,66,66,90,90,103,103,153,199,227,87,105,105,105],"floor_reached":50,"language":"ENG","playtime":4955,"items_purged":["TheSimpletonMod:Strike_TheSimpleton","TheSimpletonMod:Defend_TheSimpleton","TheSimpletonMod:Defend_TheSimpleton"],"score":571,"play_id":"5f5b7187-942b-4aa8-bc53-3a253722da0a","local_time":"20210218164429","is_ascension_mode":false,"campfire_choices":[{"data":"TheSimpletonMod:Haymaker","floor":1.0,"key":"SMITH"},{"data":"TheSimpletonMod:CrackOfDawn","floor":6.0,"key":"SMITH"},{"data":"TheSimpletonMod:Rototilling","floor":8.0,"key":"SMITH"},{"data":"TheSimpletonMod:Swelter","floor":12.0,"key":"SMITH"},{"data":"TheSimpletonMod:ReapAndSow","floor":18.0,"key":"SMITH"},{"floor":23.0,"key":"RECALL"},{"data":"TheSimpletonMod:Germinate","floor":25.0,"key":"SMITH"},{"data":"TheSimpletonMod:ErosionControl","floor":35.0,"key":"SMITH"},{"data":"expansioncontent:InvincibleStrength","floor":44,"key":"SMITH"}],"circlet_count":0,"master_deck":["TheSimpletonMod:Defend_TheSimpleton","TheSimpletonMod:Defend_TheSimpleton","TheSimpletonMod:Haymaker+1","TheSimpletonMod:ReapAndSow+1","TheSimpletonMod:Rototilling+1","TheSimpletonMod:Sunseed+1","TheSimpletonMod:CrackOfDawn+1","TheSimpletonMod:Corn","TheSimpletonMod:Swelter+1","TheSimpletonMod:Ferment","TheSimpletonMod:KeenEdge+1","TheSimpletonMod:VolatileFumes","TheSimpletonMod:Germinate+1","TheSimpletonMod:Pruning+1","Slimebound:Tackle+1","Slimebound:Tackle+1","Slimebound:Tackle+1","TheSimpletonMod:Mulch+1","TheSimpletonMod:Pruning+1","Insight","TheSimpletonMod:Rototilling+1","TheSimpletonMod:StockTheCellar","TheSimpletonMod:SeedCoat+1","TheSimpletonMod:OnionBloom","TheSimpletonMod:ErosionControl+1","TheSimpletonMod:Aerate","TheSimpletonMod:Potatoes+1","expansioncontent:YouAreMine","expansioncontent:InvincibleStrength+1","expansioncontent:InvincibleStrength","TheSimpletonMod:SeedCoat","TheSimpletonMod:SaltTheEarth","TheSimpletonMod:DoubleBarrel+1","TheSimpletonMod:SeedCoat+1","TheSimpletonMod:Potatoes+1","expansioncontent:DashGenerateEvil","TheSimpletonMod:Potatoes+1"],"relics":["TheSimpletonMod:SpudOfTheInnocent","TheSimpletonMod:NightSoil","TheSimpletonMod:TheHarvester","downfall:ShatteredFragment","Omamori","Pocketwatch","WristBlade","downfall:HeartBlessingGreen","downfall:HeartBlessingBlue","downfall:HeartBlessingRed","InkBottle","reliquary:Ember","Art of War","Orichalcum","Thread and Needle","StoneCalendar","reliquary:JackalopeAntler","Whetstone"],"acts_visited":["Exordium","TheCity","TheBeyond"],"potions_floor_usage":[39,45,49],"damage_taken":[{"damage":0.0,"enemies":"2 Louse","floor":2.0,"turns":3.0},{"damage":5.0,"enemies":"Jaw Worm","floor":3.0,"turns":5.0},{"damage":10.0,"enemies":"downfall:FleeingMerchant","floor":4.0,"turns":4.0},{"damage":2.0,"enemies":"Small Slimes","floor":9.0,"turns":3.0},{"damage":6.0,"enemies":"Blue Slaver","floor":10.0,"turns":4.0},{"damage":17.0,"enemies":"Large Slime","floor":11.0,"turns":4.0},{"damage":6.0,"enemies":"Gremlin Nob","floor":13.0,"turns":3.0},{"damage":0.0,"enemies":"downfall:LooterAlt","floor":15.0,"turns":3.0},{"damage":43.0,"enemies":"DF_ARCHETYPE_STREAMLINE","floor":16.0,"turns":8.0},{"damage":20.0,"enemies":"Shell Parasite","floor":19.0,"turns":4.0},{"damage":10.0,"enemies":"Chosen","floor":20.0,"turns":3.0},{"damage":9.0,"enemies":"Snecko","floor":26.0,"turns":3.0},{"damage":1.0,"enemies":"Sentry and Sphere","floor":27.0,"turns":3.0},{"damage":3.0,"enemies":"3 Cultists","floor":29.0,"turns":2.0},{"damage":13.0,"enemies":"Slavers","floor":30.0,"turns":3.0},{"damage":5.0,"enemies":"Snecko","floor":31.0,"turns":3.0},{"damage":4.0,"enemies":"Chosen and Byrds","floor":32.0,"turns":3.0},{"damage":28.0,"enemies":"WA_ARCHETYPE_CALM","floor":33.0,"turns":7.0},{"damage":3.0,"enemies":"Orb Walker","floor":36.0,"turns":3.0},{"damage":10.0,"enemies":"downfall:FleeingMerchant","floor":37.0,"turns":4.0},{"damage":1,"enemies":"3 Shapes","floor":38,"turns":5},{"damage":13,"enemies":"Writhing Mass","floor":39,"turns":5},{"damage":25,"enemies":"Transient","floor":43,"turns":5},{"damage":5,"enemies":"Transient","floor":45,"turns":4},{"damage":18,"enemies":"2 Orb Walkers","floor":46,"turns":4},{"damage":3,"enemies":"Giant Head","floor":47,"turns":6},{"damage":8,"enemies":"downfall:FleeingMerchant","floor":48,"turns":4},{"damage":0,"enemies":"Spire Growth","floor":49,"turns":3},{"damage":50,"enemies":"IC_BLOCK_ARCHETYPE","floor":50,"turns":7}],"seed_played":"190396903882865675","potions_obtained":[{"floor":2.0,"key":"Fire Potion"},{"floor":9.0,"key":"SkillPotion"},{"floor":10.0,"key":"SteroidPotion"},{"floor":13.0,"key":"SpeedPotion"},{"floor":15.0,"key":"ColorlessPotion"},{"floor":26.0,"key":"Explosive Potion"},{"floor":27.0,"key":"TheSimpletonMod:MoonshinePotion"},{"floor":29.0,"key":"FearPotion"},{"floor":30.0,"key":"ColorlessPotion"},{"floor":38,"key":"hexamod:SoulburnPotion"},{"floor":43,"key":"Strength Potion"}],"is_trial":false,"path_per_floor":["R","M","M","$","?","R","T","R","M","M","M","R","E","?","M","B",null,"R","M","M","?","?","R","T","R","M","M","?","M","E","M","M","B",null,"R","M","$","M","M","?","T","?","M","R","?","?","E","$","M","B"],"character_chosen":"THE_SIMPLETON","items_purchased":["Art of War","Whetstone","expansioncontent:DashGenerateEvil"],"campfire_rested":0,"item_purchase_floors":[37,48,48],"current_hp_per_floor":[82,82,82,72,60,60,60,60,64,64,53,53,47,47,53,16,82,82,62,58,58,58,58,58,68,65,64,64,67,60,55,57,35,92,92,89,85,90,79,69,69,69,50,50,51,39,36,28,34,0,0],"gold":105,"neow_bonus":"TEN_PERCENT_HP_BONUS","is_daily":false,"chose_seed":false,"campfire_upgraded":8,"win_rate":0.0,"timestamp":1613677469,"path_taken":["R","M","M","$","?","R","T","R","M","M","M","R","E","?","M","BOSS","R","M","M","?","?","R","T","R","M","M","?","M","E","M","M","BOSS","R","M","$","M","M","?","T","?","M","R","?","?","E","$","M","BOSS"],"items_purchased_type":["Relic","Relic","Card"],"build_version":"2020-12-22","purchased_purges":3,"victory":false,"max_hp_per_floor":[82,82,82,82,82,82,82,82,82,82,82,82,82,82,82,82,82,82,82,82,82,82,82,82,92,92,92,92,92,92,92,92,92,92,92,92,92,92,92,92,92,92,92,92,92,92,92,92,92,92,92],"card_choices":[{"not_picked":["TheSimpletonMod:Sunchoke","TheSimpletonMod:CropRotation"],"picked":"TheSimpletonMod:Rototilling","floor":2.0},{"not_picked":["TheSimpletonMod:DoubleBarrel","TheSimpletonMod:SaladShooter"],"picked":"TheSimpletonMod:Sunseed","floor":3.0},{"not_picked":["TheSimpletonMod:Corn","TheSimpletonMod:CropRotation"],"picked":"TheSimpletonMod:CrackOfDawn","floor":4.0},{"not_picked":["TheSimpletonMod:SaladShooter","TheSimpletonMod:Rototilling","TheSimpletonMod:SeedCoat"],"picked":"SKIP","floor":9.0},{"not_picked":["TheSimpletonMod:SaladShooter","TheSimpletonMod:Swelter"],"picked":"TheSimpletonMod:Corn","floor":10.0},{"not_picked":["TheSimpletonMod:VineRipen","TheSimpletonMod:Fertilaser"],"picked":"TheSimpletonMod:Swelter","floor":11.0},{"not_picked":["TheSimpletonMod:Innovate","TheSimpletonMod:ToughenUp"],"picked":"TheSimpletonMod:Ferment","floor":13.0},{"not_picked":["TheSimpletonMod:Fertilaser","TheSimpletonMod:Pruning"],"picked":"TheSimpletonMod:KeenEdge","floor":15.0},{"not_picked":["TheSimpletonMod:Asparagus","TheSimpletonMod:SaltTheEarth"],"picked":"TheSimpletonMod:VolatileFumes","floor":16.0},{"not_picked":["TheSimpletonMod:Sunchoke+1","TheSimpletonMod:SlashAndBurn+1"],"picked":"TheSimpletonMod:Germinate","floor":19.0},{"not_picked":["TheSimpletonMod:SlashAndBurn","TheSimpletonMod:Sunchoke"],"picked":"TheSimpletonMod:Pruning+1","floor":20.0},{"not_picked":["TheSimpletonMod:SoilSample","TheSimpletonMod:Fertilaser"],"picked":"TheSimpletonMod:Mulch+1","floor":26.0},{"not_picked":["TheSimpletonMod:Swelter","TheSimpletonMod:DoubleBarrel"],"picked":"TheSimpletonMod:Pruning+1","floor":27.0},{"not_picked":["TheSimpletonMod:ControlledBurn","TheSimpletonMod:SpiceUp"],"picked":"TheSimpletonMod:Rototilling+1","floor":29.0},{"not_picked":["TheSimpletonMod:ToughenUp","TheSimpletonMod:CullingStrike"],"picked":"TheSimpletonMod:StockTheCellar","floor":30.0},{"not_picked":["TheSimpletonMod:SlashAndBurn","TheSimpletonMod:SoilSample+1"],"picked":"TheSimpletonMod:SeedCoat+1","floor":31.0},{"not_picked":["TheSimpletonMod:Pruning","TheSimpletonMod:Rototilling"],"picked":"TheSimpletonMod:OnionBloom","floor":32.0},{"not_picked":["TheSimpletonMod:BirdFeeder","TheSimpletonMod:SaltTheEarth"],"picked":"TheSimpletonMod:ErosionControl","floor":33.0},{"not_picked":["TheSimpletonMod:Rake","TheSimpletonMod:OnionBloom","TheSimpletonMod:CloseScrape"],"picked":"SKIP","floor":36.0},{"not_picked":["TheSimpletonMod:Ferment+1","TheSimpletonMod:RootDown","TheSimpletonMod:DoubleBarrel"],"picked":"SKIP","floor":37.0},{"not_picked":["TheSimpletonMod:SlashAndBurn+1","TheSimpletonMod:RootDown"],"picked":"TheSimpletonMod:Aerate","floor":38},{"not_picked":["TheSimpletonMod:Thresh+1","TheSimpletonMod:Rake"],"picked":"TheSimpletonMod:Potatoes+1","floor":39},{"not_picked":["expansioncontent:HyperBeam","expansioncontent:AwakenDeath"],"picked":"expansioncontent:YouAreMine","floor":40},{"not_picked":["expansioncontent:Hexaburn","expansioncontent:PolyBeam"],"picked":"expansioncontent:InvincibleStrength","floor":40},{"not_picked":["expansioncontent:Chronoboost","expansioncontent:Hexaburn"],"picked":"expansioncontent:InvincibleStrength","floor":40},{"not_picked":["TheSimpletonMod:SpiceUp","TheSimpletonMod:VineRipen+1"],"picked":"TheSimpletonMod:SeedCoat","floor":43},{"not_picked":["TheSimpletonMod:Ferment","TheSimpletonMod:SlashAndBurn"],"picked":"TheSimpletonMod:SaltTheEarth","floor":45},{"not_picked":["TheSimpletonMod:Corn+1","TheSimpletonMod:Rake"],"picked":"TheSimpletonMod:DoubleBarrel+1","floor":46},{"not_picked":["TheSimpletonMod:BumperCrop","TheSimpletonMod:Thresh"],"picked":"TheSimpletonMod:SeedCoat+1","floor":47},{"not_picked":["TheSimpletonMod:Ferment+1","TheSimpletonMod:BumperCrop"],"picked":"TheSimpletonMod:Potatoes+1","floor":48},{"not_picked":["TheSimpletonMod:DoubleBarrel","TheSimpletonMod:CloseScrape"],"picked":"TheSimpletonMod:Potatoes+1","floor":49}],"player_experience":281001,"relics_obtained":[{"floor":7.0,"key":"Omamori"},{"floor":13.0,"key":"Pocketwatch"},{"floor":30.0,"key":"InkBottle"},{"floor":41,"key":"Orichalcum"},{"floor":45,"key":"Thread and Needle"},{"floor":46,"key":"StoneCalendar"},{"floor":47,"key":"reliquary:JackalopeAntler"}],"event_choices":[{"damage_healed":0.0,"max_hp_gain":0.0,"max_hp_loss":0.0,"gold_gain":0.0,"event_name":"Vampires","player_choice":"Ignored","floor":21.0,"gold_loss":0.0,"damage_taken":0.0},{"damage_healed":0.0,"max_hp_gain":0.0,"max_hp_loss":0.0,"gold_gain":0.0,"event_name":"betterThird:BetterWriting","player_choice":"Insight","floor":28.0,"gold_loss":0.0,"damage_taken":0.0,"cards_obtained":["Insight"]},{"damage_healed":0,"gold_gain":0,"player_choice":"Fight","damage_taken":0,"max_hp_gain":0,"max_hp_loss":0,"event_name":"Mysterious Sphere","floor":46,"gold_loss":0}],"is_beta":false,"boss_relics":[{"not_picked":["Runic Dome","Busted Crown"],"picked":"WristBlade"},{"not_picked":["reliquary:WritOfMandamus","reliquary:KinkedSpring"],"picked":"reliquary:Ember"}],"items_purged_floors":[4,37,48],"is_endless":false,"potions_floor_spawned":[2,9,10,13,15,26,27,29,30,38,43],"killed_by":"IC_BLOCK_ARCHETYPE","ascension_level":0}}