{"host":"oehe2dxjvdgux73m","time":1613650987,"event":{"mods":["AchievementEnabler","BaseMod","Colored Map","Colored Powertips","DeckTracker","Keyboard Shortcuts","Minty Spire (QoL Compilation)","Permanent Neow","Quick Restart","StSLib","SuperFastMode"],"gold_per_floor":[117,5,5,5,5,5,5,5,5,37,56,85,85,112,112,185,185,204,45,95,95,95,95,95],"floor_reached":23,"language":"KOR","playtime":348,"items_purged":["Strike_G"],"score":432,"play_id":"7143db83-a5a4-47df-b09c-75e19ff4b8d6","local_time":"20210218212307","is_ascension_mode":true,"campfire_choices":[{"data":"Noxious Fumes","floor":6.0,"key":"SMITH"},{"data":"Neutralize","floor":8.0,"key":"SMITH"},{"data":"Blade Dance","floor":13.0,"key":"SMITH"},{"floor":15.0,"key":"REST"}],"circlet_count":0,"master_deck":["AscendersBane","Strike_G","Strike_G","Strike_G","Defend_G","Defend_G","Defend_G","Defend_G","Defend_G","Survivor","Neutralize+1","Noxious Fumes+1","PiercingWail","Well Laid Plans","Predator","Blade Dance+1","Wraith Form v2","Flechettes"],"relics":["Ring of the Snake","NeowsBlessing","Du-Vu Doll","Bottled Tornado","Happy Flower","Centennial Puzzle","Coffee Dripper","StoneCalendar"],"acts_visited":["Exordium","TheCity"],"potions_floor_usage":[23],"damage_taken":[{"damage":0.0,"enemies":"Cultist","floor":1.0,"turns":1.0},{"damage":0.0,"enemies":"Gremlin Nob","floor":10.0,"turns":1.0},{"damage":0.0,"enemies":"Small Slimes","floor":11.0,"turns":1.0},{"damage":33.0,"enemies":"Lagavulin","floor":12.0,"turns":7.0},{"damage":27.0,"enemies":"Hexaghost","floor":16.0,"turns":10.0},{"damage":7.0,"enemies":"3 Byrds","floor":18.0,"turns":4.0},{"damage":0,"enemies":"Gremlin Leader","floor":23,"turns":2}],"seed_played":"1996807642716057959","potions_obtained":[{"floor":1.0,"key":"Explosive Potion"},{"floor":12.0,"key":"Fire Potion"}],"is_trial":false,"path_per_floor":["M","$","$","?","?","R","?","R","T","E","M","E","R","T","R","B",null,"M","$","?","$","T","E"],"character_chosen":"THE_SILENT","items_purchased":["PiercingWail","Well Laid Plans","Flechettes"],"campfire_rested":1,"item_purchase_floors":[2,2,19],"current_hp_per_floor":[59,59,59,59,52,52,57,57,57,57,57,24,24,24,45,18,58,51,51,51,51,51,51,51],"gold":95,"neow_bonus":"THREE_ENEMY_KILL","is_daily":false,"chose_seed":false,"campfire_upgraded":3,"win_rate":0.0,"timestamp":1613650987,"path_taken":["M","?","$","?","?","R","?","R","T","E","M","E","R","?","R","BOSS","M","$","?","$","?","E"],"items_purchased_type":["Card","Card","Card"],"build_version":"2020-12-22","purchased_purges":1,"victory":false,"max_hp_per_floor":[66,66,66,66,66,66,71,71,71,71,71,71,71,71,71,71,71,71,71,71,71,71,71,71],"card_choices":[{"not_picked":["Deflect","Quick Slash"],"picked":"Noxious Fumes","floor":1.0},{"not_picked":["Dodge and Roll","Quick Slash"],"picked":"Predator","floor":10.0},{"not_picked":["Bane","PiercingWail"],"picked":"Blade Dance","floor":11.0},{"not_picked":["Bane","Sucker Punch","Catalyst"],"picked":"SKIP","floor":12.0},{"not_picked":["Adrenaline","Burst"],"picked":"Wraith Form v2","floor":16.0},{"not_picked":["Reflex","Outmaneuver","Underhanded Strike"],"picked":"SKIP","floor":18.0}],"player_experience":475225,"relics_obtained":[{"floor":9.0,"key":"Du-Vu Doll"},{"floor":10.0,"key":"Bottled Tornado"},{"floor":12.0,"key":"Happy Flower"},{"floor":14.0,"key":"Centennial Puzzle"},{"floor":22,"key":"StoneCalendar"}],"event_choices":[{"damage_healed":0.0,"max_hp_gain":0.0,"max_hp_loss":0.0,"gold_gain":0.0,"event_name":"Liars Game","player_choice":"Ignored","floor":4.0,"gold_loss":0.0,"damage_taken":0.0},{"cards_removed":["Strike_G"],"damage_healed":0.0,"max_hp_gain":0.0,"max_hp_loss":0.0,"gold_gain":0.0,"event_name":"Golden Wing","player_choice":"Card Removal","floor":5.0,"gold_loss":0.0,"damage_taken":7.0},{"damage_healed":0.0,"max_hp_gain":5.0,"max_hp_loss":0.0,"gold_gain":0.0,"event_name":"Big Fish","player_choice":"Donut","floor":7.0,"gold_loss":0.0,"damage_taken":0.0},{"damage_healed":0.0,"max_hp_gain":0.0,"max_hp_loss":0.0,"gold_gain":50.0,"event_name":"Nest","player_choice":"Stole From Cult","floor":20.0,"gold_loss":0.0,"damage_taken":0.0}],"is_beta":false,"boss_relics":[{"not_picked":["Fusion Hammer","Velvet Choker"],"picked":"Coffee Dripper"}],"items_purged_floors":[19],"is_endless":false,"potions_floor_spawned":[1,12],"killed_by":"Gremlin Leader","ascension_level":20}}