{"host":"gzsdmyo07u314vug","time":1613689478,"event":{"mods":["2.2 Compatiblity","Astrologer","BaseMod","Colored Powertips","GifTheSpireLib","Gremlin Mod","Hermit","Jorbs\u0027s Wanderer Trilogy","Minty Spire (QoL Compilation)","Quick Restart","Rare Cards Sparkle","Relic Stats","Replay The Spire","Robot Space Explorer","Shop Mod","StSLib","The Bladedancer","The Bug Knight","The Construct","The Cursed","The Elementalist","The Hierophant","The IronCluck","The Marked","The Necromancer","The Runesmith","The Servant 0.9.4","Unceasing Turn Reminder","everything is the same but u backflip on backflip","slay the spire mod where everything is the same but ironclad has a cowboy hat"],"gold_per_floor":[111,36,48,9,29,29,48,48,95,107,119,131,164,192,204,311,323,346,114,54,54,73,99,99,127,207,230,105,154,154,165,165,278,278,293,293,318,345,367,405,405,439,439,452,452,452],"floor_reached":45,"language":"ENG","playtime":2352,"items_purged":["theMarked:Strike","theMarked:Strike","theMarked:Frustration"],"score":630,"play_id":"49db1bd5-183a-4fd4-8a18-3d8a47e022f8","local_time":"20210218200438","is_ascension_mode":true,"campfire_choices":[{"data":"theMarked:StartUp","floor":6.0,"key":"SMITH"},{"data":"theMarked:SoldierOfQuellstein","floor":10.0,"key":"SMITH"},{"data":"theMarked:TwofoldDefense","floor":12.0,"key":"SMITH"},{"data":"theMarked:Strike","floor":15.0,"key":"PURGE"},{"floor":24.0,"key":"REST"},{"data":"theMarked:ParalyzingBlade","floor":32.0,"key":"SMITH"},{"floor":41,"key":"REST"}],"circlet_count":0,"master_deck":["theMarked:Defend","theMarked:Defend","theMarked:Defend","theMarked:SoldierOfQuellstein+1","theMarked:WastefulAttack","theMarked:StartUp+1","theMarked:OneWithTheBlade","theMarked:TakeCover+1","theMarked:TwofoldDefense+1","theMarked:MuscleMemory","theMarked:RepellingDischarge+1","theMarked:Parkour+1","theMarked:ParalyzingBlade+1","theMarked:ThrowWeapon","theMarked:GodGivenPower+1","theMarked:Improvise","theMarked:PowerFlow","theMarked:Aftermath+1"],"relics":["theMarked:ArtifactOfAir","Pen Nib","MawBank","Odd Mushroom","construct:ClawGrip","theMarked:Winder","FaceOfCleric","HollowMod:LifeEnderRelic","Frozen Egg 2","Bottled Flame","CeramicFish","Strawberry","Black Star","Centennial Puzzle","Pantograph","Bag of Marbles","Letter Opener","PreservedInsect"],"acts_visited":["Exordium","TheCity","TheBeyond"],"potions_floor_usage":[40,44,44,44],"damage_taken":[{"damage":0.0,"enemies":"Cultist","floor":1.0,"turns":3.0},{"damage":6.0,"enemies":"Jaw Worm","floor":3.0,"turns":3.0},{"damage":0.0,"enemies":"2 Louse","floor":5.0,"turns":2.0},{"damage":12.0,"enemies":"Large Slime","floor":7.0,"turns":5.0},{"damage":0.0,"enemies":"The Mushroom Lair","floor":13.0,"turns":4.0},{"damage":0.0,"enemies":"Exordium Wildlife","floor":14.0,"turns":3.0},{"damage":17.0,"enemies":"Hexaghost","floor":16.0,"turns":15.0},{"damage":15.0,"enemies":"2 Thieves","floor":18.0,"turns":5.0},{"damage":0.0,"enemies":"Spheric Guardian","floor":22.0,"turns":5.0},{"damage":47.0,"enemies":"Slavers","floor":23.0,"turns":17.0},{"damage":1.0,"enemies":"Gremlin Leader","floor":25.0,"turns":7.0},{"damage":0.0,"enemies":"Cultist and Chosen","floor":31.0,"turns":7.0},{"damage":21.0,"enemies":"Pondfish","floor":33.0,"turns":15.0},{"damage":11.0,"enemies":"Orb Walker","floor":35.0,"turns":3.0},{"damage":7.0,"enemies":"3 Shapes","floor":37.0,"turns":6.0},{"damage":9.0,"enemies":"Jaw Worm Horde","floor":38.0,"turns":7.0},{"damage":27,"enemies":"Transient","floor":39,"turns":5},{"damage":27,"enemies":"Giant Head","floor":40,"turns":9},{"damage":15,"enemies":"Nemesis","floor":42,"turns":7},{"damage":21,"enemies":"Spire Growth","floor":44,"turns":7},{"damage":28,"enemies":"Reptomancer","floor":45,"turns":3}],"seed_played":"-503359093534311817","potions_obtained":[{"floor":3.0,"key":"GamblersBrew"},{"floor":5.0,"key":"DuplicationPotion"},{"floor":7.0,"key":"PowerPotion"},{"floor":18.0,"key":"SpeedPotion"},{"floor":23.0,"key":"ColorlessPotion"},{"floor":25.0,"key":"Weak Potion"},{"floor":37.0,"key":"SkillPotion"},{"floor":39,"key":"Block Potion"},{"floor":40,"key":"EntropicBrew"}],"is_trial":false,"path_per_floor":["M","$","M","$","M","R","M","T","T","R","?","R","?","M","R","B",null,"M","$","?","?","M","E","R","E","T","T","$","T","?","M","R","B",null,"M","?","M","M","M","E","R","E","T","M","E"],"character_chosen":"THE_DEFAULT","items_purchased":["theMarked:TakeCover+1","theMarked:Winder"],"campfire_rested":2,"item_purchase_floors":[4,19],"current_hp_per_floor":[51,51,45,45,45,45,33,33,33,33,26,26,26,26,26,9,72,57,57,57,57,58,12,34,34,34,34,34,41,41,42,42,22,84,74,95,89,81,55,29,58,44,44,24,0,0],"gold":452,"neow_bonus":"TRANSFORM_TWO_CARDS","is_daily":false,"chose_seed":false,"campfire_upgraded":4,"win_rate":0.0,"timestamp":1613689478,"path_taken":["M","$","?","?","M","R","M","?","T","R","?","R","?","M","R","BOSS","M","$","?","?","?","E","R","E","T","?","$","?","?","M","R","BOSS","M","?","M","M","M","E","R","E","T","?","E"],"items_purchased_type":["Card","Relic"],"build_version":"2020-12-22","purchased_purges":3,"victory":false,"max_hp_per_floor":[72,72,72,72,72,72,72,72,72,72,72,72,72,72,72,72,72,72,72,72,72,73,74,74,75,75,75,75,82,82,83,83,84,84,85,95,96,97,98,99,99,100,100,101,101,101],"relic_stats":{"Centennial Puzzle":[9],"FaceOfCleric":12,"counters":[21,138],"CeramicFish":45,"Pantograph":0,"Pen Nib":[15],"PreservedInsect":60,"Black Star":2,"Letter Opener":[40],"MawBank":120,"obtain_stats":[{"construct:ClawGrip":17,"HollowMod:LifeEnderRelic":23,"CeramicFish":27,"Pen Nib":8,"PreservedInsect":43,"Letter Opener":42,"Odd Mushroom":13,"Frozen Egg 2":25,"MawBank":9,"theMarked:ArtifactOfAir":0,"Bottled Flame":26,"Centennial Puzzle":40,"FaceOfCleric":21,"Strawberry":29,"Pantograph":40,"Black Star":34,"Bag of Marbles":42,"theMarked:Winder":19},{"construct:ClawGrip":7,"HollowMod:LifeEnderRelic":10,"CeramicFish":11,"Pen Nib":4,"PreservedInsect":19,"Letter Opener":19,"Odd Mushroom":5,"Frozen Egg 2":11,"MawBank":4,"theMarked:ArtifactOfAir":0,"Bottled Flame":11,"Centennial Puzzle":18,"FaceOfCleric":8,"Strawberry":11,"Pantograph":18,"Black Star":13,"Bag of Marbles":19,"theMarked:Winder":8},{"construct:ClawGrip":35,"HollowMod:LifeEnderRelic":62,"CeramicFish":69,"Pen Nib":13,"PreservedInsect":128,"Letter Opener":128,"Odd Mushroom":17,"Frozen Egg 2":69,"MawBank":13,"theMarked:ArtifactOfAir":0,"Bottled Flame":69,"Centennial Puzzle":121,"FaceOfCleric":40,"Strawberry":69,"Pantograph":121,"Black Star":91,"Bag of Marbles":128,"theMarked:Winder":40}]},"card_choices":[{"not_picked":["theMarked:ResourceFulStrike","theMarked:Heritage"],"picked":"theMarked:StartUp","floor":1.0},{"not_picked":["theMarked:LightningStrikesTwice","theMarked:ElectricStrings"],"picked":"theMarked:OneWithTheBlade","floor":3.0},{"not_picked":["theMarked:ChainLightning","theMarked:BanishingStrike"],"picked":"theMarked:TwofoldDefense","floor":5.0},{"not_picked":["theMarked:Memento","theMarked:Overcharge","theMarked:BanishingStrike"],"picked":"SKIP","floor":7.0},{"not_picked":["theMarked:WastefulAttack","theMarked:ContemptForTheProud"],"picked":"theMarked:MuscleMemory","floor":14.0},{"not_picked":["theMarked:Vacuum","theMarked:Levitate"],"picked":"theMarked:MagusForm","floor":16.0},{"not_picked":["theMarked:SwordAndMagic+1","theMarked:TwofoldDefense+1"],"picked":"theMarked:RepellingDischarge+1","floor":18.0},{"not_picked":["theMarked:RepellingDischarge","theMarked:HeightenedSenses","theMarked:Reabsorb"],"picked":"SKIP","floor":22.0},{"not_picked":["theMarked:Toughness","theMarked:Overcharge"],"picked":"theMarked:Parkour+1","floor":23.0},{"not_picked":["theMarked:ChainLightning","theMarked:Toughness+1"],"picked":"theMarked:ParalyzingBlade","floor":25.0},{"not_picked":["theMarked:Frustration","theMarked:WardOff","theMarked:Parry"],"picked":"SKIP","floor":31.0},{"not_picked":["theMarked:Toughness+1","theMarked:BiggerThanFate"],"picked":"theMarked:ThrowWeapon","floor":33.0},{"not_picked":["theMarked:Friction","theMarked:SwordAndMagic","theMarked:Parkour"],"picked":"SKIP","floor":35.0},{"not_picked":["theMarked:Parry","theMarked:Aftermath+1"],"picked":"theMarked:GodGivenPower+1","floor":37.0},{"not_picked":["theMarked:Parkour","theMarked:Friction+1"],"picked":"theMarked:Improvise","floor":38.0},{"not_picked":["theMarked:Reabsorb","theMarked:KeepCalmAndFight+1"],"picked":"theMarked:PowerFlow","floor":39},{"not_picked":["theMarked:Frustration","theMarked:TheMission+1"],"picked":"theMarked:Aftermath+1","floor":40},{"not_picked":["theMarked:TakeCover+1","theMarked:Overcharge","theMarked:Parkour+1"],"picked":"SKIP","floor":42},{"not_picked":["theMarked:HeightenedSenses+1","theMarked:Determination+1","theMarked:SwordAndMagic+1"],"picked":"SKIP","floor":44}],"player_experience":922964,"relics_obtained":[{"floor":8.0,"key":"Pen Nib"},{"floor":9.0,"key":"MawBank"},{"floor":13.0,"key":"Odd Mushroom"},{"floor":23.0,"key":"HollowMod:LifeEnderRelic"},{"floor":25.0,"key":"Frozen Egg 2"},{"floor":26.0,"key":"Bottled Flame"},{"floor":27.0,"key":"CeramicFish"},{"floor":29.0,"key":"Strawberry"},{"floor":40,"key":"Centennial Puzzle"},{"floor":40,"key":"Pantograph"},{"floor":42,"key":"Bag of Marbles"},{"floor":42,"key":"Letter Opener"},{"floor":43,"key":"PreservedInsect"}],"event_choices":[{"cards_removed":["theMarked:Strike"],"damage_healed":0.0,"max_hp_gain":0.0,"max_hp_loss":0.0,"gold_gain":0.0,"event_name":"Golden Wing","player_choice":"Card Removal","floor":11.0,"gold_loss":0.0,"damage_taken":7.0},{"damage_healed":0.0,"max_hp_gain":0.0,"max_hp_loss":0.0,"gold_gain":0.0,"event_name":"Mushrooms","player_choice":"Fought Mushrooms","floor":13.0,"gold_loss":0.0,"damage_taken":0.0},{"damage_healed":0.0,"max_hp_gain":0.0,"max_hp_loss":0.0,"gold_gain":0.0,"event_name":"FaceTrader","player_choice":"Trade","floor":21.0,"gold_loss":0.0,"damage_taken":0.0,"relics_obtained":["FaceOfCleric"]},{"cards_removed":["theMarked:MagusForm"],"damage_healed":11.0,"max_hp_gain":10.0,"max_hp_loss":0.0,"gold_gain":0.0,"event_name":"Bonfire Elementals","player_choice":"Offered Rare","floor":36.0,"gold_loss":0.0,"damage_taken":0.0}],"is_beta":false,"boss_relics":[{"not_picked":["Snecko Eye","theMarked:BronzeBlade"],"picked":"construct:ClawGrip"},{"not_picked":["Replay:Drink Me","Pandora\u0027s Box"],"picked":"Black Star"}],"items_purged_floors":[2,19,28],"is_endless":false,"potions_floor_spawned":[3,5,7,18,23,25,37,39,40],"killed_by":"Reptomancer","ascension_level":3}}