{"host":"m9osufisr3agwk96","time":1613637376,"event":{"mods":["AchievementEnabler","Aspiration","Bard","BaseMod","Colored Map","Colored Powertips","Downfall","Duelist Mod","Friendly Minions","GifTheSpireLib","Gremlin Mod","Hermit","Hero for Fun","Highlight Path","Hubris","Infinite Spire","Minty Spire (QoL Compilation)","Rare Cards Sparkle","Reliquary","Replay The Spire","Shop Mod","StSLib","Td1madao Mod","The Cursed","The Hierophant","The Necromancer","The Wild Card"],"gold_per_floor":[114,128,128,303,22,22,22,22,22,37,70,90,90,102,102,204,204,218,69,69,6,23,23,23,50,50,50,50,66,66,82,82,187,187,205,108,108,128,144,144,144,144,144,144,144,0,0,0,0,0,0,0,0,0],"floor_reached":56,"language":"ENG","playtime":1977,"items_purged":["Doubt"],"score":784,"play_id":"9dd3f972-06bc-41e8-9375-ea9dee87a935","local_time":"20210218003616","is_ascension_mode":false,"campfire_choices":[{"floor":6,"key":"REST"},{"floor":15,"key":"DIG"},{"floor":23,"key":"DIG"},{"floor":27,"key":"DIG"},{"floor":32,"key":"RECALL"},{"floor":40,"key":"REST"},{"floor":42,"key":"DIG"},{"floor":45,"key":"DIG"},{"floor":51,"key":"REST"},{"floor":54,"key":"DIG"}],"circlet_count":0,"master_deck":["Strike_P+1","Strike_P+1","Strike_P+1","Defend_P+1","Defend_P+1","Eruption","Vigilance","Evaluate","Sanctity","hubris:InfiniteBlow","ReachHeaven+1","CarveReality+1","FlurryOfBlows+1","TalkToTheHand","Replay:Battleflow","LessonLearned+1","ThirdEye+1","DevaForm+1","PathToVictory+1","WreathOfFlame","SashWhip+1","Replay:LoomingThreat","infinitespire:Fortify","infinitespire:Gouge","CrushJoints+1","Perseverance","Vault","Halt+1","BattleHymn","Consecrate+1","CurseOfTheBell","CurseOfTheBell"],"relics":["PureWater","NeowsBlessing","Toolbox","hubris:Towel","Shovel","Mercury Hourglass","Astrolabe","Sling","Iron Hammer","hubris:MedicalManual","Ice Cream","Mummified Hand","hubris:Teleporter","ReplayTheSpireMod:TigerMarble","Matryoshka","Sundial","reliquary:QuartzCube","Art of War","reliquary:OuijaBoard","Red Mask","downfall:ExtraCursedBell","ReplayTheSpireMod:TigerMarble","aspiration:StickyExplosives_weak","hubris:CuriousFeather","Replay:Ringing Soul"],"acts_visited":["Exordium","TheCity","TheBeyond","TheEnding"],"potions_floor_usage":[11,25,25,25,31,33,33,39,39,52,56],"damage_taken":[{"damage":0,"enemies":"Jaw Worm","floor":1,"turns":1},{"damage":0,"enemies":"2 Louse","floor":2,"turns":1},{"damage":0,"enemies":"Small Slimes","floor":10,"turns":1},{"damage":17,"enemies":"Replay:BlueRogue","floor":11,"turns":8},{"damage":3,"enemies":"Red Slaver","floor":12,"turns":4},{"damage":0,"enemies":"3 Louse","floor":14,"turns":4},{"damage":0,"enemies":"Slime Boss","floor":16,"turns":4},{"damage":6,"enemies":"Shell Parasite","floor":18,"turns":8},{"damage":2,"enemies":"Spheric Guardian","floor":22,"turns":3},{"damage":0,"enemies":"Gremlin Leader","floor":25,"turns":5},{"damage":0,"enemies":"Snecko","floor":29,"turns":2},{"damage":3,"enemies":"Cultist and Chosen","floor":31,"turns":6},{"damage":17,"enemies":"Automaton","floor":33,"turns":8},{"damage":12,"enemies":"3 Darklings","floor":35,"turns":8},{"damage":0,"enemies":"Orb Walker","floor":38,"turns":2},{"damage":18,"enemies":"Maw","floor":39,"turns":7},{"damage":50,"enemies":"Time Eater","floor":52,"turns":6},{"damage":79,"enemies":"Shield and Spear","floor":56,"turns":7}],"seed_played":"8052596465426424866","potions_obtained":[{"floor":2,"key":"Regen Potion"},{"floor":13,"key":"bronze:BurnAndBuffPotion"},{"floor":13,"key":"EntropicBrew"},{"floor":13,"key":"Dexterity Potion"},{"floor":18,"key":"Regen Potion"},{"floor":31,"key":"Slimebound:ThreeZeroPotion"},{"floor":35,"key":"hexamod:SoulburnPotion"},{"floor":39,"key":"BottledMiracle"}],"is_trial":false,"path_per_floor":["M","M","?","?","$","R","?","?","T","M","E","M","?","M","R","B",null,"M","$","?","?","M","R","$","E","T","R","AVR","M","?","M","R","B",null,"M","$","T","M","M","R","R","T","R","PTL","PTL","?","?","R","B",null,"R","$","E"],"character_chosen":"WATCHER","items_purchased":["ReachHeaven+1","Toolbox","Sling","Ambrosia"],"campfire_rested":3,"item_purchase_floors":[5,5,19,36],"current_hp_per_floor":[72,72,54,54,54,72,72,72,72,72,64,61,61,61,61,61,72,66,66,66,66,64,64,64,72,72,72,72,72,72,69,69,52,72,60,60,60,60,42,63,63,63,63,63,63,63,63,72,22,72,72,72,0,0],"gold":0,"neow_bonus":"THREE_ENEMY_KILL","is_daily":false,"chose_seed":false,"campfire_upgraded":0,"win_rate":0.0,"timestamp":1613637376,"path_taken":["M","M","?","?","$","R","?","?","T","?","E","M","?","?","R","BOSS","M","$","?","?","?","R","?","E","T","R","AVR","?","?","M","R","BOSS","M","$","?","M","M","R","R","T","R","PTL","PTL","?","?","R","BOSS","R","$","E"],"items_purchased_type":["Card","Relic","Relic","Potion"],"build_version":"2020-12-22","purchased_purges":1,"victory":false,"max_hp_per_floor":[72,72,72,72,72,72,72,72,72,72,72,72,72,72,72,72,72,72,72,72,72,72,72,72,72,72,72,72,72,72,72,72,72,72,72,72,72,72,72,72,72,72,72,72,72,72,72,72,72,72,72,72,72,72],"card_choices":[{"not_picked":["ThirdEye","Crescendo"],"picked":"Evaluate","floor":1},{"not_picked":["JustLucky","Replay:Anticipation"],"picked":"Sanctity","floor":2},{"not_picked":["infinitespire:Menacing","infinitespire:FinalStrike"],"picked":"hubris:InfiniteBlow","floor":3},{"not_picked":["PathToVictory","Replay:BluntJabs"],"picked":"CarveReality","floor":10},{"not_picked":["Protect","JustLucky"],"picked":"FlurryOfBlows","floor":11},{"not_picked":["Crescendo","JustLucky"],"picked":"TalkToTheHand","floor":12},{"not_picked":["EmptyBody","FlyingSleeves"],"picked":"Replay:Battleflow","floor":14},{"not_picked":["SpiritShield","DevaForm"],"picked":"LessonLearned","floor":16},{"not_picked":["Replay:ManipulateFuture","Replay:Cycle"],"picked":"WreathOfFlame","floor":18},{"not_picked":["FlurryOfBlows+1","Fasting2"],"picked":"SashWhip+1","floor":22},{"not_picked":["Pray","Adaptation"],"picked":"Replay:LoomingThreat","floor":25},{"not_picked":["Replay:DivineShield","Replay:ManipulateFuture+1"],"picked":"CrushJoints+1","floor":29},{"not_picked":["CrushJoints","EmptyBody"],"picked":"Perseverance","floor":31},{"not_picked":["Blasphemy","Ragnarok"],"picked":"Vault","floor":33},{"not_picked":["MentalFortress","LikeWater+1"],"picked":"Halt+1","floor":35},{"not_picked":["CutThroughFate+1","Evaluate+1"],"picked":"BattleHymn","floor":38},{"not_picked":["Perseverance","JustLucky"],"picked":"Consecrate+1","floor":39}],"player_experience":506219,"relics_obtained":[{"floor":11,"key":"Shovel"},{"floor":15,"key":"Mercury Hourglass"},{"floor":23,"key":"hubris:MedicalManual"},{"floor":25,"key":"Ice Cream"},{"floor":26,"key":"Mummified Hand"},{"floor":27,"key":"hubris:Teleporter"},{"floor":37,"key":"Matryoshka"},{"floor":42,"key":"Sundial"},{"floor":43,"key":"reliquary:QuartzCube"},{"floor":43,"key":"Art of War"},{"floor":45,"key":"reliquary:OuijaBoard"},{"floor":50,"key":"ReplayTheSpireMod:TigerMarble"},{"floor":50,"key":"aspiration:StickyExplosives_weak"},{"floor":50,"key":"hubris:CuriousFeather"},{"floor":54,"key":"Replay:Ringing Soul"}],"event_choices":[{"damage_healed":0,"gold_gain":175,"player_choice":"AGREE","damage_taken":0,"max_hp_gain":0,"max_hp_loss":0,"event_name":"Liars Game","floor":4,"gold_loss":0,"cards_obtained":["Doubt"]},{"damage_healed":0,"gold_gain":0,"player_choice":"Got Potions","damage_taken":0,"max_hp_gain":0,"max_hp_loss":0,"event_name":"Lab","floor":13,"gold_loss":0},{"damage_healed":0,"gold_gain":0,"player_choice":"Simplicity","damage_taken":0,"max_hp_gain":0,"max_hp_loss":0,"event_name":"Back to Basics","floor":20,"gold_loss":0,"cards_upgraded":["Strike_P","Strike_P","Strike_P","Defend_P","Defend_P"]},{"damage_healed":0,"gold_gain":0,"player_choice":"Paid Gold","damage_taken":0,"relics_obtained":["Iron Hammer"],"max_hp_gain":0,"max_hp_loss":0,"event_name":"WeMeetAgain","floor":21,"gold_loss":63},{"damage_healed":0,"gold_gain":0,"player_choice":"Ignored","damage_taken":0,"max_hp_gain":0,"max_hp_loss":0,"event_name":"NoteForYourself","floor":30,"gold_loss":0},{"damage_healed":0,"gold_gain":0,"player_choice":"Paid","damage_taken":0,"relics_obtained":["Red Mask"],"max_hp_gain":0,"max_hp_loss":0,"event_name":"Tomb of Lord Red Mask","floor":49,"gold_loss":144}],"is_beta":false,"boss_relics":[{"not_picked":["hubris:VirtuousBlindfold","reliquary:WritOfMandamus"],"picked":"Astrolabe"},{"not_picked":["Velvet Choker","bronze:MakeshiftBattery","reliquary:Craggleroot"]}],"items_purged_floors":[5],"is_endless":false,"potions_floor_spawned":[2,14,18,31,35,39],"killed_by":"Shield and Spear","ascension_level":0}}