{"host":"s1zmgfx0020qwdb2","time":1613692636,"event":{"mods":["AchievementEnabler","BaseMod","BetterRewards","Colored Map","Colored Powertips","Minty Spire (QoL Compilation)","StSLib","Together in Spire"],"gold_per_floor":[109,59,69,86,105,139,139,171,198,229,243,258,20,30,30,130,130,149,175,194,206,219,254,269,269,269,282,299,313,313,347,347,450,450,460,40,50,67,86,86,105,137,164,180,194,194,194,43,43,43],"floor_reached":51,"language":"DEU","playtime":3562,"items_purged":[],"score":799,"play_id":"36837402-415b-4919-96f0-d15b2f9e5f77","local_time":"20210219005716","is_ascension_mode":false,"campfire_choices":[{"data":"Doom and Gloom","floor":15.0,"key":"SMITH"},{"data":"Genetic Algorithm","floor":25.0,"key":"SMITH"},{"data":"Barrage","floor":30.0,"key":"SMITH"},{"data":"Loop","floor":32.0,"key":"SMITH"},{"floor":40,"key":"REST"},{"floor":46,"key":"REST"},{"data":"Capacitor","floor":49,"key":"SMITH"}],"circlet_count":0,"master_deck":["Strike_B","Strike_B","Defend_B","Defend_B","Zap","Dualcast","Streamline","Go for the Eyes+1","Genetic Algorithm+1","Barrage+1","Sweeping Beam","Iron Wave","White Noise","Doom and Gloom+1","BootSequence","Storm","Rebound+1","Stack","Core Surge","Redo+1","Doubt","Streamline","Lockon","Blizzard+1","Sweeping Beam+1","Auto Shields","Injury","All For One","BootSequence","Compile Driver+1","Loop+1","Machine Learning","Cold Snap+1","Glacier+1","Hyperbeam+1","Beam Cell","Static Discharge","BootSequence","Sweeping Beam","Barrage+1","Rebound+1","Echo Form","Beam Cell+1","Parasite","Conserve Battery","Rebound+1","Electrodynamics","Capacitor+1","Beam Cell","Sweeping Beam"],"relics":["Cracked Core","PreservedInsect","Bronze Scales","Pen Nib","Centennial Puzzle","Lee\u0027s Waffle","Cursed Key","MealTicket","Torii","Bottled Flame","Regal Pillow","Astrolabe","HandDrill","Whetstone","Kunai","Strawberry"],"acts_visited":[],"potions_floor_usage":[37,41,41,50,50],"damage_taken":[{"damage":11.0,"enemies":"Jaw Worm","floor":1.0,"turns":2.0},{"damage":0.0,"enemies":"Cultist","floor":3.0,"turns":2.0},{"damage":0.0,"enemies":"2 Louse","floor":4.0,"turns":2.0},{"damage":6.0,"enemies":"Exordium Thugs","floor":5.0,"turns":3.0},{"damage":16.0,"enemies":"Lagavulin","floor":6.0,"turns":5.0},{"damage":4.0,"enemies":"3 Sentries","floor":8.0,"turns":4.0},{"damage":0.0,"enemies":"Gremlin Nob","floor":10.0,"turns":2.0},{"damage":0.0,"enemies":"Blue Slaver","floor":11.0,"turns":1.0},{"damage":4.0,"enemies":"2 Fungi Beasts","floor":12.0,"turns":2.0},{"damage":0.0,"enemies":"Looter","floor":14.0,"turns":1.0},{"damage":26.0,"enemies":"Hexaghost","floor":16.0,"turns":4.0},{"damage":0.0,"enemies":"Spheric Guardian","floor":18.0,"turns":2.0},{"damage":0.0,"enemies":"Shell Parasite","floor":20.0,"turns":2.0},{"damage":9.0,"enemies":"Centurion and Healer","floor":21.0,"turns":3.0},{"damage":5.0,"enemies":"Snake Plant","floor":22.0,"turns":1.0},{"damage":0.0,"enemies":"Gremlin Leader","floor":23.0,"turns":2.0},{"damage":0.0,"enemies":"3 Cultists","floor":24.0,"turns":2.0},{"damage":0.0,"enemies":"Cultist and Chosen","floor":27.0,"turns":3.0},{"damage":1.0,"enemies":"Centurion and Healer","floor":28.0,"turns":2.0},{"damage":0.0,"enemies":"Snecko","floor":29.0,"turns":2.0},{"damage":0.0,"enemies":"Slavers","floor":31.0,"turns":2.0},{"damage":0.0,"enemies":"Champ","floor":33.0,"turns":6.0},{"damage":0,"enemies":"Orb Walker","floor":35,"turns":1},{"damage":16,"enemies":"3 Darklings","floor":37,"turns":3},{"damage":30,"enemies":"4 Shapes","floor":38,"turns":3},{"damage":21,"enemies":"Maw","floor":39,"turns":2},{"damage":9,"enemies":"Spire Growth","floor":41,"turns":6},{"damage":27,"enemies":"Nemesis","floor":42,"turns":3},{"damage":0,"enemies":"Transient","floor":44,"turns":3},{"damage":0,"enemies":"Sphere and 2 Shapes","floor":45,"turns":3},{"damage":17,"enemies":"Awakened One","floor":50,"turns":3}],"seed_played":"2058429464405542939","potions_obtained":[{"floor":4.0,"key":"SmokeBomb"},{"floor":5.0,"key":"Fire Potion"},{"floor":8.0,"key":"Energy Potion"},{"floor":23.0,"key":"DuplicationPotion"},{"floor":24.0,"key":"PotionOfCapacity"},{"floor":33.0,"key":"Ancient Potion"},{"floor":38,"key":"Ancient Potion"},{"floor":39,"key":"DistilledChaos"},{"floor":45,"key":"SneckoOil"}],"is_trial":false,"path_per_floor":["M","?","M","M","M","E","?","E","T","E","M","M","$","M","R","B",null,"M","T","M","M","M","E","M","R","T","M","M","M","R","E","R","B",null,"M","$","M","M","M","R","M","E","T","M","M","R","?","$","R","B",null],"character_chosen":"DEFECT","items_purchased":["Lee\u0027s Waffle","Storm","Rebound","Static Discharge","HandDrill","BootSequence","Whetstone","Capacitor","Beam Cell","Sweeping Beam"],"campfire_rested":2,"item_purchase_floors":[13,13,13,36,36,36,36,48,48,48],"current_hp_per_floor":[71,71,71,71,65,49,49,45,45,45,45,41,89,89,89,63,89,89,89,89,80,75,75,75,75,75,75,74,74,74,74,74,74,89,89,89,73,43,22,63,54,27,34,34,34,77,77,92,92,75],"gold":43,"neow_bonus":"TEN_PERCENT_HP_BONUS","is_daily":false,"chose_seed":false,"campfire_upgraded":5,"win_rate":0.0,"timestamp":1613692636,"path_taken":["M","?","M","M","M","E","?","E","T","E","M","M","$","M","R","BOSS","M","?","M","M","M","E","M","R","T","M","M","M","R","E","R","BOSS","M","$","M","?","M","R","M","E","T","M","M","R","?","?","R","BOSS"],"items_purchased_type":["Relic","Card","Card","Card","Relic","Card","Relic","Card","Card","Card"],"build_version":"2020-12-22","purchased_purges":0,"victory":true,"max_hp_per_floor":[82,82,82,82,82,82,82,82,82,82,82,82,89,89,89,89,89,89,89,89,89,89,89,89,89,89,89,89,89,89,89,89,89,89,89,89,89,89,89,89,89,89,96,96,96,96,96,96,96,96],"card_choices":[{"not_picked":["Beam Cell","Darkness"],"picked":"Streamline","floor":1.0},{"not_picked":["Darkness","Consume"],"picked":"Go for the Eyes","floor":3.0},{"not_picked":["Streamline","Coolheaded"],"picked":"Genetic Algorithm","floor":4.0},{"not_picked":["Reinforced Body","Chaos"],"picked":"Barrage","floor":5.0},{"not_picked":["Stack","Reinforced Body"],"picked":"Sweeping Beam","floor":6.0},{"not_picked":["Hologram","Rebound"],"picked":"White Noise","floor":8.0},{"not_picked":["BootSequence","Streamline"],"picked":"Electrodynamics","floor":10.0},{"not_picked":["Hologram","Consume"],"picked":"Doom and Gloom","floor":11.0},{"not_picked":["Conserve Battery","Steam"],"picked":"BootSequence","floor":12.0},{"not_picked":["Steam","Rip and Tear"],"picked":"Stack","floor":14.0},{"not_picked":["Buffer","Fission"],"picked":"Core Surge","floor":16.0},{"not_picked":["Go for the Eyes","Gash"],"picked":"Redo+1","floor":18.0},{"not_picked":["Sweeping Beam","Heatsinks+1"],"picked":"Streamline","floor":20.0},{"not_picked":["Rebound","Hologram+1"],"picked":"Lockon","floor":21.0},{"not_picked":["Ball Lightning","Tempest"],"picked":"Blizzard+1","floor":22.0},{"not_picked":["Steam Power","Storm"],"picked":"Sweeping Beam+1","floor":23.0},{"not_picked":["Leap","Streamline"],"picked":"Auto Shields","floor":24.0},{"not_picked":["Coolheaded","Steam"],"picked":"All For One","floor":27.0},{"not_picked":["Force Field+1","Doom and Gloom"],"picked":"BootSequence","floor":28.0},{"not_picked":["Scrape","Gash"],"picked":"Compile Driver+1","floor":29.0},{"not_picked":["Double Energy","Static Discharge"],"picked":"Loop","floor":31.0},{"not_picked":["Meteor Strike","Hyperbeam"],"picked":"Machine Learning","floor":33.0},{"not_picked":["Darkness","Streamline+1"],"picked":"Beam Cell","floor":35},{"not_picked":["Stack","Streamline+1"],"picked":"Sweeping Beam","floor":37},{"not_picked":["Turbo","Conserve Battery+1"],"picked":"Barrage+1","floor":38},{"not_picked":["Sweeping Beam","Hologram"],"picked":"Rebound+1","floor":39},{"not_picked":["Self Repair+1","BootSequence+1"],"picked":"Echo Form","floor":41},{"not_picked":["Force Field+1","Hologram"],"picked":"Beam Cell+1","floor":42},{"not_picked":["Scrape","Gash+1"],"picked":"Conserve Battery","floor":44},{"not_picked":["Storm","Gash"],"picked":"Rebound+1","floor":45}],"player_experience":29714,"relics_obtained":[{"floor":6.0,"key":"PreservedInsect"},{"floor":8.0,"key":"Bronze Scales"},{"floor":9.0,"key":"Pen Nib"},{"floor":10.0,"key":"Centennial Puzzle"},{"floor":19.0,"key":"MealTicket"},{"floor":23.0,"key":"Torii"},{"floor":26.0,"key":"Bottled Flame"},{"floor":31.0,"key":"Regal Pillow"},{"floor":42,"key":"Kunai"},{"floor":43,"key":"Strawberry"}],"event_choices":[{"cards_removed":["Defend_B"],"damage_healed":0.0,"max_hp_gain":0.0,"max_hp_loss":0.0,"gold_gain":0.0,"event_name":"The Cleric","player_choice":"Card Removal","floor":2.0,"gold_loss":50.0,"damage_taken":0.0},{"cards_removed":["Strike_B"],"damage_healed":0.0,"max_hp_gain":0.0,"max_hp_loss":0.0,"gold_gain":0.0,"event_name":"NoteForYourself","player_choice":"Took Card","floor":7.0,"gold_loss":0.0,"damage_taken":0.0,"cards_obtained":["Iron Wave"]},{"damage_healed":0,"gold_gain":0,"player_choice":"1 cards matched","damage_taken":0,"max_hp_gain":0,"max_hp_loss":0,"event_name":"Match and Keep!","floor":47,"gold_loss":0,"cards_obtained":["Electrodynamics"]}],"is_beta":false,"boss_relics":[{"not_picked":["Snecko Eye","Busted Crown"],"picked":"Cursed Key"},{"not_picked":["Black Star","Coffee Dripper"],"picked":"Astrolabe"}],"items_purged_floors":[],"is_endless":false,"potions_floor_spawned":[4,5,8,10,14,21,23,24,27,31,33,38,39,45],"ascension_level":0}}