{"host":"tf5skwcwe0vlu2md","time":1613658864,"event":{"mods":["BaseMod","Downfall","Highlight Path","Minty Spire (QoL Compilation)","Quick Restart","StSLib","The Hierophant"],"gold_per_floor":[109,120,140,140,158,187,187,205,205,221,232,232,232],"floor_reached":12,"playtime":501,"items_purged":[],"score":97,"play_id":"697cf706-3eb9-4a6c-b8c2-4dd68c45f1b2","local_time":"20210219013424","is_ascension_mode":true,"campfire_choices":[{"data":"Dualcast","floor":7,"key":"SMITH"}],"circlet_count":0,"master_deck":["Strike_B","Strike_B","Strike_B","Strike_B","Defend_B","Defend_B","Defend_B","Defend_B","Zap","Dualcast+1","Go for the Eyes","Leap","Core Surge","Consume","Ball Lightning","Lockon","BootSequence","Capacitor"],"relics":["Cracked Core","Unceasing Top","The Courier"],"acts_visited":["Exordium"],"potions_floor_usage":[],"damage_taken":[{"damage":8,"enemies":"2 Louse","floor":1,"turns":3},{"damage":2,"enemies":"Small Slimes","floor":2,"turns":4},{"damage":2,"enemies":"Jaw Worm","floor":3,"turns":3},{"damage":3,"enemies":"Gremlin Gang","floor":5,"turns":5},{"damage":27,"enemies":"Gremlin Nob","floor":6,"turns":4},{"damage":3,"enemies":"Large Slime","floor":8,"turns":4},{"damage":3,"enemies":"Blue Slaver","floor":10,"turns":2},{"damage":6,"enemies":"Lots of Slimes","floor":11,"turns":4},{"damage":28,"enemies":"3 Sentries","floor":12,"turns":4}],"seed_played":"-2351049763513205509","potions_obtained":[{"floor":3,"key":"EssenceOfDarkness"},{"floor":5,"key":"SmokeBomb"},{"floor":6,"key":"FearPotion"},{"floor":11,"key":"DuplicationPotion"}],"is_trial":false,"path_per_floor":["M","M","M","?","M","E","R","M","T","M","M","E"],"character_chosen":"DEFECT","items_purchased":[],"campfire_rested":0,"item_purchase_floors":[],"current_hp_per_floor":[74,72,70,70,67,40,40,37,37,34,28,0,0],"gold":232,"neow_bonus":"TEN_PERCENT_HP_BONUS","is_daily":false,"chose_seed":false,"campfire_upgraded":1,"win_rate":0.0,"timestamp":1613658864,"path_taken":["M","M","M","?","M","E","R","M","T","M","M","E"],"items_purchased_type":[],"build_version":"2020-12-13","purchased_purges":0,"victory":false,"max_hp_per_floor":[82,82,82,82,82,82,82,82,82,82,82,82,82],"card_choices":[{"not_picked":["Hologram","Double Energy"],"picked":"Go for the Eyes","floor":1},{"not_picked":["Fusion","FTL"],"picked":"Leap","floor":2},{"not_picked":["Sweeping Beam","Stack"],"picked":"Core Surge","floor":3},{"not_picked":["Hologram","Double Energy"],"picked":"Consume","floor":5},{"not_picked":["Compile Driver","Redo"],"picked":"Ball Lightning","floor":6},{"not_picked":["Reinforced Body","Cold Snap"],"picked":"Lockon","floor":8},{"not_picked":["Coolheaded","Conserve Battery"],"picked":"BootSequence","floor":10},{"not_picked":["Turbo","Barrage"],"picked":"Capacitor","floor":11}],"player_experience":277068,"relics_obtained":[{"floor":6,"key":"Unceasing Top"},{"floor":9,"key":"The Courier"}],"event_choices":[{"damage_healed":0,"gold_gain":0,"player_choice":"Ignored","damage_taken":0,"max_hp_gain":0,"max_hp_loss":0,"event_name":"Liars Game","floor":4,"gold_loss":0}],"is_beta":false,"boss_relics":[],"items_purged_floors":[],"is_endless":false,"potions_floor_spawned":[3,5,6,11],"killed_by":"3 Sentries","ascension_level":3}}