{"host":"8yon5n5je7lh4vc0","time":1613636564,"event":{"mods":["AchievementEnabler","BaseMod","Downfall","Gold Saver","Highlight Path","Hubris","Infinite Spire","Minty Spire (QoL Compilation)","Permanent Neow","Quick Restart","Remilia（蕾米莉亚）","Remove Card Discount Mod","Replay The Spire","Shop Mod","Spicy Shops","StSLib","SuperFastMode","TestMod","The Jungle","篝火指南"],"gold_per_floor":[117,117,56,56,73,73,92,106,106,9,9,9,23,0,0,0,0],"floor_reached":16,"language":"ZHS","playtime":1134,"items_purged":["Bash","Defend_R"],"score":258,"play_id":"879f0f37-71d6-4f6f-b871-cda700f35fff","local_time":"20210218162244","is_ascension_mode":true,"campfire_choices":[{"data":"Dark Embrace","floor":6.0,"key":"SMITH"},{"data":"Fire Breathing","floor":11.0,"key":"SMITH"}],"circlet_count":0,"master_deck":["Strike_R","Strike_R","Strike_R","Strike_R","Strike_R","Defend_R","Defend_R","Defend_R","hubris:Despair","ReplayTheSpireMod:Brewmster+1","Pride","testmod-Lust","testmod-Wrath","testmod-Sloth","testmod-Envy","testmod-Greed","testmod-Gluttony","testmod-Gluttony","Rupture","testmod-TaurusBlackCat","Inflame","Dark Embrace+1","Fire Breathing+1","Pot Of Greed","Pot Of Greed","Pot Of Greed","Dark Embrace","Injury","testmod-Gluttony","infinitespire:OneForAll"],"relics":["Burning Blood","testmod-TestBox","testmod-SevenDeadlySins","Du-Vu Doll","Darkstone Periapt","Blue Candle","Grinning Jar","Golden Idol","hubris:Icosahedron"],"acts_visited":["Exordium"],"potions_floor_usage":[16,16,16,16,16,16],"damage_taken":[{"damage":10.0,"enemies":"2 Louse","floor":1.0,"turns":3.0},{"damage":21.0,"enemies":"Cultist","floor":5.0,"turns":5.0},{"damage":12.0,"enemies":"Jaw Worm","floor":7.0,"turns":2.0},{"damage":20.0,"enemies":"Lots of Slimes","floor":8.0,"turns":3.0},{"damage":18.0,"enemies":"3 Louse","floor":13.0,"turns":3.0},{"damage":22.0,"enemies":"Looter","floor":14.0,"turns":4.0},{"damage":74,"enemies":"The Guardian","floor":16,"turns":6}],"seed_played":"7820327398875158578","potions_obtained":[{"floor":7.0,"key":"Fire Potion"}],"is_trial":false,"path_per_floor":["M","?","$","$","M","R","M","M","T","$","R","?","M","M","R","B"],"character_chosen":"IRONCLAD","items_purchased":["testmod-TaurusBlackCat","Inflame","Dark Embrace"],"campfire_rested":0,"item_purchase_floors":[3,3,10],"current_hp_per_floor":[124,124,124,124,109,109,103,89,89,89,89,101,89,73,73,0,0],"gold":0,"neow_bonus":"RANDOM_COLORLESS_2","is_daily":false,"chose_seed":false,"campfire_upgraded":2,"win_rate":0.0,"timestamp":1613636564,"path_taken":["M","?","?","$","M","R","M","?","T","$","R","?","M","M","R","BOSS"],"items_purchased_type":["Card","Card","Card"],"build_version":"2020-12-22","purchased_purges":2,"victory":false,"max_hp_per_floor":[128,128,128,128,128,128,128,128,128,128,128,140,140,140,140,140,140],"card_choices":[{"not_picked":["testmod-EnhanceArmerment","ReplayTheSpireMod:Necrogeddon"],"picked":"ReplayTheSpireMod:Brewmster","floor":0.0},{"not_picked":["Warcry","True Grit"],"picked":"Rupture","floor":1.0},{"not_picked":["hubris:CleavingFinish","Replay:Undeath\u0027s Touch"],"picked":"Dark Embrace","floor":5.0},{"not_picked":["Thunderclap","Cleave"],"picked":"Fire Breathing","floor":7.0},{"not_picked":["Warcry","Headbutt","Body Slam"],"picked":"SKIP","floor":8.0},{"not_picked":["Rampage","Clash","Body Slam"],"picked":"SKIP","floor":13.0},{"not_picked":["Disarm","Demon Form"],"picked":"infinitespire:OneForAll","floor":14.0}],"player_experience":48567,"relics_obtained":[{"floor":9.0,"key":"Grinning Jar"}],"event_choices":[{"damage_healed":0.0,"max_hp_gain":0.0,"max_hp_loss":0.0,"gold_gain":0.0,"event_name":"Upgrade Shrine","player_choice":"Upgraded","floor":2.0,"gold_loss":0.0,"damage_taken":0.0,"cards_upgraded":["ReplayTheSpireMod:Brewmster"]},{"damage_healed":0.0,"max_hp_gain":0.0,"max_hp_loss":0.0,"gold_gain":0.0,"event_name":"Golden Idol","player_choice":"Take Wound","floor":12.0,"gold_loss":0.0,"damage_taken":0.0,"relics_obtained":["Golden Idol"],"cards_obtained":["Injury"]}],"is_beta":false,"boss_relics":[],"items_purged_floors":[3,10],"is_endless":false,"potions_floor_spawned":[7,13],"killed_by":"The Guardian","ascension_level":4}}