{"host":"kiqwdjvbe02g19y1","time":1613650307,"event":{"mods":["BaseMod","BetterRewards","Colored Powertips","Downfall","Googly Eyes","Hubris","Minty Spire (QoL Compilation)","Relic Stats","Spicy Shops","StSLib","everything is the same but u backflip on backflip","slay the spire mod where everything is the same but ironclad has a cowboy hat"],"gold_per_floor":[111,121,121,121,121,148,162,197,197,212,10,10,33,48,48,167,167,191,191,151,151,166,166,166],"floor_reached":23,"language":"ENG","playtime":1095,"items_purged":["Pain"],"score":269,"play_id":"ed2ac5a6-e04c-46fe-9b0d-88d7d1e2f7c7","local_time":"20210218221147","is_ascension_mode":true,"campfire_choices":[{"data":"Inflame","floor":15,"key":"SMITH"}],"circlet_count":0,"master_deck":["Strike_R","Strike_R","Strike_R","Strike_R","Defend_R","Defend_R","Defend_R","Defend_R","Bash","Wild Strike","Battle Trance","Shrug It Off","Rage","Twin Strike","Clash","Inflame+1","Clash","Berserk","Flex","Fire Breathing","Wild Strike+1"],"relics":["Burning Blood","NeowsBlessing","Du-Vu Doll","Potion Belt","hubris:IronBody","hubris:ToyBattleship","Sling","Golden Idol","Anchor","hubris:CrackedHourglass","hubris:BottledHeart"],"acts_visited":["Exordium","TheCity"],"potions_floor_usage":[8,16,23],"damage_taken":[{"damage":0,"enemies":"Cultist","floor":1,"turns":1},{"damage":0,"enemies":"2 Louse","floor":2,"turns":1},{"damage":0,"enemies":"Gremlin Nob","floor":6,"turns":1},{"damage":4,"enemies":"Jaw Worm","floor":7,"turns":5},{"damage":26,"enemies":"3 Sentries","floor":8,"turns":7},{"damage":2,"enemies":"3 Louse","floor":10,"turns":5},{"damage":0,"enemies":"Large Slime","floor":14,"turns":4},{"damage":25,"enemies":"Slime Boss","floor":16,"turns":9},{"damage":0,"enemies":"Chosen","floor":18,"turns":3},{"damage":0,"enemies":"Shell Parasite","floor":22,"turns":5},{"damage":2,"enemies":"Gremlin Leader","floor":23,"turns":7}],"seed_played":"1420236013941324459","potions_obtained":[{"floor":2,"key":"Fire Potion"},{"floor":5,"key":"AttackPotion"},{"floor":5,"key":"Energy Potion"},{"floor":6,"key":"hexamod:SoulburnPotion"},{"floor":10,"key":"Weak Potion"},{"floor":16,"key":"FearPotion"}],"is_trial":false,"path_per_floor":["M","M","T","?","?","E","M","E","T","M","$","?","T","M","R","B",null,"M","?","$","?","M","E"],"character_chosen":"IRONCLAD","items_purchased":["Inflame","Sling","Fire Breathing"],"campfire_rested":0,"item_purchase_floors":[11,11,20],"current_hp_per_floor":[80,80,80,80,80,80,80,60,60,64,64,44,44,50,50,31,80,80,1,1,1,1,0,0],"gold":166,"neow_bonus":"THREE_ENEMY_KILL","is_daily":false,"chose_seed":false,"campfire_upgraded":1,"win_rate":0.0,"timestamp":1613650307,"path_taken":["M","M","?","?","?","E","M","E","T","?","$","?","?","M","R","BOSS","M","?","$","?","M","E"],"items_purchased_type":["Card","Relic","Card"],"build_version":"2020-12-22","purchased_purges":1,"victory":false,"max_hp_per_floor":[80,80,80,80,80,80,80,80,80,80,80,80,80,80,80,80,80,80,1,1,1,1,1,1],"relic_stats":{"counters":[11,48],"Golden Idol":35,"obtain_stats":[{"Du-Vu Doll":3,"Potion Belt":6,"Anchor":13,"NeowsBlessing":0,"Golden Idol":12,"hubris:BottledHeart":19,"hubris:IronBody":8,"hubris:ToyBattleship":9,"hubris:CrackedHourglass":17,"Sling":11,"Burning Blood":0},{"Du-Vu Doll":2,"Potion Belt":3,"Anchor":6,"NeowsBlessing":0,"Golden Idol":6,"hubris:BottledHeart":9,"hubris:IronBody":5,"hubris:ToyBattleship":5,"hubris:CrackedHourglass":8,"Sling":6,"Burning Blood":0},{"Du-Vu Doll":2,"Potion Belt":3,"Anchor":20,"NeowsBlessing":0,"Golden Idol":20,"hubris:BottledHeart":36,"hubris:IronBody":15,"hubris:ToyBattleship":15,"hubris:CrackedHourglass":33,"Sling":20,"Burning Blood":0}],"Burning Blood":28},"card_choices":[{"not_picked":["Shrug It Off","Sword Boomerang"],"picked":"Wild Strike","floor":1},{"not_picked":["Iron Wave","Sentinel"],"picked":"Battle Trance","floor":2},{"not_picked":["Fiend Fire","Hemokinesis"],"picked":"Shrug It Off","floor":6},{"not_picked":["Intimidate","Clothesline"],"picked":"Rage","floor":7},{"not_picked":["Iron Wave","Second Wind"],"picked":"Twin Strike","floor":8},{"not_picked":["Warcry","Twin Strike"],"picked":"Clash","floor":10},{"not_picked":["True Grit","Combust"],"picked":"Clash","floor":14},{"not_picked":["Corruption","Fiend Fire"],"picked":"Berserk","floor":16},{"not_picked":["Hemokinesis","Bloodletting+1"],"picked":"Flex","floor":18},{"not_picked":["Sentinel","Shockwave"],"picked":"Wild Strike+1","floor":22}],"player_experience":327831,"relics_obtained":[{"floor":3,"key":"Du-Vu Doll"},{"floor":6,"key":"Potion Belt"},{"floor":8,"key":"hubris:IronBody"},{"floor":9,"key":"hubris:ToyBattleship"},{"floor":13,"key":"Anchor"}],"event_choices":[{"cards_removed":["Strike_R"],"damage_healed":0,"gold_gain":0,"player_choice":"Forget","damage_taken":0,"max_hp_gain":0,"max_hp_loss":0,"event_name":"Living Wall","floor":4,"gold_loss":0},{"damage_healed":0,"gold_gain":0,"player_choice":"Got Potions","damage_taken":0,"max_hp_gain":0,"max_hp_loss":0,"event_name":"Lab","floor":5,"gold_loss":0},{"damage_healed":0,"gold_gain":0,"player_choice":"Take Damage","damage_taken":20,"relics_obtained":["Golden Idol"],"max_hp_gain":0,"max_hp_loss":0,"event_name":"Golden Idol","floor":12,"gold_loss":0}],"is_beta":false,"boss_relics":[{"not_picked":["Busted Crown","Runic Dome"],"picked":"hubris:CrackedHourglass"}],"items_purged_floors":[11],"is_endless":false,"potions_floor_spawned":[2,6,10,16],"killed_by":"Gremlin Leader","ascension_level":4}}