{"host":"ifd7sfhtlbe34qll","time":1613624512,"event":{"mods":["2.2 Compatiblity","Act Like it!","Ascension Unlocker","BaseMod","Block Reminder","Colored Map","Curses Come First","Downfall","Highlight Path","Minty Spire (QoL Compilation)","Potion Indicator Mod","Quick Restart","Random Character Button","Relic Stats","StSLib","SuperFastMode"],"gold_per_floor":[99,99,99,99,99,99,144,144,173,193,11,45,58,77,91,168,168,168,182,182,193,193,203,203,236,255,286,286,298,298,82,102,181,181,181,191,202,216,253,288,288,188,201,213,247,261,61,61,73,73,73,104,64,64,64,64,64,64],"floor_reached":56,"language":"ENG","playtime":4310,"items_purged":["Guardian:Strike_Guardian","Guardian:Strike_Guardian","Guardian:Strike_Guardian"],"score":1693,"play_id":"077de395-3956-4f0f-b4c4-881d2e3bddab","local_time":"20210217230152","is_ascension_mode":true,"campfire_choices":[{"data":"Guardian:TwinSlam","floor":1.0,"key":"SMITH"},{"data":"Guardian:BodySlam","floor":6.0,"key":"SMITH"},{"data":"Guardian:Recover","floor":8.0,"key":"SMITH"},{"data":"Guardian:BodySlam","floor":18.0,"key":"SMITH"},{"data":"Guardian:SphericShield","floor":28.0,"key":"SMITH"},{"data":"Guardian:DecasProtection","floor":30.0,"key":"SMITH"},{"data":"Guardian:FloatingOrbs","floor":35.0,"key":"SMITH"},{"floor":42.0,"key":"RECALL"},{"floor":47.0,"key":"REST"},{"data":"Guardian:StasisField","floor":54,"key":"SMITH"}],"circlet_count":0,"master_deck":["AscendersBane","Guardian:Defend_Guardian+1","Guardian:Defend_Guardian","Guardian:Defend_Guardian+1","Guardian:Defend_Guardian+1","Guardian:CurlUp+1","Guardian:TwinSlam+1","Guardian:BodySlam+1","Guardian:Recover+1","Guardian:DecasProtection+1","Guardian:Harden","expansioncontent:PrepareCrush","Guardian:BodySlam+1","Guardian:EvasiveProtocol","Guardian:FloatingOrbs+1","Guardian:StasisField+1","Guardian:PiercingHide","Guardian:TimeCapacitor","Guardian:BronzeArmor","Guardian:Harden","Guardian:SphericShield+1","Guardian:SpikerProtocol","Guardian:ArmoredProtocol","Guardian:Suspension","Guardian:TemporalShield","Guardian:HyperBeam_Guardian+1","Guardian:FastForward","Guardian:BodySlam+1","Guardian:EvasiveProtocol","Guardian:ChargeCore+1","Guardian:PolyBeam+1"],"relics":["Guardian:ModeShifter","downfall:HeartsMalice","hexamod:BolsterEngine","Toy Ornithopter","Pen Nib","Guardian:StasisSlotReductionRelic","Strawberry","Incense Burner","Molten Egg 2","Runic Pyramid","DollysMirror","Matryoshka","Boot","downfall:HeartBlessingBlue","downfall:HeartBlessingRed","downfall:HeartBlessingGreen","Lantern"],"acts_visited":["Exordium","TheCity","TheBeyond","TheEnding"],"potions_floor_usage":[56,56],"damage_taken":[{"damage":0.0,"enemies":"2 Louse","floor":2.0,"turns":1.0},{"damage":0.0,"enemies":"Cultist","floor":3.0,"turns":1.0},{"damage":0.0,"enemies":"Gremlin Nob","floor":9.0,"turns":1.0},{"damage":3.0,"enemies":"Jaw Worm","floor":10.0,"turns":3.0},{"damage":0.0,"enemies":"downfall:FleeingMerchant","floor":11.0,"turns":4.0},{"damage":0.0,"enemies":"Lagavulin","floor":12.0,"turns":7.0},{"damage":0.0,"enemies":"2 Fungi Beasts","floor":13.0,"turns":3.0},{"damage":9.0,"enemies":"Exordium Wildlife","floor":14.0,"turns":4.0},{"damage":12.0,"enemies":"3 Louse","floor":15.0,"turns":3.0},{"damage":26.0,"enemies":"WA_ARCHETYPE_RETAIN","floor":16.0,"turns":5.0},{"damage":3.0,"enemies":"downfall:LooterAlt2","floor":19.0,"turns":5.0},{"damage":0.0,"enemies":"Spheric Guardian","floor":21.0,"turns":4.0},{"damage":0.0,"enemies":"3 Cultists","floor":23.0,"turns":4.0},{"damage":0.0,"enemies":"Gremlin Leader","floor":25.0,"turns":6.0},{"damage":13.0,"enemies":"Snake Plant","floor":26.0,"turns":4.0},{"damage":1.0,"enemies":"Book of Stabbing","floor":27.0,"turns":5.0},{"damage":0.0,"enemies":"Cultist and Chosen","floor":29.0,"turns":2.0},{"damage":0.0,"enemies":"downfall:FleeingMerchant","floor":31.0,"turns":4.0},{"damage":0.0,"enemies":"Chosen and Byrds","floor":32.0,"turns":5.0},{"damage":10.0,"enemies":"DF_ARCHETYPE_CLAW","floor":33.0,"turns":8.0},{"damage":0.0,"enemies":"3 Shapes","floor":36.0,"turns":2.0},{"damage":1.0,"enemies":"Orb Walker","floor":37.0,"turns":3.0},{"damage":0.0,"enemies":"Spire Growth","floor":38.0,"turns":7.0},{"damage":0.0,"enemies":"downfall:FleeingMerchant","floor":39.0,"turns":4.0},{"damage":9.0,"enemies":"Reptomancer","floor":40.0,"turns":6.0},{"damage":4.0,"enemies":"Writhing Mass","floor":43.0,"turns":5.0},{"damage":0.0,"enemies":"Maw","floor":44.0,"turns":4.0},{"damage":36.0,"enemies":"Giant Head","floor":45.0,"turns":10.0},{"damage":26.0,"enemies":"Jaw Worm Horde","floor":46.0,"turns":5.0},{"damage":0.0,"enemies":"3 Darklings","floor":49.0,"turns":3.0},{"damage":44,"enemies":"SI_POISON_ARCHETYPE","floor":50,"turns":31},{"damage":2,"enemies":"downfall:CharBossMerchant","floor":52,"turns":8},{"damage":35,"enemies":"downfall:NeowBoss","floor":55,"turns":18},{"damage":54,"enemies":"downfall:NeowBossFinal","floor":56,"turns":14}],"seed_played":"3132917836074899674","potions_obtained":[{"floor":9.0,"key":"Guardian:DefensiveModePotion"},{"floor":12.0,"key":"BlessingOfTheForge"},{"floor":14.0,"key":"SteroidPotion"},{"floor":16.0,"key":"AttackPotion"},{"floor":19.0,"key":"GamblersBrew"},{"floor":21.0,"key":"SteroidPotion"},{"floor":25.0,"key":"Regen Potion"},{"floor":27.0,"key":"Explosive Potion"},{"floor":36.0,"key":"ColorlessPotion"},{"floor":38.0,"key":"Strength Potion"},{"floor":40.0,"key":"DistilledChaos"},{"floor":43.0,"key":"Weak Potion"},{"floor":49.0,"key":"LiquidBronze"},{"floor":52,"key":"LiquidBronze"}],"is_trial":false,"path_per_floor":["R","M","M","?","?","R","T","R","E","M","$","E","M","M","M","B",null,"R","M","?","M","?","M","T","E","M","E","R","M","R","$","M","B",null,"R","M","M","M","$","E","T","R","M","M","E","M","R","?","M","B",null,"E","$","R","B","B"],"character_chosen":"GUARDIAN","items_purchased":["expansioncontent:PrepareCrush","Guardian:ArmoredProtocol","Guardian:Suspension","DollysMirror","Guardian:PolyBeam+1"],"campfire_rested":1,"item_purchase_floors":[11,31,31,39,53],"current_hp_per_floor":[65,65,65,65,65,65,65,65,65,62,62,62,62,53,41,20,59,59,61,61,61,49,49,56,56,62,61,61,61,61,61,61,56,73,73,73,72,72,72,73,73,83,79,79,53,27,53,53,53,9,69,67,67,67,32,0,0,0],"gold":64,"neow_bonus":"THREE_ENEMY_KILL","is_daily":false,"chose_seed":false,"campfire_upgraded":8,"win_rate":0.0,"timestamp":1613624512,"path_taken":["R","M","M","?","?","R","T","R","E","?","?","E","M","M","M","BOSS","R","M","?","M","?","M","T","E","M","E","R","M","R","$","M","BOSS","R","M","M","?","$","E","T","R","M","?","E","M","R","?","M","BOSS","E","$","R","BOSS","BOSS"],"items_purchased_type":["Card","Card","Card","Relic","Card"],"build_version":"2020-12-22","purchased_purges":3,"victory":false,"max_hp_per_floor":[72,72,72,72,72,72,72,72,72,72,72,72,72,72,72,72,72,72,72,72,72,72,72,79,79,79,79,79,79,79,79,79,79,79,79,79,79,79,79,79,79,89,89,89,89,89,89,89,89,89,89,89,89,89,89,89,89,89],"relic_stats":{"counters":[34,196],"Pen Nib":[26],"Boot":[140],"obtain_stats":[{"Guardian:StasisSlotReductionRelic":17,"Lantern":52,"downfall:HeartBlessingRed":47,"Guardian:ModeShifter":0,"downfall:HeartsMalice":0,"downfall:HeartBlessingGreen":47,"Pen Nib":12,"Incense Burner":25,"Boot":41,"Matryoshka":40,"DollysMirror":39,"downfall:HeartBlessingBlue":42,"Strawberry":24,"Molten Egg 2":27,"hexamod:BolsterEngine":7,"Toy Ornithopter":9,"Runic Pyramid":34},{"Guardian:StasisSlotReductionRelic":10,"Lantern":32,"downfall:HeartBlessingRed":29,"Guardian:ModeShifter":0,"downfall:HeartsMalice":0,"downfall:HeartBlessingGreen":29,"Pen Nib":6,"Incense Burner":14,"Boot":25,"Matryoshka":25,"DollysMirror":24,"downfall:HeartBlessingBlue":25,"Strawberry":13,"Molten Egg 2":16,"hexamod:BolsterEngine":2,"Toy Ornithopter":3,"Runic Pyramid":20},{"Guardian:StasisSlotReductionRelic":29,"Lantern":164,"downfall:HeartBlessingRed":122,"Guardian:ModeShifter":0,"downfall:HeartsMalice":0,"downfall:HeartBlessingGreen":122,"Pen Nib":14,"Incense Burner":48,"Boot":98,"Matryoshka":98,"DollysMirror":92,"downfall:HeartBlessingBlue":98,"Strawberry":42,"Molten Egg 2":57,"hexamod:BolsterEngine":0,"Toy Ornithopter":0,"Runic Pyramid":76}],"Toy Ornithopter":50},"card_choices":[{"not_picked":["Guardian:Gem_Lightblue","Guardian:BronzeArmor"],"picked":"Guardian:BodySlam","floor":2.0},{"not_picked":["Guardian:CrystalBeam","Guardian:Gem_Red"],"picked":"Guardian:Recover","floor":3.0},{"not_picked":["Guardian:RollAttack","Guardian:BronzeArmor"],"picked":"Guardian:DecasProtection","floor":9.0},{"not_picked":["Guardian:TemporalShield","Guardian:Reroute"],"picked":"Guardian:Gem_Blue","floor":10.0},{"not_picked":["Guardian:Gem_Cyan","Guardian:BronzeOrb"],"picked":"Guardian:Harden","floor":11.0},{"not_picked":["Guardian:ShieldCharger","Guardian:SentryBeam"],"picked":"Guardian:BodySlam","floor":12.0},{"not_picked":["Guardian:Gem_Green","Guardian:TemporalStrike"],"picked":"Guardian:Gem_Purple","floor":13.0},{"not_picked":["Guardian:Recover","Guardian:Gem_Blue"],"picked":"Guardian:EvasiveProtocol","floor":14.0},{"not_picked":["Guardian:PolyBeam","Guardian:Gem_Purple"],"picked":"Guardian:FloatingOrbs","floor":15.0},{"not_picked":["Guardian:FastForward","Guardian:GatlingBeam"],"picked":"Guardian:StasisField","floor":16.0},{"not_picked":["Guardian:Suspension","Guardian:ChargeUp"],"picked":"Guardian:PiercingHide","floor":19.0},{"not_picked":["Guardian:Gem_Red","Guardian:Gem_Lightblue","Guardian:RollAttack"],"picked":"SKIP","floor":21.0},{"not_picked":["Guardian:ShieldCharger+1","Guardian:Emergency"],"picked":"Guardian:TimeCapacitor","floor":23.0},{"not_picked":["Guardian:Recover","Guardian:Gem_Cyan"],"picked":"Guardian:BronzeArmor","floor":25.0},{"not_picked":["Guardian:BodySlam","Guardian:Orbwalk+1"],"picked":"Guardian:Harden","floor":26.0},{"not_picked":["Guardian:WalkerClaw+1","Guardian:CrystalBeam+1"],"picked":"Guardian:SphericShield","floor":27.0},{"not_picked":["Guardian:RollAttack+1","Guardian:TemporalStrike+1","Guardian:CrystalBeam+1"],"picked":"SKIP","floor":29.0},{"not_picked":["Guardian:PrimingBeam+1","Guardian:Gem_Fragmented"],"picked":"Guardian:SpikerProtocol","floor":31.0},{"not_picked":["Guardian:Orbwalk","Guardian:Gem_Purple"],"picked":"Guardian:TemporalShield","floor":32.0},{"not_picked":["Guardian:StasisEngine","Guardian:CompilePackage"],"picked":"Guardian:HyperBeam_Guardian+1","floor":33.0},{"not_picked":["Guardian:Planning","Guardian:TemporalShield"],"picked":"Guardian:Gem_Crimson","floor":36.0},{"not_picked":["Guardian:Planning","Guardian:TemporalStrike+1","Guardian:WalkerClaw+1"],"picked":"SKIP","floor":37.0},{"not_picked":["Guardian:Planning","Guardian:TemporalStrike+1","Guardian:WalkerClaw+1"],"picked":"SKIP","floor":37.0},{"not_picked":["Guardian:Incinerate+1","Guardian:Recover+1"],"picked":"Guardian:FastForward","floor":38.0},{"not_picked":["Guardian:Reroute+1","Guardian:Gem_Lightblue","Guardian:Gem_Green"],"picked":"SKIP","floor":40.0},{"not_picked":["Guardian:Recover","Guardian:PiercingHide"],"picked":"Guardian:EvasiveProtocol","floor":43.0},{"not_picked":["Guardian:Incinerate+1","Guardian:BaubleBeam+1","Guardian:Gem_Yellow"],"picked":"SKIP","floor":44.0},{"not_picked":["Guardian:TemporalStrike+1","Guardian:Gem_Lightblue","Guardian:Reroute+1"],"picked":"SKIP","floor":45.0},{"not_picked":["Guardian:Recover","Guardian:PrismaticBeam+1","Guardian:ShieldCharger"],"picked":"SKIP","floor":46.0},{"not_picked":["Guardian:TemporalStrike+1","Guardian:Incinerate+1"],"picked":"Guardian:ChargeCore+1","floor":49.0},{"not_picked":["Guardian:Gem_White","Guardian:Incinerate+1","Guardian:HyperBeam_Guardian+1"],"picked":"SKIP","floor":52}],"player_experience":1745735,"relics_obtained":[{"floor":7.0,"key":"hexamod:BolsterEngine"},{"floor":9.0,"key":"Toy Ornithopter"},{"floor":12.0,"key":"Pen Nib"},{"floor":24.0,"key":"Strawberry"},{"floor":25.0,"key":"Incense Burner"},{"floor":27.0,"key":"Molten Egg 2"},{"floor":40.0,"key":"Matryoshka"},{"floor":41.0,"key":"Boot"},{"floor":52,"key":"Lantern"}],"event_choices":[{"cards_removed":["downfall:Malfunctioning"],"damage_healed":0.0,"max_hp_gain":0.0,"max_hp_loss":0.0,"gold_gain":0.0,"event_name":"Wheel of Change","player_choice":"Card Removal","floor":5.0,"gold_loss":0.0,"damage_taken":0.0}],"is_beta":false,"boss_relics":[{"not_picked":["Coffee Dripper","Velvet Choker"],"picked":"Guardian:StasisSlotReductionRelic"},{"not_picked":["Black Star","sneckomod:SneckoTalon"],"picked":"Runic Pyramid"}],"items_purged_floors":[11,31,39],"is_endless":false,"potions_floor_spawned":[9,12,13,14,16,19,21,25,27,32,36,38,40,43,44,49,52],"killed_by":"downfall:NeowBossFinal","ascension_level":20}}