{"host":"Tuck","time":1613630981,"event":{"mods":["BaseMod","Minty Spire (QoL Compilation)","StSLib"],"gold_per_floor":[118,293,310,310,328,328,356,376,454,481,103,103,119,154,154,255,255,271,271,62,74,157,157,177,208,231,242,272,187,220,230,230,332,332,350,350,74,87,102,136,136,159,159,174,208,226,253,264,264,264,264,264,19,49,49],"floor_reached":56,"language":"ENG","playtime":6567,"items_purged":["Dualcast"],"score":1913,"play_id":"63c1fa00-a584-45d3-98ac-3e12fab3ee45","local_time":"20210217234941","is_ascension_mode":true,"campfire_choices":[{"data":"Defragment","floor":6,"key":"SMITH"},{"data":"Defragment","floor":15,"key":"SMITH"},{"floor":23,"key":"RECALL"},{"floor":32,"key":"DIG"},{"floor":41,"key":"DIG"},{"floor":49,"key":"DIG"},{"floor":52,"key":"DIG"}],"circlet_count":0,"master_deck":["Sunder","Sweeping Beam","Defragment+1","Cold Snap","Barrage","Ball Lightning","Coolheaded","Coolheaded","Conserve Battery","Glacier","Coolheaded","Defragment+1","Loop","Amplify","Recycle+1","Streamline","Fission","Coolheaded","Capacitor","Glacier","Hologram","Fission","Seek+1","Master of Strategy","Streamline+1","Thinking Ahead","Master of Strategy","Apotheosis+1","Defragment","Gash","Heatsinks+1","Gash","Fission","Master of Strategy","Seek","Recycle","Meteor Strike"],"relics":["Pandora\u0027s Box","Omamori","Mango","Shuriken","Potion Belt","Orrery","PreservedInsect","Darkstone Periapt","Empty Cage","The Courier","Bronze Scales","Bottled Lightning","Vajra","Question Card","Ancient Tea Set","Shovel","Smiling Mask","Sundial","Singing Bowl","Nuclear Battery","TheAbacus","Gremlin Horn","Regal Pillow","Juzu Bracelet","Cables","Mummified Hand","Ice Cream","InkBottle","Bag of Preparation","Mercury Hourglass","TungstenRod","Gambling Chip"],"acts_visited":["Exordium","TheCity","TheBeyond","TheEnding"],"potions_floor_usage":[],"damage_taken":[{"damage":0,"enemies":"Cultist","floor":1,"turns":3},{"damage":0,"enemies":"Small Slimes","floor":3,"turns":2},{"damage":1,"enemies":"2 Louse","floor":5,"turns":2},{"damage":8,"enemies":"Gremlin Nob","floor":7,"turns":4},{"damage":0,"enemies":"Red Slaver","floor":8,"turns":3},{"damage":0,"enemies":"Lagavulin","floor":10,"turns":6},{"damage":0,"enemies":"Large Slime","floor":13,"turns":5},{"damage":8,"enemies":"3 Sentries","floor":14,"turns":3},{"damage":0,"enemies":"Slime Boss","floor":16,"turns":11},{"damage":0,"enemies":"Chosen","floor":18,"turns":10},{"damage":0,"enemies":"Shell Parasite","floor":21,"turns":2},{"damage":0,"enemies":"Snecko","floor":24,"turns":5},{"damage":0,"enemies":"Book of Stabbing","floor":25,"turns":6},{"damage":0,"enemies":"3 Cultists","floor":27,"turns":6},{"damage":0,"enemies":"Slavers","floor":28,"turns":6},{"damage":0,"enemies":"Book of Stabbing","floor":30,"turns":5},{"damage":0,"enemies":"Shelled Parasite and Fungi","floor":31,"turns":3},{"damage":0,"enemies":"Automaton","floor":33,"turns":6},{"damage":0,"enemies":"3 Shapes","floor":35,"turns":4},{"damage":0,"enemies":"3 Darklings","floor":38,"turns":5},{"damage":6,"enemies":"Maw","floor":39,"turns":6},{"damage":0,"enemies":"Nemesis","floor":40,"turns":3},{"damage":0,"enemies":"4 Shapes","floor":44,"turns":1},{"damage":0,"enemies":"Giant Head","floor":45,"turns":1},{"damage":0,"enemies":"Jaw Worm Horde","floor":46,"turns":1},{"damage":0,"enemies":"Nemesis","floor":47,"turns":1},{"damage":0,"enemies":"Writhing Mass","floor":48,"turns":2},{"damage":0,"enemies":"Awakened One","floor":50,"turns":3},{"damage":0,"enemies":"Shield and Spear","floor":54,"turns":1},{"damage":0,"enemies":"The Heart","floor":55,"turns":4}],"seed_played":"-6579012283727700801","potions_obtained":[{"floor":1,"key":"Strength Potion"},{"floor":8,"key":"Explosive Potion"},{"floor":16,"key":"SteroidPotion"},{"floor":18,"key":"SmokeBomb"},{"floor":21,"key":"Swift Potion"},{"floor":27,"key":"DuplicationPotion"},{"floor":46,"key":"PotionOfCapacity"}],"is_trial":false,"path_per_floor":["M","?","M","?","M","R","E","M","T","E","$","?","M","E","R","B",null,"M","T","$","M","$","R","M","E","T","M","E","?","E","M","R","B",null,"M","?","$","M","M","E","R","T","T","M","E","M","E","M","R","B",null,"R","$","E","B",null],"character_chosen":"DEFECT","items_purchased":["Defragment","Orrery","PreservedInsect","Capacitor","Bronze Scales","Glacier","Hologram","Fission","Bottled Lightning","Vajra","Master of Strategy","Question Card","Thinking Ahead","Master of Strategy","TheAbacus","Master of Strategy","TungstenRod"],"campfire_rested":0,"item_purchase_floors":[11,11,11,20,20,20,20,20,20,20,20,22,22,22,37,37,53],"current_hp_per_floor":[75,75,75,68,67,67,73,73,73,73,73,73,73,65,65,65,89,89,89,89,89,89,89,89,89,89,89,89,89,89,89,89,89,89,91,86,86,88,82,82,82,82,82,84,86,86,88,90,90,90,96,96,96,98,98],"gold":49,"neow_bonus":"BOSS_RELIC","is_daily":false,"chose_seed":false,"campfire_upgraded":2,"win_rate":0.0,"timestamp":1613630981,"path_taken":["M","?","M","?","M","R","E","M","T","E","$","?","M","E","R","BOSS","M","?","$","M","$","R","M","E","T","M","E","?","E","M","R","BOSS","M","?","$","M","M","E","R","?","T","M","E","M","E","M","R","BOSS","R","$","E","BOSS"],"items_purchased_type":["Card","Relic","Relic","Card","Relic","Card","Card","Card","Relic","Relic","Card","Relic","Card","Card","Relic","Card","Relic"],"build_version":"2020-12-18","purchased_purges":1,"victory":true,"max_hp_per_floor":[75,75,75,75,75,75,89,89,89,89,89,89,89,89,89,89,89,89,89,89,89,89,89,89,89,89,89,89,89,89,89,89,89,89,91,86,86,88,88,88,88,88,88,90,92,92,94,96,96,96,96,96,96,98,98],"card_choices":[{"not_picked":["Aggregate","Cold Snap"],"picked":"Coolheaded","floor":1},{"not_picked":["Ball Lightning","Streamline"],"picked":"Coolheaded","floor":3},{"not_picked":["Hologram","Redo"],"picked":"Conserve Battery","floor":5},{"not_picked":["Hologram","Turbo"],"picked":"Glacier","floor":7},{"not_picked":["Barrage","Beam Cell","Scrape"],"picked":"SKIP","floor":8},{"not_picked":["Sweeping Beam","Darkness"],"picked":"Coolheaded","floor":10},{"not_picked":["Redo","Compile Driver"],"picked":"Loop","floor":11},{"not_picked":["Lockon","Redo"],"picked":"Amplify","floor":11},{"not_picked":["Reinforced Body","Stack","Beam Cell"],"picked":"SKIP","floor":13},{"not_picked":["Genetic Algorithm","Stack","Streamline"],"picked":"SKIP","floor":14},{"not_picked":["Genetic Algorithm","Stack"],"picked":"Streamline","floor":14},{"not_picked":["Hyperbeam","Biased Cognition"],"picked":"Fission","floor":16},{"not_picked":["Sweeping Beam+1","Rebound+1"],"picked":"Coolheaded","floor":18},{"not_picked":["Static Discharge","Blizzard"],"picked":"Streamline+1","floor":21},{"not_picked":["Consume","Coolheaded","Cold Snap+1","Ball Lightning+1"],"picked":"SKIP","floor":24},{"not_picked":["Gash","Stack","Streamline"],"picked":"Defragment","floor":25},{"not_picked":["Conserve Battery","Rebound","Core Surge"],"picked":"Gash","floor":27},{"not_picked":["Stack+1","Rainbow","Beam Cell+1"],"picked":"Heatsinks+1","floor":28},{"not_picked":["Scrape","Tempest","White Noise","Hologram"],"picked":"SKIP","floor":30},{"not_picked":["Auto Shields","Compile Driver","Rebound"],"picked":"Gash","floor":31},{"not_picked":["Meteor Strike","Rainbow","Multi-Cast"],"picked":"Fission","floor":33},{"not_picked":["Auto Shields","Conserve Battery","Chaos+1","Cold Snap+1"],"picked":"Singing Bowl","floor":35},{"not_picked":["Streamline+1","Double Energy+1","Leap","Conserve Battery"],"picked":"Singing Bowl","floor":38},{"not_picked":["Undo","Melter+1","White Noise"],"picked":"Seek","floor":39},{"not_picked":["Rebound","Conserve Battery","Heatsinks+1"],"picked":"Recycle","floor":40},{"not_picked":["Storm","Hello World+1","Go for the Eyes","BootSequence+1"],"picked":"Singing Bowl","floor":44},{"not_picked":["Turbo","Compile Driver","Steam","Beam Cell+1"],"picked":"Singing Bowl","floor":45},{"not_picked":["Ball Lightning+1","Defragment+1","Go for the Eyes"],"picked":"Meteor Strike","floor":46},{"not_picked":["Genetic Algorithm","Reprogram","Go for the Eyes+1","Sweeping Beam+1"],"picked":"Singing Bowl","floor":47},{"not_picked":["Stack","Go for the Eyes+1","Streamline+1","Hologram+1"],"picked":"Singing Bowl","floor":48},{"not_picked":["Undo","Electrodynamics","Stack+1","Steam"],"picked":"Singing Bowl","floor":54}],"player_experience":2423828,"relics_obtained":[{"floor":7,"key":"Mango"},{"floor":9,"key":"Shuriken"},{"floor":10,"key":"Potion Belt"},{"floor":14,"key":"Darkstone Periapt"},{"floor":19,"key":"The Courier"},{"floor":25,"key":"Ancient Tea Set"},{"floor":28,"key":"Shovel"},{"floor":30,"key":"Sundial"},{"floor":32,"key":"Singing Bowl"},{"floor":40,"key":"Gremlin Horn"},{"floor":41,"key":"Regal Pillow"},{"floor":42,"key":"Juzu Bracelet"},{"floor":43,"key":"Cables"},{"floor":45,"key":"Mummified Hand"},{"floor":47,"key":"InkBottle"},{"floor":49,"key":"Bag of Preparation"},{"floor":52,"key":"Mercury Hourglass"},{"floor":54,"key":"Gambling Chip"}],"event_choices":[{"damage_healed":0,"gold_gain":175,"player_choice":"AGREE","damage_taken":0,"max_hp_gain":0,"max_hp_loss":0,"event_name":"Liars Game","floor":2,"gold_loss":0,"cards_obtained":["Doubt"]},{"cards_removed":["Rebound"],"damage_healed":0,"gold_gain":0,"player_choice":"Card Removal","damage_taken":7,"max_hp_gain":0,"max_hp_loss":0,"event_name":"Golden Wing","floor":4,"gold_loss":0},{"damage_healed":0,"gold_gain":0,"player_choice":"Ignored","damage_taken":0,"max_hp_gain":0,"max_hp_loss":0,"event_name":"NoteForYourself","floor":12,"gold_loss":0},{"damage_healed":0,"gold_gain":0,"player_choice":"Obtained Relic","damage_taken":0,"relics_obtained":["Smiling Mask"],"max_hp_gain":0,"max_hp_loss":0,"event_name":"Addict","floor":29,"gold_loss":85},{"damage_healed":0,"gold_gain":0,"player_choice":"Max HP","damage_taken":0,"max_hp_gain":0,"max_hp_loss":5,"event_name":"Winding Halls","floor":36,"gold_loss":0}],"is_beta":true,"boss_relics":[{"not_picked":["Fusion Hammer","Tiny House"],"picked":"Empty Cage"},{"not_picked":["Velvet Choker","Philosopher\u0027s Stone"],"picked":"Nuclear Battery"}],"items_purged_floors":[20],"is_endless":false,"potions_floor_spawned":[1,8,16,18,21,27,30,39,46,47,54],"ascension_level":1}}