{"host":"ujyomg7d1f18u2we","time":1613621144,"event":{"mods":["AchievementEnabler","AlwaysNeverKeys","Aspiration","BaseMod","Colored Map","DeckTracker","Gremlin Skip","Highlight Path","Hubris","Minty Spire (QoL Compilation)","Quick Restart","Random Character Button","StSLib"],"gold_per_floor":[119,119,119,119,294,294,320,320,390,390,402,414,441,459,459,581,581,599,549,549,561,561,561,561],"floor_reached":23,"language":"ENG","playtime":457,"items_purged":["Doubt"],"score":299,"play_id":"6f5da146-b993-49ce-bf20-9bb2ed274817","local_time":"20210218010544","is_ascension_mode":true,"campfire_choices":[{"data":"Perfected Strike","floor":6,"key":"SMITH"},{"data":"Bash","floor":8,"key":"SMITH"},{"data":"Rampage","floor":15,"key":"SMITH"}],"circlet_count":0,"master_deck":["AscendersBane","Strike_R+1","Strike_R+1","Strike_R+1","Strike_R+1","Strike_R+1","Defend_R+1","Defend_R+1","Defend_R+1","Defend_R+1","Bash+1","Perfected Strike+1","Rampage+1","Barricade","Perfected Strike"],"relics":["Burning Blood","aspiration:Nostalgia","PureWater","Eternal Feather","Singing Bowl","Smiling Mask","hubris:Stopwatch"],"acts_visited":["Exordium","TheCity"],"potions_floor_usage":[16,16,16,16],"damage_taken":[{"damage":3,"enemies":"2 Louse","floor":1,"turns":3},{"damage":24,"enemies":"Gremlin Nob","floor":7,"turns":4},{"damage":7,"enemies":"Small Slimes","floor":11,"turns":3},{"damage":0,"enemies":"Cultist","floor":12,"turns":3},{"damage":8,"enemies":"Exordium Wildlife","floor":14,"turns":4},{"damage":19,"enemies":"Slime Boss","floor":16,"turns":9},{"damage":47,"enemies":"Chosen","floor":18,"turns":7},{"damage":21,"enemies":"Shell Parasite","floor":21,"turns":7},{"damage":45,"enemies":"Slavers","floor":23,"turns":4}],"seed_played":"-3823407824857839400","potions_obtained":[{"floor":7,"key":"ColorlessPotion"},{"floor":12,"key":"EntropicBrew"}],"is_trial":false,"path_per_floor":["M","?","$","?","?","R","E","R","T","?","M","M","T","M","R","B",null,"M","$","?","M","?","E"],"character_chosen":"IRONCLAD","items_purchased":[],"campfire_rested":0,"item_purchase_floors":[],"current_hp_per_floor":[75,75,75,80,80,80,62,68,68,68,69,75,75,75,81,68,84,43,43,43,30,39,0,0],"gold":561,"neow_bonus":"NOSTALGIA","is_daily":false,"chose_seed":false,"campfire_upgraded":3,"win_rate":0.0,"timestamp":1613621144,"path_taken":["M","?","$","?","?","R","E","R","T","?","M","?","?","M","R","BOSS","M","$","?","M","?","E"],"items_purchased_type":[],"build_version":"2020-12-22","purchased_purges":1,"victory":false,"max_hp_per_floor":[80,80,80,85,85,85,85,85,85,85,87,87,87,89,89,89,89,89,89,89,91,91,91,91],"card_choices":[{"not_picked":["Flex","Clash"],"picked":"Perfected Strike","floor":1},{"not_picked":["Anger","Dark Embrace","Shrug It Off"],"picked":"SKIP","floor":7},{"not_picked":["Sword Boomerang","Warcry","Intimidate"],"picked":"Singing Bowl","floor":11},{"not_picked":["Fire Breathing","Bludgeon"],"picked":"Rampage","floor":12},{"not_picked":["Hemokinesis","Cleave","Evolve"],"picked":"Singing Bowl","floor":14},{"not_picked":["Double Tap","Feed"],"picked":"Barricade","floor":16},{"not_picked":["Anger","Clash"],"picked":"Perfected Strike","floor":18},{"not_picked":["Intimidate","Armaments","Infernal Blade"],"picked":"Singing Bowl","floor":21}],"player_experience":1584193,"relics_obtained":[{"floor":7,"key":"Eternal Feather"},{"floor":9,"key":"Singing Bowl"},{"floor":13,"key":"Smiling Mask"}],"event_choices":[{"damage_healed":0,"gold_gain":0,"player_choice":"Ignored","damage_taken":0,"max_hp_gain":0,"max_hp_loss":0,"event_name":"Shining Light","floor":2,"gold_loss":0},{"damage_healed":0,"gold_gain":0,"player_choice":"Donut","damage_taken":0,"max_hp_gain":5,"max_hp_loss":0,"event_name":"Big Fish","floor":4,"gold_loss":0},{"damage_healed":0,"gold_gain":175,"player_choice":"AGREE","damage_taken":0,"max_hp_gain":0,"max_hp_loss":0,"event_name":"Liars Game","floor":5,"gold_loss":0,"cards_obtained":["Doubt"]},{"damage_healed":0,"gold_gain":0,"player_choice":"Upgraded","damage_taken":0,"max_hp_gain":0,"max_hp_loss":0,"event_name":"Upgrade Shrine","floor":10,"gold_loss":0,"cards_upgraded":["Defend_R"]},{"damage_healed":0,"gold_gain":0,"player_choice":"Simplicity","damage_taken":0,"max_hp_gain":0,"max_hp_loss":0,"event_name":"Back to Basics","floor":20,"gold_loss":0,"cards_upgraded":["Strike_R","Strike_R","Strike_R","Strike_R","Strike_R","Defend_R","Defend_R","Defend_R"]}],"is_beta":false,"boss_relics":[{"not_picked":["hubris:HollowSoul","hubris:TerracottaHorce"],"picked":"hubris:Stopwatch"}],"items_purged_floors":[19],"is_endless":false,"potions_floor_spawned":[7,12],"killed_by":"Slavers","ascension_level":12}}