{"host":"fauqrvll5t0ss0vm","time":1613691212,"event":{"mods":["2.2 Compatiblity","Act Like it!","Aspiration","Bard","BaseMod","Beaked The Cultist","Better Altar","Better Match","Better Note","Better Sensory Stone","Better Skull","Better Third Choice","Better Vampires","Card Filter","Clockwork Mod","Colored Map","Conspire","Displayed Cursed Tome","Downfall","Emptier Cage","Energized Spire","Friendly Minions","GifTheSpireLib","Glutton Mod","Gremlin Mod","Gremlin Skip","Halation","Hermit","Highlight Path","Hubris","Jorbs\u0027s Wanderer Trilogy","Mad Scientist","Marked Mod","Minty Spire (QoL Compilation)","Permanent Neow","Random Character Button","Relic Filter","Reorder Act Four","Replay The Spire","Shop Mod","Somnambulant","Spikes Relics","StSLib","Stuff the Spire","SuperFastMode","The Construct","The Cursed","The Disciple","The Elementalist","The Judge","The Juggle","The Mystic","The Runesmith","The Sage","The Servant 0.9.4","The Valiant","Trackpad","Uncapped"],"gold_per_floor":[99,109,120,29,44,44,44,63,63,63,63,63,90,107,141,159,171,248,248,148,163,179,454,69,94,94,120,25,25,25,4,4,15,26,100,100,0,12,28,47,63,97,120,20,48,48,65,65,65,65,76,76,76,108,108,21,21,21],"floor_reached":59,"language":"ENG","playtime":8393,"items_purged":["Regret","Slimebound:Strike_Slimebound","Slimebound:Strike_Slimebound"],"score":2333,"play_id":"80cbf765-1f58-4494-b53e-077366771238","local_time":"20210219003332","is_ascension_mode":true,"campfire_choices":[{"floor":1.0,"key":"RECALL"},{"data":"Slimebound:CorrosiveSpit","floor":6.0,"key":"SMITH"},{"data":"Slimebound:TagTeam","floor":9.0,"key":"SMITH"},{"data":"Slimebound:Recollect","floor":20.0,"key":"SMITH"},{"floor":29.0,"key":"REST"},{"data":"Slimebound:LevelUp","floor":32.0,"key":"SMITH"},{"data":"Slimebound:Defend_Slimebound","floor":37.0,"key":"PURGE"},{"data":"Slimebound:Split","floor":44.0,"key":"SMITH"},{"data":"Slimebound:LeadByExample","floor":48.0,"key":"SMITH"},{"data":"expansioncontent:StudyTheSpire","floor":49.0,"key":"SMITH"},{"data":"StuffTheSpire:CelestialWarden","floor":55,"key":"SMITH"}],"circlet_count":0,"master_deck":["AscendersBane","Slimebound:Strike_Slimebound","Slimebound:Tackle","Slimebound:Defend_Slimebound","Slimebound:Defend_Slimebound","Slimebound:Defend_Slimebound","Slimebound:Split+1","Slimebound:CorrosiveSpit+1","Slimebound:TagTeam+1","Slimebound:RejuvenatingLick","Slimebound:Replication+1","Slimebound:LeechingTouch","Slimebound:LevelUp+1","Slimebound:ServeAndProtect","Slimebound:LeadByExample+1","Slimebound:Dissolve","Slimebound:SlimeBarrage","Slimebound:MegaLick","Slimebound:Prepare","Slimebound:Recollect+1","Slimebound:LeechLife","Slimebound:Prepare","Slimebound:GoopSpray","Slimebound:SplitAcid","Slimebound:Dissolve","expansioncontent:StudyTheSpire+1","Slimebound:Teamwork","Slimebound:GoopSpray+1","Slimebound:SlimeTap","Slimebound:PrepareCrush","Slimebound:LeechEnergy+1","Slimebound:SplitLeeching","Slimebound:GoopSpray+1","StuffTheSpire:CelestialWarden+1","Slimebound:Prepare"],"relics":["Slimebound:AbsorbEndCombat","Orichalcum","CrustySpines","SnailShell","Slimebound:TarBlob","downfall:HeartBlessingRed","trackpad:SneckoScepter","The Courier","hubris:DisguiseKit","WingedGreaves","trackpad:ByrdCharm","downfall:HeartBlessingGreen","downfall:HeartBlessingBlue","Mirror","aspiration:Lifesprig"],"acts_visited":["Exordium","TheCity","TheBeyond","TheEnding"],"potions_floor_usage":[58],"damage_taken":[{"damage":9.0,"enemies":"Jaw Worm","floor":2.0,"turns":6.0},{"damage":0.0,"enemies":"2 Louse","floor":3.0,"turns":1.0},{"damage":5.0,"enemies":"downfall:FleeingMerchant","floor":4.0,"turns":4.0},{"damage":10.0,"enemies":"Small Slimes","floor":5.0,"turns":4.0},{"damage":0.0,"enemies":"2 Fungi Beasts","floor":8.0,"turns":3.0},{"damage":23.0,"enemies":"Replay:BlueRogue","floor":13.0,"turns":8.0},{"damage":0.0,"enemies":"Large Slime","floor":14.0,"turns":5.0},{"damage":17.0,"enemies":"Lagavulin","floor":15.0,"turns":5.0},{"damage":15.0,"enemies":"Exordium Thugs","floor":16.0,"turns":4.0},{"damage":0.0,"enemies":"Gremlin Gang","floor":17.0,"turns":4.0},{"damage":0.0,"enemies":"SI_SHIV_ARCHETYPE","floor":18.0,"turns":6.0},{"damage":12.0,"enemies":"3 Byrds","floor":21.0,"turns":4.0},{"damage":12.0,"enemies":"Chosen","floor":22.0,"turns":3.0},{"damage":0.0,"enemies":"downfall:FleeingMerchant","floor":24.0,"turns":4.0},{"damage":45.0,"enemies":"Book of Stabbing","floor":25.0,"turns":6.0},{"damage":32.0,"enemies":"conspire:Head Lice","floor":27.0,"turns":6.0},{"damage":0.0,"enemies":"downfall:FleeingMerchant","floor":28.0,"turns":4.0},{"damage":0.0,"enemies":"downfall:FleeingMerchant","floor":31.0,"turns":4.0},{"damage":0.0,"enemies":"Snake Plant","floor":33.0,"turns":3.0},{"damage":19.0,"enemies":"Shelled Parasite and Fungi","floor":34.0,"turns":6.0},{"damage":27.0,"enemies":"WA_ARCHETYPE_CALM","floor":35.0,"turns":8.0},{"damage":0.0,"enemies":"Orb Walker","floor":38.0,"turns":3.0},{"damage":1.0,"enemies":"3 Darklings","floor":39.0,"turns":5.0},{"damage":0.0,"enemies":"Sphere and 2 Shapes","floor":40.0,"turns":4.0},{"damage":0.0,"enemies":"Maw","floor":41.0,"turns":7.0},{"damage":0.0,"enemies":"Giant Head","floor":42.0,"turns":9.0},{"damage":0.0,"enemies":"Nemesis","floor":45.0,"turns":5.0},{"damage":1.0,"enemies":"Jaw Worm Horde","floor":47.0,"turns":4.0},{"damage":0.0,"enemies":"Spire Growth","floor":51.0,"turns":4.0},{"damage":0.0,"enemies":"IC_BLOCK_ARCHETYPE","floor":52.0,"turns":10.0},{"damage":55,"enemies":"downfall:CharBossMerchant","floor":54,"turns":8},{"damage":0,"enemies":"downfall:NeowBoss","floor":57,"turns":16},{"damage":26,"enemies":"downfall:NeowBossFinal","floor":58,"turns":10}],"seed_played":"1784171652222573077","potions_obtained":[{"floor":2.0,"key":"Explosive Potion"},{"floor":8.0,"key":"FearPotion"},{"floor":14.0,"key":"Toxic Potion"},{"floor":15.0,"key":"SteroidPotion"},{"floor":17.0,"key":"Elixir"},{"floor":21.0,"key":"SkillPotion"},{"floor":22.0,"key":"Fruit Juice"},{"floor":33.0,"key":"Swift Potion"},{"floor":38.0,"key":"Swift Potion"},{"floor":47.0,"key":"Adrenaline Potion"}],"is_trial":false,"path_per_floor":["R_BF","M","M","$","M","R","T","M","R","PTL","PTL","?","E","M","E","M","M","B",null,"R_BF","M","M","?","$","E","T","E","$","R","?","$","R","M","M","B",null,"R_BF","M","M","M","M","E","T","R","E","R","M","R","R","?","M","B",null,"E","R","$","B","B",null],"character_chosen":"SLIMEBOUND","items_purchased":["Slimebound:LevelUp","Slimebound:Dissolve","expansioncontent:StudyTheSpire","WingedGreaves","SteroidPotion","Adrenaline Potion"],"campfire_rested":1,"item_purchase_floors":[4,24,24,31,56,56],"current_hp_per_floor":[53,52,52,51,47,47,47,51,51,51,51,51,32,40,29,20,26,30,52,52,49,47,47,51,28,28,8,16,35,35,43,43,53,50,39,58,58,64,64,64,64,64,64,74,74,74,74,74,74,74,74,74,74,37,37,37,50,38],"gold":21,"neow_bonus":"ONE_RANDOM_RARE_CARD","is_daily":false,"chose_seed":false,"campfire_upgraded":8,"win_rate":0.0,"timestamp":1613691212,"path_taken":["R_BF","M","M","$","M","R","T","M","R","PTL","PTL","?","E","M","E","M","M","BOSS","R_BF","M","M","?","$","E","T","E","$","R","?","$","R","?","M","BOSS","R_BF","M","M","?","M","E","T","R","E","R","M","R","R","?","M","BOSS","E","R","$","BOSS","BOSS"],"items_purchased_type":["Card","Card","Card","Relic","Potion","Potion"],"build_version":"2020-12-22","purchased_purges":3,"victory":true,"max_hp_per_floor":[59,59,59,59,59,59,59,59,59,59,59,59,59,59,59,59,59,59,59,59,59,59,59,59,64,64,64,64,64,64,64,64,64,64,64,64,64,64,64,64,64,64,64,74,74,74,74,74,74,74,74,74,74,74,74,74,74,74],"card_choices":[{"not_picked":["Slimebound:SamplingLick","Slimebound:ComboTackle"],"picked":"Slimebound:RejuvenatingLick","floor":2.0},{"not_picked":["Slimebound:Repurpose","Slimebound:SplitMire"],"picked":"Slimebound:Replication","floor":3.0},{"not_picked":["Slimebound:SplitBruiser","Slimebound:Schlurp"],"picked":"Slimebound:LeechingTouch","floor":4.0},{"not_picked":["Slimebound:ComboTackle","Slimebound:RollThrough"],"picked":"Slimebound:ServeAndProtect","floor":5.0},{"not_picked":["Slimebound:SplitBruiser","Slimebound:Schlurp"],"picked":"Slimebound:LeadByExample","floor":8.0},{"not_picked":["Slimebound:ViciousTackle","Slimebound:LeadByExample"],"picked":"Slimebound:Dissolve","floor":13.0},{"not_picked":["Slimebound:PressTheAttack","Slimebound:GoopTackle"],"picked":"Slimebound:SlimeBarrage","floor":14.0},{"not_picked":["Slimebound:RollThrough","Slimebound:CheckThePlaybook"],"picked":"Slimebound:MegaLick","floor":15.0},{"not_picked":["Slimebound:SplitLeeching","Slimebound:HungryTackle"],"picked":"Slimebound:Prepare","floor":16.0},{"not_picked":["Slimebound:LeechEnergy","Slimebound:SplitBruiser"],"picked":"Slimebound:Recollect","floor":17.0},{"not_picked":["Slimebound:WasteNot","Slimebound:OozeBath"],"picked":"Slimebound:LeechLife","floor":18.0},{"not_picked":["Slimebound:GoopTackle","Slimebound:Nibble"],"picked":"Slimebound:Prepare","floor":21.0},{"not_picked":["Slimebound:Replication","Slimebound:SplitLeeching"],"picked":"Slimebound:GoopSpray","floor":22.0},{"not_picked":["Slimebound:LeadByExample","Slimebound:ItLooksTasty"],"picked":"Slimebound:SplitAcid","floor":24.0},{"not_picked":["Slimebound:FinishingTackle","Slimebound:OneTwoCombo"],"picked":"Slimebound:Teamwork","floor":25.0},{"not_picked":["Slimebound:BestDefense","Slimebound:SlimeBrawl","Slimebound:SplitAcid"],"picked":"SKIP","floor":27.0},{"not_picked":["Slimebound:ViciousTackle","Slimebound:FinishingTackle+1","DancingSilver"],"picked":"Slimebound:GoopSpray+1","floor":28.0},{"not_picked":["Slimebound:SplitBruiser","Slimebound:GoopSpray","Slimebound:HungryTackle","TimeWarp"],"picked":"SKIP","floor":31.0},{"not_picked":["Slimebound:RollThrough","Slimebound:SlimeSlap","Slimebound:ForwardTackle","DoubleEdge"],"picked":"SKIP","floor":33.0},{"not_picked":["Slimebound:Dissolve","Slimebound:SplitAcid","Potential"],"picked":"Slimebound:SlimeTap","floor":34.0},{"not_picked":["Slimebound:MassFeed","Slimebound:LeechLife","LightFlow"],"picked":"Slimebound:PrepareCrush","floor":35.0},{"not_picked":["Slimebound:TongueLash","Slimebound:SamplingLick","Slimebound:GoopSpray","Spin"],"picked":"SKIP","floor":38.0},{"not_picked":["Slimebound:FlameTackle+1","Slimebound:SamplingLick","Slimebound:ServeAndProtect+1","RealityMarble"],"picked":"SKIP","floor":39.0},{"not_picked":["Slimebound:GoopTackle","Slimebound:SlimeBrawl","DoubleEdge"],"picked":"Slimebound:LeechEnergy+1","floor":40.0},{"not_picked":["Slimebound:LeechingTouch","Slimebound:GoopTackle+1","Slimebound:ServeAndProtect","Potential"],"picked":"SKIP","floor":41.0},{"not_picked":["Slimebound:PressTheAttack","Slimebound:SplitBruiser","Desolation"],"picked":"Slimebound:SplitLeeching","floor":42.0},{"not_picked":["Slimebound:ServeAndProtect","Slimebound:SplitMire","Slimebound:SplitBruiser","Moonlight"],"picked":"SKIP","floor":45.0},{"not_picked":["Slimebound:LivingWall","Slimebound:RainOfGoop","FastForward"],"picked":"Slimebound:GoopSpray+1","floor":47.0},{"not_picked":["StuffTheSpire:Ambrosia","StuffTheSpire:Perfection"],"picked":"StuffTheSpire:CelestialWarden","floor":50.0},{"not_picked":["Slimebound:SplitLeeching","Slimebound:HungryTackle+1","Potential"],"picked":"Slimebound:Prepare","floor":51.0},{"not_picked":["Slimebound:LeechEnergy","Slimebound:Dissolve","Slimebound:PressTheAttack","Deadline"],"picked":"SKIP","floor":54}],"player_experience":7542387,"relics_obtained":[{"floor":7.0,"key":"Orichalcum"},{"floor":13.0,"key":"CrustySpines"},{"floor":15.0,"key":"SnailShell"},{"floor":25.0,"key":"trackpad:SneckoScepter"},{"floor":26.0,"key":"The Courier"},{"floor":27.0,"key":"hubris:DisguiseKit"},{"floor":42.0,"key":"Blood Vial"},{"floor":45.0,"key":"Mirror"},{"floor":54,"key":"aspiration:Lifesprig"}],"event_choices":[],"is_beta":false,"boss_relics":[{"not_picked":["Honey Jar","aspiration:KaomsHeart"],"picked":"Slimebound:TarBlob"},{"not_picked":["construct:WeddingRing","aspiration:SilentSkillbook"],"picked":"trackpad:ByrdCharm"}],"items_purged_floors":[24,28,31],"is_endless":false,"potions_floor_spawned":[2,8,14,15,17,18,21,22,33,34,38,39,47,51],"ascension_level":17}}