{"host":"boira1xv6we3zvcv","time":1613671338,"event":{"mods":["BaseMod","Colored Powertips","Hermit","Minty Spire (QoL Compilation)","Shop Mod","StSLib","The Cursed","The Necromancer","UnlockEverythingMod"],"gold_per_floor":[117,192,210,210,226,260,260,272,299,316,316,316],"floor_reached":11,"language":"ENG","playtime":832,"items_purged":[],"score":79,"play_id":"3f2325ae-f83d-4adc-ac7e-0cf00cedc7f8","local_time":"20210218190218","is_ascension_mode":true,"campfire_choices":[{"floor":7,"key":"REST"}],"circlet_count":0,"master_deck":["TheCursedMod:Strike_TheCursed","TheCursedMod:Strike_TheCursed","TheCursedMod:Strike_TheCursed","TheCursedMod:Strike_TheCursed","TheCursedMod:Defend_TheCursed","TheCursedMod:Defend_TheCursed","TheCursedMod:Defend_TheCursed","TheCursedMod:Defend_TheCursed","TheCursedMod:CursedWand","TheCursedMod:CleanUpWorkshop","TheCursedMod:Dregs","TheCursedMod:SmokeScreen","TheCursedMod:LuckyCharm","TheCursedMod:EmpowerCircles","TheCursedMod:WearCloak","TheCursedMod:SpitefulStrike","TheCursedMod:CircleOfFlame"],"relics":["TheCursedMod:BlackMagic101","SsserpentHead","Nunchaku","Regal Pillow"],"acts_visited":["Exordium"],"potions_floor_usage":[11,11],"damage_taken":[{"damage":4,"enemies":"2 Louse","floor":1,"turns":3},{"damage":1,"enemies":"Cultist","floor":3,"turns":4},{"damage":2,"enemies":"Jaw Worm","floor":5,"turns":6},{"damage":26,"enemies":"Lagavulin","floor":6,"turns":12},{"damage":2,"enemies":"Exordium Thugs","floor":8,"turns":9},{"damage":8,"enemies":"3 Louse","floor":10,"turns":4},{"damage":47,"enemies":"Gremlin Nob","floor":11,"turns":6}],"seed_played":"4064736368466546816","potions_obtained":[{"floor":6,"key":"Energy Potion"},{"floor":10,"key":"SneckoOil"}],"is_trial":false,"path_per_floor":["M","?","M","?","M","E","R","M","T","M","E"],"character_chosen":"THE_CURSED","items_purchased":[],"campfire_rested":1,"item_purchase_floors":[],"current_hp_per_floor":[71,60,59,59,57,31,53,51,51,43,0,0],"gold":316,"neow_bonus":"THREE_CARDS","is_daily":false,"chose_seed":false,"campfire_upgraded":0,"win_rate":0.0,"timestamp":1613671338,"path_taken":["M","?","M","?","M","E","R","M","T","M","E"],"items_purchased_type":[],"build_version":"2020-12-22","purchased_purges":0,"victory":false,"max_hp_per_floor":[75,75,75,75,75,75,75,75,75,75,75,75],"card_choices":[{"not_picked":["TheCursedMod:SoulReap","TheCursedMod:CursedAmulet"],"picked":"TheCursedMod:SmokeScreen","floor":0},{"not_picked":["TheCursedMod:Torture","TheCursedMod:CursedAmulet"],"picked":"TheCursedMod:LuckyCharm","floor":1},{"not_picked":["TheCursedMod:CursedAmulet","TheCursedMod:CircleOfCorruption"],"picked":"TheCursedMod:EmpowerCircles","floor":3},{"not_picked":["TheCursedMod:CircleOfFlame","TheCursedMod:CursedShiv"],"picked":"TheCursedMod:WearCloak","floor":5},{"not_picked":["TheCursedMod:PrepareRite","TheCursedMod:SaltUponWound","TheCursedMod:EmpowerCircles"],"picked":"SKIP","floor":6},{"not_picked":["TheCursedMod:RavingStaff","TheCursedMod:SpitefulPray"],"picked":"TheCursedMod:SpitefulStrike","floor":8},{"not_picked":["TheCursedMod:SpitefulStrike","TheCursedMod:BloodBarrier"],"picked":"TheCursedMod:CircleOfFlame","floor":10}],"player_experience":52331,"relics_obtained":[{"floor":6,"key":"Nunchaku"},{"floor":9,"key":"Regal Pillow"}],"event_choices":[{"damage_healed":0,"gold_gain":75,"player_choice":"Gather Gold","damage_taken":11,"max_hp_gain":0,"max_hp_loss":0,"event_name":"World of Goop","floor":2,"gold_loss":0},{"damage_healed":0,"gold_gain":0,"player_choice":"Trade","damage_taken":0,"relics_obtained":["SsserpentHead"],"max_hp_gain":0,"max_hp_loss":0,"event_name":"FaceTrader","floor":4,"gold_loss":0}],"is_beta":false,"boss_relics":[],"items_purged_floors":[],"is_endless":false,"potions_floor_spawned":[6,10],"killed_by":"Gremlin Nob","ascension_level":1}}