{"host":"d52brwsy6af8zvaq","time":1613612758,"event":{"mods":["AchievementEnabler","BaseMod","Bestiary","Highlight Path","Minty Spire (QoL Compilation)","Quick Restart","Relic Stats","ojb\u0027s Better Paths Mod"],"gold_per_floor":[115,115,26,43,62,62,91,91,116,67,67,67,84,112,112,112,112],"floor_reached":16,"language":"ENG","playtime":1599,"items_purged":[],"score":220,"play_id":"8ffabe1c-58b6-4e07-890a-77862f378256","local_time":"20210217184558","is_ascension_mode":true,"campfire_choices":[{"data":"Dualcast","floor":6.0,"key":"SMITH"},{"data":"Consume","floor":8,"key":"SMITH"},{"data":"Streamline","floor":11,"key":"SMITH"},{"data":"Beam Cell","floor":15,"key":"SMITH"}],"circlet_count":0,"master_deck":["AscendersBane","Strike_B","Strike_B","Strike_B","Defend_B","Defend_B","Defend_B","Defend_B","Zap","Dualcast+1","Echo Form","Lockon+1","Self Repair","Beam Cell+1","Genetic Algorithm","Consume+1","Streamline+1","Hologram","Doom and Gloom"],"relics":["Cracked Core","Strawberry","Bag of Preparation","Calipers"],"acts_visited":["Exordium"],"potions_floor_usage":[7,10],"damage_taken":[{"damage":1.0,"enemies":"2 Louse","floor":1.0,"turns":3.0},{"damage":1.0,"enemies":"Cultist","floor":4.0,"turns":4.0},{"damage":5.0,"enemies":"Small Slimes","floor":5.0,"turns":4.0},{"damage":34,"enemies":"3 Sentries","floor":7,"turns":9},{"damage":21,"enemies":"Exordium Thugs","floor":10,"turns":5},{"damage":1,"enemies":"2 Fungi Beasts","floor":13,"turns":3},{"damage":4,"enemies":"Lagavulin","floor":14,"turns":6},{"damage":57,"enemies":"Hexaghost","floor":16,"turns":7}],"seed_played":"824302734345394128","potions_obtained":[{"floor":1.0,"key":"Swift Potion"},{"floor":7,"key":"ColorlessPotion"}],"is_trial":false,"path_per_floor":["M","?","$","M","M","R","E","R","T","M","R","?","M","E","R","B"],"character_chosen":"DEFECT","items_purchased":["Self Repair"],"campfire_rested":0,"item_purchase_floors":[3],"current_hp_per_floor":[63,63,63,71,71,71,58,58,58,44,44,44,50,53,53,0,0],"gold":112,"neow_bonus":"ONE_RANDOM_RARE_CARD","is_daily":false,"chose_seed":false,"campfire_upgraded":4,"win_rate":0.0,"timestamp":1613612758,"path_taken":["M","?","?","M","M","R","E","R","T","M","R","?","M","E","R","BOSS"],"items_purchased_type":["Card"],"build_version":"2020-12-22","purchased_purges":0,"victory":false,"max_hp_per_floor":[71,71,71,71,71,71,78,78,78,78,78,78,78,78,78,78,78],"relic_stats":{"counters":[8,41],"Bag of Preparation":[8],"obtain_stats":[{"Calipers":14,"Strawberry":7,"Bag of Preparation":9,"Cracked Core":0},{"Calipers":7,"Strawberry":4,"Bag of Preparation":4,"Cracked Core":0},{"Calipers":34,"Strawberry":20,"Bag of Preparation":20,"Cracked Core":0}]},"card_choices":[{"not_picked":["Steam Power","Rebound"],"picked":"Lockon","floor":1.0},{"not_picked":["Hologram","Conserve Battery"],"picked":"Beam Cell","floor":4.0},{"not_picked":["Storm","Gash"],"picked":"Genetic Algorithm","floor":5.0},{"not_picked":["Fission","Lockon"],"picked":"Consume","floor":7},{"not_picked":["Darkness","Genetic Algorithm"],"picked":"Streamline","floor":10},{"not_picked":["Capacitor","Barrage"],"picked":"Hologram","floor":13},{"not_picked":["Go for the Eyes","Streamline"],"picked":"Doom and Gloom","floor":14}],"player_experience":2302267,"relics_obtained":[{"floor":7,"key":"Strawberry"},{"floor":9,"key":"Bag of Preparation"},{"floor":14,"key":"Calipers"}],"event_choices":[{"cards_removed":["Strike_B"],"damage_healed":0.0,"max_hp_gain":0.0,"max_hp_loss":0.0,"gold_gain":0.0,"event_name":"Purifier","player_choice":"Purged","floor":2.0,"gold_loss":0.0,"damage_taken":0.0},{"damage_healed":0,"gold_gain":0,"player_choice":"Forge","damage_taken":0,"max_hp_gain":0,"max_hp_loss":0,"event_name":"Accursed Blacksmith","floor":12,"gold_loss":0,"cards_upgraded":["Lockon"]}],"is_beta":false,"boss_relics":[],"items_purged_floors":[],"is_endless":false,"potions_floor_spawned":[1,7],"killed_by":"Hexaghost","ascension_level":20}}