{"host":"sw6p9u0oh417cx03","time":1613672304,"event":{"mods":["AchievementEnabler","Act Like it!","BaseMod","CapriCore","DeckTracker","Highlight Path","Minty Spire (QoL Compilation)","Quick Restart","StSLib"],"gold_per_floor":[110,110,110,110,120,147,160,195,195,31,44,44,119,119,119,222,222,241,141,153,253,265,265,285,285,311,311,311,341,341,341],"floor_reached":30,"language":"ZHS","playtime":920,"items_purged":["Strike_G","Strike_G"],"score":393,"play_id":"9af00482-c070-4dea-990f-1e0070294765","local_time":"20210219021824","is_ascension_mode":true,"campfire_choices":[{"floor":12.0,"key":"REST"},{"data":"Catalyst","floor":15.0,"key":"SMITH"},{"data":"Night Terror","floor":23.0,"key":"SMITH"},{"data":"Footwork","floor":25.0,"key":"SMITH"}],"circlet_count":0,"master_deck":["Strike_G","Defend_G","Defend_G","Defend_G","Defend_G","Defend_G","Survivor","Neutralize","Catalyst+1","Deadly Poison","Backflip","Phantasmal Killer","Acrobatics","Footwork+1","Night Terror+1","Escape Plan+1","Adrenaline"],"relics":["Ring of the Snake","NeowsBlessing","Letter Opener","Pantograph","Incense Burner","Singing Bowl","Sozu","Ancient Tea Set","The Courier","StrikeDummy","Potion Belt"],"acts_visited":["Exordium","TheCity"],"potions_floor_usage":[30],"damage_taken":[{"damage":0.0,"enemies":"Jaw Worm","floor":1.0,"turns":1.0},{"damage":0.0,"enemies":"Small Slimes","floor":5.0,"turns":1.0},{"damage":0.0,"enemies":"Lagavulin","floor":6.0,"turns":1.0},{"damage":0.0,"enemies":"Cultist","floor":7.0,"turns":4.0},{"damage":30.0,"enemies":"Gremlin Nob","floor":8.0,"turns":5.0},{"damage":4.0,"enemies":"3 Louse","floor":11.0,"turns":5.0},{"damage":38.0,"enemies":"Hexaghost","floor":16.0,"turns":10.0},{"damage":1.0,"enemies":"Shell Parasite","floor":18.0,"turns":5.0},{"damage":1.0,"enemies":"Spheric Guardian","floor":20.0,"turns":5.0},{"damage":18.0,"enemies":"Snake Plant","floor":22.0,"turns":5.0},{"damage":3.0,"enemies":"Centurion and Healer","floor":24.0,"turns":7.0},{"damage":16.0,"enemies":"Book of Stabbing","floor":29.0,"turns":7.0},{"damage":26,"enemies":"Sentry and Sphere","floor":30,"turns":5}],"seed_played":"-8675609189187883271","potions_obtained":[{"floor":6.0,"key":"Weak Potion"},{"floor":8.0,"key":"Ancient Potion"},{"floor":11.0,"key":"AttackPotion"}],"is_trial":false,"path_per_floor":["M","?","?","?","M","E","M","E","T","$","M","R","?","T","R","B",null,"M","$","M","?","M","R","M","R","T","?","T","E","M"],"character_chosen":"THE_SILENT","items_purchased":["Acrobatics","Footwork"],"campfire_rested":1,"item_purchase_floors":[10,10],"current_hp_per_floor":[63,51,44,44,44,44,44,14,14,14,12,33,22,22,22,9,56,55,55,56,56,40,40,39,39,39,39,39,23,0,0],"gold":341,"neow_bonus":"THREE_ENEMY_KILL","is_daily":false,"chose_seed":false,"campfire_upgraded":3,"win_rate":0.0,"timestamp":1613672304,"path_taken":["M","?","?","?","M","E","M","E","T","?","?","R","?","?","R","BOSS","M","$","?","?","?","R","M","R","T","?","?","E","M"],"items_purchased_type":["Card","Card"],"build_version":"2020-12-22","purchased_purges":2,"victory":false,"max_hp_per_floor":[70,70,70,70,70,70,70,70,70,70,72,72,72,72,72,72,72,72,72,74,74,76,76,78,78,78,78,78,78,78,78],"card_choices":[{"not_picked":["Quick Slash","Finisher"],"picked":"Catalyst","floor":1.0},{"not_picked":["Prepared","Caltrops"],"picked":"Backflip","floor":5.0},{"not_picked":["Deflect","Quick Slash","Outmaneuver"],"picked":"SKIP","floor":6.0},{"not_picked":["Accuracy","Flying Knee","Flechettes"],"picked":"SKIP","floor":7.0},{"not_picked":["Masterful Stab","Eviscerate"],"picked":"Phantasmal Killer","floor":8.0},{"not_picked":["Slice","Outmaneuver","Dagger Spray"],"picked":"Singing Bowl","floor":11.0},{"not_picked":["Phantasmal Killer","Storm of Steel"],"picked":"Night Terror","floor":16.0},{"not_picked":["Poisoned Stab","Dagger Spray"],"picked":"Escape Plan+1","floor":18.0},{"not_picked":["Quick Slash+1","Outmaneuver","Flying Knee"],"picked":"Singing Bowl","floor":20.0},{"not_picked":["Quick Slash","Dagger Throw","Flying Knee"],"picked":"Singing Bowl","floor":22.0},{"not_picked":["Distraction","Slice","Cloak And Dagger+1"],"picked":"Singing Bowl","floor":24.0},{"not_picked":["Choke","Underhanded Strike"],"picked":"Adrenaline","floor":29.0}],"player_experience":379474,"relics_obtained":[{"floor":6.0,"key":"Pantograph"},{"floor":8.0,"key":"Incense Burner"},{"floor":9.0,"key":"Singing Bowl"},{"floor":26.0,"key":"Ancient Tea Set"},{"floor":28.0,"key":"StrikeDummy"},{"floor":29.0,"key":"Potion Belt"}],"event_choices":[{"damage_healed":0.0,"max_hp_gain":0.0,"max_hp_loss":0.0,"gold_gain":0.0,"event_name":"Scrap Ooze","player_choice":"Success","floor":2.0,"gold_loss":0.0,"damage_taken":12.0,"relics_obtained":["Letter Opener"]},{"cards_removed":["Strike_G"],"damage_healed":0.0,"max_hp_gain":0.0,"max_hp_loss":0.0,"gold_gain":0.0,"event_name":"Golden Wing","player_choice":"Card Removal","floor":3.0,"gold_loss":0.0,"damage_taken":7.0},{"damage_healed":0.0,"max_hp_gain":0.0,"max_hp_loss":0.0,"gold_gain":0.0,"cards_transformed":["Strike_G"],"event_name":"Living Wall","player_choice":"Change","floor":4.0,"gold_loss":0.0,"damage_taken":0.0,"cards_obtained":["Deadly Poison"]},{"damage_healed":0.0,"max_hp_gain":0.0,"max_hp_loss":0.0,"gold_gain":75.0,"event_name":"World of Goop","player_choice":"Gather Gold","floor":13.0,"gold_loss":0.0,"damage_taken":11.0},{"damage_healed":0.0,"max_hp_gain":0.0,"max_hp_loss":0.0,"gold_gain":100.0,"event_name":"Golden Shrine","player_choice":"Pray","floor":21.0,"gold_loss":0.0,"damage_taken":0.0},{"damage_healed":0.0,"max_hp_gain":0.0,"max_hp_loss":0.0,"gold_gain":0.0,"event_name":"The Mausoleum","player_choice":"Opened","floor":27.0,"gold_loss":0.0,"damage_taken":0.0,"relics_obtained":["The Courier"]}],"is_beta":false,"boss_relics":[{"not_picked":["Ring of the Serpent","Black Star"],"picked":"Sozu"}],"items_purged_floors":[10,19],"is_endless":false,"potions_floor_spawned":[6,8,11,18,22],"killed_by":"Sentry and Sphere","ascension_level":8}}