{"host":"li7nr9q4d53iu1rb","time":1613611537,"event":{"mods":["AchievementEnabler","BaseMod","Colored Map","Colored Powertips","Downfall","Highlight Path","Minty Spire (QoL Compilation)","Permanent Neow","Quick Restart","Random Character Button","StSLib"],"gold_per_floor":[118,130,130,60,74,74,108,128,128,7,19,19,194,208,208,303,303,319,124,138,138,138],"floor_reached":21,"language":"ENG","playtime":942,"items_purged":["Strike_B","Strike_B"],"score":208,"play_id":"93341344-8506-4084-870f-73f345bf9704","local_time":"20210217212537","is_ascension_mode":true,"campfire_choices":[{"floor":6.0,"key":"REST"},{"data":"Panache","floor":12,"key":"SMITH"},{"floor":15,"key":"REST"}],"circlet_count":0,"master_deck":["Strike_B","Strike_B","Defend_B","Defend_B","Defend_B","Defend_B","Zap","Dualcast","Panache+1","FTL","FTL","Beam Cell","Beam Cell","Genetic Algorithm","Steam+1","Beam Cell","Doubt","Leap+1","Creative AI","Conserve Battery+1","Steam+1","FTL","Undo+1"],"relics":["Cracked Core","Symbiotic Virus","Potion Belt","Art of War","Toxic Egg 2","Philosopher\u0027s Stone"],"acts_visited":["Exordium","TheCity"],"potions_floor_usage":[8,11,14,20,21,21,21],"damage_taken":[{"damage":0.0,"enemies":"Cultist","floor":1.0,"turns":3.0},{"damage":0.0,"enemies":"Small Slimes","floor":2.0,"turns":3.0},{"damage":1.0,"enemies":"2 Louse","floor":5.0,"turns":2.0},{"damage":15.0,"enemies":"Lagavulin","floor":7.0,"turns":3.0},{"damage":1,"enemies":"Exordium Wildlife","floor":8,"turns":2},{"damage":5,"enemies":"Red Slaver","floor":11,"turns":2},{"damage":17,"enemies":"Exordium Thugs","floor":14,"turns":4},{"damage":18,"enemies":"Hexaghost","floor":16,"turns":9},{"damage":33,"enemies":"Shell Parasite","floor":18,"turns":5},{"damage":37,"enemies":"Chosen","floor":20,"turns":6},{"damage":10,"enemies":"Snake Plant","floor":21,"turns":5}],"seed_played":"5861353194432045763","potions_obtained":[{"floor":5.0,"key":"DistilledChaos"},{"floor":7.0,"key":"EntropicBrew"},{"floor":11,"key":"Fruit Juice"},{"floor":16,"key":"SteroidPotion"}],"is_trial":false,"path_per_floor":["M","M","?","?","M","R","E","M","T","$","M","R","?","M","R","B",null,"M","$","M","M"],"character_chosen":"DEFECT","items_purchased":["Steam+1","Steam+1","FTL"],"campfire_rested":2,"item_purchase_floors":[10,19,19],"current_hp_per_floor":[54,54,42,42,41,63,48,47,47,47,47,47,47,30,54,36,80,47,47,10,0,0],"gold":138,"neow_bonus":"RANDOM_COLORLESS_2","is_daily":false,"chose_seed":false,"campfire_upgraded":1,"win_rate":0.0,"timestamp":1613611537,"path_taken":["M","?","?","?","M","R","E","M","T","$","?","R","?","M","R","BOSS","M","$","M","M"],"items_purchased_type":["Card","Card","Card"],"build_version":"2020-12-22","purchased_purges":2,"victory":false,"max_hp_per_floor":[75,75,75,75,75,75,75,75,75,75,80,80,80,80,80,80,80,80,80,80,80,80],"card_choices":[{"not_picked":["Sadistic Nature","The Bomb"],"picked":"Panache","floor":0.0},{"not_picked":["Go for the Eyes","Compile Driver"],"picked":"FTL","floor":1.0},{"not_picked":["Coolheaded","Sweeping Beam"],"picked":"FTL","floor":2.0},{"not_picked":["Rebound","Stack"],"picked":"Beam Cell","floor":5.0},{"not_picked":["Skim","Redo"],"picked":"Beam Cell","floor":7.0},{"not_picked":["Beam Cell","Turbo"],"picked":"Genetic Algorithm","floor":8},{"not_picked":["Cold Snap","Compile Driver"],"picked":"Beam Cell","floor":11},{"not_picked":["Cold Snap","Biased Cognition"],"picked":"Leap+1","floor":14},{"not_picked":["Biased Cognition","Hyperbeam"],"picked":"Creative AI","floor":16},{"not_picked":["Cold Snap+1","Beam Cell"],"picked":"Conserve Battery+1","floor":18},{"not_picked":["Consume+1","Rebound"],"picked":"Undo+1","floor":20}],"player_experience":277344,"relics_obtained":[{"floor":7.0,"key":"Art of War"},{"floor":9,"key":"Toxic Egg 2"}],"event_choices":[{"damage_healed":0.0,"max_hp_gain":0.0,"max_hp_loss":0.0,"gold_gain":0.0,"event_name":"Scrap Ooze","player_choice":"Success","floor":3.0,"gold_loss":0.0,"damage_taken":12.0,"relics_obtained":["Symbiotic Virus"]},{"damage_healed":0.0,"max_hp_gain":0.0,"max_hp_loss":0.0,"gold_gain":0.0,"event_name":"WeMeetAgain","player_choice":"Paid Gold","floor":4.0,"gold_loss":70.0,"damage_taken":0.0,"relics_obtained":["Potion Belt"]},{"damage_healed":0,"gold_gain":175,"player_choice":"AGREE","damage_taken":0,"max_hp_gain":0,"max_hp_loss":0,"event_name":"Liars Game","floor":13,"gold_loss":0,"cards_obtained":["Doubt"]}],"is_beta":false,"boss_relics":[{"not_picked":["Coffee Dripper","Sozu"],"picked":"Philosopher\u0027s Stone"}],"items_purged_floors":[10,19],"is_endless":false,"potions_floor_spawned":[5,7,11,16],"killed_by":"Snake Plant","ascension_level":3}}