{"host":"dkr0dog13pegamnp","time":1613652517,"event":{"mods":["AchievementEnabler","BaseMod","Minty Spire (QoL Compilation)","Rare Cards Sparkle","StSLib","SuperFastMode","everything is the same but u backflip on backflip"],"gold_per_floor":[109,28,28,28,48,79,79,97,97,97,124,143,143,143,143,143,143],"floor_reached":16,"language":"KOR","playtime":303,"items_purged":[],"score":172,"play_id":"783eb6f2-e485-4d58-957d-2ebc7d431adc","local_time":"20210218214837","is_ascension_mode":true,"campfire_choices":[{"data":"Adrenaline","floor":7,"key":"SMITH"},{"data":"Dash","floor":10,"key":"SMITH"},{"data":"Tactician","floor":13,"key":"SMITH"},{"data":"Finesse","floor":15,"key":"SMITH"}],"circlet_count":0,"master_deck":["Strike_G","Strike_G","Strike_G","Strike_G","Strike_G","Defend_G","Defend_G","Defend_G","Defend_G","Defend_G","Survivor","Neutralize","Adrenaline+1","Dash+1","PiercingWail","Tactician+1","Finesse+1"],"relics":["Ring of the Snake","NeowsBlessing","WingedGreaves","Darkstone Periapt","Pear","Odd Mushroom"],"acts_visited":["Exordium"],"potions_floor_usage":[16,16],"damage_taken":[{"damage":0,"enemies":"Cultist","floor":1,"turns":1},{"damage":0,"enemies":"2 Louse","floor":5,"turns":1},{"damage":0,"enemies":"Gremlin Nob","floor":6,"turns":1},{"damage":0,"enemies":"Small Slimes","floor":8,"turns":4},{"damage":5,"enemies":"The Mushroom Lair","floor":11,"turns":5},{"damage":5,"enemies":"3 Louse","floor":12,"turns":5},{"damage":66,"enemies":"Hexaghost","floor":16,"turns":14}],"seed_played":"-1181564568307259305","potions_obtained":[{"floor":6,"key":"Swift Potion"},{"floor":12,"key":"Strength Potion"}],"is_trial":false,"path_per_floor":["M","$","T","?","M","E","R","M","T","R","?","M","R","?","R","B"],"character_chosen":"THE_SILENT","items_purchased":["Adrenaline"],"campfire_rested":0,"item_purchase_floors":[2],"current_hp_per_floor":[63,63,63,63,63,63,63,63,73,73,68,63,63,63,63,0,0],"gold":143,"neow_bonus":"THREE_ENEMY_KILL","is_daily":false,"chose_seed":false,"campfire_upgraded":4,"win_rate":0.0,"timestamp":1613652517,"path_taken":["M","$","?","?","M","E","R","?","T","R","?","M","R","?","R","BOSS"],"items_purchased_type":["Card"],"build_version":"2020-12-22","purchased_purges":0,"victory":false,"max_hp_per_floor":[70,70,70,70,70,70,70,70,80,80,80,80,80,80,80,80,80],"card_choices":[{"not_picked":["Acrobatics","Blade Dance","Flying Knee"],"picked":"SKIP","floor":1},{"not_picked":["Deflect","Predator"],"picked":"Dash","floor":5},{"not_picked":["Phantasmal Killer","Sucker Punch","Prepared"],"picked":"SKIP","floor":6},{"not_picked":["Underhanded Strike","Flying Knee"],"picked":"PiercingWail","floor":8},{"not_picked":["Well Laid Plans","Backflip"],"picked":"Tactician","floor":12}],"player_experience":60065,"relics_obtained":[{"floor":3,"key":"WingedGreaves"},{"floor":6,"key":"Darkstone Periapt"},{"floor":9,"key":"Pear"},{"floor":11,"key":"Odd Mushroom"}],"event_choices":[{"damage_healed":0,"gold_gain":0,"player_choice":"Ignored","damage_taken":0,"max_hp_gain":0,"max_hp_loss":0,"event_name":"WeMeetAgain","floor":4,"gold_loss":0},{"damage_healed":0,"gold_gain":0,"player_choice":"Fought Mushrooms","damage_taken":0,"max_hp_gain":0,"max_hp_loss":0,"event_name":"Mushrooms","floor":11,"gold_loss":0},{"damage_healed":0,"gold_gain":0,"player_choice":"1 cards matched","damage_taken":0,"max_hp_gain":0,"max_hp_loss":0,"event_name":"Match and Keep!","floor":14,"gold_loss":0,"cards_obtained":["Finesse"]}],"is_beta":false,"boss_relics":[],"items_purged_floors":[],"is_endless":false,"potions_floor_spawned":[6,12],"killed_by":"Hexaghost","ascension_level":8}}