{"host":"tj5b4ndtwgv8r84u","time":1613692693,"event":{"mods":["2.2 Compatiblity","AchievementEnabler","Act Like it!","Aspiration","BaseMod","Better Note","Colored Map","Conspire","Downfall","GifTheSpireLib","Hallownest","Hermit","Infinite Spire","Minty Spire (QoL Compilation)","Rare Cards Sparkle","Relic Stats","Replay The Spire","Shop Mod","StSLib","The Bug Knight","The Cursed","The Hierophant","The Marked","The Servant 0.9.4"],"gold_per_floor":[109,109,119,136,116,142,142,153,153,164,164,177,31,31,31,132,132,148,184,200,50,66,66,94,94,94,94,113,13,13],"floor_reached":29,"language":"ENG","playtime":2150,"items_purged":[],"score":245,"play_id":"646f5465-9552-4d89-ac83-9dd5442d7b72","local_time":"20210218185813","is_ascension_mode":false,"campfire_choices":[{"floor":7,"key":"REST"},{"data":"Toxin Wave","floor":15,"key":"SMITH"},{"floor":23,"key":"REST"},{"data":"Outmaneuver","floor":25,"key":"SMITH"}],"circlet_count":0,"master_deck":["Strike_G","Strike_G","Strike_G","Strike_G","Defend_G","Defend_G","Defend_G","Survivor","Neutralize","Poisoned Stab+1","Deadly Poison","Toxin Wave+1","Bane","Dagger Spray","Quick Slash","Adrenaline+1","Adrenaline+1","After Image","Crippling Poison","Footwork+1","Dagger Throw","Outmaneuver+1","Endless Agony","Hallownest:curseDreamersLament","Bane"],"relics":["Empty Cage","infinitespire:Satchel","ReplayTheSpireMod:Lightbulb","Guide Book","conspire:DeflatedDodgeball","ChewingGum","Peace Pipe","Replay:Wax Seal","HandDrill","HollowMod:StagPassRelic","Basket Of Snakes","Hallownest:WatcherSealRelic"],"acts_visited":["Exordium","Hallownest:CityofTears"],"potions_floor_usage":[16,16,16,29],"damage_taken":[{"damage":3.0,"enemies":"2 Louse","floor":1.0,"turns":4.0},{"damage":0.0,"enemies":"Cultist","floor":3.0,"turns":4.0},{"damage":0,"enemies":"Jaw Worm","floor":4,"turns":3},{"damage":24,"enemies":"3 Sentries","floor":6,"turns":9},{"damage":5,"enemies":"Lots of Slimes","floor":8,"turns":3},{"damage":0,"enemies":"Large Slime","floor":10,"turns":4},{"damage":19,"enemies":"Exordium Thugs","floor":12,"turns":3},{"damage":7,"enemies":"Hexaghost","floor":16,"turns":6},{"damage":3,"enemies":"Hallownest:Guard_and_Sentry","floor":18,"turns":4},{"damage":0,"enemies":"Hallownest:3_Youths","floor":20,"turns":3},{"damage":0,"enemies":"Hallownest:Warrior_and_Youth","floor":22,"turns":4},{"damage":6,"enemies":"Hallownest:Nosk","floor":24,"turns":7},{"damage":23,"enemies":"Hallownest:2_Flukemon","floor":28,"turns":8},{"damage":45,"enemies":"Hallownest:eliteWatcherKnight","floor":29,"turns":10}],"seed_played":"796695591104931980","potions_obtained":[{"floor":5,"key":"SpeedPotion"},{"floor":6,"key":"SkillPotion"},{"floor":8,"key":"hexamod:SoulburnPotion"},{"floor":12,"key":"hexamod:SoulburnPotion"},{"floor":24,"key":"GamblersBrew"}],"is_trial":false,"path_per_floor":["M","?","M","M","?","E","R","M","T","M","?","M","$","T","R_BF","B",null,"M","?","M","$","M","R","E","R","T","?","M","E"],"character_chosen":"THE_SILENT","items_purchased":["Guide Book","Replay:Wax Seal","HandDrill","Dagger Throw"],"campfire_rested":2,"item_purchase_floors":[13,21,21,21],"current_hp_per_floor":[67,67,67,67,67,43,64,59,59,59,59,40,40,40,40,33,70,67,50,50,50,50,70,64,64,64,64,41,0,0],"gold":13,"neow_bonus":"BOSS_RELIC","is_daily":false,"chose_seed":false,"campfire_upgraded":2,"win_rate":0.0,"timestamp":1613692693,"path_taken":["M","?","?","M","?","E","R","M","T","?","?","M","?","?","R_BF","BOSS","M","?","M","?","?","R","E","R","T","?","M","E"],"items_purchased_type":["Relic","Relic","Relic","Card"],"build_version":"2020-12-22","purchased_purges":0,"victory":false,"max_hp_per_floor":[70,70,70,70,70,70,70,70,70,70,70,70,70,70,70,70,70,70,70,70,70,70,70,70,70,70,70,70,70,70],"relic_stats":{"Peace Pipe":0,"counters":[14,72],"HandDrill":[8],"obtain_stats":[{"Guide Book":13,"Basket Of Snakes":26,"Empty Cage":0,"HollowMod:StagPassRelic":24,"Peace Pipe":19,"Hallownest:WatcherSealRelic":27,"infinitespire:Satchel":6,"ChewingGum":17,"HandDrill":21,"conspire:DeflatedDodgeball":14,"Replay:Wax Seal":21,"ReplayTheSpireMod:Lightbulb":9,"Ring of the Snake":0},{"Guide Book":7,"Basket Of Snakes":12,"Empty Cage":0,"HollowMod:StagPassRelic":12,"Peace Pipe":9,"Hallownest:WatcherSealRelic":12,"infinitespire:Satchel":4,"ChewingGum":8,"HandDrill":10,"conspire:DeflatedDodgeball":7,"Replay:Wax Seal":10,"ReplayTheSpireMod:Lightbulb":5,"Ring of the Snake":0},{"Guide Book":30,"Basket Of Snakes":54,"Empty Cage":0,"HollowMod:StagPassRelic":54,"Peace Pipe":40,"Hallownest:WatcherSealRelic":54,"infinitespire:Satchel":20,"ChewingGum":36,"HandDrill":43,"conspire:DeflatedDodgeball":30,"Replay:Wax Seal":43,"ReplayTheSpireMod:Lightbulb":23,"Ring of the Snake":0}]},"card_choices":[{"not_picked":["Catalyst","Underhanded Strike"],"picked":"Poisoned Stab","floor":1.0},{"not_picked":["Dodge and Roll","Sucker Punch"],"picked":"Deadly Poison","floor":3},{"not_picked":["Underhanded Strike","Sucker Punch"],"picked":"Toxin Wave","floor":4},{"not_picked":["Prepared","Unload"],"picked":"Bane","floor":6},{"not_picked":["Tactician","Finisher"],"picked":"Dagger Spray","floor":8},{"not_picked":["Deadly Poison","Toxin Wave"],"picked":"Quick Slash","floor":10},{"not_picked":["All Out Attack","Quick Slash"],"picked":"Adrenaline","floor":12},{"not_picked":["Malaise","Poison Darts"],"picked":"After Image","floor":16},{"not_picked":["Backflip","Choke"],"picked":"Crippling Poison","floor":18},{"not_picked":["Calculated Gamble","ReplayTheSpireMod:Scrap Shanks"],"picked":"Footwork+1","floor":19},{"not_picked":["ReplayTheSpireMod:Shiv Toss","Tactician","Flechettes+1"],"picked":"SKIP","floor":20},{"not_picked":["Replay:Poison Smokescreen","Slice"],"picked":"Outmaneuver","floor":22},{"not_picked":["Finisher","Slice"],"picked":"Endless Agony","floor":24},{"not_picked":["Outmaneuver","Hidden Blade"],"picked":"Bane","floor":28}],"player_experience":35263,"relics_obtained":[{"floor":6,"key":"infinitespire:Satchel"},{"floor":9,"key":"ReplayTheSpireMod:Lightbulb"},{"floor":14,"key":"conspire:DeflatedDodgeball"},{"floor":19,"key":"Peace Pipe"},{"floor":24,"key":"HollowMod:StagPassRelic"},{"floor":26,"key":"Basket Of Snakes"}],"event_choices":[{"damage_healed":0.0,"max_hp_gain":0.0,"max_hp_loss":0.0,"gold_gain":0.0,"event_name":"Upgrade Shrine","player_choice":"Upgraded","floor":2.0,"gold_loss":0.0,"damage_taken":0.0,"cards_upgraded":["Poisoned Stab"]},{"damage_healed":0,"gold_gain":0,"player_choice":"Bought 1 Potion","damage_taken":0,"max_hp_gain":0,"max_hp_loss":0,"event_name":"The Woman in Blue","floor":5,"gold_loss":0},{"damage_healed":0,"gold_gain":0,"cards_transformed":["Defend_G"],"player_choice":"Transformed","damage_taken":0,"max_hp_gain":0,"max_hp_loss":0,"event_name":"Transmorgrifier","floor":11,"gold_loss":0,"cards_obtained":["Adrenaline"]}],"is_beta":false,"boss_relics":[{"not_picked":["conspire:SlowCooker","ReplayTheSpireMod:DimensionalGlitch"],"picked":"ChewingGum"}],"items_purged_floors":[],"is_endless":false,"potions_floor_spawned":[6,8,12,24],"killed_by":"Hallownest:eliteWatcherKnight","ascension_level":0}}