{"host":"dvpvhz1t6etneyb3","time":1613671638,"event":{"mods":["AchievementEnabler","BaseMod","Colored Map","Highlight Path","Minty Spire (QoL Compilation)","Permanent Neow","Quick Restart"],"gold_per_floor":[113,128,146,164,164,164,196,196,196,346,359,359,10,29,29,108,108,123,123,123,133,133,133],"floor_reached":22,"language":"ENG","playtime":732,"items_purged":["Doubt"],"score":397,"play_id":"387499ba-d406-4f06-82b8-b8b85da5ab75","local_time":"20210218130718","is_ascension_mode":true,"campfire_choices":[{"floor":6.0,"key":"REST"},{"floor":8.0,"key":"REST"},{"data":"Fission","floor":15.0,"key":"SMITH"}],"circlet_count":0,"master_deck":["AscendersBane","Strike_B","Strike_B","Strike_B","Defend_B","Defend_B","Defend_B","Defend_B","Zap","Dualcast+1","Cold Snap","Sweeping Beam+1","Genetic Algorithm","Static Discharge","Ball Lightning","Fission+1","Loop","Chaos"],"relics":["Cracked Core","Pear","Cables","Inserter"],"acts_visited":["Exordium","TheCity"],"potions_floor_usage":[],"damage_taken":[{"damage":3.0,"enemies":"2 Louse","floor":1.0,"turns":3.0},{"damage":7.0,"enemies":"Small Slimes","floor":2.0,"turns":4.0},{"damage":2.0,"enemies":"Jaw Worm","floor":3.0,"turns":3.0},{"damage":11.0,"enemies":"Lots of Slimes","floor":4.0,"turns":5.0},{"damage":23.0,"enemies":"3 Sentries","floor":7.0,"turns":7.0},{"damage":0.0,"enemies":"2 Fungi Beasts","floor":11.0,"turns":3.0},{"damage":0.0,"enemies":"Large Slime","floor":14.0,"turns":3.0},{"damage":14.0,"enemies":"Slime Boss","floor":16.0,"turns":7.0},{"damage":42.0,"enemies":"2 Thieves","floor":18.0,"turns":4.0},{"damage":24,"enemies":"Shell Parasite","floor":21,"turns":5},{"damage":17,"enemies":"Snake Plant","floor":22,"turns":3}],"seed_played":"-4317939966324302","potions_obtained":[{"floor":2.0,"key":"Fire Potion"},{"floor":11.0,"key":"ColorlessPotion"},{"floor":14.0,"key":"SkillPotion"},{"floor":16.0,"key":"Dexterity Potion"}],"is_trial":false,"path_per_floor":["M","M","M","M","?","R","E","R","T","?","M","?","$","M","R","B",null,"M","?","?","M","M"],"character_chosen":"DEFECT","items_purchased":["Ball Lightning","Fission","Loop"],"campfire_rested":2,"item_purchase_floors":[13,13,13],"current_hp_per_floor":[57,50,48,37,11,36,23,51,51,51,51,44,44,44,44,30,79,37,37,37,13,0,0],"gold":133,"neow_bonus":"TWENTY_PERCENT_HP_BONUS","is_daily":false,"chose_seed":false,"campfire_upgraded":1,"win_rate":0.0,"timestamp":1613671638,"path_taken":["M","M","M","M","?","R","E","R","T","?","M","?","$","M","R","BOSS","M","?","?","M","M"],"items_purchased_type":["Card","Card","Card"],"build_version":"2020-12-22","purchased_purges":1,"victory":false,"max_hp_per_floor":[85,85,85,85,85,85,95,95,95,95,95,95,95,95,95,95,95,95,95,95,95,95,95],"card_choices":[{"not_picked":["Streamline","Self Repair"],"picked":"Cold Snap","floor":1.0},{"not_picked":["Hologram","Chill"],"picked":"Sweeping Beam","floor":2.0},{"not_picked":["Streamline","Rebound"],"picked":"Genetic Algorithm","floor":3.0},{"not_picked":["Scrape","Self Repair"],"picked":"Static Discharge","floor":4.0},{"not_picked":["Streamline","Barrage","Leap"],"picked":"SKIP","floor":7.0},{"not_picked":["Redo","Force Field","Turbo"],"picked":"SKIP","floor":11.0},{"not_picked":["Tempest","Cold Snap"],"picked":"Chaos","floor":14.0},{"not_picked":["Beam Cell","Go for the Eyes","White Noise"],"picked":"SKIP","floor":18.0},{"not_picked":["Go for the Eyes","Conserve Battery","Coolheaded"],"picked":"SKIP","floor":21}],"player_experience":2199025,"relics_obtained":[{"floor":7.0,"key":"Pear"},{"floor":9.0,"key":"Cables"}],"event_choices":[{"damage_healed":0.0,"max_hp_gain":0.0,"max_hp_loss":0.0,"gold_gain":0.0,"event_name":"Shining Light","player_choice":"Entered Light","floor":5.0,"gold_loss":0.0,"damage_taken":26.0,"cards_upgraded":["Dualcast","Sweeping Beam"]},{"damage_healed":0.0,"max_hp_gain":0.0,"max_hp_loss":0.0,"gold_gain":150.0,"event_name":"Liars Game","player_choice":"AGREE","floor":10.0,"gold_loss":0.0,"damage_taken":0.0,"cards_obtained":["Doubt"]},{"cards_removed":["Strike_B"],"damage_healed":0.0,"max_hp_gain":0.0,"max_hp_loss":0.0,"gold_gain":0.0,"event_name":"Golden Wing","player_choice":"Card Removal","floor":12.0,"gold_loss":0.0,"damage_taken":7.0},{"damage_healed":0.0,"max_hp_gain":0.0,"max_hp_loss":0.0,"gold_gain":0.0,"event_name":"The Mausoleum","player_choice":"Ignored","floor":19.0,"gold_loss":0.0,"damage_taken":0.0},{"damage_healed":0,"gold_gain":0,"player_choice":"Leave","damage_taken":0,"max_hp_gain":0,"max_hp_loss":0,"event_name":"FaceTrader","floor":20,"gold_loss":0}],"is_beta":false,"boss_relics":[{"not_picked":["Calling Bell","Fusion Hammer"],"picked":"Inserter"}],"items_purged_floors":[13],"is_endless":false,"potions_floor_spawned":[2,11,14,16],"killed_by":"Snake Plant","ascension_level":20}}