{"host":"zlmf7uudqr1sj8t0","time":1613630139,"event":{"mods":["BaseMod","Colored Map","DeckTracker","Highlight Path","Minty Spire (QoL Compilation)"],"gold_per_floor":[113,128,146,221,233,268,96,129,129,148,148,98,98,273,273,273,273],"floor_reached":16,"language":"ENG","playtime":834,"items_purged":[],"score":132,"play_id":"1cd97393-b1aa-41de-bad5-d4ef2bc61b42","local_time":"20210217223539","is_ascension_mode":true,"campfire_choices":[{"floor":13,"key":"REST"},{"data":"Gash","floor":15,"key":"SMITH"}],"circlet_count":0,"master_deck":["Strike_B","Strike_B","Strike_B","Defend_B","Defend_B","Defend_B","Defend_B","Zap","Dualcast","Streamline","Gash+1","Reboot","Gash+1","Swift Strike","Doubt"],"relics":["Cracked Core","NeowsBlessing","Lantern","Gremlin Horn","Torii"],"acts_visited":["Exordium"],"potions_floor_usage":[8,8,8,16,16],"damage_taken":[{"damage":0,"enemies":"Jaw Worm","floor":1,"turns":1},{"damage":0,"enemies":"2 Louse","floor":2,"turns":1},{"damage":0,"enemies":"Small Slimes","floor":3,"turns":1},{"damage":0,"enemies":"3 Louse","floor":5,"turns":2},{"damage":45,"enemies":"Lagavulin","floor":6,"turns":6},{"damage":28,"enemies":"Gremlin Nob","floor":8,"turns":4},{"damage":0,"enemies":"Exordium Thugs","floor":10,"turns":3},{"damage":41,"enemies":"Hexaghost","floor":16,"turns":10}],"seed_played":"562876846880342570","potions_obtained":[{"floor":1,"key":"Regen Potion"},{"floor":2,"key":"Strength Potion"},{"floor":8,"key":"AttackPotion"},{"floor":10,"key":"EssenceOfSteel"}],"is_trial":false,"path_per_floor":["M","M","M","?","M","E","$","E","T","M","?","?","R","?","R","B"],"character_chosen":"DEFECT","items_purchased":["Swift Strike","Regen Potion"],"campfire_rested":1,"item_purchase_floors":[7,7],"current_hp_per_floor":[75,75,75,64,64,19,19,18,18,18,18,18,40,40,40,0,0],"gold":273,"neow_bonus":"THREE_ENEMY_KILL","is_daily":false,"chose_seed":false,"campfire_upgraded":1,"win_rate":0.0,"timestamp":1613630139,"path_taken":["M","M","M","?","M","E","$","E","T","M","?","?","R","?","R","BOSS"],"items_purchased_type":["Card","Potion"],"build_version":"2020-12-22","purchased_purges":0,"victory":false,"max_hp_per_floor":[75,75,75,75,75,75,75,75,75,75,75,75,75,75,75,75,75],"card_choices":[{"not_picked":["Fusion","Beam Cell"],"picked":"Streamline","floor":1},{"not_picked":["Ball Lightning","Rip and Tear"],"picked":"Gash","floor":2},{"not_picked":["Consume","BootSequence"],"picked":"Reboot","floor":3},{"not_picked":["Leap","Conserve Battery","Auto Shields"],"picked":"SKIP","floor":5},{"not_picked":["Streamline","Leap"],"picked":"Gash","floor":6},{"not_picked":["Melter","Cold Snap","Creative AI"],"picked":"SKIP","floor":8},{"not_picked":["Barrage","Loop","Capacitor"],"picked":"SKIP","floor":10}],"player_experience":180567,"relics_obtained":[{"floor":6,"key":"Lantern"},{"floor":8,"key":"Gremlin Horn"},{"floor":9,"key":"Torii"}],"event_choices":[{"damage_healed":0,"gold_gain":75,"player_choice":"Gather Gold","damage_taken":11,"max_hp_gain":0,"max_hp_loss":0,"event_name":"World of Goop","floor":4,"gold_loss":0},{"damage_healed":0,"gold_gain":0,"player_choice":"Grow","damage_taken":0,"max_hp_gain":0,"max_hp_loss":0,"event_name":"Living Wall","floor":11,"gold_loss":0,"cards_upgraded":["Gash"]},{"cards_removed":["Strike_B"],"damage_healed":0,"gold_gain":0,"player_choice":"Card Removal","damage_taken":0,"max_hp_gain":0,"max_hp_loss":0,"event_name":"The Cleric","floor":12,"gold_loss":50},{"damage_healed":0,"gold_gain":175,"player_choice":"AGREE","damage_taken":0,"max_hp_gain":0,"max_hp_loss":0,"event_name":"Liars Game","floor":14,"gold_loss":0,"cards_obtained":["Doubt"]}],"is_beta":false,"boss_relics":[],"items_purged_floors":[],"is_endless":false,"potions_floor_spawned":[1,2,8,10],"killed_by":"Hexaghost","ascension_level":4}}