{"host":"mithrandi","time":1613665184,"event":{"mods":["BaseMod","Colored Map","Highlight Path","Minty Spire (QoL Compilation)","SuperFastMode"],"gold_per_floor":[110,126,51,0,14,45,45,45,45],"floor_reached":8,"language":"ENG","playtime":420,"items_purged":[],"score":112,"play_id":"69a688ae-557b-447d-90c3-69f903f281e2","local_time":"20210218181944","is_ascension_mode":true,"campfire_choices":[],"circlet_count":0,"master_deck":["AscendersBane","Strike_R","Strike_R","Strike_R","Strike_R","Defend_R","Defend_R","Defend_R","Defend_R","Bash","Cleave","Uppercut","Ghostly Armor","Iron Wave"],"relics":["Burning Blood","Orichalcum","Centennial Puzzle"],"acts_visited":[],"potions_floor_usage":[8],"damage_taken":[{"damage":13,"enemies":"Jaw Worm","floor":1,"turns":5},{"damage":7,"enemies":"Small Slimes","floor":2,"turns":3},{"damage":1,"enemies":"Cultist","floor":5,"turns":4},{"damage":37,"enemies":"Lagavulin","floor":6,"turns":7},{"damage":33,"enemies":"Gremlin Nob","floor":8,"turns":4}],"seed_played":"-1154196253174114080","potions_obtained":[{"floor":6,"key":"BloodPotion"}],"is_trial":false,"path_per_floor":["M","M","?","?","M","E","$","E"],"character_chosen":"IRONCLAD","items_purchased":[],"campfire_rested":0,"item_purchase_floors":[],"current_hp_per_floor":[43,42,42,42,47,16,16,0,0],"gold":45,"neow_bonus":"THREE_RARE_CARDS","is_daily":false,"chose_seed":false,"campfire_upgraded":0,"win_rate":0.0,"timestamp":1613665184,"path_taken":["M","M","?","?","?","E","$","E"],"items_purchased_type":[],"build_version":"2020-12-18","purchased_purges":0,"victory":false,"max_hp_per_floor":[75,75,75,75,75,75,75,75,75],"card_choices":[{"not_picked":["Brutality","Exhume"],"picked":"Feed","floor":0.0},{"not_picked":["Warcry","True Grit"],"picked":"Cleave","floor":1},{"not_picked":["Pommel Strike","Body Slam"],"picked":"Uppercut","floor":2},{"not_picked":["Reckless Charge","Twin Strike"],"picked":"Ghostly Armor","floor":5},{"not_picked":["Sever Soul","Blood for Blood"],"picked":"Iron Wave","floor":6}],"player_experience":2997790,"relics_obtained":[{"floor":6,"key":"Centennial Puzzle"}],"event_choices":[{"cards_removed":["Strike_R"],"damage_healed":0,"gold_gain":0,"player_choice":"Card Removal","damage_taken":0,"max_hp_gain":0,"max_hp_loss":0,"event_name":"The Cleric","floor":3,"gold_loss":75},{"damage_healed":0,"gold_gain":0,"player_choice":"Paid Gold","damage_taken":0,"relics_obtained":["Orichalcum"],"max_hp_gain":0,"max_hp_loss":0,"event_name":"WeMeetAgain","floor":4,"gold_loss":51}],"is_beta":true,"boss_relics":[],"items_purged_floors":[],"is_endless":false,"potions_floor_spawned":[6],"killed_by":"Gremlin Nob","ascension_level":20}}