{"host":"9m8ch47vcmem52nv","time":1613691740,"event":{"mods":["2.2 Compatiblity","AchievementEnabler","Act Like it!","Aspiration","BaseMod","BetterRewards","CatGirl Mod","DeckTracker","Downfall","Fiend Mod","Friendly Minions","Gensokyo","Googly Eyes","Gremlin Mod","Hermit","Hubris","Infinite Spire","Kiyohime????","Koishi","Marisa????????","Minty Spire (QoL Compilation)","Reimu??????","Remilia??????","Shop Mod","StSLib","Td1madao Mod","The Construct","The Cursed","The Disciple","The Hierophant","The Mystic","The Necromancer","The Runesmith","The Senshi","The Servant 0.9.4","The Vixen","Unceasing Turn Reminder","Youmu??????","Yuri Mod","Yuyuko"],"gold_per_floor":[111,111,111,111,135,135,151,171,171,189,229,247,46,60,60,189,189,209,209,228,228,23,29,53,53,53,67,167,190,190,190,190,311,119,329,342,342,126,126,126,166,191,260,260,278,302,302,322,322,442,505,528,528,121,121,144,188,188,46,100,100,0,15,31,52,52,176,176,191,191,215,215,229,250,268,268,268,268,284,284,320,320,320,320,320,320,79,118,118],"floor_reached":90,"language":"ENG","playtime":5893,"items_purged":["Strike_C","Strike_C"],"score":1980,"play_id":"aa3f4c74-dac3-422b-9fbf-89eeb8fe87d1","local_time":"20210218154220","is_ascension_mode":false,"campfire_choices":[{"data":"Preparedness","floor":6.0,"key":"SMITH"},{"floor":15.0,"key":"REST"},{"data":"Defend System","floor":25.0,"key":"SMITH"},{"floor":30.0,"key":"REST"},{"data":"Machining","floor":32.0,"key":"SMITH"},{"data":"Machining","floor":40,"key":"SMITH"},{"floor":44,"key":"REST"},{"data":"Machining","floor":49,"key":"SMITH"},{"data":"DevaForm","floor":58,"key":"SMITH"},{"floor":61,"key":"RECALL"},{"data":"Memory Alloy","floor":66,"key":"SMITH"},{"floor":83,"key":"REST"},{"data":"Memory Alloy","floor":86,"key":"SMITH"}],"circlet_count":0,"master_deck":["Strike_C","Strike_C","Defend_C","Defend_C","Defend_C","Defend_C+1","Knight Kick","Chip","Twin Teeth","Injury","Preparedness+1","Resistance","Machining+1","Machining+1","Defend System+1","Black Spear+1","Here Defend Chip+1","Bursts","Light Attack","Memory Alloy+1","E MP","Writhe","Break Into+1","Fire Up","Black Shadow","Cooling Song+1","Load Balancing","Black Shadow+1","Memory Alloy+1","Ragnarok+1","Here Defend Chip","Fixing+1","Break Into","Gensokyo:MissMary","Winding Magic","Resistance","WreathOfFlame","Black Execution","Load Balancing","Perfect Defend+1","Machining+1","DevaForm+1","Perfect Defend","Preloading","Here Defend Chip","Pod Laser","Shame","Fire Blade","ConjureBlade","Pod Fire","Cooling Song+1","MasterReality","SpiritShield","Defend System+1","Cooling Song","Ragnarok","Consecrate","Here Defend Chip+1","hubris:Wrath","Gensokyo:NewMoon","Floating Swing Kick+1","CurseOfTheBell","FlyingSleeves+1","Ruin Defend","Here Defend Chip","Floating Swing Kick","Weapon Shift","Evaluate","Bandage Up","Machining"],"relics":["Apod","Mercury Hourglass","TungstenRod","Golden Idol","infinitespire:FocusingShard","MealTicket","aspiration:FutureDiary","Dead Branch","Lee\u0027s Waffle","Juzu Bracelet","aspiration:WatcherSkillbook","Dream Catcher","aspiration:DSix","Happy Flower","Gensokyo:OccultBall","Calipers","Tiny House","Membership Card","aspiration:HummingbirdHeart","Bag of Marbles","Sling","Orichalcum","Cursed Key","Bronze Scales","Calling Bell","infinitespire:PuzzleCube","aspiration:StickyExplosives_weak","Lizard Tail","aspiration:Lifesprig","Anchor"],"acts_visited":["Gensokyo:Gensokyo","Gensokyo:Gensokyoer","Gensokyo:Gensokyoest","TheEnding"],"potions_floor_usage":[33,36,41,48,52,57,74,84,88,89],"damage_taken":[{"damage":1.0,"enemies":"Jaw Worm","floor":1.0,"turns":4.0},{"damage":0.0,"enemies":"Small Slimes","floor":5.0,"turns":3.0},{"damage":5.0,"enemies":"2 Louse","floor":7.0,"turns":2.0},{"damage":7.0,"enemies":"Exordium Wildlife","floor":8.0,"turns":3.0},{"damage":3.0,"enemies":"Exordium Thugs","floor":10.0,"turns":2.0},{"damage":15.0,"enemies":"3 Sentries","floor":11.0,"turns":5.0},{"damage":8.0,"enemies":"Gremlin Gang","floor":12.0,"turns":4.0},{"damage":0.0,"enemies":"2 Fungi Beasts","floor":14.0,"turns":4.0},{"damage":33.0,"enemies":"The Guardian","floor":16.0,"turns":11.0},{"damage":30.0,"enemies":"2 Thieves","floor":18.0,"turns":5.0},{"damage":13.0,"enemies":"Spheric Guardian","floor":20.0,"turns":6.0},{"damage":0.0,"enemies":"Snecko","floor":23.0,"turns":5.0},{"damage":19.0,"enemies":"Centurion and Healer","floor":24.0,"turns":5.0},{"damage":19.0,"enemies":"Shelled Parasite and Fungi","floor":27.0,"turns":7.0},{"damage":21.0,"enemies":"Snake Plant","floor":29.0,"turns":5.0},{"damage":11,"enemies":"Champ","floor":33,"turns":10},{"damage":0,"enemies":"Gensokyo:Python","floor":35,"turns":2},{"damage":1,"enemies":"Gensokyo:Gryphon","floor":36,"turns":3},{"damage":12,"enemies":"Gensokyo:Aya","floor":41,"turns":6},{"damage":9,"enemies":"Gensokyo:3_Fairies","floor":42,"turns":3},{"damage":0,"enemies":"Gensokyo:Gryphon_and_Rabbit","floor":45,"turns":3},{"damage":0,"enemies":"Gensokyo:LivingMonolith","floor":46,"turns":2},{"damage":0,"enemies":"Gensokyo:VengefulSpirit","floor":48,"turns":3},{"damage":14,"enemies":"Gensokyo:Reimu","floor":50,"turns":7},{"damage":12,"enemies":"Gensokyo:3_Dogs","floor":52,"turns":3},{"damage":14,"enemies":"Gensokyo:2_Gloops","floor":56,"turns":3},{"damage":0,"enemies":"Gensokyo:Koishi","floor":57,"turns":4},{"damage":4,"enemies":"Gensokyo:Slime_Group","floor":63,"turns":7},{"damage":0,"enemies":"Gensokyo:Monolith_and_Dog","floor":64,"turns":4},{"damage":4,"enemies":"Gensokyo:Mirror_and_Dog","floor":65,"turns":4},{"damage":25,"enemies":"Gensokyo:Eternal_Rivals","floor":67,"turns":6},{"damage":3,"enemies":"Gensokyo:3_Boulders","floor":69,"turns":4},{"damage":14,"enemies":"Gensokyo:AncientGuardian","floor":71,"turns":4},{"damage":0,"enemies":"Gensokyo:4_Bats","floor":73,"turns":1},{"damage":17,"enemies":"Gensokyo:4_Bats","floor":74,"turns":7},{"damage":8,"enemies":"Gensokyo:AtlasGolem","floor":75,"turns":4},{"damage":0,"enemies":"Gensokyo:Dusk_and_Dawn","floor":79,"turns":5},{"damage":4,"enemies":"Gensokyo:Marisa","floor":81,"turns":4},{"damage":0,"enemies":"Gensokyo:Yuyuko","floor":84,"turns":9},{"damage":0,"enemies":"Shield and Spear","floor":88,"turns":5},{"damage":0,"enemies":"The Heart","floor":89,"turns":8}],"seed_played":"4671206491381551900","potions_obtained":[{"floor":5.0,"key":"DistilledChaos"},{"floor":7.0,"key":"EntropicBrew"},{"floor":8.0,"key":"Explosive Potion"},{"floor":20.0,"key":"SpeedPotion"},{"floor":23.0,"key":"PowerPotion"},{"floor":29.0,"key":"LiquidBronze"},{"floor":35,"key":"FearPotion"},{"floor":36,"key":"Fire Potion"},{"floor":42,"key":"bronze:BurnAndBuffPotion"},{"floor":45,"key":"BlessingOfTheForge"},{"floor":51,"key":"Guardian:BlockOnCardUsePotion"},{"floor":52,"key":"Dexterity Potion"},{"floor":57,"key":"Guardian:BlockOnCardUsePotion"},{"floor":75,"key":"infinitespire:BlackPotion"}],"is_trial":false,"path_per_floor":["M","?","?","?","M","R","M","M","T","M","E","M","$","M","R","B",null,"M","?","M","?","$","M","M","R","T","M","?","M","R","?","R","B",null,"M","M","?","COS","?","R","E","M","T","R","M","M","?","M","R","B",null,"M","?","$","?","M","E","R","COS","T","R","?","M","M","M","R","B",null,"M","?","M","?","M","R","M","$","T","?","M","AVR","E","?","R","B",null,"R","$","E","B",null],"character_chosen":"TD1MADAO_CLASS","items_purchased":["Mercury Hourglass","Black Spear","Here Defend Chip","Bursts","Lee\u0027s Waffle","Fire Up","Dream Catcher","Ragnarok","Here Defend Chip","Fixing","Black Execution","Here Defend Chip","Membership Card","Pod Laser","aspiration:HummingbirdHeart","Here Defend Chip","Floating Swing Kick","Weapon Shift","Evaluate","Explosive Potion","Bandage Up"],"campfire_rested":4,"item_purchase_floors":[0,13,13,13,22,22,34,34,34,34,34,54,54,54,54,87,87,87,87,87,87],"current_hp_per_floor":[62,62,62,62,62,62,57,50,50,47,32,24,39,39,60,27,70,40,40,27,27,77,77,60,60,60,45,45,24,47,47,47,36,45,45,44,44,44,44,44,32,23,23,46,46,46,46,46,46,32,82,70,70,82,82,68,68,68,68,68,68,68,64,64,60,60,35,82,79,79,65,65,65,48,40,40,40,40,40,40,36,36,60,60,82,82,82,82,82],"gold":118,"neow_bonus":"","is_daily":false,"chose_seed":false,"campfire_upgraded":8,"win_rate":0.0,"timestamp":1613691740,"path_taken":["M","?","?","?","M","R","M","M","T","M","E","M","$","?","R","BOSS","M","?","M","?","$","M","M","R","T","M","?","M","R","?","R","BOSS","M","M","?","COS","?","R","E","M","T","R","M","M","?","M","R","BOSS","M","?","$","?","M","E","R","COS","T","R","?","M","M","M","R","BOSS","M","?","M","?","M","R","M","?","T","?","M","AVR","E","?","R","BOSS","R","$","E","BOSS"],"items_purchased_type":["Relic","Card","Card","Card","Relic","Card","Relic","Card","Card","Card","Card","Card","Relic","Card","Relic","Card","Card","Card","Card","Potion","Card"],"build_version":"2020-12-22","purchased_purges":2,"victory":true,"max_hp_per_floor":[70,70,70,70,70,70,70,70,70,70,70,70,70,70,70,70,70,70,70,70,70,77,77,77,77,77,77,77,77,77,77,77,77,77,77,77,77,77,77,77,77,77,77,77,77,77,77,77,77,77,82,82,82,82,82,82,82,82,82,82,82,82,82,82,82,82,82,82,82,82,82,82,82,82,82,82,82,82,82,82,82,82,82,82,82,82,82,82,82],"card_choices":[{"not_picked":["Transfer Energy","Coercion"],"picked":"Twin Teeth","floor":1.0},{"not_picked":["Light Attack","Machining"],"picked":"Preparedness","floor":5.0},{"not_picked":["Paralysis","Oblique Hack"],"picked":"Resistance","floor":7.0},{"not_picked":["Black Shadow","Perfect Defend"],"picked":"Machining","floor":8.0},{"not_picked":["Black Execution","Judgment"],"picked":"Memory Alloy","floor":10.0},{"not_picked":["Black Warm Hole","Rupture"],"picked":"Machining","floor":11.0},{"not_picked":["White Contract","Provocative"],"picked":"Defend System","floor":12.0},{"not_picked":["Black Hand","Here Defend Chip"],"picked":"Light Attack","floor":14.0},{"not_picked":["Pod Laser","Optimization"],"picked":"Memory Alloy","floor":16.0},{"not_picked":["Black Execution","Fixing"],"picked":"E MP","floor":18.0},{"not_picked":["Floating Even","Black Shadow"],"picked":"Break Into","floor":20.0},{"not_picked":["Resistance","Provocative"],"picked":"Black Shadow","floor":23.0},{"not_picked":["Black Hand","Energy Supply"],"picked":"Cooling Song+1","floor":24.0},{"not_picked":["Money Cant Rescue+1","New Defend Magic"],"picked":"Load Balancing","floor":27.0},{"not_picked":["Resistance","White Contract"],"picked":"Black Shadow","floor":29.0},{"not_picked":["Bursts","Shockwave Tdmadao"],"picked":"Memory Alloy","floor":33},{"not_picked":["Weave","Light Attack","Paralysis"],"picked":"Break Into","floor":35},{"not_picked":["FollowUp","FlurryOfBlows","Reinforcement Parts","Sub Weapons"],"picked":"SKIP","floor":36},{"not_picked":["FearNoEvil","Conclude","Black Spear"],"picked":"Winding Magic","floor":41},{"not_picked":["FollowUp","EmptyBody","Prostrate"],"picked":"Resistance","floor":42},{"not_picked":["InnerPeace","ClearTheMind","DeusExMachina"],"picked":"WreathOfFlame","floor":44},{"not_picked":["Nirvana","Evaluate","Tantrum"],"picked":"Black Execution","floor":45},{"not_picked":["White Contract","WreathOfFlame","EmptyMind"],"picked":"Load Balancing","floor":46},{"not_picked":["Reflection Mechanism","Fixing","E MP"],"picked":"Machining","floor":48},{"not_picked":["Memory Alloy","Pod Laser","Wish"],"picked":"DevaForm","floor":50},{"not_picked":["Consecrate","CrushJoints","Evaluate"],"picked":"Perfect Defend","floor":51},{"not_picked":["Lunge","JustLucky","SashWhip"],"picked":"Preloading","floor":52},{"not_picked":["FlyingSleeves+1","SignatureMove","Evaluate"],"picked":"Fire Blade","floor":56},{"not_picked":["SashWhip","MentalFortress","Floating Even"],"picked":"ConjureBlade","floor":57},{"not_picked":["BowlingBash","SandsOfTime","Thunder Jump+1"],"picked":"Pod Fire","floor":63},{"not_picked":["ForeignInfluence","EmptyFist","Fire Blade+1"],"picked":"Cooling Song+1","floor":64},{"not_picked":["Afterwards","Sudden Beat","Conclude"],"picked":"MasterReality","floor":65},{"not_picked":["Pod Laser","Vault","Brilliance"],"picked":"SpiritShield","floor":67},{"not_picked":["Black Dance","Crescendo","Oblique Hack"],"picked":"Defend System+1","floor":69},{"not_picked":["Cursed Blade","Black Shadow+1","Twin Teeth"],"picked":"Cooling Song","floor":71},{"not_picked":["Transfer Energy","FlurryOfBlows+1","EmptyFist"],"picked":"Ragnarok","floor":73},{"not_picked":["Study","Fire Blade","White Contract"],"picked":"Consecrate","floor":74},{"not_picked":["Black Dance+1","BattleHymn+1","Sudden Beat"],"picked":"Here Defend Chip+1","floor":75},{"not_picked":["Gensokyo:EverlastingLife","Gensokyo:DreamlikeParadise"],"picked":"Gensokyo:NewMoon","floor":78},{"not_picked":["Sudden Beat","Awareness","Conclude"],"picked":"Floating Swing Kick+1","floor":79},{"not_picked":["Sanctity+1","Perseverance","Vengeance+1"],"picked":"FlyingSleeves+1","floor":81},{"not_picked":["Judgement","SashWhip","New Defend Magic+1"],"picked":"Ruin Defend","floor":83},{"not_picked":["Study+1","SignatureMove+1","Meditate"],"picked":"Machining","floor":88}],"player_experience":366281,"relics_obtained":[{"floor":3.0,"key":"TungstenRod"},{"floor":9.0,"key":"infinitespire:FocusingShard"},{"floor":11.0,"key":"MealTicket"},{"floor":26.0,"key":"Juzu Bracelet"},{"floor":41,"key":"Calipers"},{"floor":42,"key":"Gensokyo:OccultBall"},{"floor":48,"key":"Gensokyo:OccultBall"},{"floor":50,"key":"Gensokyo:OccultBall"},{"floor":56,"key":"Gensokyo:OccultBall"},{"floor":57,"key":"Bag of Marbles"},{"floor":60,"key":"Orichalcum"},{"floor":67,"key":"Gensokyo:OccultBall"},{"floor":69,"key":"Gensokyo:OccultBall"},{"floor":74,"key":"Gensokyo:OccultBall"},{"floor":77,"key":"Bronze Scales"},{"floor":80,"key":"infinitespire:PuzzleCube"},{"floor":80,"key":"aspiration:StickyExplosives_weak"},{"floor":80,"key":"Lizard Tail"},{"floor":81,"key":"aspiration:Lifesprig"},{"floor":88,"key":"Anchor"}],"event_choices":[{"damage_healed":0.0,"max_hp_gain":0.0,"max_hp_loss":0.0,"gold_gain":0.0,"event_name":"Golden Idol","player_choice":"Take Wound","floor":4.0,"gold_loss":0.0,"damage_taken":0.0,"relics_obtained":["Golden Idol"],"cards_obtained":["Injury"]},{"damage_healed":0.0,"max_hp_gain":0.0,"max_hp_loss":0.0,"gold_gain":0.0,"event_name":"The Mausoleum","player_choice":"Opened","floor":19.0,"gold_loss":0.0,"damage_taken":0.0,"relics_obtained":["Dead Branch"],"cards_obtained":["Writhe"]},{"damage_healed":0.0,"max_hp_gain":0.0,"max_hp_loss":0.0,"gold_gain":0.0,"event_name":"Accursed Blacksmith","player_choice":"Forge","floor":21.0,"gold_loss":0.0,"damage_taken":0.0,"cards_upgraded":["Break Into"]},{"damage_healed":0.0,"max_hp_gain":0.0,"max_hp_loss":0.0,"gold_gain":100.0,"event_name":"Golden Shrine","player_choice":"Pray","floor":28.0,"gold_loss":0.0,"damage_taken":0.0},{"damage_healed":0.0,"max_hp_gain":0.0,"max_hp_loss":0.0,"gold_gain":0.0,"event_name":"Fountain of Cleansing","player_choice":"Ignored","floor":31.0,"gold_loss":0.0,"damage_taken":0.0}],"is_beta":false,"boss_relics":[{"not_picked":["aspiration:RitualDagger","Runic Pyramid"],"picked":"aspiration:FutureDiary"},{"not_picked":["hubris:BlackHole","aspiration:DefectSkillbook"],"picked":"aspiration:WatcherSkillbook"},{"not_picked":["Snecko Eye","SlaversCollar"],"picked":"Tiny House"},{"not_picked":["Circlet","Sozu"],"picked":"Cursed Key"}],"items_purged_floors":[54,87],"is_endless":false,"potions_floor_spawned":[5,7,8,20,23,29,35,36,42,45,52,57,67,71,75,81],"ascension_level":0}}