{"host":"1v3mnj67s3trvm6y","time":1613661777,"event":{"mods":["BaseMod","Challenge The Spire","Minty Spire (QoL Compilation)","Replay The Spire","StSLib"],"gold_per_floor":[113,113,123,139,139,169,169,181,181,213,235,255,274,22,22,118,118,106,116,116,130,130,165,182,211,235,235,250,282,282,292,292,292,292],"floor_reached":33,"language":"ENG","playtime":4722,"items_purged":["Strike_G"],"score":319,"play_id":"8123fae7-eb2d-448d-9646-0068497a1d38","local_time":"20210219002257","is_ascension_mode":false,"campfire_choices":[{"data":"Neutralize","floor":7,"key":"SMITH"},{"floor":15,"key":"REST"},{"floor":27,"key":"REST"},{"data":"Cloak And Dagger","floor":30,"key":"SMITH"},{"data":"Defend_G","floor":32,"key":"PURGE"}],"circlet_count":0,"master_deck":["Strike_G","Strike_G","Strike_G","Defend_G+1","Defend_G","Defend_G","Defend_G","Survivor+1","Neutralize+1","Leg Sweep","Quick Slash","Cloak And Dagger+1","Well Laid Plans","Footwork","Flying Knee","Flying Knee","Hidden Blade","Outmaneuver","Dash","Venomology+1","ReplayTheSpireMod:Speed Training+1","Reflex+1","Acrobatics+1","Finisher+1","Slice","Prepared+1","Calculated Gamble+1","Cloak And Dagger+1","Predator+1"],"relics":["Ring of the Snake","Bag of Marbles","The Courier","Counterbalance","Odd Mushroom","Toxic Egg 2","ReplayTheSpireMod:DimensionalGlitch","Replay:Bottled Snecko","Ancient Tea Set","Darkstone Periapt"],"acts_visited":["Exordium","TheCity"],"potions_floor_usage":[6,16,18,19,21,24,25,25,28,29,29,33,33],"damage_taken":[{"damage":0,"enemies":"2 Louse","floor":1,"turns":3},{"damage":0,"enemies":"Jaw Worm","floor":3,"turns":5},{"damage":2,"enemies":"Small Slimes","floor":4,"turns":4},{"damage":8,"enemies":"3 Sentries","floor":6,"turns":16},{"damage":5,"enemies":"Gremlin Gang","floor":8,"turns":8},{"damage":14,"enemies":"Lagavulin","floor":10,"turns":9},{"damage":11,"enemies":"The Mushroom Lair","floor":11,"turns":5},{"damage":3,"enemies":"Lots of Slimes","floor":12,"turns":4},{"damage":0,"enemies":"3 Louse","floor":13,"turns":4},{"damage":7,"enemies":"Hexaghost","floor":16,"turns":13},{"damage":0,"enemies":"2 Thieves","floor":18,"turns":4},{"damage":0,"enemies":"3 Byrds","floor":19,"turns":7},{"damage":0,"enemies":"Cultist and Chosen","floor":21,"turns":9},{"damage":3,"enemies":"Book of Stabbing","floor":23,"turns":11},{"damage":0,"enemies":"Chosen and Byrds","floor":24,"turns":7},{"damage":27,"enemies":"Slavers","floor":25,"turns":5},{"damage":0,"enemies":"Centurion and Healer","floor":28,"turns":7},{"damage":9,"enemies":"Gremlin Leader","floor":29,"turns":10},{"damage":1,"enemies":"Snake Plant","floor":31,"turns":3},{"damage":58,"enemies":"Pondfish","floor":33,"turns":12}],"seed_played":"-244466523414576495","potions_obtained":[{"floor":3,"key":"Swift Potion"},{"floor":6,"key":"Cursed Concoction"},{"floor":11,"key":"Block Potion"},{"floor":12,"key":"CunningPotion"},{"floor":23,"key":"CunningPotion"},{"floor":24,"key":"Dexterity Potion"},{"floor":25,"key":"Elixir"},{"floor":29,"key":"SpeedPotion"}],"is_trial":false,"path_per_floor":["M","?","M","M","?","E","R","M","T","E","?","M","M","$","R","B",null,"M","M","?","M","?","E","M","E","T","R","M","E","R","M","R","B"],"character_chosen":"THE_SILENT","items_purchased":["Toxic Egg 2"],"campfire_rested":2,"item_purchase_floors":[14],"current_hp_per_floor":[70,56,56,54,59,51,51,46,46,32,21,18,18,18,40,33,75,75,75,75,75,75,72,72,45,45,67,67,58,58,57,57,0,0],"gold":292,"neow_bonus":"THREE_CARDS","is_daily":false,"chose_seed":false,"campfire_upgraded":2,"win_rate":0.0,"timestamp":1613661777,"path_taken":["M","?","M","M","?","E","R","M","T","E","?","M","M","?","R","BOSS","M","M","?","M","?","E","?","E","T","R","M","E","R","M","R","BOSS"],"items_purchased_type":["Relic"],"build_version":"2020-12-22","purchased_purges":1,"victory":false,"max_hp_per_floor":[70,70,70,70,75,75,75,75,75,75,75,75,75,75,75,75,75,75,75,75,75,75,75,75,75,75,75,75,75,75,75,75,75,75],"card_choices":[{"not_picked":["Hidden Blade","Bane"],"picked":"Leg Sweep","floor":0},{"not_picked":["Dagger Throw","Acrobatics"],"picked":"Quick Slash","floor":1},{"not_picked":["Bane","Deflect"],"picked":"Cloak And Dagger","floor":3},{"not_picked":["Setup","Hidden Blade"],"picked":"Well Laid Plans","floor":4},{"not_picked":["Acrobatics","Slice"],"picked":"Footwork","floor":6},{"not_picked":["Expertise","Night Terror"],"picked":"Flying Knee","floor":8},{"not_picked":["Night Terror","Quick Slash"],"picked":"Flying Knee","floor":10},{"not_picked":["Quick Slash","PiercingWail"],"picked":"Hidden Blade","floor":11},{"not_picked":["Hidden Blade","Bane"],"picked":"Outmaneuver","floor":12},{"not_picked":["Blade Dance","Cloak And Dagger"],"picked":"Dash","floor":13},{"not_picked":["ReplayTheSpireMod:From All Sides","Night Terror+1"],"picked":"Venomology+1","floor":16},{"not_picked":["Dagger Throw","Prepared+1"],"picked":"ReplayTheSpireMod:Speed Training+1","floor":18},{"not_picked":["Hidden Blade+1","Leg Sweep+1"],"picked":"Reflex+1","floor":19},{"not_picked":["Draining Mist+1","Outmaneuver+1"],"picked":"Acrobatics+1","floor":21},{"not_picked":["Acrobatics+1","Hidden Blade+1"],"picked":"Finisher+1","floor":23},{"not_picked":["Deadly Poison+1","Bane"],"picked":"Slice","floor":24},{"not_picked":["Terror+1","Corpse Explosion+1"],"picked":"Prepared+1","floor":25},{"not_picked":["Hidden Blade+1","Underhanded Strike+1"],"picked":"Calculated Gamble+1","floor":28},{"not_picked":["Sucker Punch","Dagger Throw"],"picked":"Cloak And Dagger+1","floor":29},{"not_picked":["Prepared+1","Outmaneuver+1"],"picked":"Predator+1","floor":31}],"player_experience":1520937,"relics_obtained":[{"floor":6,"key":"Bag of Marbles"},{"floor":9,"key":"The Courier"},{"floor":10,"key":"Counterbalance"},{"floor":11,"key":"Odd Mushroom"},{"floor":23,"key":"Replay:Bottled Snecko"},{"floor":25,"key":"Ancient Tea Set"},{"floor":29,"key":"Darkstone Periapt"}],"event_choices":[{"damage_healed":0,"gold_gain":0,"player_choice":"Entered Light","damage_taken":14,"max_hp_gain":0,"max_hp_loss":0,"event_name":"Shining Light","floor":2,"gold_loss":0,"cards_upgraded":["Defend_G","Survivor"]},{"damage_healed":0,"gold_gain":0,"player_choice":"Donut","damage_taken":0,"max_hp_gain":5,"max_hp_loss":0,"event_name":"Big Fish","floor":5,"gold_loss":0},{"damage_healed":0,"gold_gain":0,"player_choice":"Fought Mushrooms","damage_taken":0,"max_hp_gain":0,"max_hp_loss":0,"event_name":"Mushrooms","floor":11,"gold_loss":0},{"damage_healed":0,"gold_gain":0,"player_choice":"Ignored","damage_taken":0,"max_hp_gain":0,"max_hp_loss":0,"event_name":"Ghosts","floor":20,"gold_loss":0},{"cards_removed":["Strike_G"],"damage_healed":0,"gold_gain":0,"player_choice":"Card Removal","damage_taken":0,"max_hp_gain":0,"max_hp_loss":0,"event_name":"Wheel of Change","floor":22,"gold_loss":0}],"is_beta":false,"boss_relics":[{"not_picked":["Replay:Drink Me","Coffee Dripper"],"picked":"ReplayTheSpireMod:DimensionalGlitch"}],"items_purged_floors":[14],"is_endless":false,"potions_floor_spawned":[3,6,11,12,13,23,24,25,28,29],"killed_by":"Pondfish","ascension_level":0}}