{"host":"cjhtzh7tp54jdfyv","time":1613634501,"event":{"mods":["AchievementEnabler","BaseMod","Colored Map","Colored Powertips","Curses Come First","DeckTracker","Filter the Spire","Minty Spire (QoL Compilation)","RNG Fix","Relic Sorter","Relic Stats","StSLib","UnlockEverythingMod","ojb\u0027s Better Paths Mod","ojb\u0027s Info Mod"],"gold_per_floor":[15,33,53,53,65,97,111,139,139,169,169,191,203,235,247,334,346,371,403,259,277,277,308,318,344,344,344,356,89,101,101,101,179,179,193,193,193,209,45,79,79,112,112,147,147,147,180,194,194,194,194,194,194,27,53,53],"floor_reached":57,"language":"ENG","playtime":4067,"items_purged":["Regret","Strike_R"],"score":3639,"play_id":"a9403106-cefb-421a-ac99-edb844c613b9","local_time":"20210218024821","is_ascension_mode":true,"campfire_choices":[{"floor":11,"key":"DIG"},{"floor":13,"key":"DIG"},{"floor":15,"key":"DIG"},{"floor":27,"key":"DIG"},{"floor":32,"key":"DIG"},{"floor":41,"key":"RECALL"},{"data":"Normality","floor":49,"key":"PURGE"},{"floor":53,"key":"DIG"}],"circlet_count":0,"master_deck":["AscendersBane","Bash","Seeing Red","Anger","Inflame","Dark Embrace","Second Wind","True Grit","Sentinel","Burning Pact","Offering","Shrug It Off","Feel No Pain","Pommel Strike+1","Regret","Rupture+1","Limit Break","Regret","Battle Trance","Corruption","Seeing Red","Metallicize","Warcry","Power Through","Fiend Fire","Armaments","Rupture","Shrug It Off","Panache","Mayhem","Feel No Pain","Second Wind","Armaments+1","Pain","Madness","Madness","Feel No Pain+1","Barricade","Disarm"],"relics":["Burning Blood","Happy Flower","Shovel","Dead Branch","Potion Belt","Eternal Feather","Toy Ornithopter","MawBank","FossilizedHelix","Red Skull","Cursed Key","Bottled Tornado","Lantern","Singing Bowl","Blue Candle","Mummified Hand","Anchor","Gremlin Horn","Pandora\u0027s Box","DollysMirror","Question Card","Boot","WarpedTongs","Peace Pipe","Pantograph","Brimstone","Paper Frog"],"acts_visited":["Exordium","TheCity","TheBeyond","TheEnding"],"potions_floor_usage":[8,8,21,24,25],"damage_taken":[{"damage":7,"enemies":"Jaw Worm","floor":1,"turns":3},{"damage":0,"enemies":"Cultist","floor":2,"turns":2},{"damage":6,"enemies":"2 Louse","floor":3,"turns":2},{"damage":9,"enemies":"2 Fungi Beasts","floor":5,"turns":3},{"damage":3,"enemies":"Lagavulin","floor":6,"turns":5},{"damage":14,"enemies":"Large Slime","floor":7,"turns":6},{"damage":14,"enemies":"Gremlin Nob","floor":8,"turns":4},{"damage":34,"enemies":"Lagavulin","floor":10,"turns":7},{"damage":17,"enemies":"3 Louse","floor":12,"turns":3},{"damage":21,"enemies":"Exordium Wildlife","floor":14,"turns":7},{"damage":4,"enemies":"Hexaghost","floor":16,"turns":7},{"damage":18,"enemies":"2 Thieves","floor":18,"turns":4},{"damage":16,"enemies":"3 Byrds","floor":19,"turns":4},{"damage":6,"enemies":"Shelled Parasite and Fungi","floor":21,"turns":4},{"damage":21,"enemies":"Book of Stabbing","floor":23,"turns":4},{"damage":15,"enemies":"Snake Plant","floor":24,"turns":5},{"damage":18,"enemies":"Slavers","floor":25,"turns":5},{"damage":2,"enemies":"3 Cultists","floor":28,"turns":3},{"damage":3,"enemies":"Centurion and Healer","floor":30,"turns":6},{"damage":17,"enemies":"Champ","floor":33,"turns":5},{"damage":7,"enemies":"3 Darklings","floor":35,"turns":1},{"damage":1,"enemies":"3 Shapes","floor":38,"turns":2},{"damage":2,"enemies":"Giant Head","floor":40,"turns":3},{"damage":8,"enemies":"Nemesis","floor":42,"turns":4},{"damage":1,"enemies":"Reptomancer","floor":44,"turns":3},{"damage":4,"enemies":"Giant Head","floor":47,"turns":5},{"damage":32,"enemies":"Spire Growth","floor":48,"turns":4},{"damage":11,"enemies":"Awakened One","floor":50,"turns":3},{"damage":11,"enemies":"Donu and Deca","floor":51,"turns":3},{"damage":1,"enemies":"Shield and Spear","floor":55,"turns":3},{"damage":28,"enemies":"The Heart","floor":56,"turns":5}],"seed_played":"-3042741721643506056","potions_obtained":[{"floor":2,"key":"Explosive Potion"},{"floor":6,"key":"GamblersBrew"},{"floor":7,"key":"Regen Potion"},{"floor":10,"key":"ColorlessPotion"},{"floor":14,"key":"BloodPotion"},{"floor":16,"key":"DistilledChaos"},{"floor":21,"key":"BlessingOfTheForge"},{"floor":23,"key":"BloodPotion"},{"floor":24,"key":"Weak Potion"},{"floor":42,"key":"FearPotion"},{"floor":48,"key":"Regen Potion"}],"is_trial":false,"path_per_floor":["M","M","M","?","M","E","M","E","T","E","R","M","R","M","R","B",null,"M","M","$","M","T","E","M","E","T","R","M","$","M","?","R","B",null,"M","?","?","M","$","E","R","E","T","E","?","?","E","M","R","B","B",null,"R","$","E","B",null],"character_chosen":"IRONCLAD","items_purchased":["Feel No Pain","Anchor","DollysMirror","Brimstone"],"campfire_rested":0,"item_purchase_floors":[20,29,39,54],"current_hp_per_floor":[67,73,73,73,70,73,65,57,57,29,38,27,36,21,33,35,65,53,43,43,63,63,48,59,54,54,69,73,73,78,67,79,68,76,75,67,67,74,74,78,83,83,83,85,85,70,72,46,67,62,57,78,85,85,85,63],"gold":53,"neow_bonus":"ONE_RARE_RELIC","is_daily":false,"chose_seed":false,"campfire_upgraded":0,"win_rate":0.0,"timestamp":1613634501,"path_taken":["M","M","M","?","M","E","?","E","T","E","R","M","R","?","R","BOSS","M","?","$","M","?","E","M","E","T","R","M","$","M","?","R","BOSS","M","?","?","M","$","E","R","E","T","E","?","?","E","M","R","BOSS","BOSS","R","$","E","BOSS"],"items_purchased_type":["Card","Relic","Relic","Relic"],"build_version":"2020-12-22","purchased_purges":2,"victory":true,"max_hp_per_floor":[75,75,75,75,75,75,75,75,75,75,75,75,75,75,75,75,75,75,75,75,75,75,75,75,77,77,77,77,77,79,79,79,79,79,79,81,81,83,83,83,83,85,85,85,85,85,85,85,85,85,85,85,85,85,85,85],"relic_stats":{"Happy Flower":[33],"Singing Bowl":10,"Gremlin Horn":[10,13],"counters":[31,125],"Dead Branch":[523],"Blue Candle":[30],"Eternal Feather":90,"MawBank":108,"Cursed Key":3,"Question Card":5,"Boot":[0],"Burning Blood":178,"WarpedTongs":[23],"Peace Pipe":1,"Shovel":6,"Mummified Hand":[165],"Pantograph":0,"Pandora\u0027s Box":["Seeing Red","Metallicize","Rampage","Warcry","Power Through","Fiend Fire","Armaments","Rupture"],"obtain_stats":[{"Lantern":23,"Singing Bowl":25,"Gremlin Horn":32,"Bottled Tornado":22,"Cursed Key":17,"Boot":44,"Burning Blood":0,"Shovel":6,"Mummified Hand":27,"DollysMirror":39,"Pantograph":53,"Red Skull":15,"Paper Frog":55,"Potion Belt":4,"Happy Flower":8,"Dead Branch":0,"Blue Candle":26,"Eternal Feather":9,"MawBank":11,"Question Card":40,"WarpedTongs":45,"Peace Pipe":47,"Anchor":29,"Brimstone":54,"Pandora\u0027s Box":34,"Toy Ornithopter":10,"FossilizedHelix":13},{"Lantern":15,"Singing Bowl":17,"Gremlin Horn":19,"Bottled Tornado":14,"Cursed Key":11,"Boot":25,"Burning Blood":0,"Shovel":5,"Mummified Hand":17,"DollysMirror":22,"Pantograph":29,"Red Skull":10,"Paper Frog":30,"Potion Belt":3,"Happy Flower":7,"Dead Branch":0,"Blue Candle":17,"Eternal Feather":7,"MawBank":8,"Question Card":23,"WarpedTongs":25,"Peace Pipe":26,"Anchor":18,"Brimstone":29,"Pandora\u0027s Box":20,"Toy Ornithopter":8,"FossilizedHelix":9},{"Lantern":65,"Singing Bowl":75,"Gremlin Horn":84,"Bottled Tornado":61,"Cursed Key":49,"Boot":102,"Burning Blood":0,"Shovel":15,"Mummified Hand":75,"DollysMirror":92,"Pantograph":117,"Red Skull":42,"Paper Frog":120,"Potion Belt":7,"Happy Flower":25,"Dead Branch":0,"Blue Candle":75,"Eternal Feather":25,"MawBank":32,"Question Card":95,"WarpedTongs":102,"Peace Pipe":107,"Anchor":78,"Brimstone":117,"Pandora\u0027s Box":89,"Toy Ornithopter":32,"FossilizedHelix":35}],"Toy Ornithopter":15},"card_choices":[{"not_picked":["Fire Breathing","Shrug It Off"],"picked":"Seeing Red","floor":1},{"not_picked":["Shrug It Off","Twin Strike"],"picked":"Anger","floor":2},{"not_picked":["Sentinel","Dropkick"],"picked":"Inflame","floor":3},{"not_picked":["Cleave","Headbutt"],"picked":"Dark Embrace","floor":5},{"not_picked":["Fire Breathing","Dropkick","Reckless Charge"],"picked":"SKIP","floor":6},{"not_picked":["Anger","Metallicize","Clothesline"],"picked":"SKIP","floor":7},{"not_picked":["Entrench","Carnage"],"picked":"Second Wind","floor":8},{"not_picked":["Searing Blow","Pummel"],"picked":"True Grit","floor":10},{"not_picked":["Whirlwind","Fire Breathing"],"picked":"Sentinel","floor":12},{"not_picked":["Armaments","Cleave"],"picked":"Burning Pact","floor":14},{"not_picked":["Juggernaut","Feed"],"picked":"Offering","floor":16},{"not_picked":["Wild Strike","Fire Breathing","Anger"],"picked":"SKIP","floor":18},{"not_picked":["Anger","Havoc"],"picked":"Shrug It Off","floor":19},{"not_picked":["Clothesline","Metallicize"],"picked":"Pommel Strike+1","floor":21},{"not_picked":["Cleave","Clothesline"],"picked":"Rupture+1","floor":23},{"not_picked":["Pommel Strike","Reckless Charge"],"picked":"Limit Break","floor":24},{"not_picked":["Combust","Heavy Blade","Headbutt"],"picked":"Singing Bowl","floor":25},{"not_picked":["Cleave","Pommel Strike"],"picked":"Battle Trance","floor":28},{"not_picked":["Clash+1","Headbutt+1","Berserk"],"picked":"Singing Bowl","floor":30},{"not_picked":["Juggernaut","Demon Form"],"picked":"Corruption","floor":33},{"not_picked":["Reckless Charge","Anger"],"picked":"Shrug It Off","floor":35},{"not_picked":["Panacea","Discovery"],"picked":"Panache","floor":36},{"not_picked":["HandOfGreed","Chrysalis","Impatience"],"picked":"Singing Bowl","floor":36},{"not_picked":["Dramatic Entrance","Secret Weapon"],"picked":"Mayhem","floor":36},{"not_picked":["Carnage+1","Clash","Flame Barrier"],"picked":"Singing Bowl","floor":38},{"not_picked":["Shrug It Off","Evolve"],"picked":"Second Wind","floor":40},{"not_picked":["Anger","Flame Barrier+1","Rage+1","Evolve"],"picked":"Singing Bowl","floor":42},{"not_picked":["Infernal Blade","Bloodletting","Sword Boomerang"],"picked":"Armaments+1","floor":44},{"not_picked":["Body Slam+1","Perfected Strike+1","Heavy Blade"],"picked":"Feel No Pain+1","floor":47},{"not_picked":["Fire Breathing+1","Shockwave","Twin Strike"],"picked":"Barricade","floor":48},{"not_picked":["Armaments","Dropkick+1","Second Wind"],"picked":"Disarm","floor":55}],"player_experience":5037875,"relics_obtained":[{"floor":6,"key":"Shovel"},{"floor":8,"key":"Happy Flower"},{"floor":9,"key":"Eternal Feather"},{"floor":10,"key":"Toy Ornithopter"},{"floor":11,"key":"MawBank"},{"floor":13,"key":"FossilizedHelix"},{"floor":15,"key":"Red Skull"},{"floor":22,"key":"Bottled Tornado"},{"floor":23,"key":"Lantern"},{"floor":25,"key":"Singing Bowl"},{"floor":26,"key":"Blue Candle"},{"floor":27,"key":"Mummified Hand"},{"floor":32,"key":"Gremlin Horn"},{"floor":40,"key":"Question Card"},{"floor":44,"key":"Boot"},{"floor":47,"key":"Peace Pipe"},{"floor":53,"key":"Pantograph"},{"floor":55,"key":"Paper Frog"}],"event_choices":[{"damage_healed":0,"gold_gain":0,"player_choice":"Box","damage_taken":0,"relics_obtained":["Potion Belt"],"max_hp_gain":0,"max_hp_loss":0,"event_name":"Big Fish","floor":4,"gold_loss":0,"cards_obtained":["Regret"]},{"damage_healed":0,"gold_gain":0,"player_choice":"Damaged","damage_taken":11,"max_hp_gain":0,"max_hp_loss":0,"event_name":"Wheel of Change","floor":31,"gold_loss":0},{"damage_healed":0,"gold_gain":0,"player_choice":"Memory 3","damage_taken":10,"max_hp_gain":0,"max_hp_loss":0,"event_name":"SensoryStone","floor":36,"gold_loss":0},{"cards_removed":["Rampage"],"damage_healed":0,"gold_gain":0,"player_choice":"Removed Attack","damage_taken":0,"max_hp_gain":0,"max_hp_loss":0,"event_name":"Falling","floor":37,"gold_loss":0},{"damage_healed":0,"gold_gain":0,"player_choice":"Rummage","damage_taken":0,"relics_obtained":["WarpedTongs"],"max_hp_gain":0,"max_hp_loss":0,"event_name":"Accursed Blacksmith","floor":45,"gold_loss":0,"cards_obtained":["Pain"]},{"damage_healed":0,"gold_gain":0,"player_choice":"Embrace Madness","damage_taken":15,"max_hp_gain":0,"max_hp_loss":0,"event_name":"Winding Halls","floor":46,"gold_loss":0,"cards_obtained":["Madness","Madness"]}],"is_beta":false,"boss_relics":[{"not_picked":["Tiny House","Mark of Pain"],"picked":"Cursed Key"},{"not_picked":["Astrolabe","SacredBark"],"picked":"Pandora\u0027s Box"}],"items_purged_floors":[20,29],"is_endless":false,"potions_floor_spawned":[2,6,7,10,14,16,19,21,23,24,42,48],"ascension_level":20}}