{"host":"w4ub8crw9ou4a5am","time":1613664576,"event":{"mods":["2.2 Compatiblity","BaseMod","Challenge The Spire","Colored Powertips","Hermit","Hubris","Jorbs\u0027s Wanderer Trilogy","KinomotoSakuraMod(????)","Koishi","Marisa????????","Minty Spire (QoL Compilation)","Quick Restart","Rare Cards Sparkle","Remilia??????","StSLib","The Administrix","The Animator","The Bug Knight","The Cursed","The Disciple","The Hierophant","The Jungle","The Marked","The Necromancer","The Senshi","The Servant 0.9.4","WarShipGirlsR/????R mod"],"gold_per_floor":[114,114,133,152,171,190,190,228,253,16,16,35,35,35,35,160,160,179,198,198,22,41,79,79,79,154,154,173,192,192,230,230,355,355,374,393,393,412,431,469,488,488,488,41,21,40,78,103,103,103],"floor_reached":51,"language":"ENG","playtime":2797,"items_purged":[],"score":1049,"play_id":"12c2c223-b872-431d-b601-87d6f2390085","local_time":"20210218110936","daily_mods":["Cursed Run","ControlledChaos","Lethality"],"is_ascension_mode":false,"campfire_choices":[{"data":"Backstab","floor":7,"key":"SMITH"},{"data":"Infinite Blades","floor":11,"key":"SMITH"},{"data":"hubris:TrickCloak","floor":15,"key":"SMITH"},{"floor":24,"key":"REST"},{"floor":27,"key":"REST"},{"data":"stsjorbsmod:MagicMirror","floor":32,"key":"SMITH"},{"floor":42,"key":"REST"},{"data":"Burst","floor":49,"key":"SMITH"}],"circlet_count":0,"master_deck":["Strike_G","Strike_G","Strike_G","Strike_G","Strike_G","Defend_G","Defend_G","Defend_G","Defend_G","Defend_G","Survivor","Neutralize","hubris:TrickCloak+1","Injury","All Out Attack","Outmaneuver","Backstab+1","Backflip","Burst+1","Parasite","Infinite Blades+1","Flying Knee","Prepared","Parasite","hubris:Wrath","Envenom","Deflect+1","Leg Sweep","Blade Dance","Endless Agony+1","Prepared","Clumsy","Underhanded Strike","stsjorbsmod:TollTheDead","stsjorbsmod:MagicMirror+1","Regret","Corpse Explosion","stsjorbsmod:ScorchingRay","Blade Dance","hubris:Sniper+1","Flying Knee+1","Tactician","hubris:Sniper","animator:Curse_GriefSeed","Infinite Blades+1","Cloak And Dagger","Flash of Steel","Crippling Poison","Storm of Steel","hubris:Counter+1","hubris:Counter+1","animator:Curse_Greed","stsjorbsmod:Amnesia"],"relics":["Cursed Key","Darkstone Periapt","Du-Vu Doll","Frozen Eye","Golden Idol","InkBottle","hubris:TenFootPole","TheAbacus","hubris:Towel","Black Star","Toolbox","Pen Nib","Kunai","hubris:DisguiseKit","MutagenicStrength","Snake Skull","hubris:SphereOfDissonance","WristBlade","Happy Flower","hubris:MysteriousPyramids","Oddly Smooth Stone","DollysMirror","Ancient Tea Set","Blood Vial","Nunchaku","HollowMod:PaleOreRelic"],"acts_visited":["Exordium","TheCity","TheBeyond"],"potions_floor_usage":[16,19,23,33,36,36,41,46,47],"damage_taken":[{"damage":0,"enemies":"Jaw Worm","floor":1,"turns":3},{"damage":0,"enemies":"2 Louse","floor":3,"turns":1},{"damage":0,"enemies":"Cultist","floor":4,"turns":3},{"damage":0,"enemies":"Looter","floor":5,"turns":2},{"damage":5,"enemies":"Blue Slaver","floor":6,"turns":2},{"damage":12,"enemies":"HollowMod:MossKnight","floor":8,"turns":5},{"damage":0,"enemies":"Exordium Wildlife","floor":12,"turns":2},{"damage":45,"enemies":"The Guardian","floor":16,"turns":8},{"damage":27,"enemies":"2 Thieves","floor":18,"turns":3},{"damage":0,"enemies":"Chosen","floor":19,"turns":3},{"damage":12,"enemies":"Snecko","floor":22,"turns":4},{"damage":24,"enemies":"HollowMod:Nosk","floor":23,"turns":3},{"damage":0,"enemies":"Snake Plant","floor":28,"turns":2},{"damage":0,"enemies":"3 Cultists","floor":29,"turns":4},{"damage":0,"enemies":"Gremlin Leader","floor":31,"turns":1},{"damage":39,"enemies":"Automaton","floor":33,"turns":6},{"damage":0,"enemies":"Orb Walker","floor":35,"turns":1},{"damage":23,"enemies":"3 Shapes","floor":36,"turns":3},{"damage":0,"enemies":"Writhing Mass","floor":38,"turns":1},{"damage":0,"enemies":"Jaw Worm Horde","floor":39,"turns":2},{"damage":0,"enemies":"Reptomancer","floor":40,"turns":1},{"damage":3,"enemies":"Sphere and 2 Shapes","floor":41,"turns":3},{"damage":0,"enemies":"Transient","floor":46,"turns":5},{"damage":19,"enemies":"Nemesis","floor":47,"turns":3},{"damage":14,"enemies":"hubris:GrandSnecko","floor":50,"turns":5}],"seed_played":"-4060160915487772418","potions_obtained":[{"floor":1,"key":"Energy Potion"},{"floor":8,"key":"Explosive Potion"},{"floor":12,"key":"GamblersBrew"},{"floor":16,"key":"SteroidPotion"},{"floor":18,"key":"Fire Potion"},{"floor":22,"key":"Fire Potion"},{"floor":29,"key":"SmokeBomb"},{"floor":31,"key":"BlessingOfTheForge"},{"floor":35,"key":"GhostInAJar"},{"floor":40,"key":"Poison Potion"},{"floor":41,"key":"DistilledChaos"}],"is_trial":false,"path_per_floor":["M","?","M","M","M","M","R","E","T","$","R","M","?","?","R","B",null,"M","M","?","$","M","E","R","?","T","R","M","M","?","E","R","B",null,"M","M","?","M","M","E","M","R","T","$","?","M","E","T","R","B",null],"character_chosen":"THE_SILENT","items_purchased":["TheAbacus","Infinite Blades","Flying Knee","Blade Dance","Toolbox","DollysMirror","Cloak And Dagger","Ancient Tea Set","Flash of Steel"],"campfire_rested":3,"item_purchase_floors":[10,10,10,21,21,44,44,44,44],"current_hp_per_floor":[70,76,76,76,76,71,71,59,65,65,65,65,88,88,88,49,94,67,67,67,67,55,31,59,44,50,80,80,80,80,80,80,47,106,106,83,83,83,83,83,80,106,112,112,112,112,93,99,99,93],"gold":103,"neow_bonus":"","is_daily":true,"chose_seed":false,"campfire_upgraded":5,"win_rate":0.0,"timestamp":1613664576,"path_taken":["M","?","M","M","M","M","R","E","T","$","R","M","?","?","R","BOSS","M","M","?","$","M","E","R","?","T","R","M","?","?","E","R","BOSS","M","M","?","M","M","E","M","R","T","?","?","M","E","?","R","BOSS"],"items_purchased_type":["Relic","Card","Card","Card","Relic","Relic","Card","Relic","Card"],"build_version":"2020-12-22","purchased_purges":0,"victory":true,"max_hp_per_floor":[70,76,76,76,76,76,76,76,82,82,82,82,88,88,88,94,94,94,94,94,94,94,94,94,94,100,100,100,100,100,100,100,106,106,106,106,106,106,106,106,106,106,112,112,112,112,112,118,118,124],"card_choices":[{"not_picked":["Acrobatics","Concentrate"],"picked":"hubris:TrickCloak","floor":1},{"not_picked":["Sucker Punch","Cloak And Dagger"],"picked":"All Out Attack","floor":3},{"not_picked":["Poisoned Stab","Quick Slash"],"picked":"Outmaneuver","floor":4},{"not_picked":["Footwork","Dagger Spray"],"picked":"Backstab","floor":5},{"not_picked":["Acrobatics","Eviscerate"],"picked":"Backflip","floor":6},{"not_picked":["Dagger Throw","Cloak And Dagger"],"picked":"Burst","floor":8},{"not_picked":["Well Laid Plans","Dagger Throw"],"picked":"Prepared","floor":12},{"not_picked":["Venomology","Wraith Form v2"],"picked":"Envenom","floor":16},{"not_picked":["Dodge and Roll","Sucker Punch+1"],"picked":"Deflect+1","floor":18},{"not_picked":["Catalyst","Flying Knee"],"picked":"Leg Sweep","floor":19},{"not_picked":["Dodge and Roll","Deadly Poison"],"picked":"Endless Agony+1","floor":22},{"not_picked":["Poisoned Stab","Outmaneuver"],"picked":"Prepared","floor":23},{"not_picked":["Well Laid Plans","Noxious Fumes","stsjorbsmod:Will"],"picked":"Underhanded Strike","floor":28},{"not_picked":["Sucker Punch","Acrobatics","Tactician+1"],"picked":"stsjorbsmod:TollTheDead","floor":29},{"not_picked":["Storm of Steel","Deadly Poison","Deflect+1"],"picked":"stsjorbsmod:MagicMirror","floor":31},{"not_picked":["Glass Knife","Die Die Die","stsjorbsmod:Fear"],"picked":"Corpse Explosion","floor":33},{"not_picked":["Endless Agony","Calculated Gamble+1","Setup"],"picked":"stsjorbsmod:ScorchingRay","floor":35},{"not_picked":["Crippling Poison","Concentrate+1","stsjorbsmod:ParryingBlow"],"picked":"Blade Dance","floor":36},{"not_picked":["Eviscerate+1","hubris:SlightOfHand","stsjorbsmod:ChatteringStrike"],"picked":"hubris:Sniper+1","floor":38},{"not_picked":["Dagger Throw","Outmaneuver","stsjorbsmod:Index"],"picked":"Flying Knee+1","floor":39},{"not_picked":["Backflip","Outmaneuver","stsjorbsmod:Firebolt"],"picked":"Tactician","floor":40},{"not_picked":["Blade Dance","Prepared","stsjorbsmod:Channel"],"picked":"hubris:Sniper","floor":41},{"not_picked":[],"picked":"Crippling Poison","floor":45},{"not_picked":[],"picked":"Storm of Steel","floor":45},{"not_picked":["Finisher","Sucker Punch+1","stsjorbsmod:RayOfFrost"],"picked":"hubris:Counter+1","floor":46},{"not_picked":["Deadly Poison","Slice","stsjorbsmod:Fear"],"picked":"hubris:Counter+1","floor":47}],"player_experience":1734481,"relics_obtained":[{"floor":8,"key":"InkBottle"},{"floor":9,"key":"hubris:TenFootPole"},{"floor":23,"key":"Pen Nib"},{"floor":23,"key":"Kunai"},{"floor":26,"key":"hubris:DisguiseKit"},{"floor":31,"key":"Snake Skull"},{"floor":31,"key":"hubris:SphereOfDissonance"},{"floor":40,"key":"Happy Flower"},{"floor":40,"key":"hubris:MysteriousPyramids"},{"floor":43,"key":"Oddly Smooth Stone"},{"floor":47,"key":"Blood Vial"},{"floor":47,"key":"Nunchaku"},{"floor":48,"key":"HollowMod:PaleOreRelic"}],"event_choices":[{"damage_healed":0,"gold_gain":0,"player_choice":"Take Wound","damage_taken":0,"relics_obtained":["Golden Idol"],"max_hp_gain":0,"max_hp_loss":0,"event_name":"Golden Idol","floor":2,"gold_loss":0,"cards_obtained":["Injury"]},{"damage_healed":20,"gold_gain":0,"player_choice":"Healed and dodged fight","damage_taken":0,"max_hp_gain":0,"max_hp_loss":0,"event_name":"Mushrooms","floor":13,"gold_loss":0,"cards_obtained":["Parasite"]},{"damage_healed":0,"gold_gain":0,"player_choice":"Ignored","damage_taken":0,"max_hp_gain":0,"max_hp_loss":0,"event_name":"Vampires","floor":20,"gold_loss":0},{"damage_healed":0,"gold_gain":0,"player_choice":"Inject Mutagens","damage_taken":0,"relics_obtained":["MutagenicStrength"],"max_hp_gain":0,"max_hp_loss":0,"event_name":"Drug Dealer","floor":30,"gold_loss":0},{"damage_healed":0,"gold_gain":0,"player_choice":"Ignored","damage_taken":0,"max_hp_gain":0,"max_hp_loss":0,"event_name":"Purifier","floor":37,"gold_loss":0}],"is_beta":false,"boss_relics":[{"not_picked":["SacredBark","SlaversCollar"],"picked":"Black Star"},{"not_picked":["HoveringKite","hubris:CrackedHourglass"],"picked":"WristBlade"}],"items_purged_floors":[],"is_endless":false,"potions_floor_spawned":[1,8,12,16,18,22,29,31,35,40,41],"ascension_level":0}}