{"host":"rs956zbefct9hzhl","time":1613690562,"event":{"mods":["BaseMod","BetterRewards","Downfall","Minty Spire (QoL Compilation)","Replay The Spire","Shop Mod","Spicy Shops","Spikes Relics","StSLib"],"gold_per_floor":[349,369,387,487,487,517,517,967,817,847,866,900,918,476,487,589,589,589,602,612,612,712,612,612,612,612,626,526,545,25,55,71,167,167,167,180,5,51,69,69,93,108,118,133,153,153,53,9,28,28,28,58,20,20,20,20],"floor_reached":57,"language":"ENG","playtime":5147,"items_purged":["downfall:Icky","Pride"],"score":1316,"play_id":"0f87c6ad-51fd-47b3-94cb-e35299ec79d9","local_time":"20210219002242","is_ascension_mode":true,"campfire_choices":[{"floor":1.0,"key":"DIG"},{"floor":18.0,"key":"DIG"},{"floor":23.0,"key":"REST"},{"floor":28.0,"key":"REST"},{"floor":35.0,"key":"RECALL"},{"data":"bronze:Library","floor":47,"key":"SMITH"},{"floor":54,"key":"REST"}],"circlet_count":0,"master_deck":["bronze:Strike","bronze:Strike","bronze:Strike","bronze:Strike","bronze:Defend+1","bronze:Defend+1","bronze:Defend+1","bronze:Defend","bronze:Replicate","bronze:Goto","bronze:Separator","bronze:Repair","bronze:Terminator","bronze:DelayedGuard","bronze:ClassDefault","Pot Of Greed","bronze:BuggyMess+1","bronze:Separator","Replay:BasicMightCard","Poisoned Strike","bronze:Library+1","bronze:FindAndReplace","bronze:Terminator+1","Pot Of Greed","bronze:Turbo","bronze:FineTuning+1","ReplayTheSpireMod:Brewmster","bronze:FindAndReplace","bronze:WhirlingStrike","bronze:Deprecate+1","bronze:BugBarrage","bronze:BronzeOrb","bronze:ShipIt","bronze:CloningBeam+1","bronze:BronzeOrb+1","bronze:WhirlingStrike+1","expansioncontent:AwakenDeath","expansioncontent:AwakenDeath","bronze:BugBarrage+1","bronze:Invalidate+1","bronze:Optimize","bronze:Optimize","bronze:Repair+1"],"relics":["bronze:BronzeCore","Orichalcum","Nunchaku","MerchantsRug","bronze:MakeshiftBattery","MutagenicStrength","downfall:HeartBlessingGreen","Letter Opener","Replay:Bottled Flurry","downfall:HeartBlessingBlue","bronze:SilverBullet","HornCleat","CaptainsWheel","Blood Vial","Replay:Bronze Core","Membership Card","Replay:Kaleidoscope","Boot","downfall:HeartBlessingRed","bronze:Mallet","BrokenLever","War Paint"],"acts_visited":["Exordium","TheCity","TheBeyond","TheEnding"],"potions_floor_usage":[39,39,42,48,50,52,55,55,55,56,56,56,56,56],"damage_taken":[{"damage":0.0,"enemies":"Jaw Worm","floor":2.0,"turns":4.0},{"damage":0.0,"enemies":"2 Louse","floor":3.0,"turns":2.0},{"damage":27.0,"enemies":"3 Sentries","floor":6.0,"turns":10.0},{"damage":22.0,"enemies":"Lagavulin","floor":10.0,"turns":7.0},{"damage":0.0,"enemies":"Small Slimes","floor":11.0,"turns":4.0},{"damage":1.0,"enemies":"3 Sentries","floor":12.0,"turns":8.0},{"damage":4.0,"enemies":"3 Louse","floor":13.0,"turns":5.0},{"damage":4.0,"enemies":"downfall:FleeingMerchant","floor":14.0,"turns":4.0},{"damage":5.0,"enemies":"Red Slaver","floor":15.0,"turns":2.0},{"damage":10.0,"enemies":"IC_STATUS_ARCHETYPE","floor":16.0,"turns":7.0},{"damage":21.0,"enemies":"Chosen","floor":19.0,"turns":6.0},{"damage":26.0,"enemies":"3 Byrds","floor":20.0,"turns":5.0},{"damage":27.0,"enemies":"downfall:Augmenter","floor":22.0,"turns":5.0},{"damage":24.0,"enemies":"Sentry and Sphere","floor":27.0,"turns":6.0},{"damage":23.0,"enemies":"Cultist and Chosen","floor":29.0,"turns":8.0},{"damage":0.0,"enemies":"downfall:FleeingMerchant","floor":30.0,"turns":4.0},{"damage":17.0,"enemies":"Slavers","floor":31.0,"turns":3.0},{"damage":1.0,"enemies":"Centurion and Healer","floor":32.0,"turns":5.0},{"damage":29.0,"enemies":"WA_ARCHETYPE_CALM","floor":33.0,"turns":10.0},{"damage":8.0,"enemies":"Orb Walker","floor":36.0,"turns":3.0},{"damage":0.0,"enemies":"downfall:FleeingMerchant","floor":37.0,"turns":5.0},{"damage":18.0,"enemies":"2 Orb Walkers","floor":38.0,"turns":4.0},{"damage":14,"enemies":"3 Darklings","floor":39,"turns":6},{"damage":2,"enemies":"Transient","floor":42,"turns":5},{"damage":0,"enemies":"Jaw Worm Horde","floor":43,"turns":3},{"damage":0,"enemies":"Sphere and 2 Shapes","floor":44,"turns":3},{"damage":24,"enemies":"Transient","floor":45,"turns":5},{"damage":0,"enemies":"downfall:FleeingMerchant","floor":48,"turns":5},{"damage":1,"enemies":"4 Shapes","floor":49,"turns":3},{"damage":0,"enemies":"SI_POISON_ARCHETYPE","floor":50,"turns":8},{"damage":74,"enemies":"downfall:CharBossMerchant","floor":52,"turns":6},{"damage":0,"enemies":"downfall:NeowBoss","floor":55,"turns":15},{"damage":147,"enemies":"downfall:NeowBossFinal","floor":56,"turns":13}],"seed_played":"-6615991341495389095","potions_obtained":[{"floor":3.0,"key":"GamblersBrew"},{"floor":10.0,"key":"Strength Potion"},{"floor":11.0,"key":"Death Potion"},{"floor":12.0,"key":"Cursed Concoction"},{"floor":22.0,"key":"FairyPotion"},{"floor":27.0,"key":"Ancient Potion"},{"floor":32.0,"key":"GamblersBrew"},{"floor":36.0,"key":"Guardian:BlockOnCardUsePotion"},{"floor":42,"key":"bronze:FreeFunctionsPotion"},{"floor":43,"key":"Venom Potion"},{"floor":49,"key":"Slimebound:ThreeZeroPotion"}],"is_trial":false,"path_per_floor":["R","M","M","?","?","E","T","?","?","E","M","E","M","$","M","B",null,"R","M","M","?","?","R","T","?","T","M","R","M","$","E","M","B",null,"R","M","$","?","M","?","T","M","M","M","M","?","R","$","M","B",null,"E","$","R","B","B",null],"character_chosen":"THE_AUTOMATON","items_purchased":["MerchantsRug","MealTicket","ReplayTheSpireMod:ShopPack","bronze:SilverBullet","HornCleat","Medical Kit","CaptainsWheel","Membership Card","bronze:Mallet","bronze:Optimize","War Paint"],"campfire_rested":3,"item_purchase_floors":[14,14,14,30,30,30,30,37,48,48,53],"current_hp_per_floor":[63,63,63,63,60,40,40,40,73,51,58,73,73,73,73,70,73,73,52,33,33,6,27,27,27,27,10,44,28,64,54,62,59,83,83,75,83,72,67,62,62,69,78,83,59,59,59,83,82,83,83,19,34,58,80,22],"gold":20,"neow_bonus":"TWO_FIFTY_GOLD","is_daily":false,"chose_seed":false,"campfire_upgraded":1,"win_rate":0.0,"timestamp":1613690562,"path_taken":["R","M","M","?","?","E","T","?","?","E","M","E","?","$","M","BOSS","R","M","M","?","?","R","T","?","?","?","R","M","$","E","M","BOSS","R","M","$","?","M","?","T","M","M","?","M","?","R","?","M","BOSS","E","$","R","BOSS","BOSS"],"items_purchased_type":["Relic","Relic","Relic","Relic","Relic","Relic","Relic","Relic","Relic","Card","Relic"],"build_version":"2020-12-22","purchased_purges":2,"victory":true,"max_hp_per_floor":[63,63,63,63,63,63,63,63,73,73,73,73,73,73,73,73,73,73,73,73,73,73,73,73,73,73,73,83,83,83,83,83,83,83,83,83,83,83,83,83,83,83,83,83,83,83,83,83,83,83,83,83,83,83,83,83],"card_choices":[{"not_picked":["bronze:BugBarrage","bronze:WildBeam"],"picked":"bronze:Separator","floor":2.0},{"not_picked":["bronze:BitShift","bronze:DarkDash"],"picked":"bronze:Repair","floor":3.0},{"not_picked":["bronze:Overheat","bronze:Turbo"],"picked":"bronze:Terminator","floor":6.0},{"not_picked":["bronze:Turbo","bronze:CloningBeam"],"picked":"bronze:DelayedGuard","floor":10.0},{"not_picked":["bronze:Fortify","bronze:Iterate"],"picked":"bronze:ClassDefault","floor":11.0},{"not_picked":["bronze:WildBeam","bronze:Branch"],"picked":"bronze:BuggyMess","floor":12.0},{"not_picked":["bronze:Backtrace","bronze:FindAndReplace"],"picked":"bronze:Terminator","floor":13.0},{"not_picked":["bronze:DarkDash","bronze:Branch"],"picked":"bronze:Separator","floor":14.0},{"not_picked":["Survey Options","Replay:Sssssssssshield"],"picked":"Replay:BasicMightCard","floor":14.0},{"not_picked":["Panache","The Bomb"],"picked":"Poisoned Strike","floor":14.0},{"not_picked":["bronze:WildBeam","bronze:Boost"],"picked":"bronze:Library","floor":15.0},{"not_picked":["bronze:Format","bronze:InfiniteLoop"],"picked":"bronze:FindAndReplace","floor":16.0},{"not_picked":["bronze:Separator","bronze:Branch"],"picked":"bronze:Terminator+1","floor":19.0},{"not_picked":["bronze:Shield","bronze:Frontload","bronze:Separator"],"picked":"SKIP","floor":19.0},{"not_picked":["bronze:Deprecate","bronze:Iterate"],"picked":"bronze:Turbo","floor":20.0},{"not_picked":["bronze:Repair+1","bronze:FollowUp"],"picked":"bronze:FineTuning+1","floor":20.0},{"not_picked":["bronze:Shield","bronze:CutThrough"],"picked":"bronze:WhirlingStrike","floor":27.0},{"not_picked":["bronze:Constructor","bronze:DarkDash"],"picked":"bronze:Deprecate+1","floor":27.0},{"not_picked":["bronze:Hardcode","bronze:Separator"],"picked":"bronze:BugBarrage","floor":29.0},{"not_picked":["bronze:BuggyMess","bronze:ForceShield+1","bronze:FineTuning"],"picked":"SKIP","floor":29.0},{"not_picked":["bronze:Terminator","bronze:Iterate","bronze:CutThrough"],"picked":"SKIP","floor":30.0},{"not_picked":["bronze:TinkerersToolbox","bronze:Iterate+1"],"picked":"bronze:BronzeOrb","floor":31.0},{"not_picked":["bronze:WildBeam","bronze:FineTuning","bronze:BugBarrage"],"picked":"SKIP","floor":32.0},{"not_picked":["bronze:BurnOut","bronze:ThunderWave"],"picked":"bronze:ShipIt","floor":33.0},{"not_picked":["bronze:BitShift+1","bronze:Shield+1","bronze:DelayedGuard"],"picked":"SKIP","floor":36.0},{"not_picked":["bronze:DelayedSlice","bronze:Frontload+1"],"picked":"bronze:CloningBeam+1","floor":37.0},{"not_picked":["bronze:BuggyMess+1","bronze:InfiniteBeams"],"picked":"bronze:BronzeOrb+1","floor":38},{"not_picked":["bronze:BitShift","bronze:DelayedGuard+1"],"picked":"bronze:WhirlingStrike+1","floor":39},{"not_picked":["Replay:SS_hec_1","expansioncontent:PrepareCrush"],"picked":"expansioncontent:AwakenDeath","floor":40},{"not_picked":["Replay:SS_hec_1","expansioncontent:LastStand"],"picked":"expansioncontent:AwakenDeath","floor":40},{"not_picked":["bronze:CutThrough","bronze:ThunderWave"],"picked":"bronze:BugBarrage+1","floor":42},{"not_picked":["bronze:Separator","bronze:DarkDash","bronze:Constructor"],"picked":"SKIP","floor":43},{"not_picked":["bronze:CutThrough","bronze:BitShift+1","bronze:Overheat"],"picked":"SKIP","floor":44},{"not_picked":["bronze:Constructor","bronze:BuggyMess+1"],"picked":"bronze:Invalidate+1","floor":45},{"not_picked":["bronze:Overload+1","bronze:Branch","bronze:Refactor"],"picked":"SKIP","floor":48},{"not_picked":["bronze:Branch","bronze:FindAndReplace"],"picked":"bronze:Repair+1","floor":49},{"not_picked":["bronze:BronzeOrb+1","bronze:FineTuning","bronze:BuggyMess"],"picked":"SKIP","floor":52}],"player_experience":537382,"relics_obtained":[{"floor":1.0,"key":"Simple Rune"},{"floor":6.0,"key":"Omamori"},{"floor":7.0,"key":"Nunchaku"},{"floor":10.0,"key":"Happy Flower"},{"floor":12.0,"key":"Grinning Jar"},{"floor":18.0,"key":"Prayer Wheel"},{"floor":22.0,"key":"MutagenicStrength"},{"floor":26.0,"key":"Replay:Bottled Flurry"},{"floor":31.0,"key":"Blood Vial"},{"floor":38,"key":"Replay:Kaleidoscope"},{"floor":41,"key":"Boot"},{"floor":52,"key":"BrokenLever"}],"event_choices":[{"damage_healed":0.0,"max_hp_gain":0.0,"max_hp_loss":0.0,"gold_gain":0.0,"event_name":"Scrap Ooze","player_choice":"Success","floor":5.0,"gold_loss":0.0,"damage_taken":3.0,"relics_obtained":["Orichalcum"]},{"damage_healed":0.0,"max_hp_gain":0.0,"max_hp_loss":0.0,"gold_gain":0.0,"event_name":"Vampires","player_choice":"Ignored","floor":21.0,"gold_loss":0.0,"damage_taken":0.0},{"damage_healed":0.0,"max_hp_gain":0.0,"max_hp_loss":0.0,"gold_gain":0.0,"event_name":"Addict","player_choice":"Stole Relic","floor":25.0,"gold_loss":0.0,"damage_taken":0.0,"relics_obtained":["Letter Opener"],"cards_obtained":["Pride"]},{"damage_healed":0.0,"max_hp_gain":0.0,"max_hp_loss":0.0,"gold_gain":0.0,"event_name":"Mysterious Sphere","player_choice":"Fight","floor":38.0,"gold_loss":0.0,"damage_taken":0.0}],"is_beta":false,"boss_relics":[{"not_picked":["SacredBark","Calling Bell"],"picked":"bronze:MakeshiftBattery"},{"not_picked":["Runic Pyramid","Empty Cage"],"picked":"Replay:Bronze Core"}],"items_purged_floors":[14,37],"is_endless":false,"potions_floor_spawned":[3,10,11,12,22,27,32,36,38,42,43,49],"ascension_level":1}}