{"host":"y6zg4wwu39otf01a","time":1613679957,"event":{"mods":["Act Like it!","Aspiration","BaseMod","Better Altar","Better Match","Better Note","Better Sensory Stone","Better Skull","Better Third Choice","Challenge The Spire","Colored Map","Colored Powertips","Conspire","GifTheSpireLib","Glutton Mod","Halation","Hermit","Highlight Path","Hubris","Infinite Spire","Mimic Mod","Minty Spire (QoL Compilation)","Quick Restart","Random Character Button","Rare Cards Sparkle","Reliquary","Replay The Spire","Retaliation","Ruina","Spicy Shops","StSLib","Stuff the Spire","The Blue Laboratory","The Construct","The Jungle"],"gold_per_floor":[110,127,127,127,127,156,8,8,33,63,63,63,88,107,107,210,210,225,238,238,238,238,238,269,269,318,64,64,81,96,120,120,220,220,237,237,237,237,252,252,284,284,284,295,295,313,313,339,339,339,339,339,135,168,168],"floor_reached":56,"language":"ENG","playtime":3284,"items_purged":["Pride","Writhe"],"score":1214,"play_id":"90ea696e-0de2-4a14-bb78-1fef63db276e","local_time":"20210218142557","is_ascension_mode":true,"campfire_choices":[{"data":"Eruption","floor":8.0,"key":"SMITH"},{"floor":12.0,"key":"REST"},{"data":"ClearTheMind","floor":15.0,"key":"SMITH"},{"data":"DeusExMachina","floor":23,"key":"SMITH"},{"data":"StuffTheSpire:Innocence","floor":32,"key":"SMITH"},{"floor":40,"key":"REST"},{"floor":45,"key":"REST"},{"floor":47,"key":"RECALL"},{"data":"ReplayTheSpireMod:Private Reserves","floor":49,"key":"SMITH"},{"data":"ReplayTheSpireMod:??????????????????????","floor":52,"key":"SMITH"}],"circlet_count":0,"master_deck":["Strike_P","Strike_P","Strike_P","Strike_P","Defend_P","Defend_P","Defend_P+1","Defend_P+1","Eruption+1","Vigilance","CarveReality","Injury","CutThroughFate+1","MasterReality+1","ConjureBlade","ClearTheMind+1","EmptyMind+1","LessonLearned+1","Replay:Cycle","construct:AttackMode","DeusExMachina+1","ReplayTheSpireMod:Private Reserves+1","hubris:Fate","ReplayTheSpireMod:??????????????????????+1","Replay:LoomingThreat+1","StuffTheSpire:Innocence+1","ruina:CobaltScar+1","WheelKick+1","Replay:DivineShield","JustLucky+1","Study+1","CarveReality+1","Tantrum"],"relics":["Burning Blood","NeowsBlessing","Frozen Egg 2","infinitespire:Cubic Diamond","hubris:Icosahedron","Omamori","aspiration:ChemicalBlood","Dream Catcher","Runic Pyramid","halation:PinkSoulGem","Ring of Searing","War Paint","ReplayTheSpireMod:SealedPack","Blood Vial","ReplayFunnel","ReplayTheSpireMod:CursedCoin","halation:Komachan","StuffTheSpire:Wildfire","halation:EternalFortune","StuffTheSpire:HeavyRock","reliquary:ThirdArm","StuffTheSpire:Gunfinga","hubris:Towel","construct:BoolHorns","aspiration:FetidBarrel"],"acts_visited":["Exordium","Exordium","TheBeyond","TheEnding"],"potions_floor_usage":[16,16,19,24,24,29,29,30,33,35,39,39,39,41,48,50,50,54,54,55,55,55,55,55,55,55],"damage_taken":[{"damage":0.0,"enemies":"2 Louse","floor":1.0,"turns":1.0},{"damage":0.0,"enemies":"Small Slimes","floor":2.0,"turns":1.0},{"damage":10.0,"enemies":"Lagavulin","floor":6.0,"turns":1.0},{"damage":48.0,"enemies":"3 Sentries","floor":10.0,"turns":8.0},{"damage":13.0,"enemies":"Gremlin Nob","floor":13.0,"turns":3.0},{"damage":7.0,"enemies":"Jaw Worm","floor":14.0,"turns":2.0},{"damage":19,"enemies":"Hexaghost","floor":16,"turns":6},{"damage":14,"enemies":"ruina:Nosferatu","floor":18,"turns":3},{"damage":3,"enemies":"ruina:3_Bats","floor":19,"turns":3},{"damage":8,"enemies":"ruina:RoadHome","floor":24,"turns":2},{"damage":15,"enemies":"ruina:QueenOfHate","floor":29,"turns":2},{"damage":25,"enemies":"ruina:3_Scarecrows","floor":30,"turns":3},{"damage":8,"enemies":"ruina:Ozma","floor":33,"turns":5},{"damage":50,"enemies":"Orb Walker","floor":35,"turns":4},{"damage":61,"enemies":"3 Darklings","floor":39,"turns":3},{"damage":17,"enemies":"R_Hoarder","floor":41,"turns":5},{"damage":0,"enemies":"Jaw Worm Horde","floor":44,"turns":1},{"damage":10,"enemies":"4 Shapes","floor":46,"turns":3},{"damage":19,"enemies":"Giant Head","floor":48,"turns":5},{"damage":38,"enemies":"Awakened One","floor":50,"turns":5},{"damage":20,"enemies":"Shield and Spear","floor":54,"turns":4},{"damage":88,"enemies":"The Heart","floor":55,"turns":5}],"seed_played":"1112707265582901028","potions_obtained":[{"floor":16,"key":"AttackPotion"},{"floor":19,"key":"FearPotion"},{"floor":24,"key":"Adrenaline Potion"},{"floor":30,"key":"blueLaboratory:FruitPreserves"},{"floor":35,"key":"DistilledChaos"},{"floor":39,"key":"SteroidPotion"},{"floor":39,"key":"FearPotion"},{"floor":39,"key":"blueLaboratory:FruitPunch"},{"floor":41,"key":"blueLaboratory:BubblePotion"},{"floor":50,"key":"SpeedPotion"}],"is_trial":false,"path_per_floor":["M","M","?","?","?","E","$","R","T","E","$","R","E","M","R","B",null,"M","M","?","?","AVR","R","E","?","T","$","?","M","M","T","R","B",null,"M","?","?","?","M","R","E","?","T","M","R","M","R","E","R","B",null,"R","$","E","B",null],"character_chosen":"WATCHER","items_purchased":["MasterReality+1","ruina:CobaltScar+1","ReplayTheSpireMod:CursedCoin","halation:Komachan","StuffTheSpire:Wildfire","blueLaboratory:FruitPreserves"],"campfire_rested":3,"item_purchase_floors":[7,27,27,27,27,53],"current_hp_per_floor":[72,72,72,72,72,68,68,68,68,26,26,47,47,46,46,33,79,71,74,74,74,74,74,72,72,72,72,75,68,51,51,51,51,82,38,72,72,52,15,37,28,28,28,36,58,56,56,45,45,43,74,74,74,60,12],"gold":168,"neow_bonus":"THREE_ENEMY_KILL","is_daily":false,"chose_seed":false,"campfire_upgraded":6,"win_rate":0.0,"timestamp":1613679957,"path_taken":["M","M","?","?","?","E","?","R","T","E","$","R","E","M","R","BOSS","M","M","?","?","AVR","R","E","?","T","$","?","M","?","?","R","BOSS","M","?","?","?","?","R","E","?","T","M","R","M","R","E","R","BOSS","R","$","E","BOSS"],"items_purchased_type":["Card","Card","Relic","Relic","Relic","Potion"],"build_version":"2020-12-22","purchased_purges":2,"victory":true,"max_hp_per_floor":[72,72,72,72,72,72,72,72,72,72,72,72,79,79,79,79,79,79,79,79,79,79,79,79,79,79,79,82,82,82,82,82,82,82,82,72,72,72,74,74,74,74,74,74,74,74,74,74,74,74,74,74,74,74,74],"card_choices":[{"not_picked":["ThirdEye","Replay:AtTheReady"],"picked":"CarveReality","floor":1.0},{"not_picked":["SashWhip","Conclude","Replay:AtTheReady"],"picked":"SKIP","floor":2.0},{"not_picked":["EmptyFist","Replay:ManipulateFuture"],"picked":"CutThroughFate","floor":6.0},{"not_picked":["Wallop","Protect"],"picked":"ConjureBlade","floor":10.0},{"not_picked":["WheelKick","TalkToTheHand"],"picked":"ClearTheMind","floor":12.0},{"not_picked":["Prostrate","JustLucky","Replay:ManipulateFuture"],"picked":"SKIP","floor":13.0},{"not_picked":["Evaluate","EmptyBody"],"picked":"EmptyMind","floor":14.0},{"not_picked":["Blasphemy","Brilliance"],"picked":"LessonLearned","floor":16},{"not_picked":["Swivel","Replay:ManipulateFuture","FollowUp"],"picked":"SKIP","floor":18},{"not_picked":["Replay:Cycle","CutThroughFate+1","EmptyFist"],"picked":"SKIP","floor":19},{"not_picked":["CutThroughFate+1","EmptyFist"],"picked":"Replay:Cycle","floor":19},{"not_picked":["hubris:MerchantsHand","construct:DefenseMode"],"picked":"construct:AttackMode","floor":22},{"not_picked":["Replay:AllIn","MasterReality"],"picked":"DeusExMachina","floor":22},{"not_picked":["Impatience","StuffTheSpire:FreeRealEstate"],"picked":"ReplayTheSpireMod:Private Reserves","floor":22},{"not_picked":["ReplayTheSpireMod:Echo Chamber","ReplayTheSpireMod:Black Plague"],"picked":"hubris:Fate","floor":22},{"not_picked":["EmptyBody","Replay:DivineShield+1"],"picked":"Replay:LoomingThreat+1","floor":24},{"not_picked":["StuffTheSpire:Brawn","StuffTheSpire:CelestialWarden"],"picked":"StuffTheSpire:Innocence","floor":25},{"not_picked":["SandsOfTime","CutThroughFate","SashWhip"],"picked":"SKIP","floor":29},{"not_picked":["ClearTheMind","WaveOfTheHand"],"picked":"WheelKick+1","floor":30},{"not_picked":["Halt+1","JustLucky"],"picked":"Replay:DivineShield","floor":35},{"not_picked":["Collect+1","ClearTheMind"],"picked":"JustLucky+1","floor":39},{"not_picked":["Replay:AtTheReady","BowlingBash+1"],"picked":"Study+1","floor":40},{"not_picked":["Replay:Anticipation+1","CrushJoints+1"],"picked":"CarveReality+1","floor":41},{"not_picked":["CarveReality+1","JustLucky","ClearTheMind"],"picked":"SKIP","floor":44},{"not_picked":["EmptyFist","Evaluate"],"picked":"Tantrum","floor":46},{"not_picked":["Wallop","Weave","Study+1"],"picked":"SKIP","floor":48},{"not_picked":["BowlingBash+1","Pray+1","FlyingSleeves"],"picked":"SKIP","floor":54}],"player_experience":901914,"relics_obtained":[{"floor":6.0,"key":"Omamori"},{"floor":9.0,"key":"aspiration:ChemicalBlood"},{"floor":10.0,"key":"Dream Catcher"},{"floor":13.0,"key":"Strawberry"},{"floor":21,"key":"Ring of Searing"},{"floor":24,"key":"Blood Vial"},{"floor":26,"key":"ReplayFunnel"},{"floor":31,"key":"StuffTheSpire:HeavyRock"},{"floor":41,"key":"StuffTheSpire:Gunfinga"},{"floor":48,"key":"construct:BoolHorns"},{"floor":54,"key":"aspiration:FetidBarrel"}],"event_choices":[{"damage_healed":72,"gold_gain":0,"player_choice":"Heal","damage_taken":0,"max_hp_gain":0,"max_hp_loss":10,"event_name":"The Moai Head","floor":36,"gold_loss":0},{"damage_healed":0,"gold_gain":0,"player_choice":"Leave","damage_taken":0,"max_hp_gain":0,"max_hp_loss":0,"event_name":"conspire:Investor","floor":37,"gold_loss":0}],"is_beta":false,"boss_relics":[{"not_picked":["reliquary:RedCape","halation:SmartPhone"],"picked":"Runic Pyramid"},{"not_picked":["infinitespire:Cupcake","reliquary:Craggleroot"],"picked":"reliquary:ThirdArm"}],"items_purged_floors":[27,53],"is_endless":false,"potions_floor_spawned":[16,19,24,30,35,41,44,48],"ascension_level":2}}