{"host":"0nndazl0keusavit","time":1613607928,"event":{"mods":["AchievementEnabler","BaseMod","Colored Map","Curses Come First","Highlight Path","Minty Spire (QoL Compilation)","Relic Stats","StSLib"],"gold_per_floor":[118,129,145,145,165,190,190,200,223,223,258,16,16,47,47,47,47],"floor_reached":16,"language":"ENG","playtime":771,"items_purged":[],"score":290,"play_id":"f440787f-cf13-4f77-b1a7-573358e7b461","local_time":"20210217192528","is_ascension_mode":true,"campfire_choices":[{"floor":7,"key":"REST"},{"data":"MentalFortress","floor":13,"key":"SMITH"},{"data":"WindmillStrike","floor":15,"key":"SMITH"}],"circlet_count":0,"master_deck":["AscendersBane","Strike_P","Strike_P+1","Strike_P+1","Strike_P","Defend_P","Defend_P","Defend_P","Defend_P","Eruption","Vigilance","FlyingSleeves","Perseverance","WindmillStrike+1","Tantrum","Conclude","MentalFortress+1","LessonLearned+1","FearNoEvil"],"relics":["PureWater","Nunchaku","InkBottle","Smiling Mask","PreservedInsect","Regal Pillow","Whetstone","Bag of Preparation"],"acts_visited":["Exordium"],"potions_floor_usage":[11,16],"damage_taken":[{"damage":7,"enemies":"Cultist","floor":1,"turns":3},{"damage":0,"enemies":"Jaw Worm","floor":2,"turns":3},{"damage":1,"enemies":"Small Slimes","floor":3,"turns":3},{"damage":21,"enemies":"2 Fungi Beasts","floor":5,"turns":3},{"damage":21,"enemies":"Lagavulin","floor":6,"turns":6},{"damage":0,"enemies":"3 Louse","floor":8,"turns":2},{"damage":20,"enemies":"Gremlin Nob","floor":11,"turns":3},{"damage":0,"enemies":"Lagavulin","floor":14,"turns":4},{"damage":19,"enemies":"Hexaghost","floor":16,"turns":7}],"seed_played":"-3159175572939294054","potions_obtained":[{"floor":2,"key":"Ancient Potion"},{"floor":6,"key":"Swift Potion"},{"floor":14,"key":"Dexterity Potion"}],"is_trial":false,"path_per_floor":["M","M","M","T","M","E","R","M","T","?","E","$","R","E","R","B"],"character_chosen":"WATCHER","items_purchased":["FearNoEvil","Whetstone"],"campfire_rested":1,"item_purchase_floors":[12,12],"current_hp_per_floor":[60,60,59,59,38,17,39,39,39,39,19,19,19,19,19,0,0],"gold":47,"neow_bonus":"TEN_PERCENT_HP_BONUS","is_daily":false,"chose_seed":false,"campfire_upgraded":2,"win_rate":0.0,"timestamp":1613607928,"path_taken":["M","M","M","?","M","E","R","M","T","?","E","$","R","E","R","BOSS"],"items_purchased_type":["Card","Relic"],"build_version":"2020-12-22","purchased_purges":0,"victory":false,"max_hp_per_floor":[74,74,74,74,74,74,74,74,74,74,74,74,74,74,74,74,74],"relic_stats":{"Nunchaku":[4],"Regal Pillow":0,"counters":[9,34],"PreservedInsect":51,"Bag of Preparation":[2],"Whetstone":["Strike_P","LessonLearned"],"Smiling Mask":0,"obtain_stats":[{"Nunchaku":4,"Regal Pillow":11,"PreservedInsect":10,"Bag of Preparation":14,"Whetstone":12,"PureWater":0,"Smiling Mask":9,"InkBottle":6},{"Nunchaku":3,"Regal Pillow":7,"PreservedInsect":6,"Bag of Preparation":8,"Whetstone":7,"PureWater":0,"Smiling Mask":6,"InkBottle":5},{"Nunchaku":9,"Regal Pillow":23,"PreservedInsect":20,"Bag of Preparation":27,"Whetstone":23,"PureWater":0,"Smiling Mask":20,"InkBottle":18}],"InkBottle":[4]},"card_choices":[{"not_picked":["ThirdEye","JustLucky"],"picked":"FlyingSleeves","floor":1},{"not_picked":["ClearTheMind","Prostrate"],"picked":"Perseverance","floor":2},{"not_picked":["JustLucky","EmptyBody"],"picked":"WindmillStrike","floor":3},{"not_picked":["JustLucky","Indignation"],"picked":"Tantrum","floor":5},{"not_picked":["LikeWater","Halt"],"picked":"Conclude","floor":6},{"not_picked":["WreathOfFlame","FlyingSleeves"],"picked":"MentalFortress","floor":8},{"not_picked":["SashWhip","Worship"],"picked":"LessonLearned","floor":11},{"not_picked":["SandsOfTime","JustLucky","Halt"],"picked":"SKIP","floor":14}],"player_experience":911920,"relics_obtained":[{"floor":4,"key":"Nunchaku"},{"floor":6,"key":"InkBottle"},{"floor":9,"key":"Smiling Mask"},{"floor":11,"key":"Regal Pillow"},{"floor":14,"key":"Bag of Preparation"}],"event_choices":[{"damage_healed":0,"gold_gain":0,"player_choice":"Gave Potion","damage_taken":0,"relics_obtained":["PreservedInsect"],"max_hp_gain":0,"max_hp_loss":0,"event_name":"WeMeetAgain","floor":10,"gold_loss":0}],"is_beta":false,"boss_relics":[],"items_purged_floors":[],"is_endless":false,"potions_floor_spawned":[2,6,8,14],"killed_by":"Hexaghost","ascension_level":20}}