{"host":"nnt34ungdh9fkcmy","time":1613622221,"event":{"mods":["BaseMod","Downfall","Minty Spire (QoL Compilation)","StSLib","SuperFastMode"],"gold_per_floor":[349,361,371,382,399,424,449,61,89,89,121,132,161,175,192,295,295,95,115,129,129,129,129,129,140,150,150,184,196,222,62,81,183,183,183,197,197,427,443,197,222,233,133,146,496,514,569,584,604,604,604,630,129,129,129,129],"floor_reached":57,"language":"ENG","playtime":2790,"items_purged":["Slimebound:Strike_Slimebound","Slimebound:Tackle","Slimebound:Defend_Slimebound"],"score":1250,"play_id":"739678b6-7ea4-4196-b010-5dfd2831a2be","local_time":"20210217212341","is_ascension_mode":true,"campfire_choices":[{"data":"Slimebound:Split","floor":1.0,"key":"SMITH"},{"data":"Slimebound:DuplicatedForm","floor":10.0,"key":"SMITH"},{"data":"Slimebound:LevelUp","floor":18,"key":"SMITH"},{"data":"Slimebound:SlimeBarrage","floor":27,"key":"SMITH"},{"floor":35,"key":"RECALL"},{"data":"Slimebound:DisruptingSlam","floor":43,"key":"SMITH"},{"data":"Slimebound:GoopSpray","floor":54,"key":"SMITH"}],"circlet_count":0,"master_deck":["Slimebound:Strike_Slimebound","Slimebound:Strike_Slimebound","Slimebound:Defend_Slimebound","Slimebound:Defend_Slimebound","Slimebound:Defend_Slimebound","Slimebound:Split+1","Slimebound:CorrosiveSpit","Slimebound:SlimeBarrage+1","Slimebound:SplitBruiser","Slimebound:SlimeSpikes","Slimebound:DisruptingSlam+1","Slimebound:DuplicatedForm+1","Slimebound:LevelUp+1","Slimebound:GrowthPunch","Slimebound:GoopSpray+1","Slimebound:Darklings","Slimebound:SlimeBarrage+1","Slimebound:LivingWall+1","Slimebound:FormOfPuddle+1","Slimebound:PressTheAttack+1","Slimebound:SlimeSpikes+1","Slimebound:TagTeam+1","Slimebound:SplitSpecialist+1","expansioncontent:AwakenDeath"],"relics":["Slimebound:AbsorbEndCombat","MealTicket","Guardian:BottledAnomaly","Art of War","Kunai","Akabeko","Busted Crown","downfall:HeartBlessingGreen","downfall:HeartBlessingBlue","Toxic Egg 2","Vajra","Meat on the Bone","Whetstone","expansioncontent:StudyCardRelic","Pantograph","Orichalcum","downfall:HeartBlessingRed","Old Coin","TungstenRod","Slimebound:PotencyRelic","Ginger"],"acts_visited":["Exordium","TheCity","TheBeyond","TheEnding"],"potions_floor_usage":[16,20,56,56,56],"damage_taken":[{"damage":0.0,"enemies":"Cultist","floor":2.0,"turns":3.0},{"damage":0.0,"enemies":"Small Slimes","floor":3.0,"turns":4.0},{"damage":1.0,"enemies":"Jaw Worm","floor":4.0,"turns":4.0},{"damage":10.0,"enemies":"downfall:LooterAlt","floor":5.0,"turns":3.0},{"damage":35.0,"enemies":"Lagavulin","floor":6.0,"turns":6.0},{"damage":3.0,"enemies":"downfall:FleeingMerchant","floor":8.0,"turns":4.0},{"damage":26.0,"enemies":"Gremlin Nob","floor":9.0,"turns":3.0},{"damage":29.0,"enemies":"3 Sentries","floor":11.0,"turns":5.0},{"damage":11.0,"enemies":"Blue Slaver","floor":12.0,"turns":3.0},{"damage":23.0,"enemies":"Lagavulin","floor":13.0,"turns":5.0},{"damage":22.0,"enemies":"Large Slime","floor":14.0,"turns":6.0},{"damage":16.0,"enemies":"downfall:LooterAlt","floor":15.0,"turns":3.0},{"damage":43,"enemies":"DF_ARCHETYPE_STREAMLINE","floor":16,"turns":7},{"damage":25,"enemies":"Shell Parasite","floor":19,"turns":4},{"damage":21,"enemies":"downfall:LooterAlt2","floor":20,"turns":3},{"damage":15,"enemies":"Shelled Parasite and Fungi","floor":25,"turns":5},{"damage":32,"enemies":"3 Cultists","floor":26,"turns":5},{"damage":41,"enemies":"Slavers","floor":28,"turns":5},{"damage":21,"enemies":"Snake Plant","floor":29,"turns":4},{"damage":28,"enemies":"Gremlin Leader","floor":30,"turns":4},{"damage":16,"enemies":"downfall:FleeingMerchant","floor":31,"turns":4},{"damage":24,"enemies":"Centurion and Healer","floor":32,"turns":5},{"damage":27,"enemies":"SI_MIRROR_ARCHETYPE","floor":33,"turns":8},{"damage":18,"enemies":"3 Darklings","floor":36,"turns":3},{"damage":0,"enemies":"downfall:FleeingMerchant","floor":38,"turns":3},{"damage":10,"enemies":"3 Shapes","floor":39,"turns":3},{"damage":30,"enemies":"Writhing Mass","floor":42,"turns":5},{"damage":15,"enemies":"3 Darklings","floor":44,"turns":3},{"damage":15,"enemies":"3 Darklings","floor":45,"turns":3},{"damage":15,"enemies":"Maw","floor":46,"turns":6},{"damage":27,"enemies":"2 Orb Walkers","floor":47,"turns":3},{"damage":14,"enemies":"Writhing Mass","floor":48,"turns":4},{"damage":17,"enemies":"Sphere and 2 Shapes","floor":49,"turns":3},{"damage":55,"enemies":"IC_BLOCK_ARCHETYPE","floor":50,"turns":7},{"damage":15,"enemies":"downfall:CharBossMerchant","floor":52,"turns":8},{"damage":50,"enemies":"downfall:NeowBoss","floor":55,"turns":11},{"damage":71,"enemies":"downfall:NeowBossFinal","floor":56,"turns":9}],"seed_played":"542979543895222718","potions_obtained":[{"floor":2.0,"key":"Regen Potion"},{"floor":4.0,"key":"ColorlessPotion"},{"floor":5.0,"key":"ColorlessPotion"},{"floor":9.0,"key":"Dexterity Potion"},{"floor":11.0,"key":"Regen Potion"},{"floor":13.0,"key":"AttackPotion"},{"floor":16,"key":"Slimebound:ThreeZeroPotion"},{"floor":20,"key":"champ:CounterPotion"},{"floor":23,"key":"CultistPotion"},{"floor":42,"key":"EssenceOfSteel"}],"is_trial":false,"path_per_floor":["R","M","M","M","M","E","T","$","E","R","E","M","E","M","M","B",null,"R","M","M","?","?","?","T","M","M","R","E","M","E","$","M","B",null,"R","M","?","$","M","$","T","M","R","M","?","M","?","M","M","B",null,"E","$","R","B","B",null],"character_chosen":"SLIMEBOUND","items_purchased":["Slimebound:DuplicatedForm","Guardian:BottledAnomaly","Whetstone","Pantograph","Ginger","expansioncontent:AwakenDeath"],"campfire_rested":0,"item_purchase_floors":[8,8,31,40,53,53],"current_hp_per_floor":[47,55,63,65,57,42,42,58,53,53,39,32,32,31,32,27,65,75,69,67,67,67,67,67,73,62,62,42,40,35,53,64,60,75,75,75,75,75,67,75,75,62,62,70,75,75,71,75,75,41,75,74,75,75,57,39],"gold":129,"neow_bonus":"TWO_FIFTY_GOLD","is_daily":false,"chose_seed":false,"campfire_upgraded":6,"win_rate":0.0,"timestamp":1613622221,"path_taken":["R","M","M","M","M","E","T","$","E","R","E","M","E","M","M","BOSS","R","M","M","?","?","?","T","M","M","R","E","M","E","$","M","BOSS","R","M","?","$","M","$","T","M","R","M","?","M","?","M","M","BOSS","E","$","R","BOSS","BOSS"],"items_purchased_type":["Card","Relic","Relic","Relic","Relic","Card"],"build_version":"2020-12-22","purchased_purges":3,"victory":true,"max_hp_per_floor":[65,65,65,65,65,65,65,65,65,65,65,65,65,65,65,65,65,75,75,75,75,75,75,75,75,75,75,75,75,75,75,75,75,75,75,75,75,75,75,75,75,75,75,75,75,75,75,75,75,75,75,75,75,75,75,75],"card_choices":[{"not_picked":["Slimebound:Dissolve","Slimebound:RejuvenatingLick","Slimebound:SplitLeeching"],"picked":"SKIP","floor":2.0},{"not_picked":["Slimebound:SplitBruiser","Slimebound:LeechingTouch","Slimebound:ForwardTackle"],"picked":"SKIP","floor":3.0},{"not_picked":["Slimebound:TongueLash","Slimebound:Schlurp"],"picked":"Slimebound:SlimeBarrage","floor":4.0},{"not_picked":["Slimebound:HauntingLick","Slimebound:Dissolve"],"picked":"Slimebound:SplitBruiser","floor":5.0},{"not_picked":["Slimebound:DisruptingSlam","Slimebound:FormOfPuddle"],"picked":"Slimebound:SlimeSpikes","floor":6.0},{"not_picked":["Slimebound:SplitLeeching","Slimebound:SlimeSpikes"],"picked":"Slimebound:DisruptingSlam","floor":8.0},{"not_picked":["Slimebound:RollThrough","Slimebound:OozeBath"],"picked":"Slimebound:LevelUp","floor":9.0},{"not_picked":["Slimebound:RejuvenatingLick","Slimebound:DouseInSlime"],"picked":"Slimebound:GrowthPunch","floor":11.0},{"not_picked":["Slimebound:PressTheAttack","Slimebound:SplitMire","Slimebound:GoopTackle"],"picked":"SKIP","floor":12.0},{"not_picked":["Slimebound:HungryTackle","Slimebound:DivideAndConquer"],"picked":"Slimebound:GoopSpray","floor":13.0},{"not_picked":["Slimebound:HauntingLick","Slimebound:SplitBruiser","Slimebound:PressTheAttack"],"picked":"SKIP","floor":14.0},{"not_picked":["Slimebound:GoopTackle","Slimebound:SlimeSpikes","Slimebound:DivideAndConquer"],"picked":"SKIP","floor":15.0},{"not_picked":["Slimebound:DouseInSlime","Slimebound:Overexert"],"picked":"Slimebound:Darklings","floor":16},{"not_picked":["Slimebound:LeechEnergy"],"picked":"SKIP","floor":19},{"not_picked":["Slimebound:RainOfGoop+1"],"picked":"SKIP","floor":20},{"not_picked":[],"picked":"Slimebound:SlimeBarrage","floor":25},{"not_picked":[],"picked":"Slimebound:LivingWall+1","floor":26},{"not_picked":["Slimebound:FormOfPuddle+1"],"picked":"SKIP","floor":28},{"not_picked":[],"picked":"Slimebound:FormOfPuddle+1","floor":28},{"not_picked":[],"picked":"Slimebound:PressTheAttack+1","floor":29},{"not_picked":[],"picked":"Slimebound:SlimeSpikes+1","floor":30},{"not_picked":[],"picked":"Slimebound:TagTeam","floor":31},{"not_picked":["Slimebound:TongueLash"],"picked":"SKIP","floor":32},{"not_picked":["Slimebound:Prepare+1"],"picked":"SKIP","floor":36},{"not_picked":["Slimebound:ForwardTackle"],"picked":"SKIP","floor":38},{"not_picked":["Slimebound:FlameTackle"],"picked":"SKIP","floor":39},{"not_picked":["Slimebound:ComboTackle"],"picked":"SKIP","floor":42},{"not_picked":["Slimebound:SplitBruiser+1"],"picked":"SKIP","floor":44},{"not_picked":["Slimebound:SamplingLick+1"],"picked":"SKIP","floor":46},{"not_picked":[],"picked":"Slimebound:SplitSpecialist+1","floor":47},{"not_picked":["Slimebound:FlameTackle+1"],"picked":"SKIP","floor":48},{"not_picked":["Slimebound:GoopTackle+1"],"picked":"SKIP","floor":49},{"not_picked":["Slimebound:FinishingTackle+1"],"picked":"SKIP","floor":52}],"player_experience":302609,"relics_obtained":[{"floor":6.0,"key":"MealTicket"},{"floor":9.0,"key":"Art of War"},{"floor":11.0,"key":"Kunai"},{"floor":13.0,"key":"Akabeko"},{"floor":24,"key":"Toxic Egg 2"},{"floor":28,"key":"Vajra"},{"floor":30,"key":"Meat on the Bone"},{"floor":41,"key":"Orichalcum"},{"floor":45,"key":"Old Coin"},{"floor":47,"key":"TungstenRod"},{"floor":52,"key":"Slimebound:PotencyRelic"}],"event_choices":[{"damage_healed":0,"gold_gain":0,"player_choice":"Ignored","damage_taken":0,"max_hp_gain":0,"max_hp_loss":0,"event_name":"Vampires","floor":22,"gold_loss":0},{"damage_healed":0,"gold_gain":0,"player_choice":"Fight","damage_taken":0,"max_hp_gain":0,"max_hp_loss":0,"event_name":"Mysterious Sphere","floor":47,"gold_loss":0}],"is_beta":false,"boss_relics":[{"not_picked":["Tiny House","Runic Dome"],"picked":"Busted Crown"},{"not_picked":["bronze:MakeshiftBattery","Empty Cage"],"picked":"expansioncontent:StudyCardRelic"}],"items_purged_floors":[8,38,53],"is_endless":false,"potions_floor_spawned":[2,4,5,9,11,13,14,16,20,26,29,30,33,36,42,48,52],"ascension_level":1}}