{"host":"ufhw4cf0hh51lveu","time":1613641377,"event":{"mods":["BaseMod","DeckTracker","Lobotomy","Minty Spire (QoL Compilation)","SuperFastMode"],"gold_per_floor":[114,129,229,244,121,121,138,138,165,165,165,95,110,110,110,208,208,228,75,75,75,75,75,56,56,82,82,33,43,142,111,111,193,193,174,174],"floor_reached":35,"language":"KOR","playtime":1118,"items_purged":["Strike_R"],"score":368,"play_id":"307077af-e05c-4a09-84be-c3ed008bc5c5","local_time":"20210218184257","is_ascension_mode":false,"campfire_choices":[{"data":"Carnage","floor":6,"key":"SMITH"},{"data":"Inflame","floor":8,"key":"SMITH"},{"data":"Sword Boomerang","floor":10,"key":"SMITH"},{"data":"Inflame","floor":15,"key":"SMITH"},{"floor":23,"key":"REST"},{"data":"Limit Break","floor":25,"key":"SMITH"},{"data":"Heavy Blade","floor":32,"key":"SMITH"}],"circlet_count":0,"master_deck":["Strike_R","Strike_R","Defend_R","Defend_R","Defend_R","Defend_R","Bash","Carnage+1","DreamingCurrent","Heavy Blade+1","ShyLook","Cleave","Sword Boomerang+1","Inflame+1","HereticApostle","Flex","LongBird","Limit Break+1","Infernal Blade","Freischutz","Warcry","Heavy Blade","Shrug It Off+1","WhiteNight","Impervious"],"relics":["Black Blood","CogitoBucket","Toy Ornithopter","AspirationHeart","Cauldron","Omamori","Pen Nib","Empty Cage"],"acts_visited":["Exordium","TheCity","TheBeyond"],"potions_floor_usage":[16,18,24,24,24,29,29,33,33],"damage_taken":[{"damage":13,"enemies":"Cultist","floor":1,"turns":5},{"damage":11,"enemies":"Jaw Worm","floor":2,"turns":2},{"damage":17,"enemies":"2 Louse","floor":4,"turns":3},{"damage":36,"enemies":"Exordium Thugs","floor":7,"turns":6},{"damage":22,"enemies":"3 Louse","floor":13,"turns":5},{"damage":171,"enemies":"Hexaghost","floor":16,"turns":15},{"damage":69,"enemies":"Spheric Guardian","floor":18,"turns":9},{"damage":30,"enemies":"2 Thieves","floor":24,"turns":4},{"damage":21,"enemies":"Centurion and Healer","floor":29,"turns":8},{"damage":0,"enemies":"Snecko","floor":31,"turns":2},{"damage":137,"enemies":"Champ","floor":33,"turns":11},{"damage":35,"enemies":"3 Shapes","floor":35,"turns":2}],"seed_played":"-9076024713977997623","potions_obtained":[{"floor":7,"key":"SpeedPotion"},{"floor":13,"key":"EssenceOfSteel"},{"floor":18,"key":"SneckoOil"},{"floor":19,"key":"FearPotion"},{"floor":19,"key":"EntropicBrew"},{"floor":19,"key":"SkillPotion"},{"floor":29,"key":"EssenceOfSteel"}],"is_trial":false,"path_per_floor":["M","M","?","M","$","R","M","R","T","R","?","$","M","?","R","B",null,"M","$","?","?","?","R","M","R","T","?","$","M","?","M","R","B",null,"M"],"character_chosen":"IRONCLAD","items_purchased":["Sword Boomerang","Inflame","Cauldron","Heavy Blade"],"campfire_rested":1,"item_purchase_floors":[5,12,19,28],"current_hp_per_floor":[73,68,68,75,75,75,76,76,76,76,80,80,80,80,80,23,80,76,76,76,58,58,86,95,95,95,95,95,95,95,95,95,24,24,0,0],"gold":174,"neow_bonus":"","is_daily":false,"chose_seed":false,"campfire_upgraded":6,"win_rate":0.0,"timestamp":1613641377,"path_taken":["M","?","?","?","?","R","M","R","T","R","?","$","?","?","R","BOSS","M","$","?","?","?","R","M","R","T","?","$","M","?","M","R","BOSS","M"],"items_purchased_type":["Card","Card","Relic","Card"],"build_version":"2020-12-22","purchased_purges":1,"victory":false,"max_hp_per_floor":[80,80,80,80,80,80,80,80,80,80,80,80,80,80,80,80,80,90,90,90,95,95,95,95,95,95,95,95,95,95,95,95,95,95,95,95],"card_choices":[{"not_picked":["FairyFestival","MHz"],"picked":"CherryBlossoms","floor":1},{"not_picked":["Shrug It Off","Rampage"],"picked":"Carnage","floor":1},{"not_picked":["SpiderBud","VoidDream"],"picked":"DreamingCurrent","floor":2},{"not_picked":["Wild Strike","Pummel"],"picked":"Heavy Blade","floor":2},{"not_picked":["PunishingBird","Alriune"],"picked":"ShyLook","floor":4},{"not_picked":["Wild Strike","Fire Breathing"],"picked":"Cleave","floor":4},{"not_picked":["SingingMachine","WallGazer"],"picked":"SnowQueen","floor":7},{"not_picked":["Spot Weakness","Headbutt"],"picked":"Inflame","floor":7},{"not_picked":["Clothesline","Perfected Strike"],"picked":"Flex","floor":13},{"not_picked":["Bloodbath","Funeral"],"picked":"LongBird","floor":16},{"not_picked":["Barricade","Juggernaut"],"picked":"Limit Break","floor":16},{"not_picked":["PunishingBird","Laetitia"],"picked":"Wellcheers","floor":18},{"not_picked":["Body Slam","Cleave"],"picked":"Infernal Blade","floor":18},{"not_picked":["MeatLantern","Scorched"],"picked":"Freischutz","floor":24},{"not_picked":["Wild Strike+1","Hemokinesis","Perfected Strike"],"picked":"SKIP","floor":24},{"not_picked":["Wild Strike+1","Hemokinesis","Perfected Strike"],"picked":"SKIP","floor":24},{"not_picked":["Disarm","Clothesline"],"picked":"Shrug It Off+1","floor":29},{"not_picked":["MeatLantern","OldLady","Laetitia"],"picked":"Singing Bowl","floor":31},{"not_picked":["Sword Boomerang","Clothesline","Metallicize+1"],"picked":"SKIP","floor":31},{"not_picked":["Sword Boomerang","Clothesline","Metallicize+1"],"picked":"SKIP","floor":31},{"not_picked":["BlackSwan","SnowQueen"],"picked":"WhiteNight","floor":33},{"not_picked":["Fiend Fire","Double Tap"],"picked":"Impervious","floor":33}],"player_experience":51406,"relics_obtained":[{"floor":9,"key":"Toy Ornithopter"},{"floor":26,"key":"Pen Nib"}],"event_choices":[{"damage_healed":0,"gold_gain":100,"player_choice":"Pray","damage_taken":0,"max_hp_gain":0,"max_hp_loss":0,"event_name":"Golden Shrine","floor":3,"gold_loss":0},{"cards_removed":["SnowQueen"],"damage_healed":4,"gold_gain":0,"player_choice":"Offered Uncommon","damage_taken":0,"max_hp_gain":0,"max_hp_loss":0,"event_name":"Bonfire Elementals","floor":11,"gold_loss":0},{"damage_healed":0,"gold_gain":0,"player_choice":"Ignored","damage_taken":0,"max_hp_gain":0,"max_hp_loss":0,"event_name":"Shining Light","floor":14,"gold_loss":0},{"damage_healed":0,"gold_gain":0,"player_choice":"Ignored","damage_taken":0,"max_hp_gain":0,"max_hp_loss":0,"event_name":"Ghosts","floor":20,"gold_loss":0},{"damage_healed":0,"gold_gain":0,"player_choice":"Shed Blood","damage_taken":23,"max_hp_gain":5,"max_hp_loss":0,"event_name":"Forgotten Altar","floor":21,"gold_loss":0},{"damage_healed":0,"gold_gain":0,"player_choice":"Stole Relic","damage_taken":0,"relics_obtained":["Omamori"],"max_hp_gain":0,"max_hp_loss":0,"event_name":"Addict","floor":22,"gold_loss":0,"cards_obtained":["Shame"]},{"damage_healed":0,"gold_gain":0,"cards_transformed":["Shame","Wellcheers"],"player_choice":"Became Test Subject","damage_taken":0,"max_hp_gain":0,"max_hp_loss":0,"event_name":"Drug Dealer","floor":27,"gold_loss":0,"cards_obtained":["Injury","Warcry"]},{"damage_healed":0,"gold_gain":99,"player_choice":"Stole From Cult","damage_taken":0,"max_hp_gain":0,"max_hp_loss":0,"event_name":"Nest","floor":30,"gold_loss":0}],"is_beta":false,"boss_relics":[{"not_picked":["Black Star","Runic Pyramid"],"picked":"Black Blood"},{"not_picked":["Snecko Eye","Busted Crown"],"picked":"Empty Cage"}],"items_purged_floors":[5],"is_endless":false,"potions_floor_spawned":[7,13,18,29],"killed_by":"3 Shapes","ascension_level":0}}