{"host":"o1wkfo8ppvrprpet","time":1613636700,"event":{"mods":["Aspiration","Astrologer","BaseMod","CapriCore","Colored Powertips","Koishi","Minty Spire (QoL Compilation)","MostiFishMod","Replay The Spire","RumiaBox-露米娅的神秘盒子","Spicy Shops","StSLib","The Administrix","The Gatherer","The Immortal","Waifu the Spire","Yakumo Yukari mod"],"gold_per_floor":[113,164,186,204,204,243,29,29,29,59,102,102,2,31,31,143,143,170,198,47,72,72,72,109,119,191,191,227,252,262,289,289,393,402,415,432,446,505,505,545,568,568,594,625,625,650,142,160,160,160],"floor_reached":51,"language":"ZHS","playtime":2433,"items_purged":["Strike_B","Strike_B","Strike_B","Cold Snap"],"score":1077,"play_id":"9f4a8cef-d7a2-43ee-b303-be547efe1144","local_time":"20210218162500","is_ascension_mode":true,"campfire_choices":[{"data":"Zap","floor":8.0,"key":"SMITH"},{"data":"Dualcast","floor":12.0,"key":"SMITH"},{"data":"MostiFishMod:GatherIntelligence","floor":15.0,"key":"SMITH"},{"data":"BasicCrystalCard","floor":23.0,"key":"SMITH"},{"floor":27.0,"key":"REST"},{"floor":32.0,"key":"REST"},{"data":"MostiFishMod:ReadyAimFire","floor":42,"key":"SMITH"},{"data":"Hologram","floor":45,"key":"SMITH"},{"floor":49,"key":"REST"}],"circlet_count":0,"master_deck":["Defend_B+1","Defend_B+1","Defend_B+1","Defend_B+1","Zap+1","Dualcast+1","MostiFishMod:GatherIntelligence+1","Capacitor","Sweeping Beam","Conserve Battery+1","BasicCrystalCard+1","Hologram+1","Glacier","Core Surge+1","Static Discharge","Defragment+1","Panic Button+1","BasicCrystalCard+1","Blizzard+1","White Noise","Compile Driver+1","MostiFishMod:ReadyAimFire+1","CurseOfTheBell","Double Energy+1","aspiration:Polymerization+1","Chaos+1","Double Energy+1","Madness","Madness"],"relics":["Cracked Core","DaveBox","aspiration:Nostalgia","Memoryfragments_purpleEX","RhineSuit","SynthV:TestCard","Replay:Mystery Machine","MostiFishMod:Haymaker","CeramicFish","Pantograph","MagicDraw1","Oddly Smooth Stone","Painkiller Herb","Gremlin Food","Replay:Bottled Eggs","Bottled Tornado","Nunchaku","Calling Bell","ReplayTheSpireMod:TigerMarble","GodSword3","Thread and Needle","OriginationStaff","SynthV:C4","Happy Flower","Kunai","Toolbox","Technique"],"acts_visited":["Exordium","TheCity","TheBeyond"],"potions_floor_usage":[50,50,50],"damage_taken":[{"damage":0.0,"enemies":"Cultist","floor":1.0,"turns":2.0},{"damage":11.0,"enemies":"Small Slimes","floor":4.0,"turns":3.0},{"damage":22.0,"enemies":"3 Sentries","floor":6.0,"turns":6.0},{"damage":13.0,"enemies":"Lagavulin","floor":11.0,"turns":5.0},{"damage":0.0,"enemies":"2 Louse","floor":14.0,"turns":2.0},{"damage":0.0,"enemies":"Fading Forest","floor":16.0,"turns":11.0},{"damage":0.0,"enemies":"2 Thieves","floor":18.0,"turns":3.0},{"damage":18.0,"enemies":"3 Byrds","floor":19.0,"turns":4.0},{"damage":0.0,"enemies":"Snake Plant","floor":21.0,"turns":3.0},{"damage":23.0,"enemies":"Slavers","floor":24.0,"turns":5.0},{"damage":0.0,"enemies":"Snecko","floor":25.0,"turns":5.0},{"damage":15.0,"enemies":"Replay:Snechameleon","floor":28.0,"turns":6.0},{"damage":0.0,"enemies":"Sentry and Sphere","floor":29.0,"turns":3.0},{"damage":0.0,"enemies":"Snake Plant","floor":30.0,"turns":3.0},{"damage":0.0,"enemies":"Shelled Parasite and Fungi","floor":31.0,"turns":4.0},{"damage":2.0,"enemies":"Automaton","floor":33.0,"turns":6.0},{"damage":0.0,"enemies":"Orb Walker","floor":35.0,"turns":2.0},{"damage":0.0,"enemies":"3 Shapes","floor":36.0,"turns":2.0},{"damage":0.0,"enemies":"Maw","floor":37.0,"turns":5.0},{"damage":0.0,"enemies":"Mind Bloom Boss Battle","floor":38.0,"turns":5.0},{"damage":0.0,"enemies":"Reptomancer","floor":40.0,"turns":2.0},{"damage":0,"enemies":"Writhing Mass","floor":41,"turns":4},{"damage":0,"enemies":"R_Hoarder","floor":44,"turns":5},{"damage":0,"enemies":"Spire Growth","floor":46,"turns":3},{"damage":0,"enemies":"Replay:Hell Engine","floor":50,"turns":4}],"seed_played":"-6611396360334029392","potions_obtained":[{"floor":6.0,"key":"DuplicationPotion"},{"floor":14.0,"key":"SmokeBomb"},{"floor":24.0,"key":"FocusPotion"},{"floor":25.0,"key":"Languid Potion"},{"floor":30.0,"key":"Doom Potion"},{"floor":31.0,"key":"PowerPotion"}],"is_trial":false,"path_per_floor":["M","T","?","M","?","E","$","R","T","?","E","R","$","M","R","B",null,"?","?","T","?","?","T","E","?","T","T","E","?","?","?","T","B",null,"?","?","?","?","?","E","?","T","T","E","T","?","T","?","T","B",null],"character_chosen":"DEFECT","items_purchased":["Pantograph","BasicCrystalCard","Gremlin Food","Toolbox","Technique"],"campfire_rested":3,"item_purchase_floors":[7,7,20,47,47],"current_hp_per_floor":[68,68,68,57,57,35,35,35,35,35,22,22,22,22,22,55,70,70,52,52,52,52,52,29,29,29,51,36,36,36,36,58,73,75,75,75,75,75,75,75,75,75,75,75,75,75,75,66,75,75],"gold":160,"neow_bonus":"NOSTALGIA","is_daily":false,"chose_seed":false,"campfire_upgraded":6,"win_rate":0.0,"timestamp":1613636700,"path_taken":["M","?","?","M","?","E","$","R","T","?","E","R","?","?","R","BOSS","?","?","T","?","?","T","E","?","T","T","E","?","?","?","T","BOSS","?","?","?","?","?","E","?","T","T","E","T","?","T","?","T","BOSS"],"items_purchased_type":["Relic","Card","Relic","Relic","Relic"],"build_version":"2020-12-22","purchased_purges":4,"victory":true,"max_hp_per_floor":[75,75,75,75,75,75,75,75,75,75,75,75,75,75,75,75,75,75,75,75,75,75,75,75,75,75,75,75,75,75,75,75,75,75,75,75,75,75,75,75,75,75,75,75,75,75,75,75,75,75],"card_choices":[{"not_picked":["Redo","Go for the Eyes"],"picked":"MostiFishMod:GatherIntelligence","floor":1.0},{"not_picked":["Barrage","Storm","BasicCrystalCard","Reprogram"],"picked":"Capacitor","floor":3.0},{"not_picked":["BasicCrystalCard","BootSequence","Conserve Battery","Leap"],"picked":"Sweeping Beam","floor":4.0},{"not_picked":["Auto Shields","Machine Learning","Compile Driver","Undo"],"picked":"Conserve Battery","floor":6.0},{"not_picked":["MostiFishMod:ReprogramOld","Turbo","Go for the Eyes","Leap"],"picked":"Hologram","floor":11.0},{"not_picked":["Conserve Battery","Go for the Eyes","Gash","Ball Lightning"],"picked":"Glacier","floor":14.0},{"not_picked":["MostiFishMod:Culaccino","MostiFishMod:InterfaceCompatibility","MostiFishMod:Hijack","MostiFishMod:Overload"],"picked":"Core Surge","floor":16.0},{"not_picked":["Turbo","MostiFishMod:FluxCapactior+1","Ball Lightning","MostiFishMod:PushDownKick"],"picked":"Static Discharge","floor":18.0},{"not_picked":["Ball Lightning+1","Stack","Compile Driver+1","Conserve Battery+1"],"picked":"Defragment+1","floor":19.0},{"not_picked":["Time Bomb","Beam Cell","ReplaySolidLightProjector","Hyperbeam"],"picked":"Panic Button","floor":21.0},{"not_picked":["Ball Lightning","Rebound","ReplayTheSpireMod:Reroute Power","Turbo"],"picked":"BasicCrystalCard+1","floor":24.0},{"not_picked":["Panic Button","Leap+1","Rebound","ReplayTheSpireMod:Reroute Power","Undo"],"picked":"SKIP","floor":25.0},{"not_picked":["MostiFishMod:StrandedSiren","Loop","Scrape+1","Go for the Eyes"],"picked":"Blizzard","floor":28.0},{"not_picked":["ReplayGash","MostiFishMod:PushDownKick","Conserve Battery+1","Panic Button"],"picked":"White Noise","floor":29.0},{"not_picked":["Steam","Reinforced Body","Turbo","Cold Snap","Hello World"],"picked":"SKIP","floor":30.0},{"not_picked":["Hologram","MostiFishMod:Nova","Go for the Eyes","MostiFishMod:Impulse"],"picked":"Compile Driver+1","floor":31.0},{"not_picked":["ReplayRNGCard","Buffer","MostiFishMod:InterfaceCompatibility","Echo Form"],"picked":"MostiFishMod:ReadyAimFire","floor":33.0},{"not_picked":["Cold Snap+1","Barrage","Panic Button","Hologram+1","Turbo+1"],"picked":"SKIP","floor":35.0},{"not_picked":["Panic Button+1","MostiFishMod:Prepare","Sweeping Beam","Steam+1","Streamline+1"],"picked":"SKIP","floor":36.0},{"not_picked":["ReplaySort","Capacitor","Turbo","Beam Cell","Static Discharge+1"],"picked":"SKIP","floor":37.0},{"not_picked":["Stack+1","Fusion+1","BootSequence+1","Barrage"],"picked":"Double Energy+1","floor":38.0},{"not_picked":["Coolheaded","ReplayTheSpireMod:Calculation Training+1","Hologram","Auto Shields"],"picked":"aspiration:Polymerization","floor":40.0},{"not_picked":["Beam Cell","Reprogram","Aggregate+1","Gash"],"picked":"Chaos+1","floor":41},{"not_picked":["Beam Cell","Capacitor+1","Leap","MostiFishMod:PushDownKick+1","Meteor Strike"],"picked":"SKIP","floor":44},{"not_picked":["Gash","Leap+1","Ball Lightning","Streamline"],"picked":"Double Energy+1","floor":46}],"player_experience":616755,"relics_obtained":[{"floor":1.0,"key":"SynthV:TestCard"},{"floor":2.0,"key":"Replay:Mystery Machine"},{"floor":3.0,"key":"MostiFishMod:Haymaker"},{"floor":6.0,"key":"CeramicFish"},{"floor":9.0,"key":"MagicDraw1"},{"floor":11.0,"key":"Oddly Smooth Stone"},{"floor":24.0,"key":"Replay:Bottled Eggs"},{"floor":26.0,"key":"Bottled Tornado"},{"floor":28.0,"key":"Nunchaku"},{"floor":34.0,"key":"ReplayTheSpireMod:TigerMarble"},{"floor":34.0,"key":"GodSword3"},{"floor":34.0,"key":"Thread and Needle"},{"floor":38.0,"key":"OriginationStaff"},{"floor":40.0,"key":"SynthV:C4"},{"floor":43,"key":"Happy Flower"},{"floor":44,"key":"Kunai"}],"event_choices":[{"damage_healed":0.0,"max_hp_gain":0.0,"max_hp_loss":0.0,"gold_gain":0.0,"cards_transformed":["Strike_B"],"event_name":"Living Wall","player_choice":"Change","floor":5.0,"gold_loss":0.0,"damage_taken":0.0,"cards_obtained":["Cold Snap"]},{"damage_healed":0.0,"max_hp_gain":0.0,"max_hp_loss":0.0,"gold_gain":30.0,"event_name":"Dead Adventurer","player_choice":"Searched \u00271\u0027 times","floor":10.0,"gold_loss":0.0,"damage_taken":0.0},{"damage_healed":0.0,"max_hp_gain":0.0,"max_hp_loss":0.0,"gold_gain":0.0,"event_name":"MindBloom","player_choice":"Fight","floor":38.0,"gold_loss":0.0,"damage_taken":0.0},{"damage_healed":0,"gold_gain":0,"player_choice":"Embrace Madness","damage_taken":9,"max_hp_gain":0,"max_hp_loss":0,"event_name":"Winding Halls","floor":48,"gold_loss":0,"cards_obtained":["Madness","Madness"]}],"is_beta":false,"boss_relics":[{"not_picked":["Ring of Chaos","ChiXiaoBlade"],"picked":"Painkiller Herb"},{"not_picked":["Kintsugi","ReplayTheSpireMod:DimensionalGlitch"],"picked":"Calling Bell"}],"items_purged_floors":[7,13,47,47],"is_endless":false,"potions_floor_spawned":[6,14,24,25,28,30,31,35,36,37,46],"ascension_level":8}}