{"host":"00f1p9ihhzi7hxfk","time":1613660109,"event":{"mods":["AchievementEnabler","BaseMod","Colored Map","Colored Powertips","Minty Spire (QoL Compilation)","Rare Cards Sparkle","Relic Stats"],"gold_per_floor":[18,37,53,53,71,400,400,415,415,62,62,75,75,140,140,244,244,231,231,231,242,242,242],"floor_reached":22,"language":"DEU","playtime":975,"items_purged":[],"score":211,"play_id":"c17b4dc4-3774-4d95-a489-98e289ea27af","local_time":"20210218155509","is_ascension_mode":false,"campfire_choices":[{"floor":7,"key":"REST"},{"data":"True Grit","floor":11,"key":"SMITH"},{"data":"Searing Blow","floor":13,"key":"SMITH"},{"floor":15,"key":"REST"}],"circlet_count":0,"master_deck":["Strike_R","Strike_R","Strike_R","Strike_R","Strike_R","Defend_R","Defend_R","Defend_R","Defend_R","Bash","Heavy Blade+1","True Grit+1","Iron Wave+1","Inflame","Pommel Strike","Anger","Searing Blow+2","Armaments+1","Necronomicurse","Twin Strike"],"relics":["Burning Blood","Old Coin","Toxic Egg 2","Whetstone","Lee\u0027s Waffle","Black Star","Necronomicon"],"acts_visited":["Exordium","TheCity"],"potions_floor_usage":[],"damage_taken":[{"damage":6,"enemies":"Small Slimes","floor":1,"turns":4},{"damage":5,"enemies":"Cultist","floor":2,"turns":4},{"damage":6,"enemies":"Jaw Worm","floor":3,"turns":6},{"damage":11,"enemies":"Red Slaver","floor":5,"turns":6},{"damage":45,"enemies":"Gremlin Nob","floor":6,"turns":6},{"damage":12,"enemies":"Large Slime","floor":8,"turns":7},{"damage":14,"enemies":"Exordium Thugs","floor":12,"turns":6},{"damage":78,"enemies":"Hexaghost","floor":16,"turns":11},{"damage":25,"enemies":"2 Thieves","floor":18,"turns":4},{"damage":17,"enemies":"Spheric Guardian","floor":21,"turns":4},{"damage":64,"enemies":"3 Cultists","floor":22,"turns":5}],"seed_played":"-7067302332802511537","potions_obtained":[{"floor":3,"key":"PowerPotion"},{"floor":4,"key":"SneckoOil"},{"floor":4,"key":"SkillPotion"}],"is_trial":false,"path_per_floor":["M","M","M","?","M","E","R","M","T","$","R","M","R","?","R","B",null,"M","?","?","M","M"],"character_chosen":"IRONCLAD","items_purchased":["Whetstone","Lee\u0027s Waffle","Anger"],"campfire_rested":2,"item_purchase_floors":[10,10,10],"current_hp_per_floor":[96,96,96,96,91,52,80,74,74,103,103,95,95,95,103,31,103,84,68,68,57,0,0],"gold":242,"neow_bonus":"TWENTY_PERCENT_HP_BONUS","is_daily":false,"chose_seed":false,"campfire_upgraded":2,"win_rate":0.0,"timestamp":1613660109,"path_taken":["M","M","M","?","M","E","R","?","T","$","R","M","R","?","R","BOSS","M","?","?","M","M"],"items_purchased_type":["Relic","Relic","Card"],"build_version":"2020-12-22","purchased_purges":0,"victory":false,"max_hp_per_floor":[96,96,96,96,96,96,96,96,96,103,103,103,103,103,103,103,103,103,103,103,103,103,103],"relic_stats":{"Lee\u0027s Waffle":29,"counters":[11,63],"Black Star":0,"Necronomicon":[3],"Whetstone":["Heavy Blade","Iron Wave"],"obtain_stats":[{"Lee\u0027s Waffle":10,"Black Star":17,"Necronomicon":19,"Whetstone":10,"Toxic Egg 2":9,"Burning Blood":0,"Old Coin":6},{"Lee\u0027s Waffle":6,"Black Star":8,"Necronomicon":9,"Whetstone":6,"Toxic Egg 2":6,"Burning Blood":0,"Old Coin":5},{"Lee\u0027s Waffle":33,"Black Star":50,"Necronomicon":54,"Whetstone":33,"Toxic Egg 2":33,"Burning Blood":0,"Old Coin":26}],"Burning Blood":59},"card_choices":[{"not_picked":["Flex","Shrug It Off"],"picked":"Heavy Blade","floor":1},{"not_picked":["Warcry","Perfected Strike"],"picked":"True Grit","floor":2},{"not_picked":["Sentinel","Metallicize","Blood for Blood"],"picked":"SKIP","floor":3},{"not_picked":["Feel No Pain","Havoc"],"picked":"Iron Wave","floor":5},{"not_picked":["Battle Trance","Immolate"],"picked":"Inflame","floor":6},{"not_picked":["Reckless Charge","Metallicize"],"picked":"Pommel Strike","floor":8},{"not_picked":["Perfected Strike","Ghostly Armor+1"],"picked":"Searing Blow","floor":12},{"not_picked":["Clothesline","Headbutt+1"],"picked":"Armaments+1","floor":18},{"not_picked":["True Grit+1","Clash"],"picked":"Twin Strike","floor":21}],"player_experience":114142,"relics_obtained":[{"floor":6,"key":"Old Coin"},{"floor":9,"key":"Toxic Egg 2"},{"floor":19,"key":"Necronomicon"}],"event_choices":[{"damage_healed":0,"gold_gain":0,"player_choice":"Got Potions","damage_taken":0,"max_hp_gain":0,"max_hp_loss":0,"event_name":"Lab","floor":4,"gold_loss":0},{"damage_healed":0,"gold_gain":65,"player_choice":"Gained Gold","damage_taken":0,"max_hp_gain":0,"max_hp_loss":0,"event_name":"Golden Wing","floor":14,"gold_loss":0},{"damage_healed":0,"gold_gain":0,"player_choice":"Obtained Book","damage_taken":16,"max_hp_gain":0,"max_hp_loss":0,"event_name":"Cursed Tome","floor":19,"gold_loss":0},{"damage_healed":0,"gold_gain":0,"player_choice":"Forge","damage_taken":0,"max_hp_gain":0,"max_hp_loss":0,"event_name":"Accursed Blacksmith","floor":20,"gold_loss":0,"cards_upgraded":["Searing Blow"]}],"is_beta":false,"boss_relics":[{"not_picked":["Velvet Choker","Snecko Eye"],"picked":"Black Star"}],"items_purged_floors":[],"is_endless":false,"potions_floor_spawned":[3,6,18],"killed_by":"3 Cultists","ascension_level":0}}