{"host":"vyiqbz5w606ur92t","time":1613623498,"event":{"mods":["BaseMod","Downfall","Minty Spire (QoL Compilation)","Relic Stats","StSLib"],"gold_per_floor":[0,68,133,133,133,189,189,225,60,60,129,129,214,284,322,420,420,420,436,451,451,451,451],"floor_reached":21,"language":"ENG","playtime":2117,"items_purged":[],"score":267,"play_id":"8476e4a2-348b-4915-8692-ebbe59972659","local_time":"20210218044458","is_ascension_mode":true,"campfire_choices":[{"data":"HandOfGreed","floor":1,"key":"SMITH"},{"floor":12,"key":"REST"},{"data":"bronze:Goto","floor":18,"key":"SMITH"}],"circlet_count":0,"master_deck":["bronze:Replicate","bronze:Goto+1","HandOfGreed+1","bronze:BugBarrage","bronze:BuggyMess","bronze:Return","bronze:ChosenStrike","bronze:Refactor","bronze:CloningBeam","bronze:Turbo","bronze:Repair","bronze:HyperBeam","bronze:Terminator","bronze:ForLoop","bronze:Allocate","bronze:BugBarrage","bronze:MaxOutput","bronze:ForLoop","bronze:Library","bronze:Flail"],"relics":["bronze:BronzeCore","Boot","Pear","Medical Kit","downfall:BrokenWingStatue","Tiny Chest","Pandora\u0027s Box"],"acts_visited":["Exordium","TheCity"],"potions_floor_usage":[13,16,16,19],"damage_taken":[{"damage":8,"enemies":"2 Louse","floor":2,"turns":3},{"damage":6,"enemies":"Small Slimes","floor":3,"turns":3},{"damage":25,"enemies":"Lagavulin","floor":6,"turns":6},{"damage":2,"enemies":"Jaw Worm","floor":8,"turns":3},{"damage":0,"enemies":"downfall:FleeingMerchant","floor":9,"turns":4},{"damage":14,"enemies":"Exordium Thugs","floor":11,"turns":3},{"damage":10,"enemies":"3 Sentries","floor":13,"turns":6},{"damage":10,"enemies":"2 Fungi Beasts","floor":14,"turns":5},{"damage":2,"enemies":"downfall:LooterAlt","floor":15,"turns":3},{"damage":45,"enemies":"SI_SHIV_ARCHETYPE","floor":16,"turns":14},{"damage":29,"enemies":"Shell Parasite","floor":19,"turns":3},{"damage":11,"enemies":"Spheric Guardian","floor":20,"turns":3},{"damage":41,"enemies":"downfall:Augmenter","floor":21,"turns":3}],"seed_played":"-5304369624194715423","potions_obtained":[{"floor":3,"key":"Explosive Potion"},{"floor":8,"key":"Dexterity Potion"},{"floor":11,"key":"FearPotion"},{"floor":13,"key":"FairyPotion"},{"floor":16,"key":"AttackPotion"}],"is_trial":false,"path_per_floor":["R","M","M","?","?","E","T","M","$","?","M","R","E","M","M","B",null,"R","M","M","?"],"character_chosen":"THE_AUTOMATON","items_purchased":["Medical Kit"],"campfire_rested":1,"item_purchase_floors":[9],"current_hp_per_floor":[63,55,49,49,49,24,34,32,32,32,18,42,32,22,27,13,63,63,34,37,0,0,0],"gold":451,"neow_bonus":"RANDOM_COLORLESS_2","is_daily":false,"chose_seed":false,"campfire_upgraded":2,"win_rate":0.0,"timestamp":1613623498,"path_taken":["R","M","M","?","?","E","T","M","$","?","M","R","E","M","M","BOSS","R","M","M","?"],"items_purchased_type":["Relic"],"build_version":"2020-12-22","purchased_purges":0,"victory":false,"max_hp_per_floor":[70,70,70,70,70,70,80,80,80,80,80,80,80,80,80,80,80,80,80,80,80,80,80],"relic_stats":{"counters":[13,59],"Tiny Chest":0,"Pandora\u0027s Box":["bronze:Terminator","bronze:ForLoop","bronze:Allocate","bronze:BugBarrage","bronze:MaxOutput","bronze:ForLoop","bronze:Library"],"Boot":[39],"Medical Kit":[8],"obtain_stats":[{"bronze:BronzeCore":0,"Pear":7,"downfall:BrokenWingStatue":10,"Tiny Chest":13,"Pandora\u0027s Box":17,"Boot":6,"Medical Kit":9},{"bronze:BronzeCore":0,"Pear":3,"downfall:BrokenWingStatue":5,"Tiny Chest":7,"Pandora\u0027s Box":10,"Boot":3,"Medical Kit":5},{"bronze:BronzeCore":0,"Pear":12,"downfall:BrokenWingStatue":19,"Tiny Chest":28,"Pandora\u0027s Box":50,"Boot":12,"Medical Kit":19}]},"card_choices":[{"not_picked":["Sadistic Nature","Transmutation"],"picked":"HandOfGreed","floor":0},{"not_picked":["bronze:WildBeam","bronze:Boost"],"picked":"bronze:BugBarrage","floor":2},{"not_picked":["bronze:Overheat","bronze:WildBeam"],"picked":"bronze:BuggyMess","floor":3},{"not_picked":["bronze:Overload","bronze:DarkDash"],"picked":"bronze:Return","floor":6},{"not_picked":["bronze:Optimize","bronze:CutThrough"],"picked":"bronze:ChosenStrike","floor":8},{"not_picked":["bronze:Frontload","bronze:Fortify"],"picked":"bronze:Refactor","floor":9},{"not_picked":["bronze:Deprecate","bronze:Iterate"],"picked":"bronze:CloningBeam","floor":11},{"not_picked":["bronze:Refactor","bronze:WildBeam"],"picked":"bronze:Turbo","floor":13},{"not_picked":["bronze:BuggyMess","bronze:WhirlingStrike"],"picked":"bronze:Repair","floor":14},{"not_picked":["bronze:DelayedGuard","bronze:BugBarrage","bronze:Branch"],"picked":"SKIP","floor":15},{"not_picked":["bronze:Hardcode","bronze:Format"],"picked":"bronze:HyperBeam","floor":16},{"not_picked":["bronze:ForLoop+1","bronze:Overheat+1","bronze:Refactor"],"picked":"SKIP","floor":19},{"not_picked":["bronze:Allocate","bronze:NullPointer+1"],"picked":"bronze:Flail","floor":20}],"player_experience":1850481,"relics_obtained":[{"floor":6,"key":"Boot"},{"floor":7,"key":"Pear"},{"floor":13,"key":"Tiny Chest"}],"event_choices":[{"cards_removed":["bronze:Strike"],"damage_healed":0,"gold_gain":0,"player_choice":"Card Removal","damage_taken":0,"max_hp_gain":0,"max_hp_loss":0,"event_name":"The Cleric","floor":5,"gold_loss":0}],"is_beta":false,"boss_relics":[{"not_picked":["bronze:PlatinumCore","Runic Dome"],"picked":"Pandora\u0027s Box"}],"items_purged_floors":[],"is_endless":false,"potions_floor_spawned":[3,8,11,13,16],"killed_by":"downfall:Augmenter","ascension_level":8}}