{"host":"3z9xbwjeimmg738z","time":1613614266,"event":{"mods":["100% Spire Juice","2.2 Compatiblity","Act Like it!","AlwaysNeverKeys","Arknights","Bard","BaseMod","Beaked The Cultist","Better Altar","Better Match","Better Note","Better Sensory Stone","Better Skull","Better Synergies","Better Third Choice","Bossed Relics","CapriCore","Colored Powertips","Defuse TimeMaze Blight","Dio Mod","Displayed Cursed Tome","Faster Ascension Climbing","GifTheSpireLib","Marisa????????","Minty Spire (QoL Compilation)","Pale of the Ancients","Permanent Neow","Replay The Spire","Ruina","Smile Girya","StSLib","The Showman","TheBandit","Uncapped"],"gold_per_floor":[113,130,82,96,96,96,125,135,135,135,163,176,176,26,26,129,129,148,159,428,445,445,445],"floor_reached":22,"language":"ENG","playtime":1261,"items_purged":[],"score":232,"play_id":"29747d21-cd50-4c3e-8fb3-03c939f8b851","local_time":"20210217181106","daily_mods":["ControlledChaos"],"is_ascension_mode":true,"campfire_choices":[{"data":"GalacticHalo","floor":6,"key":"SMITH"},{"data":"Occultation","floor":13,"key":"SMITH"},{"data":"UpSweep","floor":15,"key":"SMITH"}],"circlet_count":0,"master_deck":["Strike_MRS","Strike_MRS","Strike_MRS","Defend_MRS","Defend_MRS","Defend_MRS","MasterSpark","UpSweep+1","GalacticHalo+1","Acceleration+1","EnergyRecoil","Occultation+1","OortCloud","OortCloud"],"relics":["MiniHakkero","Frozen Eye","betterThird:SlimedRelic","Matryoshka","Anchor","Replay:Bottled Eggs","Membership Card","RampagingMagicTools"],"acts_visited":["Exordium","ruina:Briah"],"potions_floor_usage":[16,16,16,21],"damage_taken":[{"damage":7,"enemies":"2 Louse","floor":1,"turns":3},{"damage":1,"enemies":"Jaw Worm","floor":2,"turns":3},{"damage":0,"enemies":"Small Slimes","floor":4,"turns":3},{"damage":6,"enemies":"Lagavulin","floor":7,"turns":5},{"damage":3,"enemies":"Exordium Wildlife","floor":8,"turns":3},{"damage":1,"enemies":"3 Sentries","floor":11,"turns":5},{"damage":1,"enemies":"Lots of Slimes","floor":12,"turns":3},{"damage":35,"enemies":"The Guardian","floor":16,"turns":9},{"damage":2,"enemies":"ruina:BadWolf","floor":18,"turns":4},{"damage":65,"enemies":"ruina:3_Bats","floor":19,"turns":9},{"damage":7,"enemies":"ruina:KnightOfDespair","floor":21,"turns":5},{"damage":0,"enemies":"ruina:QueenOfHate","floor":22,"turns":1}],"seed_played":"5531186355376485761","potions_obtained":[{"floor":2,"key":"LifebloodPotion"},{"floor":4,"key":"GamblersBrew"},{"floor":7,"key":"DuplicationPotion"},{"floor":16,"key":"BlessingOfTheForge"},{"floor":19,"key":"Elixir"}],"is_trial":true,"path_per_floor":["M","M","?","M","?","R","E","M","T","?","E","M","R","$","R","B",null,"M","M","?","M","M"],"character_chosen":"MARISA","items_purchased":["Membership Card"],"campfire_rested":0,"item_purchase_floors":[14],"current_hp_per_floor":[68,67,56,56,49,49,43,40,40,40,39,38,38,38,38,3,75,73,8,8,1,1,1],"gold":445,"neow_bonus":"","is_daily":false,"chose_seed":false,"campfire_upgraded":3,"win_rate":0.0,"timestamp":1613614266,"path_taken":["M","M","?","M","?","R","E","M","T","?","E","M","R","$","R","BOSS","M","M","?","M","M"],"items_purchased_type":["Relic"],"build_version":"2020-12-22","purchased_purges":0,"victory":false,"max_hp_per_floor":[75,75,75,75,75,75,75,75,75,75,75,75,75,75,75,75,75,75,75,75,75,75,75],"card_choices":[{"not_picked":["Acceleration","RefractionSpark"],"picked":"GalacticHalo","floor":1},{"not_picked":["DragonMeteor","DoubleSpark","WitchLeyline"],"picked":"SKIP","floor":2},{"not_picked":["MysteriousBeam","WitchLeyline","CasketOfStar"],"picked":"SKIP","floor":4},{"not_picked":["FairyDestructionRay","GasGiant","NonDirectionalLaser"],"picked":"SKIP","floor":7},{"not_picked":["DoubleSpark","GravityBeat","PulseMagic"],"picked":"SKIP","floor":8},{"not_picked":["MilkyWay","OneTimeOff"],"picked":"EnergyRecoil","floor":11},{"not_picked":["MilkyWay","MagicAbsorber"],"picked":"Occultation","floor":12},{"not_picked":["MachineGunSpark","ShootingEcho","StarlightTyphoon+1"],"picked":"SKIP","floor":18},{"not_picked":["GravityBeat","SporeBomb","OpenUniverse+1"],"picked":"SKIP","floor":19},{"not_picked":["LuminesStrike","WitchOfGreed+1"],"picked":"OortCloud","floor":20},{"not_picked":["PulseMagic+1","EventHorizon"],"picked":"OortCloud","floor":21}],"player_experience":213161,"relics_obtained":[{"floor":7,"key":"Matryoshka"},{"floor":9,"key":"Anchor"},{"floor":9,"key":"Replay:Bottled Eggs"}],"event_choices":[{"damage_healed":0,"gold_gain":0,"player_choice":"Slimed","damage_taken":11,"max_hp_gain":0,"max_hp_loss":0,"event_name":"betterThird:BetterGoop","floor":3,"gold_loss":48},{"cards_removed":["Strike_MRS"],"damage_healed":0,"gold_gain":0,"player_choice":"Card Removal","damage_taken":7,"max_hp_gain":0,"max_hp_loss":0,"event_name":"Golden Wing","floor":5,"gold_loss":0}],"is_beta":false,"boss_relics":[{"not_picked":["Snecko Heart","Velvet Choker"],"picked":"RampagingMagicTools"}],"items_purged_floors":[],"is_endless":false,"potions_floor_spawned":[2,4,7,16,19],"killed_by":"ruina:QueenOfHate","ascension_level":1}}