{"host":"rtw1tnr74gozsrw1","time":1613677789,"event":{"mods":["BaseMod","Colored Map","Colored Powertips","Highlight Path","Infinite Spire","Minty Spire (QoL Compilation)","StSLib","The Cursed","The Jungle"],"gold_per_floor":[110,110,130,145,220,220,233,233,256,276,201,201,230,230,230,230,230],"floor_reached":16,"language":"ENG","playtime":319,"items_purged":["Strike_B"],"score":130,"play_id":"c4295e9b-d749-4484-a0c8-0dd73121c35a","local_time":"20210218204949","is_ascension_mode":true,"campfire_choices":[{"data":"Self Repair","floor":6,"key":"SMITH"},{"data":"Conserve Battery","floor":8,"key":"SMITH"},{"data":"Zap","floor":12,"key":"SMITH"},{"floor":15,"key":"REST"}],"circlet_count":0,"master_deck":["Strike_B","Strike_B","Defend_B","Defend_B","Defend_B","Defend_B","Zap+1","Dualcast","Conserve Battery+1","Self Repair+1","Cold Snap","Deep Breath","Zap"],"relics":["Cracked Core","NeowsBlessing","Juzu Bracelet","Tiny Chest"],"acts_visited":["Exordium"],"potions_floor_usage":[],"damage_taken":[{"damage":0,"enemies":"Small Slimes","floor":1,"turns":1},{"damage":0,"enemies":"Cultist","floor":3,"turns":1},{"damage":0,"enemies":"2 Louse","floor":4,"turns":1},{"damage":23,"enemies":"Exordium Thugs","floor":7,"turns":4},{"damage":11,"enemies":"Exordium Wildlife","floor":10,"turns":4},{"damage":21,"enemies":"Gremlin Nob","floor":13,"turns":4},{"damage":24,"enemies":"The Guardian","floor":16,"turns":3}],"seed_played":"9050671599034330266","potions_obtained":[{"floor":1,"key":"SneckoOil"},{"floor":3,"key":"Strength Potion"},{"floor":7,"key":"BlessingOfTheForge"}],"is_trial":false,"path_per_floor":["M","?","M","M","?","R","M","R","T","M","$","R","E","?","R","B"],"character_chosen":"DEFECT","items_purchased":[],"campfire_rested":1,"item_purchase_floors":[],"current_hp_per_floor":[68,68,68,68,61,61,48,48,48,47,47,47,36,36,58,34,34],"gold":230,"neow_bonus":"THREE_ENEMY_KILL","is_daily":false,"chose_seed":false,"campfire_upgraded":3,"win_rate":0.0,"timestamp":1613677789,"path_taken":["M","?","M","M","?","R","?","R","T","M","$","R","E","?","R","BOSS"],"items_purchased_type":[],"build_version":"2020-12-22","purchased_purges":1,"victory":false,"max_hp_per_floor":[75,75,75,75,75,75,75,75,75,75,75,75,75,75,75,75,75],"card_choices":[{"not_picked":["Hologram","Turbo","Reinforced Body"],"picked":"SKIP","floor":1},{"not_picked":["Hologram","Redo"],"picked":"Conserve Battery","floor":3},{"not_picked":["Leap","Stack"],"picked":"Self Repair","floor":4},{"not_picked":["Cold Snap","Coolheaded","Leap"],"picked":"SKIP","floor":7},{"not_picked":["Aggregate","Beam Cell"],"picked":"Cold Snap","floor":10},{"not_picked":["Melter","Double Energy","Fusion"],"picked":"SKIP","floor":13}],"player_experience":171203,"relics_obtained":[{"floor":9,"key":"Juzu Bracelet"},{"floor":13,"key":"Tiny Chest"}],"event_choices":[{"damage_healed":0,"gold_gain":75,"player_choice":"Touch","damage_taken":7,"max_hp_gain":0,"max_hp_loss":0,"event_name":"FaceTrader","floor":5,"gold_loss":0},{"damage_healed":0,"gold_gain":0,"player_choice":"2 cards matched","damage_taken":0,"max_hp_gain":0,"max_hp_loss":0,"event_name":"Match and Keep!","floor":14,"gold_loss":0,"cards_obtained":["Deep Breath","Zap"]}],"is_beta":false,"boss_relics":[],"items_purged_floors":[11],"is_endless":false,"potions_floor_spawned":[1,3,7],"killed_by":"The Guardian","ascension_level":6}}