{"host":"hqvh779b89tfrjxy","time":1613624258,"event":{"mods":["Act Like it!","BaseMod","Better Third Choice","Downfall","Elementarium","GifTheSpireLib","Minty Spire (QoL Compilation)","Replay The Spire","Spicy Shops","StSLib"],"gold_per_floor":[115,115,131,143,160,186,186,219,267,267,282,282,282,301,301,420,420,444,444,475,475,475,506,64,64,104,104,104,104,118,7,47,65,65,185,248,269,54,67,83,83,127,127,163,163,163,181,222,243,243,243,243,243,243,75,115,115,115],"floor_reached":57,"language":"ENG","playtime":2756,"items_purged":["Strike_B","Strike_B"],"score":1138,"play_id":"1347b7cd-a714-4e44-afaf-97ba93c8ffc0","local_time":"20210218055738","is_ascension_mode":true,"campfire_choices":[{"data":"Defragment","floor":7,"key":"SMITH"},{"data":"Barrage","floor":12,"key":"SMITH"},{"data":"Stack","floor":15,"key":"SMITH"},{"data":"Fission","floor":25,"key":"SMITH"},{"data":"Hologram","floor":27,"key":"SMITH"},{"data":"Defragment","floor":29,"key":"SMITH"},{"data":"Strike_B","floor":34,"key":"PURGE"},{"data":"Defragment","floor":43,"key":"SMITH"},{"floor":46,"key":"REST"},{"floor":51,"key":"RECALL"},{"data":"Creative AI","floor":54,"key":"SMITH"}],"circlet_count":0,"master_deck":["Strike_B","Defend_B","Defend_B","Defend_B","Defend_B","Zap","Dualcast+1","Genetic Algorithm","Barrage+1","Streamline","Electrodynamics","Defragment+1","Stack+1","Coolheaded+1","Fission+1","Ball Lightning","Hologram+1","Steam","Defragment+1","Force Field+1","Self Repair","Seek","Amplify","ReplayTheSpireMod:Calculation Training+1","Defragment+1","Glacier+1","Skim+1","Creative AI+1","Storm+1","Loop"],"relics":["Cracked Core","Anchor","Mercury Hourglass","Happy Flower","Golden Idol","Philosopher\u0027s Stone","Replay:Mystery Machine","Elementarium:GoldenMirage","Mango","Bag of Preparation","ReplayTheSpireMod:Lightbulb","ReplayTheSpireMod:TigerMarble","Elementarium:ElementariumTrophy","Tiny House","Bronze Scales","Gremlin Food","Replay:Bottled Snecko","Pen Nib","Oddly Smooth Stone"],"acts_visited":["Exordium","Elementarium:Elementarium","TheBeyond","TheEnding"],"potions_floor_usage":[8,16,20,35,35,35,41,44,48,56,57,57],"damage_taken":[{"damage":0,"enemies":"Cultist","floor":1,"turns":3},{"damage":6,"enemies":"Jaw Worm","floor":3,"turns":3},{"damage":4,"enemies":"Small Slimes","floor":4,"turns":3},{"damage":9,"enemies":"2 Fungi Beasts","floor":5,"turns":4},{"damage":15,"enemies":"3 Sentries","floor":6,"turns":3},{"damage":10,"enemies":"Gremlin Nob","floor":8,"turns":3},{"damage":0,"enemies":"Exordium Thugs","floor":11,"turns":3},{"damage":2,"enemies":"Exordium Wildlife","floor":14,"turns":3},{"damage":0,"enemies":"Slime Boss","floor":16,"turns":5},{"damage":0,"enemies":"Elementarium:2_ELEMENTALS","floor":18,"turns":4},{"damage":21,"enemies":"Gremlin Leader","floor":20,"turns":5},{"damage":13,"enemies":"Elementarium:GOLDEN_STATUES","floor":23,"turns":4},{"damage":4,"enemies":"Elementarium:FIRE_NOBILITY","floor":26,"turns":6},{"damage":0,"enemies":"Elementarium:VoidCorruption","floor":30,"turns":2},{"damage":0,"enemies":"Elementarium:ElementalPortal","floor":32,"turns":5},{"damage":10,"enemies":"Elementarium:CYCLONE_AND_LIVING_STORMCLOUD","floor":33,"turns":4},{"damage":12,"enemies":"Elementarium:GoldenDragon","floor":35,"turns":8},{"damage":9,"enemies":"3 Darklings","floor":37,"turns":3},{"damage":0,"enemies":"Orb Walker","floor":39,"turns":3},{"damage":0,"enemies":"Sphere and 2 Shapes","floor":40,"turns":3},{"damage":0,"enemies":"3 Darklings","floor":41,"turns":2},{"damage":0,"enemies":"Nemesis","floor":42,"turns":5},{"damage":92,"enemies":"Giant Head","floor":44,"turns":8},{"damage":0,"enemies":"4 Shapes","floor":47,"turns":3},{"damage":43,"enemies":"Nemesis","floor":48,"turns":7},{"damage":0,"enemies":"Transient","floor":49,"turns":5},{"damage":8,"enemies":"Awakened One","floor":52,"turns":11},{"damage":16,"enemies":"Shield and Spear","floor":56,"turns":3},{"damage":78,"enemies":"The Heart","floor":57,"turns":3}],"seed_played":"-2699043632162153780","potions_obtained":[{"floor":1,"key":"LiquidBronze"},{"floor":2,"key":"DuplicationPotion"},{"floor":2,"key":"FocusPotion"},{"floor":16,"key":"BlessingOfTheForge"},{"floor":20,"key":"FocusPotion"},{"floor":23,"key":"SteroidPotion"},{"floor":35,"key":"hexamod:SoulburnPotion"},{"floor":36,"key":"SmokeBomb"},{"floor":39,"key":"Regen Potion"},{"floor":47,"key":"Doom Potion"},{"floor":48,"key":"Swift Potion"},{"floor":49,"key":"Block Potion"}],"is_trial":false,"path_per_floor":["M","?","M","M","M","E","R","E","T","?","M","R","?","M","R","B",null,"M","?","?","PTL","PTL","?","$","R","E","R","T","R","M","$","E","M","R","B",null,"M","$","M","M","M","E","R","E","T","R","M","E","M","?","R","B",null,"R","$","E","B"],"character_chosen":"DEFECT","items_purchased":["Defragment","Mango","Self Repair","Bronze Scales","Defragment","Loop"],"campfire_rested":1,"item_purchase_floors":[24,24,31,38,38,55],"current_hp_per_floor":[75,75,69,65,56,41,41,31,31,31,31,31,31,29,29,29,64,64,61,40,40,40,27,41,41,37,37,37,37,37,37,44,41,41,36,82,80,80,80,87,87,94,94,9,9,37,44,22,36,36,36,28,75,75,75,73,0,0],"gold":115,"neow_bonus":"TEN_PERCENT_HP_BONUS","is_daily":false,"chose_seed":false,"campfire_upgraded":8,"win_rate":0.0,"timestamp":1613624258,"path_taken":["M","?","M","?","M","E","R","E","T","?","M","R","?","M","R","BOSS","M","?","?","PTL","PTL","?","$","R","E","R","T","R","M","$","E","M","R","BOSS","M","$","M","M","M","E","R","E","T","R","M","E","M","?","R","BOSS","R","$","E","BOSS"],"items_purchased_type":["Card","Relic","Card","Relic","Card","Card"],"build_version":"2020-12-22","purchased_purges":2,"victory":false,"max_hp_per_floor":[82,82,82,82,82,82,82,82,82,76,76,76,76,76,76,76,76,76,76,76,76,76,76,90,90,90,90,90,90,90,90,90,90,90,90,95,95,95,95,95,95,95,95,95,95,95,95,95,95,90,90,90,90,90,90,90,90,90],"card_choices":[{"not_picked":["Auto Shields","Doom and Gloom"],"picked":"Genetic Algorithm","floor":1},{"not_picked":["Hologram","Scrape"],"picked":"Barrage","floor":3},{"not_picked":["ReplayGash","Compile Driver"],"picked":"Streamline","floor":4},{"not_picked":["Conserve Battery","Double Energy"],"picked":"Electrodynamics","floor":5},{"not_picked":["Beam Cell","Glacier"],"picked":"Defragment","floor":6},{"not_picked":["BasicCrystalCard","Redo","ReplayGash"],"picked":"SKIP","floor":8},{"not_picked":["Barrage","Rip and Tear"],"picked":"Stack","floor":11},{"not_picked":["Turbo","Scrape"],"picked":"Coolheaded","floor":14},{"not_picked":["Reboot","ReplayRNGCard"],"picked":"Fission","floor":16},{"not_picked":["Go for the Eyes","Redo"],"picked":"Ball Lightning","floor":18},{"not_picked":["BasicCrystalCard","Darkness"],"picked":"Hologram","floor":20},{"not_picked":["BasicCrystalCard","Blizzard"],"picked":"Steam","floor":23},{"not_picked":["BasicCrystalCard","Panic Button+1","ReplayTheSpireMod:Repulse"],"picked":"SKIP","floor":26},{"not_picked":["Ball Lightning","Aggregate"],"picked":"Force Field+1","floor":30},{"not_picked":["Skim","Beam Cell","Conserve Battery"],"picked":"SKIP","floor":32},{"not_picked":["Conserve Battery","Time Bomb"],"picked":"Seek","floor":33},{"not_picked":["All For One","ReplayTheSpireMod:Omega Cannon"],"picked":"Amplify","floor":35},{"not_picked":["Lockon","Crystallizer+1"],"picked":"ReplayTheSpireMod:Calculation Training+1","floor":37},{"not_picked":["Conserve Battery","Undo+1","BasicCrystalCard"],"picked":"SKIP","floor":39},{"not_picked":["Hologram","Glacier+1","Gash+1"],"picked":"SKIP","floor":40},{"not_picked":["Hologram","Gash+1"],"picked":"Glacier+1","floor":40},{"not_picked":["Panic Button","ReplayGash+1","Redo+1"],"picked":"SKIP","floor":42},{"not_picked":["ReplayTheSpireMod:System Scan","Aggregate"],"picked":"Skim+1","floor":44},{"not_picked":["Panic Button+1","Reprogram","ReplayGash+1"],"picked":"SKIP","floor":47},{"not_picked":["Stack+1","Melter"],"picked":"Creative AI","floor":48},{"not_picked":["Conserve Battery+1","Stack"],"picked":"Storm+1","floor":49},{"not_picked":["Coolheaded+1","Leap","Panic Button"],"picked":"SKIP","floor":56}],"player_experience":234546,"relics_obtained":[{"floor":6,"key":"Anchor"},{"floor":8,"key":"Mercury Hourglass"},{"floor":9,"key":"Happy Flower"},{"floor":20,"key":"Replay:Mystery Machine"},{"floor":23,"key":"Elementarium:GoldenMirage"},{"floor":26,"key":"Bag of Preparation"},{"floor":28,"key":"ReplayTheSpireMod:Lightbulb"},{"floor":32,"key":"ReplayTheSpireMod:TigerMarble"},{"floor":42,"key":"Gremlin Food"},{"floor":44,"key":"Replay:Bottled Snecko"},{"floor":48,"key":"Pen Nib"},{"floor":56,"key":"Oddly Smooth Stone"}],"event_choices":[{"damage_healed":0,"gold_gain":0,"player_choice":"Got Potions","damage_taken":0,"max_hp_gain":0,"max_hp_loss":0,"event_name":"Lab","floor":2,"gold_loss":0},{"damage_healed":0,"gold_gain":0,"player_choice":"Lose Max HP","damage_taken":0,"relics_obtained":["Golden Idol"],"max_hp_gain":0,"max_hp_loss":6,"event_name":"Golden Idol","floor":10,"gold_loss":0},{"damage_healed":0,"gold_gain":0,"player_choice":"Poke through","damage_taken":3,"max_hp_gain":0,"max_hp_loss":0,"event_name":"Elementarium:GreatTreasure","floor":19,"gold_loss":0},{"damage_healed":0,"gold_gain":0,"player_choice":"Enter","damage_taken":0,"max_hp_gain":0,"max_hp_loss":0,"event_name":"Elementarium:OtherworldlyPassage","floor":20,"gold_loss":0},{"damage_healed":0,"gold_gain":0,"player_choice":"Fight","damage_taken":0,"max_hp_gain":0,"max_hp_loss":0,"event_name":"Elementarium:GoldenStatues","floor":23,"gold_loss":0},{"damage_healed":0,"gold_gain":0,"player_choice":"Max HP","damage_taken":0,"max_hp_gain":0,"max_hp_loss":5,"event_name":"Winding Halls","floor":50,"gold_loss":0}],"is_beta":false,"boss_relics":[{"not_picked":["Snecko Eye","Calling Bell"],"picked":"Philosopher\u0027s Stone"},{"not_picked":["Replay:Wanted Poster","ChewingGum"],"picked":"Tiny House"}],"items_purged_floors":[24,55],"is_endless":false,"potions_floor_spawned":[1,4,6,16,20,23,32,35,39,41,47,48,49],"killed_by":"The Heart","ascension_level":6}}