{"host":"dvpvhz1t6etneyb3","time":1613687035,"event":{"mods":["AchievementEnabler","BaseMod","Colored Map","Highlight Path","Minty Spire (QoL Compilation)","Permanent Neow","Quick Restart"],"gold_per_floor":[362,379,529,48,81,106,106,188,188,188,238,277,390,30,30,127,127,137,137,154,194,194,194,222,239,290,334,11,11,49,49,49,49,49],"floor_reached":33,"language":"ENG","playtime":1413,"items_purged":["Doubt","Strike_B"],"score":631,"play_id":"72fad391-1026-4d78-b5ef-0996d9d342ea","local_time":"20210218172355","is_ascension_mode":true,"campfire_choices":[{"data":"HandOfGreed","floor":7.0,"key":"SMITH"},{"floor":10.0,"key":"REST"},{"data":"Rainbow","floor":15.0,"key":"SMITH"},{"data":"Turbo","floor":23,"key":"SMITH"},{"data":"Ghostly","floor":29,"key":"SMITH"},{"data":"Fission","floor":32,"key":"SMITH"}],"circlet_count":0,"master_deck":["AscendersBane","Strike_B+1","Strike_B+1","Strike_B+1","Defend_B+1","Defend_B+1","Defend_B+1","Defend_B+1","Zap","Dualcast","Compile Driver","Sweeping Beam","Ball Lightning","HandOfGreed+1","Rainbow+1","Glacier","Self Repair","Conserve Battery","Biased Cognition","Turbo+1","Ghostly+1","Ghostly","Ghostly","Seek","Go for the Eyes+1","Fission+1"],"relics":["Cracked Core","Vajra","Singing Bowl","Ginger","Ice Cream","Pear","Tiny Chest","MealTicket","Inserter","Anchor","CeramicFish","Strawberry","Bag of Marbles","Regal Pillow","Torii"],"acts_visited":["Exordium","TheCity"],"potions_floor_usage":[21],"damage_taken":[{"damage":1.0,"enemies":"Cultist","floor":1.0,"turns":3.0},{"damage":10.0,"enemies":"Small Slimes","floor":2.0,"turns":3.0},{"damage":1.0,"enemies":"2 Louse","floor":5.0,"turns":2.0},{"damage":11.0,"enemies":"Gremlin Nob","floor":6.0,"turns":3.0},{"damage":15.0,"enemies":"3 Sentries","floor":8.0,"turns":6.0},{"damage":11.0,"enemies":"Gremlin Nob","floor":11.0,"turns":3.0},{"damage":1.0,"enemies":"2 Fungi Beasts","floor":12.0,"turns":3.0},{"damage":13.0,"enemies":"3 Sentries","floor":13.0,"turns":5.0},{"damage":31.0,"enemies":"Hexaghost","floor":16.0,"turns":9.0},{"damage":13.0,"enemies":"Chosen","floor":18.0,"turns":4.0},{"damage":9.0,"enemies":"Spheric Guardian","floor":20.0,"turns":5.0},{"damage":0,"enemies":"Chosen and Byrds","floor":21,"turns":6},{"damage":22,"enemies":"Book of Stabbing","floor":24,"turns":7},{"damage":16,"enemies":"Shelled Parasite and Fungi","floor":25,"turns":6},{"damage":0,"enemies":"Centurion and Healer","floor":27,"turns":9},{"damage":3,"enemies":"Gremlin Leader","floor":30,"turns":6},{"damage":55,"enemies":"Collector","floor":33,"turns":9}],"seed_played":"-2528203295993505919","potions_obtained":[{"floor":2.0,"key":"GamblersBrew"},{"floor":6.0,"key":"Strength Potion"},{"floor":8.0,"key":"EntropicBrew"},{"floor":18.0,"key":"LiquidBronze"},{"floor":24,"key":"SpeedPotion"},{"floor":30,"key":"Regen Potion"}],"is_trial":false,"path_per_floor":["M","M","?","$","M","E","R","E","T","R","E","M","?","$","R","B",null,"M","?","M","M","?","R","E","M","T","M","$","R","E","?","R","B"],"character_chosen":"DEFECT","items_purchased":["Ball Lightning","HandOfGreed","Vajra","MealTicket","Self Repair","Conserve Battery","Strawberry","Bag of Marbles"],"campfire_rested":1,"item_purchase_floors":[4,4,4,14,14,14,28,28],"current_hp_per_floor":[63,53,53,53,52,41,41,28,28,47,46,47,36,36,36,12,63,57,40,40,44,44,44,22,15,15,22,44,44,48,48,48,0,0],"gold":49,"neow_bonus":"TWO_FIFTY_GOLD","is_daily":false,"chose_seed":false,"campfire_upgraded":5,"win_rate":0.0,"timestamp":1613687035,"path_taken":["M","M","?","$","M","E","R","E","T","R","E","M","?","$","R","BOSS","M","?","M","M","?","R","E","M","T","M","$","R","E","?","R","BOSS"],"items_purchased_type":["Card","Card","Relic","Relic","Card","Card","Relic","Relic"],"build_version":"2020-12-22","purchased_purges":2,"victory":false,"max_hp_per_floor":[64,64,64,64,64,64,64,66,66,66,76,78,80,80,80,80,80,80,40,42,44,44,44,44,46,46,46,53,53,53,53,53,53,53],"card_choices":[{"not_picked":["Turbo","Reprogram"],"picked":"Compile Driver","floor":1.0},{"not_picked":["Hello World","Beam Cell"],"picked":"Sweeping Beam","floor":2.0},{"not_picked":["Coolheaded","Machine Learning","Leap"],"picked":"SKIP","floor":5.0},{"not_picked":["Go for the Eyes","Creative AI"],"picked":"Rainbow","floor":6.0},{"not_picked":["Heatsinks","Go for the Eyes","Consume"],"picked":"Singing Bowl","floor":8.0},{"not_picked":["Leap","Redo"],"picked":"Glacier","floor":11.0},{"not_picked":["Compile Driver","Rip and Tear","Gash"],"picked":"Singing Bowl","floor":12.0},{"not_picked":["Coolheaded","Compile Driver","Rainbow"],"picked":"Singing Bowl","floor":13.0},{"not_picked":["Creative AI","Thunder Strike"],"picked":"Biased Cognition","floor":16.0},{"not_picked":["Streamline","Scrape"],"picked":"Turbo","floor":18.0},{"not_picked":["Rebound","Blizzard","Stack"],"picked":"Singing Bowl","floor":20.0},{"not_picked":["Rip and Tear","Conserve Battery","Heatsinks"],"picked":"Singing Bowl","floor":21},{"not_picked":["Beam Cell","Aggregate"],"picked":"Seek","floor":24},{"not_picked":["Tempest","Turbo","Coolheaded"],"picked":"Singing Bowl","floor":25},{"not_picked":["Ball Lightning","Sweeping Beam"],"picked":"Go for the Eyes+1","floor":27},{"not_picked":["Barrage","Blizzard"],"picked":"Fission","floor":30}],"player_experience":2199757,"relics_obtained":[{"floor":6.0,"key":"Singing Bowl"},{"floor":8.0,"key":"Ginger"},{"floor":9.0,"key":"Ice Cream"},{"floor":11.0,"key":"Pear"},{"floor":13.0,"key":"Tiny Chest"},{"floor":24,"key":"Anchor"},{"floor":26,"key":"CeramicFish"},{"floor":30,"key":"Regal Pillow"}],"event_choices":[{"damage_healed":0.0,"max_hp_gain":0.0,"max_hp_loss":0.0,"gold_gain":150.0,"event_name":"Liars Game","player_choice":"AGREE","floor":3.0,"gold_loss":0.0,"damage_taken":0.0,"cards_obtained":["Doubt"]},{"damage_healed":0.0,"max_hp_gain":0.0,"max_hp_loss":0.0,"gold_gain":0.0,"event_name":"Dead Adventurer","player_choice":"Searched \u00272\u0027 times","floor":13.0,"gold_loss":0.0,"damage_taken":0.0},{"damage_healed":0.0,"max_hp_gain":0.0,"max_hp_loss":40.0,"gold_gain":0.0,"event_name":"Ghosts","player_choice":"Became a Ghost","floor":19.0,"gold_loss":0.0,"damage_taken":0.0,"cards_obtained":["Ghostly","Ghostly","Ghostly"]},{"damage_healed":0,"gold_gain":0,"player_choice":"Simplicity","damage_taken":0,"max_hp_gain":0,"max_hp_loss":0,"event_name":"Back to Basics","floor":22,"gold_loss":0,"cards_upgraded":["Strike_B","Strike_B","Strike_B","Defend_B","Defend_B","Defend_B","Defend_B"]},{"damage_healed":0,"gold_gain":0,"player_choice":"Gave Potion","damage_taken":0,"relics_obtained":["Torii"],"max_hp_gain":0,"max_hp_loss":0,"event_name":"WeMeetAgain","floor":31,"gold_loss":0}],"is_beta":false,"boss_relics":[{"not_picked":["Pandora\u0027s Box","Empty Cage"],"picked":"Inserter"}],"items_purged_floors":[4,14],"is_endless":false,"potions_floor_spawned":[2,6,8,18,24,30],"killed_by":"Collector","ascension_level":20}}