{"host":"rdkn868dy8jmb7gs","time":1613662170,"event":{"mods":["Act Like it!","Arknights","BaseMod","BetterRewards","Colored Map","Colored Powertips","Custom Start","Gensokyo","Hubris","Marisa£®ÏF”Í°°ƒß¿Ì…≥£©","Minty Spire (QoL Compilation)","Reimu£®≤©¿ˆ¡È√Œ£©","Remilia£®¿Ÿ√◊¿Ú—«£©","Replay The Spire","Spicy Shops","StSLib","The Servant 0.9.4","Youmu£®ªÍ∆«—˝√Œ£©","°æ“≈ŒÔø®≈∆°øREMEMod","ÛÙª÷∏ƒœ"],"gold_per_floor":[114,114,133,233,244,270,270,303,303,303,316,342,360,393,393,497,497,511,511,521,2,18,44,61,96,96,96,121,139,139,139,139,345,345,371,388,7,39,357,597,597,636,636,668,688,734,774,784,784,787,787,787,41,79,97],"floor_reached":56,"language":"ZHS","playtime":3343,"items_purged":["ats:Strike S","ats:Strike V","ats:Armor Crushing Shot"],"score":2167,"play_id":"1b5b439e-d04c-48e1-b38a-dacccc0cdd40","local_time":"20210218232930","is_ascension_mode":true,"campfire_choices":[{"data":"REME_TwoStrings","floor":7,"key":"SMITH"},{"data":"ats:Part Time Job","floor":10,"key":"SMITH"},{"data":"ats:Literary Storm","floor":15,"key":"SMITH"},{"data":"ats:Phantom","floor":27,"key":"SMITH"},{"data":"ats:Durian","floor":30,"key":"SMITH"},{"data":"ats:Echo Reverb","floor":32,"key":"SMITH"},{"data":"ats:True Silver Slash","floor":41,"key":"SMITH"},{"floor":49,"key":"RECALL"},{"data":"ats:Demon Strength","floor":52,"key":"SMITH"}],"circlet_count":0,"master_deck":["ats:Strike G","ats:Defend","ats:Defend","ats:Defend","ats:Emotion Absorption","Feed","ats:Red Shift","ats:Demon Strength+1","REME_TwoStrings+1","Bandage Up","ats:Healing Strengthening","ats:Apocalypse","ats:Part Time Job+1","ats:Thermite Blade","ats:Calcification","ats:Literary Storm+1","ats:Hook Shot","ats:True Silver Slash+1","ats:Closed Bolt Burst Fire","ats:Echo Reverb+1","ats:Poison Spread","ats:Phantom+1","ats:Automatic Cover","ats:Sashimi Platter+1","ats:Wolf Pack","ats:Durian+1","ats:Nebulous Foxfire","ats:Assault Order","Gensokyo:RPG","ats:Wolf Pack","ats:LN2 Cannon","ats:Charging Defense","ats:Shadow Assault","ats:Chain Hook+1","ats:Steam Pump+1","ats:Fractured Body","ats:Chain Hook"],"relics":["ats:Sanity","REME_ComplimentaryCards","Oddly Smooth Stone","Ornamental Fan","Dream Catcher","Blue Candle","OrangePellets","Blood Vial","hubris:BundleOfHerbs","Sling","Strawberry","ats:Originium","Regal Pillow","hubris:ToyBattleship","Pet Ghost","hubris:Potato","Toy Ornithopter","RedLine:ReiMu","Omamori","Tiny Chest","Letter Opener","ats:Spiritual Recovery","PreservedInsect","REME_ArchaeologicalTools","ats:Tactical Delivery","hubris:EmptyBottle","Replay:Bottled Steam","Replay:Bottled Flurry","Bottled Lightning","Anchor","Akabeko","StoneCalendar","Bag of Marbles","hubris:BottledRain","Du-Vu Doll","Orrery","ReplayFunnel"],"acts_visited":["Exordium","Gensokyo:Gensokyo","Gensokyo:Gensokyoer","TheEnding"],"potions_floor_usage":[8,23,24,25,25,25,48,55,55],"damage_taken":[{"damage":0.0,"enemies":"Gensokyo:Python","floor":1.0,"turns":4.0},{"damage":9,"enemies":"Gensokyo:2_Kodama","floor":3,"turns":4},{"damage":19,"enemies":"Gensokyo:Gryphon","floor":5,"turns":4},{"damage":19,"enemies":"Gensokyo:Mamizou","floor":6,"turns":8},{"damage":8,"enemies":"Gensokyo:Cirno","floor":8,"turns":4},{"damage":0,"enemies":"Gensokyo:Python_and_Kodama","floor":11,"turns":4},{"damage":25,"enemies":"Gensokyo:Mamizou","floor":12,"turns":6},{"damage":21,"enemies":"Gensokyo:Kitsune","floor":13,"turns":5},{"damage":42,"enemies":"Gensokyo:Cirno","floor":14,"turns":9},{"damage":63,"enemies":"Gensokyo:Yukari","floor":16,"turns":13},{"damage":14,"enemies":"Gensokyo:AngelMirror","floor":18,"turns":9},{"damage":26,"enemies":"Gensokyo:2_Gloops","floor":20,"turns":5},{"damage":30,"enemies":"Gensokyo:Wraith","floor":22,"turns":4},{"damage":52,"enemies":"Gensokyo:Reisen","floor":23,"turns":9},{"damage":15,"enemies":"Gensokyo:Mirror_and_Dog","floor":24,"turns":7},{"damage":35,"enemies":"Gensokyo:Tenshi","floor":25,"turns":4},{"damage":91,"enemies":"Gensokyo:Koishi","floor":28,"turns":7},{"damage":28,"enemies":"Gensokyo:Chomper_and_Gloop","floor":29,"turns":11},{"damage":8,"enemies":"Gensokyo:Eiki","floor":33,"turns":4},{"damage":0,"enemies":"Gensokyo:3_Boulders","floor":35,"turns":2},{"damage":0,"enemies":"Gensokyo:3_Bats","floor":36,"turns":2},{"damage":1,"enemies":"Gensokyo:3_Boulders","floor":38,"turns":5},{"damage":0,"enemies":"Gensokyo:AtlasGolem","floor":39,"turns":5},{"damage":3,"enemies":"Gensokyo:Doremy","floor":40,"turns":4},{"damage":0,"enemies":"Gensokyo:Kasen","floor":42,"turns":2},{"damage":63,"enemies":"Gensokyo:Marisa","floor":44,"turns":3},{"damage":33,"enemies":"Gensokyo:Rafflesia","floor":45,"turns":7},{"damage":11,"enemies":"Gensokyo:Doremy","floor":47,"turns":6},{"damage":0,"enemies":"Gensokyo:4_Bats","floor":48,"turns":2},{"damage":24,"enemies":"Gensokyo:Scarlet_Devils","floor":50,"turns":9},{"damage":18,"enemies":"Shield and Spear","floor":54,"turns":2},{"damage":39,"enemies":"The Heart","floor":55,"turns":5}],"seed_played":"-1894478012861918153","potions_obtained":[{"floor":3,"key":"Strength Potion"},{"floor":6,"key":"Explosive Potion"},{"floor":12,"key":"Strength Potion"},{"floor":18,"key":"EntropicBrew"},{"floor":22,"key":"Block Potion"},{"floor":24,"key":"ZuzhouPotion:ReiMu"},{"floor":29,"key":"FearPotion"},{"floor":36,"key":"Strength Potion"},{"floor":38,"key":"SteroidPotion"}],"is_trial":false,"path_per_floor":["M","?","M","?","M","E","R","E","T","R","M","E","M","?","R_BF","B",null,"M","?","M","$","M","E","M","E","T","R","E","M","R","?","R","B",null,"M","M","COS","M","M","E","R","E","T","E","M","T","E","M","R","B",null,"R","$","E","B",null],"character_chosen":"DOCTOR_CLASS","items_purchased":["ats:Red Shift","Oddly Smooth Stone","Ornamental Fan","Dream Catcher","Blue Candle","OrangePellets","Blood Vial","hubris:BundleOfHerbs","ats:Demon Strength","REME_TwoStrings","Sling","Bandage Up","Omamori","ats:Echo Reverb","Tiny Chest","ats:Poison Spread","hubris:BottledRain","Du-Vu Doll","Orrery","ats:Chain Hook"],"campfire_rested":0,"item_purchase_floors":[0,0,0,0,0,0,0,0,0,0,0,0,21,21,21,21,53,53,53,53],"current_hp_per_floor":[32,29,33,33,33,52,52,61,61,61,75,77,89,91,91,69,92,103,103,80,80,59,56,85,85,85,85,47,104,104,104,104,109,109,109,109,109,112,115,115,115,118,118,90,106,106,121,124,124,124,124,124,124,110,93],"gold":97,"neow_bonus":"","is_daily":false,"chose_seed":false,"campfire_upgraded":8,"win_rate":0.0,"timestamp":1613662170,"path_taken":["M","?","M","?","M","E","R","E","T","R","M","E","?","?","R_BF","BOSS","M","?","?","$","M","E","M","E","T","R","E","M","R","?","R","BOSS","M","?","COS","M","?","E","R","E","T","E","M","?","E","M","R","BOSS","R","$","E","BOSS"],"items_purchased_type":["Card","Relic","Relic","Relic","Relic","Relic","Relic","Relic","Card","Card","Relic","Card","Relic","Card","Relic","Card","Relic","Relic","Relic","Card"],"build_version":"2020-12-22","purchased_purges":3,"victory":true,"max_hp_per_floor":[75,82,85,85,88,88,88,88,88,88,91,94,97,97,97,100,100,103,103,106,106,106,109,112,115,115,115,115,118,118,109,109,109,109,109,109,109,112,115,115,115,118,118,118,121,121,121,124,124,124,124,124,124,124,124],"card_choices":[{"not_picked":["ats:Consecutive Shot Auto","ats:Assault Order"],"picked":"ats:Healing Strengthening","floor":1.0},{"not_picked":["ats:Closed Bolt Burst Fire","ats:Powerful Strike"],"picked":"ats:Apocalypse","floor":3},{"not_picked":["ats:LN2 Cannon","ats:Flame Of Heaven"],"picked":"ats:Part Time Job","floor":5},{"not_picked":["ats:Ambush","ats:Curse Doll"],"picked":"ats:Thermite Blade","floor":6},{"not_picked":["ats:Guardian Obelisk","ats:Curse Doll"],"picked":"ats:Calcification","floor":8},{"not_picked":["ats:Revitalization","ats:Apocalypse"],"picked":"ats:Literary Storm","floor":11},{"not_picked":["ats:Shell Defense","ats:Absolute Focus","ats:Sunburst"],"picked":"SKIP","floor":12},{"not_picked":["ats:Consecutive Shot Auto","ats:Serious Mode","ats:Cat Scratch"],"picked":"SKIP","floor":13},{"not_picked":["ats:Curse Doll","ats:Very Hot Blade"],"picked":"ats:Hook Shot","floor":14},{"not_picked":["ats:Echo Reverb","ats:Ambush"],"picked":"ats:True Silver Slash","floor":16},{"not_picked":["ats:Cat Scratch","ats:Consecutive Shot Auto+1","ats:Powerful Strike+1"],"picked":"SKIP","floor":18},{"not_picked":["ats:Powerful Strike","ats:Shadow Raid"],"picked":"ats:Closed Bolt Burst Fire","floor":20},{"not_picked":["ats:Apocalypse+1","ats:Very Hot Blade"],"picked":"ats:Phantom","floor":22},{"not_picked":["ats:Guardian Obelisk","ats:Leaping Hammer"],"picked":"ats:Automatic Cover","floor":23},{"not_picked":["ats:Flame Of Heaven","ats:Powerful Strike"],"picked":"ats:Sashimi Platter+1","floor":24},{"not_picked":["ats:Powerful Strike","ats:Blood Oath"],"picked":"ats:Wolf Pack","floor":25},{"not_picked":["ats:Demon Strength+1","ats:Ignite+1"],"picked":"ats:Durian","floor":28},{"not_picked":["ats:Healing Strengthening","ats:Directed Diagnosis","ats:Healing Drone"],"picked":"SKIP","floor":29},{"not_picked":["ats:Volcano","ats:Durian"],"picked":"ats:Nebulous Foxfire","floor":33},{"not_picked":["ats:Cat Scratch+1","ats:Revitalization"],"picked":"ats:Assault Order","floor":35},{"not_picked":["ats:Explosion Area Strengthen+1","ats:Hammer On+1","ats:Leaping Hammer+1"],"picked":"SKIP","floor":36},{"not_picked":["ats:Assault Order+1","ats:Hammer On+1","ats:Closed Bolt Burst Fire"],"picked":"SKIP","floor":38},{"not_picked":["ats:Hammer On+1","ats:Rapid Magazine","ats:Explosion Area Strengthen"],"picked":"SKIP","floor":39},{"not_picked":["ats:Revitalization+1","ats:Very Hot Blade+1"],"picked":"ats:Wolf Pack","floor":40},{"not_picked":["ats:Very Hot Blade","ats:Dogmatic Field","ats:Revitalization+1"],"picked":"SKIP","floor":42},{"not_picked":["ats:Sunburst","ats:Shell Defense+1","ats:Absolute Focus+1"],"picked":"SKIP","floor":44},{"not_picked":["ats:Flexible Camouflage+1","ats:Chain Hook+1"],"picked":"ats:LN2 Cannon","floor":45},{"not_picked":["ats:Literary Storm","ats:Encircling Forest"],"picked":"ats:Charging Defense","floor":47},{"not_picked":["ats:Very Hot Blade","ats:LN2 Cannon","ats:Curse Doll"],"picked":"SKIP","floor":48},{"not_picked":["ats:Soul Rend","ats:Flexible Camouflage+1"],"picked":"ats:Shadow Assault","floor":53},{"not_picked":["ats:Consecutive Shot Auto","ats:Sunburst"],"picked":"ats:Chain Hook+1","floor":53},{"not_picked":["ats:Leaping Hammer+1","ats:Charging Defense"],"picked":"ats:Steam Pump+1","floor":53},{"not_picked":["ats:Absolute Focus","ats:Flexible Camouflage+1"],"picked":"ats:Fractured Body","floor":53},{"not_picked":["ats:Very Hot Blade","ats:Powerful Strike","ats:Flame Of Heaven+1"],"picked":"SKIP","floor":54}],"player_experience":480761,"relics_obtained":[{"floor":6,"key":"ats:Originium"},{"floor":6,"key":"Regal Pillow"},{"floor":8,"key":"ats:Originium"},{"floor":8,"key":"hubris:ToyBattleship"},{"floor":9,"key":"Pet Ghost"},{"floor":12,"key":"ats:Originium"},{"floor":12,"key":"hubris:Potato"},{"floor":14,"key":"ats:Originium"},{"floor":14,"key":"Toy Ornithopter"},{"floor":23,"key":"Letter Opener"},{"floor":25,"key":"ats:Spiritual Recovery"},{"floor":28,"key":"PreservedInsect"},{"floor":40,"key":"Replay:Bottled Steam"},{"floor":42,"key":"Replay:Bottled Flurry"},{"floor":43,"key":"Bottled Lightning"},{"floor":44,"key":"Anchor"},{"floor":46,"key":"Akabeko"},{"floor":47,"key":"Bag of Marbles"},{"floor":54,"key":"ReplayFunnel"}],"event_choices":[],"is_beta":false,"boss_relics":[{"not_picked":["Calling Bell","Snecko Heart"],"picked":"RedLine:ReiMu"},{"not_picked":["hubris:VirtuousBlindfold","ats:Sanity Plus"],"picked":"ats:Tactical Delivery"}],"items_purged_floors":[0,0,53],"is_endless":false,"potions_floor_spawned":[3,6,12,18,22,24,29,36,38,44,47,48],"ascension_level":8}}