{"host":"js2su9tbbk4rmjfl","time":1613682623,"event":{"mods":["AchievementEnabler","BaseMod","Block Reminder","Colored Map","Colored Powertips","Highlight Path","Minty Spire (QoL Compilation)","Relic Stats"],"gold_per_floor":[110,128,142,142,160,160,160,160],"floor_reached":7,"language":"ENG","playtime":286,"items_purged":[],"score":82,"play_id":"f0ef940e-b5a2-49c7-a419-2a07ca36ab90","local_time":"20210218221023","is_ascension_mode":true,"campfire_choices":[{"floor":6,"key":"REST"}],"circlet_count":0,"master_deck":["AscendersBane","Strike_R","Strike_R","Strike_R","Strike_R","Strike_R","Defend_R","Defend_R","Defend_R","Defend_R","Bash","Body Slam","Searing Blow"],"relics":["Burning Blood","Ancient Tea Set","MealTicket"],"acts_visited":["Exordium"],"potions_floor_usage":[7],"damage_taken":[{"damage":19,"enemies":"Cultist","floor":1,"turns":6},{"damage":21,"enemies":"Jaw Worm","floor":2,"turns":6},{"damage":4,"enemies":"Small Slimes","floor":3,"turns":5},{"damage":21,"enemies":"3 Louse","floor":5,"turns":5},{"damage":45,"enemies":"Lagavulin","floor":7,"turns":5}],"seed_played":"4186912080756000791","potions_obtained":[{"floor":5,"key":"DistilledChaos"}],"is_trial":false,"path_per_floor":["M","M","M","?","M","R","E"],"character_chosen":"IRONCLAD","items_purchased":[],"campfire_rested":1,"item_purchase_floors":[],"current_hp_per_floor":[55,40,42,24,9,31,0,0],"gold":160,"neow_bonus":"RANDOM_COMMON_RELIC","is_daily":false,"chose_seed":false,"campfire_upgraded":0,"win_rate":0.0,"timestamp":1613682623,"path_taken":["M","M","M","?","M","R","E"],"items_purchased_type":[],"build_version":"2020-12-22","purchased_purges":0,"victory":false,"max_hp_per_floor":[75,75,75,75,75,75,75,75],"relic_stats":{"counters":[5,27],"MealTicket":0,"obtain_stats":[{"MealTicket":4,"Ancient Tea Set":0,"Burning Blood":0},{"MealTicket":3,"Ancient Tea Set":0,"Burning Blood":0},{"MealTicket":17,"Ancient Tea Set":0,"Burning Blood":0}],"Burning Blood":24},"card_choices":[{"not_picked":["Wild Strike","Flex"],"picked":"Body Slam","floor":1},{"not_picked":["Clothesline","Wild Strike","Body Slam"],"picked":"SKIP","floor":2},{"not_picked":["Havoc","Heavy Blade"],"picked":"Searing Blow","floor":3},{"not_picked":["Wild Strike","Headbutt","Iron Wave"],"picked":"SKIP","floor":5}],"player_experience":844008,"relics_obtained":[],"event_choices":[{"damage_healed":0,"gold_gain":0,"player_choice":"Success","damage_taken":18,"relics_obtained":["MealTicket"],"max_hp_gain":0,"max_hp_loss":0,"event_name":"Scrap Ooze","floor":4,"gold_loss":0}],"is_beta":false,"boss_relics":[],"items_purged_floors":[],"is_endless":false,"potions_floor_spawned":[5],"killed_by":"Lagavulin","ascension_level":18}}