{"host":"m3txpv198clqze8f","time":1613617413,"event":{"mods":["ATMod(∞¢Ë™Mod)","Act Like it!","BaseMod","Colored Powertips","Friendly Minions","Gensokyo","Minty Spire (QoL Compilation)","MostiFishMod","Quick Restart","Reimu£®≤©¿ˆ¡È√Œ£©","Relic Filter Mod","StSLib"],"gold_per_floor":[115,115,115,129,142,172,206,241,311,343,371,399,16,48,48,144,144,162,182,182,199,199,740,1149,1509,1509,2144,2571,2129,2162,982,982,2516,2516,2530,2530,3725,3755,3755,3755,3755,3755,3755,3789,3799,3799,98,250,250,475],"floor_reached":51,"language":"ZHS","playtime":5756,"items_purged":["Injury","SpreadBorder2:ReiMu","Meditation:ReiMu"],"score":1767,"play_id":"6f7d444d-ab0a-4411-9abd-94f9bb992ab1","local_time":"20210218110333","daily_mods":["SealedDeck","Vintage","Heirloom","Flight","DeadlyEvents","Elite Swarm"],"is_ascension_mode":true,"campfire_choices":[{"data":"DependentForm:ReiMu","floor":15.0,"key":"SMITH"},{"floor":32,"key":"RECALL"},{"data":"CleanRite:ReiMu","floor":40,"key":"SMITH"},{"floor":42,"key":"REST"},{"data":"ShadowOfCrow2:ReiMu","floor":49,"key":"SMITH"}],"circlet_count":0,"master_deck":["AT_ShadowStep","OrbThrow:ReiMu+1","Conquer:ReiMu+1","RainPray2:ReiMu","TightArray:ReiMu","SubAcupoint:ReiMu+1","SpreadBorder2:ReiMu","MikOfLucky:ReiMu","ShadowOfCrow2:ReiMu+1","CleanRite:ReiMu+1","PrayRite:ReiMu+1","PrayRite:ReiMu+1","Gensokyo:MonkeysPaw+1","PrayRite:ReiMu+1","KamiRite:ReiMu+1","Gensokyo:SummonPsychicCat"],"relics":["FlyPower:ReiMu","AT_ATBox","DaveBox","RhineSuit","OriginationStaff","Bag of Preparation","SynthV:TestCard","PureWhite:ReiMu","Pear","AT_BladeRuinedKing","Pantograph","TungstenRod","AT_ChloranthyRing","RuthlessExorcism:ReiMu","FadedRune:ReiMu","AT_ImmortalShieldbow","CrazyTorch:ReiMu","ThornShield","AT_Manta","DianDianMeat","SlaversCollar","AT_SilvercatRing","Boot","Gremlin Horn","MostiFishMod:Haymaker","HollowDreamFlower","AT_TimeSand","AT_GuinsooRageblade","Medical Kit","Technique","Bronze Scales","MetatronsCube","Bird Faced Urn","Gensokyo:Companionship","DaCapo","Gensokyo:TheCrow","Sundial","Toy Ornithopter","Mummified Hand","AT_BellDemon","AT_ArchangelStaff","SynthV:C4","The Courier","Gensokyo:EmptyGrave","Singing Bowl","AT_TheCollector","AT_Kusabimaru","Whetstone","Bow_fan:ReiMu","AT_RedTearstoneRing","AT_MibuBalloonWealth","Blood Vial","CheatingSign:ReiMu","AT_DeathDance","Strawberry","Meat on the Bone","PreservedInsect","AT_EbonyIvory","Torii","SkyOrb:ReiMu","Question Card","Happy Flower","Calipers","AT_BellowingDragoncrestRing","AT_SunfireAegis","Toxic Egg 2","Oddly Smooth Stone","Mastiff:ReiMu"],"acts_visited":["Gensokyo:Gensokyo","Gensokyo:Gensokyoer","Gensokyo:Gensokyoest"],"potions_floor_usage":[],"damage_taken":[{"damage":0.0,"enemies":"Gensokyo:Python","floor":1.0,"turns":2.0},{"damage":0.0,"enemies":"Gensokyo:3_Fairies","floor":4.0,"turns":4.0},{"damage":0.0,"enemies":"Gensokyo:2_Kodama","floor":5.0,"turns":1.0},{"damage":0.0,"enemies":"Gensokyo:Mamizou","floor":6.0,"turns":5.0},{"damage":0.0,"enemies":"Gensokyo:Cirno","floor":7.0,"turns":4.0},{"damage":0.0,"enemies":"Gensokyo:Aya","floor":8.0,"turns":3.0},{"damage":0.0,"enemies":"Gensokyo:Mamizou","floor":10.0,"turns":3.0},{"damage":0.0,"enemies":"Gensokyo:Aya","floor":11.0,"turns":2.0},{"damage":0.0,"enemies":"Gensokyo:Mamizou","floor":12.0,"turns":3.0},{"damage":0.0,"enemies":"Gensokyo:Aya","floor":14.0,"turns":1.0},{"damage":0.0,"enemies":"Gensokyo:Reimu","floor":16.0,"turns":3.0},{"damage":0.0,"enemies":"Gensokyo:2_Gloops","floor":18.0,"turns":1.0},{"damage":0.0,"enemies":"Gensokyo:AngelMirror","floor":19.0,"turns":1.0},{"damage":0.0,"enemies":"Gensokyo:3_Gloops","floor":21.0,"turns":1.0},{"damage":51.0,"enemies":"Gensokyo:Tenshi","floor":23.0,"turns":1.0},{"damage":38.0,"enemies":"Gensokyo:Reisen","floor":24.0,"turns":1.0},{"damage":33.0,"enemies":"Gensokyo:Koishi","floor":25.0,"turns":1.0},{"damage":61.0,"enemies":"Gensokyo:Tenshi","floor":27.0,"turns":1.0},{"damage":40,"enemies":"Gensokyo:Reisen","floor":28,"turns":1},{"damage":0,"enemies":"Gensokyo:Koishi","floor":30,"turns":1},{"damage":110,"enemies":"Gensokyo:Eternal_Rivals","floor":33,"turns":1},{"damage":0,"enemies":"Gensokyo:AncientGuardian","floor":35,"turns":1},{"damage":90,"enemies":"Gensokyo:Doremy","floor":37,"turns":1},{"damage":0,"enemies":"Gensokyo:Marisa","floor":38,"turns":1},{"damage":0,"enemies":"Gensokyo:Doremy","floor":44,"turns":1},{"damage":0,"enemies":"Gensokyo:3_Bats","floor":45,"turns":1},{"damage":0,"enemies":"Gensokyo:Marisa","floor":48,"turns":1},{"damage":38,"enemies":"Gensokyo:Yuyuko","floor":50,"turns":1}],"seed_played":"-9144021692224413810","potions_obtained":[{"floor":1.0,"key":"FairyPotion"},{"floor":4.0,"key":"PowerPotion"},{"floor":16.0,"key":"LiquidFlight:ReiMu"}],"is_trial":true,"path_per_floor":["M","?","?","M","M","E","E","E","T","E","E","E","$","E","R","B",null,"M","M","?","M","?","E","E","E","T","E","E","COS","E","$","R","B",null,"M","?","E","E","T","R","COS","R","T","E","M","?","$","E","R","B",null],"character_chosen":"REIMU","items_purchased":["AT_Manta","MetatronsCube","Bird Faced Urn","Singing Bowl","AT_TheCollector","AT_Kusabimaru","Whetstone","Bow_fan:ReiMu","AT_RedTearstoneRing","AT_MibuBalloonWealth","Blood Vial","CheatingSign:ReiMu","AT_DeathDance","Strawberry","Meat on the Bone","PreservedInsect","AT_EbonyIvory","Torii","SkyOrb:ReiMu","Question Card","Happy Flower","Calipers","AT_BellowingDragoncrestRing","AT_SunfireAegis","Toxic Egg 2"],"campfire_rested":1,"item_purchase_floors":[13,31,31,47,47,47,47,47,47,47,47,47,47,47,47,47,47,47,47,47,47,47,47,47,47],"current_hp_per_floor":[65,65,60,60,60,60,60,60,60,60,60,60,60,60,60,76,76,76,76,76,76,71,53,43,64,64,52,35,46,50,50,50,15,96,96,96,22,36,36,36,36,67,67,73,77,77,84,94,105,67],"gold":475,"neow_bonus":"","is_daily":false,"chose_seed":false,"campfire_upgraded":3,"win_rate":0.0,"timestamp":1613617413,"path_taken":["M","?","?","M","M","E","E","E","T","E","E","E","?","E","R","BOSS","M","M","?","?","?","E","E","E","T","E","E","COS","E","$","R","BOSS","M","?","?","?","?","R","COS","R","T","?","?","?","?","E","R","BOSS"],"items_purchased_type":["Relic","Relic","Relic","Relic","Relic","Relic","Relic","Relic","Relic","Relic","Relic","Relic","Relic","Relic","Relic","Relic","Relic","Relic","Relic","Relic","Relic","Relic","Relic","Relic","Relic"],"build_version":"2020-12-22","purchased_purges":3,"victory":true,"max_hp_per_floor":[65,65,75,75,75,75,75,75,75,75,75,75,75,75,75,76,76,76,76,76,76,71,74,74,78,78,78,78,89,89,89,89,96,96,96,96,96,104,104,104,104,104,104,104,104,96,103,105,105,105],"card_choices":[{"not_picked":["SubcavityFantasy:ReiMu","OctopathSalyBorderN:ReiMu","RunawayExorcism:ReiMu","Free:ReiMu"],"picked":"CleanRite:ReiMu","floor":6.0},{"not_picked":["RunawayExorcism:ReiMu","KyokaiOfKami:ReiMu","Dreaming:ReiMu","YinYang:ReiMu","Authority:ReiMu"],"picked":"SKIP","floor":7.0},{"not_picked":["KyokaiOfKami:ReiMu","Free:ReiMu","SubcavityFantasy:ReiMu","CeremonyResonance:ReiMu","Determination:ReiMu"],"picked":"SKIP","floor":8.0},{"not_picked":["HakureiPhantom:ReiMu","OctopathSalyBorderN:ReiMu","Free:ReiMu","RunawayExorcism:ReiMu"],"picked":"PrayRite:ReiMu","floor":10.0},{"not_picked":["CleanRite:ReiMu","CardOfSanctity:ReiMu","BlastKick2:ReiMu","OctopathSalyBorderN:ReiMu","Dreaming:ReiMu"],"picked":"SKIP","floor":11.0},{"not_picked":["PrayRite:ReiMu","CardOfSanctity:ReiMu","Authority:ReiMu","OctopathSalyBorderN:ReiMu"],"picked":"DependentForm:ReiMu","floor":12.0},{"not_picked":["SubcavityFantasy:ReiMu","KyokaiOfKami:ReiMu","RunawayExorcism:ReiMu","Dreaming:ReiMu","CardOfSanctity:ReiMu"],"picked":"SKIP","floor":14.0},{"not_picked":["Authority:ReiMu","DependentForm:ReiMu","Determination:ReiMu","CeremonyResonance:ReiMu"],"picked":"PrayRite:ReiMu","floor":16.0},{"not_picked":["Gensokyo:EightFeetTall","Gensokyo:TurboGranny","Gensokyo:MenInBlack","Gensokyo:RedCapeBlueCape"],"picked":"Gensokyo:MonkeysPaw","floor":22.0},{"not_picked":["Authority:ReiMu","Determination:ReiMu","HakureiPhantom:ReiMu","DependentForm:ReiMu"],"picked":"PrayRite:ReiMu","floor":23.0},{"not_picked":["SubcavityFantasy:ReiMu","CardOfSanctity:ReiMu","Authority:ReiMu","Free:ReiMu","YinYang:ReiMu"],"picked":"SKIP","floor":24.0},{"not_picked":["PrayRite:ReiMu","HakureiPhantom:ReiMu","CardOfSanctity:ReiMu","OctopathSalyBorderN:ReiMu"],"picked":"KamiRite:ReiMu","floor":25.0},{"not_picked":["DependentForm:ReiMu","CleanRite:ReiMu","KyokaiOfKami:ReiMu","Authority:ReiMu","PrayRite:ReiMu"],"picked":"SKIP","floor":27},{"not_picked":["SubcavityFantasy:ReiMu","Free:ReiMu","Shading:ReiMu","OctopathSalyBorderN:ReiMu","BlastKick2:ReiMu"],"picked":"SKIP","floor":28},{"not_picked":["CeremonyResonance:ReiMu","DependentForm:ReiMu","RunawayExorcism:ReiMu","CleanRite:ReiMu","Free:ReiMu"],"picked":"SKIP","floor":30},{"not_picked":["SubcavityFantasy:ReiMu","YinYang:ReiMu","KyokaiOfKami:ReiMu","KamiRite:ReiMu","CardOfSanctity:ReiMu"],"picked":"SKIP","floor":37},{"not_picked":["YinYang:ReiMu","OctopathSalyBorderN:ReiMu","Authority:ReiMu","RunawayExorcism:ReiMu","DependentForm:ReiMu"],"picked":"SKIP","floor":38},{"not_picked":["CleanRite:ReiMu","PrayRite:ReiMu","Free:ReiMu","Determination:ReiMu","DependentForm:ReiMu"],"picked":"SKIP","floor":44},{"not_picked":["Shading:ReiMu+1","CleanRite:ReiMu+1","Free:ReiMu+1","CeremonyResonance:ReiMu+1","Authority:ReiMu+1","Determination:ReiMu"],"picked":"Singing Bowl","floor":48}],"player_experience":219260,"relics_obtained":[{"floor":1.0,"key":"Bag of Preparation"},{"floor":1.0,"key":"SynthV:TestCard"},{"floor":4.0,"key":"AT_BladeRuinedKing"},{"floor":5.0,"key":"Pantograph"},{"floor":6.0,"key":"TungstenRod"},{"floor":7.0,"key":"AT_ChloranthyRing"},{"floor":8.0,"key":"RuthlessExorcism:ReiMu"},{"floor":9.0,"key":"FadedRune:ReiMu"},{"floor":10.0,"key":"AT_ImmortalShieldbow"},{"floor":11.0,"key":"CrazyTorch:ReiMu"},{"floor":12.0,"key":"ThornShield"},{"floor":14.0,"key":"DianDianMeat"},{"floor":18.0,"key":"AT_SilvercatRing"},{"floor":19.0,"key":"Boot"},{"floor":21.0,"key":"Gremlin Horn"},{"floor":23.0,"key":"MostiFishMod:Haymaker"},{"floor":24.0,"key":"HollowDreamFlower"},{"floor":26.0,"key":"AT_TimeSand"},{"floor":28,"key":"AT_GuinsooRageblade"},{"floor":30,"key":"Bronze Scales"},{"floor":35,"key":"DaCapo"},{"floor":37,"key":"Sundial"},{"floor":38,"key":"Toy Ornithopter"},{"floor":39,"key":"Mummified Hand"},{"floor":43,"key":"AT_BellDemon"},{"floor":44,"key":"AT_ArchangelStaff"},{"floor":45,"key":"SynthV:C4"},{"floor":45,"key":"The Courier"},{"floor":48,"key":"Oddly Smooth Stone"},{"floor":48,"key":"Mastiff:ReiMu"}],"event_choices":[],"is_beta":false,"boss_relics":[{"not_picked":["PatriotShield","FixedStarFall"],"picked":"SlaversCollar"},{"not_picked":["Fusion Hammer","HereWithMe","NightmareShop"]}],"items_purged_floors":[13,31,47],"is_endless":false,"potions_floor_spawned":[1,4,16,18,25,28,30,38,44,48],"ascension_level":1}}