{"host":"rq6soridv5n2augj","time":1613635595,"event":{"mods":["BaseMod","Downfall","Googly Eyes","Hermit","Marisa????????","Minty Spire (QoL Compilation)","READ ME - Guardian Mod","Remilia??????","Replay The Spire","StSLib","The Animator","The Cursed","The Hierophant","The Necromancer","The Senshi","The Servant 0.9.4"],"gold_per_floor":[118,132,132,132,132,167,167,198,223,223,223,223,237,253,273,15,15,115,115,131,206,121,121,121,121,149,9,58,58,84,100,100,100],"floor_reached":32,"language":"ENG","playtime":1222,"items_purged":["Strike_B","Strike_B","Hallucinations"],"score":433,"play_id":"a75e47ca-f300-4b11-990f-54b1da526aca","local_time":"20210218000635","is_ascension_mode":true,"campfire_choices":[{"data":"Dualcast","floor":7,"key":"SMITH"},{"floor":10,"key":"REST"},{"data":"Machine Learning","floor":17,"key":"SMITH"},{"data":"Mirror Shield","floor":25,"key":"SMITH"}],"circlet_count":0,"master_deck":["Strike_B","Strike_B","Defend_B","Defend_B","Defend_B","Zap+1","Dualcast+1","Chaos+1","FIFO Queue","BasicCrystalCard+1","Turbo","Ball Lightning","Machine Learning+1","Mirror Shield+1","Doom and Gloom+1","Envy_TH","Self Repair+1","Rebound+1","Cold Snap+1"],"relics":["Cracked Core","NeowsBlessing","Orichalcum","Bronze Scales","Gremlin Food","Blue Doll","Membership Card","ReplayTheSpireMod:CursedCoin","Replay:Baseball","ReplayTheSpireMod:Ring of Addiction","Toy Ornithopter","SacredBark","ReplayTheSpireMod:Ring of Exchange","Ancient Tea Set","Sling","Regal Pillow","Pocketwatch"],"acts_visited":["Exordium","TheCity"],"potions_floor_usage":[14,14,18,26,26,26],"damage_taken":[{"damage":0,"enemies":"Jaw Worm","floor":1,"turns":1},{"damage":0,"enemies":"Small Slimes","floor":2,"turns":1},{"damage":0,"enemies":"Lagavulin","floor":6,"turns":1},{"damage":8,"enemies":"3 Sentries","floor":8,"turns":6},{"damage":0,"enemies":"2 Louse","floor":13,"turns":1},{"damage":4,"enemies":"Exordium Thugs","floor":14,"turns":3},{"damage":4,"enemies":"Red Slaver","floor":15,"turns":2},{"damage":23,"enemies":"Hexaghost","floor":18,"turns":8},{"damage":3,"enemies":"Chosen","floor":20,"turns":4},{"damage":49,"enemies":"Slavers","floor":26,"turns":5},{"damage":26,"enemies":"Replay:Snechameleon","floor":30,"turns":6},{"damage":28,"enemies":"2 Thieves","floor":31,"turns":3},{"damage":34,"enemies":"Shelled Parasite and Fungi","floor":32,"turns":2}],"seed_played":"-6962369410667510980","potions_obtained":[{"floor":1,"key":"Elixir"},{"floor":6,"key":"BlessingOfTheForge"},{"floor":8,"key":"Explosive Potion"},{"floor":15,"key":"DuplicationPotion"},{"floor":18,"key":"Block Potion"},{"floor":23,"key":"Block Potion"},{"floor":31,"key":"Dexterity Potion"}],"is_trial":false,"path_per_floor":["M","M","?","?","?","E","R","E","T","R","PTL","PTL","M","M","M","$","R","B",null,"M","$","?","?","?","R","E","$","T","?","E","M","M"],"character_chosen":"DEFECT","items_purchased":["Membership Card","Machine Learning","ReplayTheSpireMod:CursedCoin","Self Repair+1","Sling"],"campfire_rested":1,"item_purchase_floors":[16,16,21,21,27],"current_hp_per_floor":[68,68,53,53,53,53,53,45,45,67,67,67,67,63,59,59,59,36,65,62,62,62,62,62,62,38,38,38,63,47,19,0,0],"gold":100,"neow_bonus":"THREE_ENEMY_KILL","is_daily":false,"chose_seed":false,"campfire_upgraded":3,"win_rate":0.0,"timestamp":1613635595,"path_taken":["M","M","?","?","?","E","R","E","T","R","PTL","PTL","?","M","M","?","R","BOSS","M","$","?","?","?","R","E","$","T","?","E","M","M"],"items_purchased_type":["Relic","Card","Relic","Card","Relic"],"build_version":"2020-12-22","purchased_purges":3,"victory":false,"max_hp_per_floor":[75,75,75,75,75,75,75,75,75,75,75,75,75,75,75,75,75,75,75,75,75,75,75,75,75,75,75,75,75,73,73,73,73],"card_choices":[{"not_picked":["Force Field","Steam"],"picked":"Coolheaded","floor":1},{"not_picked":["Compile Driver","Beam Cell","Barrage"],"picked":"SKIP","floor":2},{"not_picked":["Doom and Gloom","Compile Driver"],"picked":"FIFO Queue","floor":6},{"not_picked":["Barrage","ReplaySort"],"picked":"BasicCrystalCard","floor":8},{"not_picked":["ReplayTheSpireMod:Reroute Power","Streamline"],"picked":"Turbo","floor":13},{"not_picked":["BasicCrystalCard","Redo"],"picked":"Ball Lightning","floor":14},{"not_picked":["Beam Cell","FTL","Streamline"],"picked":"SKIP","floor":15},{"not_picked":["Biased Cognition","ReplayTheSpireMod:Omega Cannon"],"picked":"Mirror Shield","floor":18},{"not_picked":["Streamline+1","BasicCrystalCard"],"picked":"Doom and Gloom+1","floor":20},{"not_picked":["Streamline","Chill","Cold Snap"],"picked":"SKIP","floor":26},{"not_picked":["Biased Cognition","Reprogram"],"picked":"Rebound+1","floor":30},{"not_picked":["Redo","ReplayTheSpireMod:GoodbyeWorld"],"picked":"Cold Snap+1","floor":31}],"player_experience":399378,"relics_obtained":[{"floor":6,"key":"Bronze Scales"},{"floor":8,"key":"Gremlin Food"},{"floor":9,"key":"Blue Doll"},{"floor":23,"key":"ReplayTheSpireMod:Ring of Addiction"},{"floor":23,"key":"Toy Ornithopter"},{"floor":23,"key":"SacredBark"},{"floor":23,"key":"ReplayTheSpireMod:Ring of Exchange"},{"floor":26,"key":"Ancient Tea Set"},{"floor":28,"key":"Regal Pillow"},{"floor":30,"key":"Pocketwatch"}],"event_choices":[{"damage_healed":0,"gold_gain":0,"player_choice":"Entered Light","damage_taken":15,"max_hp_gain":0,"max_hp_loss":0,"event_name":"Shining Light","floor":3,"gold_loss":0,"cards_upgraded":["Zap","Defend_B"]},{"cards_removed":["Coolheaded"],"damage_healed":0,"gold_gain":0,"player_choice":"Gave Card","damage_taken":0,"relics_obtained":["Orichalcum"],"max_hp_gain":0,"max_hp_loss":0,"event_name":"WeMeetAgain","floor":5,"gold_loss":0},{"damage_healed":0,"gold_gain":0,"player_choice":"Obtained Relic","damage_taken":0,"relics_obtained":["Replay:Baseball"],"max_hp_gain":0,"max_hp_loss":0,"event_name":"Addict","floor":22,"gold_loss":85},{"damage_healed":0,"gold_gain":0,"player_choice":"Ignored","damage_taken":0,"max_hp_gain":0,"max_hp_loss":0,"event_name":"Ghosts","floor":24,"gold_loss":0},{"damage_healed":25,"gold_gain":0,"player_choice":"Heal","damage_taken":0,"max_hp_gain":0,"max_hp_loss":0,"event_name":"The Library","floor":29,"gold_loss":0}],"is_beta":false,"boss_relics":[{"not_picked":["Runic Pyramid","Replay:Wanted Poster","Cursed Key"]}],"items_purged_floors":[16,21,27],"is_endless":false,"potions_floor_spawned":[1,6,8,15,18,31],"killed_by":"Shelled Parasite and Fungi","ascension_level":8}}