{"host":"0xnlke9dn7m72v1t","time":1613646152,"event":{"mods":["AchievementEnabler","BaseMod","BetterRewards","Colored Map","Minty Spire (QoL Compilation)","StSLib","SuperFastMode"],"gold_per_floor":[110,124,141,141,160,192,192,219,219,219,219,219,231,306,306,403,403,418,418,435,435,54,81,81,101,174,174,124,144,144,144],"floor_reached":30,"language":"DEU","playtime":2722,"items_purged":[],"score":258,"play_id":"379c9faf-fcf8-4126-a606-52db3956462e","local_time":"20210218120232","is_ascension_mode":false,"campfire_choices":[{"floor":10,"key":"REST"},{"floor":12,"key":"REST"},{"data":"Fusion","floor":15,"key":"SMITH"},{"floor":24,"key":"REST"}],"circlet_count":0,"master_deck":["Strike_B","Strike_B","Strike_B","Strike_B","Defend_B","Defend_B","Defend_B","Defend_B","Zap+1","Dualcast","Conserve Battery","Hologram","Scrape","Conserve Battery","Barrage","Redo","Multi-Cast","FTL","Fusion+1","Amplify","FTL","Static Discharge","Go for the Eyes+1","Tempest+1"],"relics":["Cracked Core","Gambling Chip","Oddly Smooth Stone","Incense Burner","Gremlin Horn","Thread and Needle","SlaversCollar","WingedGreaves","CultistMask","TungstenRod","Nunchaku","Sundial"],"acts_visited":["Exordium","TheCity"],"potions_floor_usage":[8,8],"damage_taken":[{"damage":0,"enemies":"Jaw Worm","floor":1,"turns":2},{"damage":0,"enemies":"2 Louse","floor":2,"turns":3},{"damage":0,"enemies":"Cultist","floor":3,"turns":3},{"damage":0,"enemies":"Blue Slaver","floor":5,"turns":4},{"damage":25,"enemies":"Gremlin Nob","floor":6,"turns":4},{"damage":14,"enemies":"Lagavulin","floor":8,"turns":6},{"damage":0,"enemies":"Looter","floor":13,"turns":3},{"damage":14,"enemies":"Slime Boss","floor":16,"turns":12},{"damage":0,"enemies":"Spheric Guardian","floor":18,"turns":4},{"damage":2,"enemies":"Shell Parasite","floor":20,"turns":5},{"damage":29,"enemies":"Slavers","floor":23,"turns":5},{"damage":54,"enemies":"Centurion and Healer","floor":25,"turns":12},{"damage":10,"enemies":"Cultist and Chosen","floor":29,"turns":5},{"damage":4,"enemies":"Snake Plant","floor":30,"turns":3}],"seed_played":"-7762852509484508729","potions_obtained":[{"floor":1,"key":"Weak Potion"},{"floor":3,"key":"Weak Potion"},{"floor":6,"key":"LiquidBronze"},{"floor":18,"key":"EssenceOfDarkness"},{"floor":20,"key":"Energy Potion"}],"is_trial":false,"path_per_floor":["M","M","M","?","M","E","$","E","T","R","?","R","M","?","R","B",null,"M","?","M","?","$","E","R","M","T","?","?","M","M"],"character_chosen":"DEFECT","items_purchased":["Oddly Smooth Stone","Hologram","Conserve Battery","Static Discharge","TungstenRod"],"campfire_rested":3,"item_purchase_floors":[0,0,0,22,22],"current_hp_per_floor":[67,67,67,67,67,42,42,28,28,50,50,72,72,61,61,47,75,75,75,73,73,73,44,66,12,12,12,12,2,0,0],"gold":144,"neow_bonus":"","is_daily":false,"chose_seed":false,"campfire_upgraded":1,"win_rate":0.0,"timestamp":1613646152,"path_taken":["M","M","M","?","M","E","$","E","T","R","?","R","?","?","R","BOSS","M","?","M","?","$","E","R","?","T","?","?","?","M"],"items_purchased_type":["Relic","Card","Card","Card","Relic"],"build_version":"2020-12-22","purchased_purges":0,"victory":false,"max_hp_per_floor":[75,75,75,75,75,75,75,75,75,75,75,75,75,75,75,75,75,75,75,75,75,75,75,75,75,75,75,75,75,75,75],"card_choices":[{"not_picked":["Scrape","Reinforced Body"],"picked":"Barrage","floor":1},{"not_picked":["Barrage","Leap"],"picked":"Redo","floor":2},{"not_picked":["Sweeping Beam","Steam"],"picked":"Multi-Cast","floor":3},{"not_picked":["Compile Driver","Barrage"],"picked":"FTL","floor":5},{"not_picked":["Cold Snap","Conserve Battery"],"picked":"Fusion","floor":6},{"not_picked":["Thunder Strike","Leap","Cold Snap"],"picked":"SKIP","floor":8},{"not_picked":["Steam","Leap","Cold Snap"],"picked":"SKIP","floor":13},{"not_picked":["Rainbow","All For One"],"picked":"Amplify","floor":16},{"not_picked":["Force Field","Ball Lightning"],"picked":"FTL","floor":18},{"not_picked":["Steam Power","Lockon","Barrage"],"picked":"SKIP","floor":20},{"not_picked":["Redo","Multi-Cast"],"picked":"Go for the Eyes+1","floor":23},{"not_picked":["Hologram","Stack"],"picked":"Tempest+1","floor":25},{"not_picked":["Compile Driver","Sweeping Beam","Hologram"],"picked":"SKIP","floor":29}],"player_experience":7155,"relics_obtained":[{"floor":6,"key":"Incense Burner"},{"floor":8,"key":"Gremlin Horn"},{"floor":9,"key":"Thread and Needle"},{"floor":23,"key":"Nunchaku"},{"floor":26,"key":"Sundial"}],"event_choices":[{"damage_healed":0,"gold_gain":0,"player_choice":"Grow","damage_taken":0,"max_hp_gain":0,"max_hp_loss":0,"event_name":"Living Wall","floor":4,"gold_loss":0,"cards_upgraded":["Zap"]},{"damage_healed":0,"gold_gain":0,"player_choice":"Ignored","damage_taken":0,"max_hp_gain":0,"max_hp_loss":0,"event_name":"NoteForYourself","floor":11,"gold_loss":0},{"damage_healed":0,"gold_gain":75,"player_choice":"Gather Gold","damage_taken":11,"max_hp_gain":0,"max_hp_loss":0,"event_name":"World of Goop","floor":14,"gold_loss":0},{"damage_healed":0,"gold_gain":0,"player_choice":"Opened","damage_taken":0,"relics_obtained":["WingedGreaves"],"max_hp_gain":0,"max_hp_loss":0,"event_name":"The Mausoleum","floor":19,"gold_loss":0},{"damage_healed":0,"gold_gain":0,"player_choice":"Trade","damage_taken":0,"relics_obtained":["CultistMask"],"max_hp_gain":0,"max_hp_loss":0,"event_name":"FaceTrader","floor":21,"gold_loss":0},{"damage_healed":0,"gold_gain":0,"player_choice":"Ignored","damage_taken":0,"max_hp_gain":0,"max_hp_loss":0,"event_name":"Beggar","floor":27,"gold_loss":0},{"damage_healed":0,"gold_gain":0,"player_choice":"Bet on Murderer","damage_taken":0,"max_hp_gain":0,"max_hp_loss":0,"event_name":"The Joust","floor":28,"gold_loss":50}],"is_beta":false,"boss_relics":[{"not_picked":["Astrolabe","Tiny House"],"picked":"SlaversCollar"}],"items_purged_floors":[],"is_endless":false,"potions_floor_spawned":[1,3,6,18,20],"killed_by":"Snake Plant","ascension_level":0}}