{"host":"t0r9wuv4zaiwets7","time":1613613789,"event":{"mods":["AchievementEnabler","BaseMod","Bestiary","Colored Map","Colored Powertips","Downfall","Hermit","Highlight Path","Jorbs\u0027s Wanderer Trilogy","Minty Spire (QoL Compilation)","StSLib","The Animator","The Dragon Tamer","The Gatherer","The Mystic"],"gold_per_floor":[115,290,305,255,274,274,298,2,2,2,13,13,13,27,27,127,127,147,147,72,72,72],"floor_reached":21,"language":"ENG","playtime":1151,"items_purged":[],"score":192,"play_id":"e1a7a28f-30bf-4ea9-bce9-9115b7fd686c","local_time":"20210217180309","is_ascension_mode":false,"campfire_choices":[{"data":"mysticmod:Grapple","floor":6.0,"key":"SMITH"},{"data":"mysticmod:StyleChange","floor":10.0,"key":"SMITH"},{"floor":15.0,"key":"REST"}],"circlet_count":0,"master_deck":["mysticmod:Defend_Mystic","mysticmod:Defend_Mystic","mysticmod:Defend_Mystic","mysticmod:ArcaneDodge","mysticmod:ShockingGrasp","mysticmod:PureInstinct","mysticmod:Grapple+1","mysticmod:VorpalThrust","mysticmod:StyleChange+1","mysticmod:ChargedParry","mysticmod:CureLightWounds","mysticmod:KnowledgePool","mysticmod:SuddenClarity","Bite","Bite","Bite","Bite","Bite"],"relics":["mysticmod:SpellBook","Odd Mushroom","Dead Branch","Letter Opener","Juzu Bracelet","Snecko Eye"],"acts_visited":["Exordium","TheCity"],"potions_floor_usage":[],"damage_taken":[{"damage":13.0,"enemies":"Jaw Worm","floor":1.0,"turns":5.0},{"damage":0.0,"enemies":"2 Louse","floor":3.0,"turns":4.0},{"damage":6.0,"enemies":"Cultist","floor":5.0,"turns":3.0},{"damage":16.0,"enemies":"The Mushroom Lair","floor":7.0,"turns":4.0},{"damage":3.0,"enemies":"Red Slaver","floor":11.0,"turns":3.0},{"damage":0.0,"enemies":"Looter","floor":14.0,"turns":2.0},{"damage":33.0,"enemies":"The Guardian","floor":16.0,"turns":10.0},{"damage":4.0,"enemies":"Shell Parasite","floor":18.0,"turns":8.0},{"damage":18,"enemies":"Spheric Guardian","floor":21,"turns":4}],"seed_played":"-6852457056671874184","potions_obtained":[{"floor":3.0,"key":"FearPotion"},{"floor":13.0,"key":"Energy Potion"},{"floor":13.0,"key":"BlessingOfTheForge"},{"floor":13.0,"key":"Energy Potion"},{"floor":14.0,"key":"Strength Potion"}],"is_trial":false,"path_per_floor":["M","?","M","?","M","R","?","$","T","R","M","T","?","M","R","B",null,"M","?","?","M"],"character_chosen":"MYSTIC_CLASS","items_purchased":["Dead Branch"],"campfire_rested":1,"item_purchase_floors":[8],"current_hp_per_floor":[71,71,71,71,65,65,49,49,49,49,46,46,46,46,71,41,84,80,58,58,41,41],"gold":72,"neow_bonus":"TEN_PERCENT_HP_BONUS","is_daily":false,"chose_seed":false,"campfire_upgraded":2,"win_rate":0.0,"timestamp":1613613789,"path_taken":["M","?","M","?","M","R","?","$","T","R","M","?","?","M","R","BOSS","M","?","?","M"],"items_purchased_type":["Relic"],"build_version":"2020-12-22","purchased_purges":0,"victory":false,"max_hp_per_floor":[84,84,84,84,84,84,84,84,84,84,84,84,84,84,84,84,84,84,58,58,58,58],"card_choices":[{"not_picked":["mysticmod:CorrosiveTouch","mysticmod:LightningBolt"],"picked":"mysticmod:PureInstinct","floor":1.0},{"not_picked":["mysticmod:FloatingDisk","mysticmod:KeenEdge"],"picked":"mysticmod:Grapple","floor":3.0},{"not_picked":["mysticmod:Dedication","mysticmod:Sideswipe"],"picked":"mysticmod:VorpalThrust","floor":5.0},{"not_picked":["mysticmod:TomeOfSpells","mysticmod:DiviningBlow"],"picked":"mysticmod:StyleChange","floor":7.0},{"not_picked":["mysticmod:Sideswipe","mysticmod:IllusionOfCalm"],"picked":"mysticmod:ChargedParry","floor":11.0},{"not_picked":["mysticmod:CorrosiveTouch","mysticmod:EbbAndFlow"],"picked":"mysticmod:CureLightWounds","floor":14.0},{"not_picked":["mysticmod:ClosingBarrage","mysticmod:SpontaneousCaster"],"picked":"mysticmod:KnowledgePool","floor":16.0},{"not_picked":["mysticmod:Probe+1","mysticmod:PowerSlash"],"picked":"mysticmod:SuddenClarity","floor":18.0}],"player_experience":214388,"relics_obtained":[{"floor":7.0,"key":"Odd Mushroom"},{"floor":9.0,"key":"Letter Opener"},{"floor":12.0,"key":"Juzu Bracelet"}],"event_choices":[{"damage_healed":0.0,"max_hp_gain":0.0,"max_hp_loss":0.0,"gold_gain":175.0,"event_name":"Liars Game","player_choice":"AGREE","floor":2.0,"gold_loss":0.0,"damage_taken":0.0,"cards_obtained":["Doubt"]},{"cards_removed":["Doubt"],"damage_healed":0.0,"max_hp_gain":0.0,"max_hp_loss":0.0,"gold_gain":0.0,"event_name":"The Cleric","player_choice":"Card Removal","floor":4.0,"gold_loss":50.0,"damage_taken":0.0},{"damage_healed":0.0,"max_hp_gain":0.0,"max_hp_loss":0.0,"gold_gain":0.0,"event_name":"Mushrooms","player_choice":"Fought Mushrooms","floor":7.0,"gold_loss":0.0,"damage_taken":0.0},{"damage_healed":0.0,"max_hp_gain":0.0,"max_hp_loss":0.0,"gold_gain":0.0,"event_name":"Lab","player_choice":"Got Potions","floor":13.0,"gold_loss":0.0,"damage_taken":0.0},{"damage_healed":0.0,"max_hp_gain":0.0,"max_hp_loss":26.0,"gold_gain":0.0,"event_name":"Vampires","player_choice":"Became a vampire","floor":19.0,"gold_loss":0.0,"damage_taken":0.0,"cards_obtained":["Bite","Bite","Bite","Bite","Bite"]},{"cards_removed":["mysticmod:Defend_Mystic"],"damage_healed":0.0,"max_hp_gain":0.0,"max_hp_loss":0.0,"gold_gain":0.0,"event_name":"Beggar","player_choice":"Gave Gold","floor":20.0,"gold_loss":75.0,"damage_taken":0.0}],"is_beta":false,"boss_relics":[{"not_picked":["Coffee Dripper","bronze:MakeshiftBattery"],"picked":"Snecko Eye"}],"items_purged_floors":[],"is_endless":false,"potions_floor_spawned":[3,14],"killed_by":"Spheric Guardian","ascension_level":0}}