{"host":"tzwikg9s6mkzv6w0","time":1613641279,"event":{"mods":["BaseMod","Good Game Mod","Minty Spire (QoL Compilation)","Spicy Shops","StSLib"],"gold_per_floor":[117,117,117,42,60,60,60,100,100,120,138,152,181,222,222,313,313,333,333,233,233,5,5,28,28,97,97,22,22,60,74,74,167,167,187,99,165,181,81,81,81,119,119,119,138,25,68,86,86,86,86,86,46,77,77],"floor_reached":56,"language":"ZHS","playtime":1968,"items_purged":["Strike_G","Strike_G","Strike_G","Strike_G","Defend_G","Sucker Punch","Defend_G"],"score":2673,"play_id":"a937fb49-3dbb-48e4-b5dc-943bbadf7fa3","local_time":"20210218174119","is_ascension_mode":true,"campfire_choices":[{"data":"Neutralize","floor":6.0,"key":"SMITH"},{"data":"Prepared","floor":15.0,"key":"SMITH"},{"data":"Acrobatics","floor":23.0,"key":"SMITH"},{"data":"Reflex","floor":25.0,"key":"SMITH"},{"data":"Tactician","floor":32.0,"key":"SMITH"},{"floor":40.0,"key":"RECALL"},{"data":"Adrenaline","floor":44.0,"key":"SMITH"},{"data":"Terror","floor":49,"key":"SMITH"},{"data":"Grand Finale","floor":52,"key":"SMITH"}],"circlet_count":0,"master_deck":["AscendersBane","Defend_G","Defend_G","Survivor","Neutralize+1","Grand Finale+1","Escape Plan","Prepared+1","Acrobatics","Adrenaline+1","Acrobatics+1","Reflex+1","Tactician+1","Terror+1"],"relics":["Ring of the Snake","REME:ComplimentaryCards","NeowsBlessing","Golden Idol","FossilizedHelix","InkBottle","Odd Mushroom","Art of War","Black Star","Membership Card","White Beast Statue","Bronze Scales","HoveringKite","Incense Burner","Orichalcum","Blue Candle","Pen Nib","Ancient Tea Set","Bag of Marbles","Pantograph","Lizard Tail"],"acts_visited":["Exordium","TheCity","TheBeyond","TheEnding"],"potions_floor_usage":[55],"damage_taken":[{"damage":0.0,"enemies":"Small Slimes","floor":1.0,"turns":1.0},{"damage":0.0,"enemies":"Jaw Worm","floor":5.0,"turns":1.0},{"damage":0.0,"enemies":"Lagavulin","floor":8.0,"turns":1.0},{"damage":0.0,"enemies":"Cultist","floor":10.0,"turns":5.0},{"damage":0.0,"enemies":"2 Fungi Beasts","floor":11.0,"turns":2.0},{"damage":0.0,"enemies":"Exordium Thugs","floor":12.0,"turns":2.0},{"damage":17.0,"enemies":"The Mushroom Lair","floor":13.0,"turns":7.0},{"damage":0.0,"enemies":"Gremlin Nob","floor":14.0,"turns":5.0},{"damage":26.0,"enemies":"The Guardian","floor":16.0,"turns":15.0},{"damage":10.0,"enemies":"Chosen","floor":18.0,"turns":7.0},{"damage":0.0,"enemies":"2 Thieves","floor":24.0,"turns":1.0},{"damage":0.0,"enemies":"Book of Stabbing","floor":30.0,"turns":2.0},{"damage":0.0,"enemies":"Shelled Parasite and Fungi","floor":31.0,"turns":1.0},{"damage":0.0,"enemies":"Collector","floor":33.0,"turns":2.0},{"damage":0.0,"enemies":"Orb Walker","floor":35.0,"turns":1.0},{"damage":0.0,"enemies":"2 Orb Walkers","floor":37.0,"turns":1.0},{"damage":0.0,"enemies":"3 Darklings","floor":38.0,"turns":1.0},{"damage":0.0,"enemies":"Nemesis","floor":42.0,"turns":1.0},{"damage":0.0,"enemies":"4 Shapes","floor":45.0,"turns":1.0},{"damage":0,"enemies":"Giant Head","floor":47,"turns":1},{"damage":0,"enemies":"Spire Growth","floor":48,"turns":1},{"damage":0,"enemies":"Time Eater","floor":50,"turns":3},{"damage":0,"enemies":"Shield and Spear","floor":54,"turns":1},{"damage":96,"enemies":"The Heart","floor":55,"turns":6}],"seed_played":"6878740222760387223","potions_obtained":[{"floor":11.0,"key":"PowerPotion"},{"floor":12.0,"key":"CultistPotion"},{"floor":14.0,"key":"Weak Potion"},{"floor":16.0,"key":"CunningPotion"},{"floor":18.0,"key":"DistilledChaos"},{"floor":33.0,"key":"DistilledChaos"},{"floor":35.0,"key":"Fruit Juice"},{"floor":37.0,"key":"Strength Potion"},{"floor":42.0,"key":"FairyPotion"},{"floor":47,"key":"EntropicBrew"}],"is_trial":false,"path_per_floor":["M","?","?","$","M","R","$","E","T","M","M","M","?","E","R","B",null,"M","?","$","?","$","R","M","R","T","?","$","?","E","M","R","B",null,"M","$","?","M","$","R","?","E","T","R","M","$","E","M","R","B",null,"R","$","E","B",null],"character_chosen":"THE_SILENT","items_purchased":["Membership Card","Bag of Marbles"],"campfire_rested":0,"item_purchase_floors":[22,53],"current_hp_per_floor":[59,64,64,64,64,64,64,64,64,64,64,64,47,47,47,21,53,43,43,43,39,39,39,39,39,39,39,39,39,39,39,39,39,58,63,63,63,63,63,63,63,63,63,63,63,63,63,63,63,63,68,68,68,68,14],"gold":77,"neow_bonus":"THREE_ENEMY_KILL","is_daily":false,"chose_seed":false,"campfire_upgraded":8,"win_rate":0.0,"timestamp":1613641279,"path_taken":["M","?","?","?","?","R","$","E","T","M","M","M","?","E","R","BOSS","M","?","$","?","$","R","?","R","T","?","?","?","E","M","R","BOSS","M","$","?","M","$","R","?","E","T","R","?","?","E","M","R","BOSS","R","$","E","BOSS"],"items_purchased_type":["Relic","Relic"],"build_version":"2020-12-22","purchased_purges":7,"victory":true,"max_hp_per_floor":[66,71,64,64,64,64,64,64,64,64,64,64,64,64,64,64,64,64,64,64,64,64,64,64,64,64,64,64,64,64,64,64,64,64,69,69,69,69,69,69,69,69,69,69,69,69,69,69,69,69,69,69,69,69,69],"card_choices":[{"not_picked":["Quick Slash","Poisoned Stab"],"picked":"Escape Plan","floor":1.0},{"not_picked":["Sucker Punch","Flechettes","Deadly Poison"],"picked":"SKIP","floor":5.0},{"not_picked":["Slice","Poisoned Stab","Storm of Steel"],"picked":"SKIP","floor":8.0},{"not_picked":["Dodge and Roll","Flechettes"],"picked":"Prepared","floor":10.0},{"not_picked":["Cloak And Dagger","Quick Slash","Dagger Throw"],"picked":"SKIP","floor":11.0},{"not_picked":["Deadly Poison","Dagger Throw","Escape Plan"],"picked":"SKIP","floor":12.0},{"not_picked":["Noxious Fumes","Riddle With Holes"],"picked":"Acrobatics","floor":13.0},{"not_picked":["After Image","Dagger Spray"],"picked":"Adrenaline","floor":14.0},{"not_picked":["Sucker Punch","Slice"],"picked":"Acrobatics","floor":18.0},{"not_picked":["Cloak And Dagger","Expertise"],"picked":"Reflex","floor":24.0},{"not_picked":["Blur","Dagger Spray","Tactician+1"],"picked":"SKIP","floor":30.0},{"not_picked":["Slice","Heel Hook","Acrobatics"],"picked":"SKIP","floor":31.0},{"not_picked":["Quick Slash+1","Flying Knee","Footwork+1"],"picked":"SKIP","floor":35.0},{"not_picked":["Dash","Calculated Gamble","PiercingWail"],"picked":"SKIP","floor":38.0},{"not_picked":["A Thousand Cuts","Setup","Leg Sweep"],"picked":"SKIP","floor":42.0},{"not_picked":["Deflect+1","Tactician+1","Accuracy"],"picked":"SKIP","floor":45.0},{"not_picked":["Dagger Throw","Infinite Blades+1","Quick Slash"],"picked":"SKIP","floor":47},{"not_picked":["Infinite Blades+1","Finisher"],"picked":"Terror","floor":48},{"not_picked":["Wraith Form v2","Masterful Stab+1","PiercingWail"],"picked":"SKIP","floor":54}],"player_experience":139925,"relics_obtained":[{"floor":8.0,"key":"FossilizedHelix"},{"floor":9.0,"key":"InkBottle"},{"floor":13.0,"key":"Odd Mushroom"},{"floor":14.0,"key":"Art of War"},{"floor":30.0,"key":"White Beast Statue"},{"floor":30.0,"key":"Bronze Scales"},{"floor":37.0,"key":"Incense Burner"},{"floor":42.0,"key":"Orichalcum"},{"floor":42.0,"key":"Blue Candle"},{"floor":43.0,"key":"Pen Nib"},{"floor":47,"key":"Ancient Tea Set"},{"floor":54,"key":"Pantograph"},{"floor":54,"key":"Lizard Tail"}],"event_choices":[{"damage_healed":0.0,"max_hp_gain":5.0,"max_hp_loss":0.0,"gold_gain":0.0,"event_name":"Big Fish","player_choice":"Donut","floor":2.0,"gold_loss":0.0,"damage_taken":0.0},{"damage_healed":0.0,"max_hp_gain":0.0,"max_hp_loss":7.0,"gold_gain":0.0,"event_name":"Golden Idol","player_choice":"Lose Max HP","floor":3.0,"gold_loss":0.0,"damage_taken":0.0,"relics_obtained":["Golden Idol"]},{"damage_healed":0.0,"max_hp_gain":0.0,"max_hp_loss":0.0,"gold_gain":0.0,"event_name":"Mushrooms","player_choice":"Fought Mushrooms","floor":13.0,"gold_loss":0.0,"damage_taken":0.0},{"damage_healed":0.0,"max_hp_gain":0.0,"max_hp_loss":0.0,"gold_gain":0.0,"event_name":"The Woman in Blue","player_choice":"Bought 0 Potions","floor":21.0,"gold_loss":0.0,"damage_taken":0.0},{"damage_healed":0.0,"max_hp_gain":0.0,"max_hp_loss":0.0,"gold_gain":0.0,"cards_transformed":["Strike_G"],"event_name":"Transmorgrifier","player_choice":"Transformed","floor":27.0,"gold_loss":0.0,"damage_taken":0.0,"cards_obtained":["Sucker Punch"]},{"damage_healed":0.0,"max_hp_gain":0.0,"max_hp_loss":0.0,"gold_gain":0.0,"event_name":"The Library","player_choice":"Read","floor":29.0,"gold_loss":0.0,"damage_taken":0.0,"cards_obtained":["Tactician"]},{"damage_healed":0.0,"max_hp_gain":0.0,"max_hp_loss":0.0,"gold_gain":0.0,"event_name":"Mysterious Sphere","player_choice":"Fight","floor":37.0,"gold_loss":0.0,"damage_taken":0.0},{"cards_removed":["Defend_G"],"damage_healed":0.0,"max_hp_gain":0.0,"max_hp_loss":0.0,"gold_gain":0.0,"event_name":"Bonfire Elementals","player_choice":"Offered Basic","floor":41.0,"gold_loss":0.0,"damage_taken":0.0}],"is_beta":false,"boss_relics":[{"not_picked":["WristBlade","Fusion Hammer"],"picked":"Black Star"},{"not_picked":["SacredBark","Coffee Dripper"],"picked":"HoveringKite"}],"items_purged_floors":[4,20,22,28,36,39,46],"is_endless":false,"potions_floor_spawned":[11,12,14,16,18,31,33,35,37,38,42,45,47,48,54],"ascension_level":19}}