{"host":"vktkbsq2xz4hlm3o","time":1613686600,"event":{"mods":["AchievementEnabler","BaseMod","BetterRewards","Colored Map","Duelist Mod","GifTheSpireLib","Hero for Fun","Minty Spire (QoL Compilation)","Quick Restart","Replay The Spire","StSLib","The Animator","The Necromancer","The Servant 0.9.4"],"gold_per_floor":[15,30,44,44,44,44,44,76,76,106,124,124,142,160,160,261,261,279,279,319,319,331,366,366,366,366,380,380,394,412,412,412,512,512,526,526,526,526,537,566,566,566,586,586,586,613,629,629,647,667,667,667],"floor_reached":53,"language":"ENG","playtime":1442,"items_purged":[],"score":1205,"play_id":"a78a4ea6-030b-4806-9e06-b2102217dcbd","local_time":"20210218171640","is_ascension_mode":false,"campfire_choices":[{"floor":6.0,"key":"RECALL"},{"data":"Strike_Y","floor":12.0,"key":"SMITH"},{"data":"Consecutive_Normal_Punch","floor":15.0,"key":"SMITH"},{"data":"Strike_Y","floor":25,"key":"SMITH"},{"floor":44,"key":"REST"},{"floor":51,"key":"DIG"}],"circlet_count":0,"master_deck":["Strike_Y","Strike_Y+1","Strike_Y+1","Strike_Y","Strike_Y","Defend_Y","Defend_Y","Defend_Y","Defend_Y","Defend_Y","Slap","Side_Hop","Toss_Stone","Regret","Normal_Punch","Serious_Side_Hops","Ignore","Hip_Strike+1","Do_Nothing+1","Side_Hop","Toss_Stone+1","Wear_Disguise","Hop+1","Serious_Side_Hops","Side_Hop","Dramatic Entrance","HandOfGreed","Mayhem","Hip_Strike+1","Yawn+1","Normal_Punch+1","Yawn+1","Consecutive_Normal_Punch","Yawn","Yawn+1","Consecutive_Normal_Punch+1","Consecutive_Normal_Punch"],"relics":["Cape","Mirror","Bag of Preparation","ReplayTheSpireMod:Shallot","Replay:Rubber Ducky","ChewingGum","Replay:Towering Pillar of Hats","Replay:Accelerometer","Bottled Lightning","Philosopher\u0027s Stone","Pen Nib","Lantern","Onion Ring"],"acts_visited":["Exordium","TheCity","TheBeyond"],"potions_floor_usage":[],"damage_taken":[{"damage":0.0,"enemies":"Cultist","floor":1.0,"turns":1.0},{"damage":0.0,"enemies":"2 Louse","floor":2.0,"turns":1.0},{"damage":0.0,"enemies":"Jaw Worm","floor":3.0,"turns":1.0},{"damage":0.0,"enemies":"Gremlin Nob","floor":8.0,"turns":1.0},{"damage":0.0,"enemies":"3 Sentries","floor":10.0,"turns":1.0},{"damage":0.0,"enemies":"2 Fungi Beasts","floor":11.0,"turns":1.0},{"damage":0.0,"enemies":"Large Slime","floor":13.0,"turns":1.0},{"damage":0.0,"enemies":"Gremlin Gang","floor":14.0,"turns":2.0},{"damage":0.0,"enemies":"The Guardian","floor":16.0,"turns":1.0},{"damage":0.0,"enemies":"Spheric Guardian","floor":18.0,"turns":1.0},{"damage":0,"enemies":"Shell Parasite","floor":22,"turns":1},{"damage":0,"enemies":"theDuelist:KaibaA2","floor":23,"turns":1},{"damage":0,"enemies":"Shelled Parasite and Fungi","floor":27,"turns":1},{"damage":0,"enemies":"Snecko","floor":29,"turns":1},{"damage":0,"enemies":"Centurion and Healer","floor":30,"turns":2},{"damage":0,"enemies":"Snake Plant","floor":31,"turns":1},{"damage":0,"enemies":"Collector","floor":33,"turns":1},{"damage":0,"enemies":"3 Darklings","floor":35,"turns":1},{"damage":0,"enemies":"Orb Walker","floor":38,"turns":1},{"damage":0,"enemies":"Jaw Worm Horde","floor":39,"turns":1},{"damage":0,"enemies":"Reptomancer","floor":40,"turns":1},{"damage":0,"enemies":"Transient","floor":43,"turns":1},{"damage":0,"enemies":"R_Hoarder","floor":46,"turns":1},{"damage":0,"enemies":"Spire Growth","floor":47,"turns":1},{"damage":0,"enemies":"4 Shapes","floor":48,"turns":1},{"damage":0,"enemies":"Transient","floor":49,"turns":1},{"damage":0,"enemies":"Sphere and 2 Shapes","floor":50,"turns":1},{"damage":0,"enemies":"Awakened One","floor":52,"turns":2}],"seed_played":"-5081602363831473037","potions_obtained":[{"floor":3.0,"key":"Explosive Potion"},{"floor":8.0,"key":"PowerPotion"},{"floor":14.0,"key":"Venom Potion"}],"is_trial":false,"path_per_floor":["M","M","M","$","?","R","$","E","T","E","M","R","M","M","R","B",null,"M","?","?","$","M","E","?","R","T","M","?","M","M","M","R_BF","B",null,"M","?","?","M","M","E","PTL","PTL","M","R","T","E","M","M","M","M","R_BF","B",null],"character_chosen":"OPM","items_purchased":[],"campfire_rested":1,"item_purchase_floors":[],"current_hp_per_floor":[1098,1098,1098,1098,1098,1098,1098,1098,1098,1098,1098,1098,1098,1098,1098,1098,1098,1098,1098,1098,1098,1098,1098,1103,1103,1103,1103,1103,1103,1103,1103,1103,1103,1103,1103,1103,1103,1103,1103,1103,1103,1103,1103,1103,1103,1103,1103,1103,1103,1103,1103,1103],"gold":667,"neow_bonus":"TEN_PERCENT_HP_BONUS","is_daily":false,"chose_seed":false,"campfire_upgraded":3,"win_rate":0.0,"timestamp":1613686600,"path_taken":["M","?","M","$","?","R","$","E","T","E","M","R","M","M","R","BOSS","M","?","?","$","M","E","?","R","T","M","?","M","M","M","R_BF","BOSS","M","?","?","M","?","E","PTL","PTL","M","R","T","E","M","M","M","M","R_BF","BOSS"],"items_purchased_type":[],"build_version":"2020-12-22","purchased_purges":0,"victory":true,"max_hp_per_floor":[1098,1098,1098,1098,1098,1098,1098,1098,1098,1098,1098,1098,1098,1098,1098,1098,1098,1098,1098,1098,1098,1098,1098,1103,1103,1103,1103,1103,1103,1103,1103,1103,1103,1103,1103,1103,1103,1103,1103,1103,1103,1103,1103,1103,1103,1103,1103,1103,1103,1103,1103,1103],"card_choices":[{"not_picked":["Yawn","Ignore"],"picked":"Slap","floor":1.0},{"not_picked":["Ignore","Normal_Punch"],"picked":"Side_Hop","floor":2.0},{"not_picked":["Normal_Punch","Side_Hop"],"picked":"Toss_Stone","floor":3.0},{"not_picked":["Yawn","Do_Nothing"],"picked":"Normal_Punch","floor":8.0},{"not_picked":["Terrifying_Presence","Side_Hop"],"picked":"Serious_Side_Hops","floor":10.0},{"not_picked":["Toss_Stone","Yawn","Consecutive_Normal_Punch"],"picked":"SKIP","floor":11.0},{"not_picked":["Hop","Normal_Punch"],"picked":"Ignore","floor":13.0},{"not_picked":["Ignore","Slap"],"picked":"Consecutive_Normal_Punch","floor":14.0},{"not_picked":["Terrifying_Presence","Oh"],"picked":"Hip_Strike","floor":16.0},{"not_picked":["Slap","Yawn"],"picked":"Do_Nothing+1","floor":18.0},{"not_picked":["Hop","Yawn"],"picked":"Side_Hop","floor":20},{"not_picked":["Hop","Yawn"],"picked":"Toss_Stone+1","floor":22},{"not_picked":["Do_Nothing","Slap"],"picked":"Wear_Disguise","floor":23},{"not_picked":["Side_Hop","Ignore"],"picked":"Hop+1","floor":27},{"not_picked":["Slap","Side_Hop","Ignore+1"],"picked":"SKIP","floor":29},{"not_picked":["Side_Hop","Serious_Side_Hops","Yawn"],"picked":"SKIP","floor":30},{"not_picked":["Side_Hop","Hop+1","Yawn"],"picked":"SKIP","floor":31},{"not_picked":["Oh","Hip_Strike"],"picked":"Serious_Side_Hops","floor":33},{"not_picked":["Do_Nothing","Hop+1"],"picked":"Side_Hop","floor":35},{"not_picked":["ReplayTheSpireMod:Necrogeddon","ReplayTheSpireMod:Uncanny Aura"],"picked":"Dramatic Entrance","floor":36},{"not_picked":["ReplayTheSpireMod:Trickstab","Panache"],"picked":"HandOfGreed","floor":36},{"not_picked":["ReplayTheSpireMod:Private Reserves","Replay:Bootleg Shield Generator"],"picked":"Mayhem","floor":36},{"not_picked":["Hop","Ignore+1"],"picked":"Yawn+1","floor":38},{"not_picked":["Hop","Ignore","Yawn+1"],"picked":"SKIP","floor":39},{"not_picked":["Side_Hop","Do_Nothing"],"picked":"Normal_Punch+1","floor":40},{"not_picked":["Hop","Ignore"],"picked":"Yawn+1","floor":43},{"not_picked":["Side_Hop","Ignore"],"picked":"Consecutive_Normal_Punch","floor":46},{"not_picked":["Ignore+1","Hop"],"picked":"Yawn","floor":47},{"not_picked":["Wear_Disguise+1","Consecutive_Normal_Punch+1"],"picked":"Yawn+1","floor":48},{"not_picked":["Ignore+1","Serious_Side_Hops"],"picked":"Consecutive_Normal_Punch+1","floor":49},{"not_picked":["Yawn+1","Normal_Punch"],"picked":"Consecutive_Normal_Punch","floor":50}],"player_experience":19065,"relics_obtained":[{"floor":8.0,"key":"Bag of Preparation"},{"floor":9.0,"key":"ReplayTheSpireMod:Shallot"},{"floor":10.0,"key":"Replay:Rubber Ducky"},{"floor":20,"key":"Replay:Towering Pillar of Hats"},{"floor":23,"key":"Replay:Accelerometer"},{"floor":26,"key":"Bottled Lightning"},{"floor":40,"key":"Pen Nib"},{"floor":46,"key":"Lantern"},{"floor":51,"key":"Onion Ring"}],"event_choices":[{"damage_healed":0.0,"max_hp_gain":0.0,"max_hp_loss":0.0,"gold_gain":0.0,"event_name":"Big Fish","player_choice":"Box","floor":5.0,"gold_loss":0.0,"damage_taken":0.0,"relics_obtained":["Mirror"],"cards_obtained":["Regret"]},{"damage_healed":362,"gold_gain":0,"player_choice":"Heal","damage_taken":0,"max_hp_gain":0,"max_hp_loss":0,"event_name":"The Library","floor":19,"gold_loss":0},{"damage_healed":0,"gold_gain":0,"player_choice":"Shed Blood","damage_taken":275,"max_hp_gain":5,"max_hp_loss":0,"event_name":"Forgotten Altar","floor":24,"gold_loss":0},{"damage_healed":0,"gold_gain":0,"player_choice":"Forge","damage_taken":0,"max_hp_gain":0,"max_hp_loss":0,"event_name":"Accursed Blacksmith","floor":28,"gold_loss":0,"cards_upgraded":["Hip_Strike"]},{"cards_removed":["Consecutive_Normal_Punch"],"damage_healed":0,"gold_gain":0,"player_choice":"Offered Uncommon","damage_taken":0,"max_hp_gain":0,"max_hp_loss":0,"event_name":"Bonfire Elementals","floor":32,"gold_loss":0},{"damage_healed":0,"gold_gain":0,"player_choice":"Memory 3","damage_taken":10,"max_hp_gain":0,"max_hp_loss":0,"event_name":"SensoryStone","floor":36,"gold_loss":0},{"damage_healed":0,"gold_gain":0,"player_choice":"Copied","damage_taken":0,"max_hp_gain":0,"max_hp_loss":0,"event_name":"Duplicator","floor":37,"gold_loss":0,"cards_obtained":["Hip_Strike"]}],"is_beta":false,"boss_relics":[{"not_picked":["Replay:Wanted Poster","Replay:Ancient Bell"],"picked":"ChewingGum"},{"not_picked":["Replay:Drink Me","Black Star"],"picked":"Philosopher\u0027s Stone"}],"items_purged_floors":[],"is_endless":false,"potions_floor_spawned":[3,8,14,16,22,23,29,35,39,46,47],"ascension_level":0}}