{"host":"hbrjinenk1akq1dy","time":1613658049,"event":{"mods":["BaseMod","Colored Map","Colored Powertips","Highlight Path","Minty Spire (QoL Compilation)","Quick Restart","StSLib","SuperFastMode"],"gold_per_floor":[114,114,64,64,74,108,108,119,119,131,131,62,73,35,35,137,137,155,80,96,6,20,52,52,79,79,111,131,158,169,181,181,283,283,296,312,329,24,38,38,92,127,152,202,232,232,251,77,77,77],"floor_reached":51,"language":"ENG","playtime":2865,"items_purged":["Strike_G","Strike_G+1"],"score":1016,"play_id":"f7d006ec-5460-4af1-9201-156b98d05a4b","local_time":"20210218222049","is_ascension_mode":true,"campfire_choices":[{"data":"Neutralize","floor":7.0,"key":"SMITH"},{"data":"PiercingWail","floor":11.0,"key":"SMITH"},{"data":"Noxious Fumes","floor":15.0,"key":"SMITH"},{"data":"Adrenaline","floor":24.0,"key":"SMITH"},{"floor":32.0,"key":"REST"},{"data":"Burst","floor":49,"key":"SMITH"}],"circlet_count":0,"master_deck":["Defend_G","Defend_G","Survivor","Neutralize+1","PiercingWail+1","Catalyst","PiercingWail","Noxious Fumes+1","Well Laid Plans","Adrenaline+1","Backflip","Blur+1","Crippling Poison","Burst+1","Bullet Time","Noxious Fumes","Catalyst+1","Master of Strategy","Backflip+1","Madness","Madness","Crippling Poison+1","Adrenaline"],"relics":["Ring of the Snake","NeowsBlessing","Bottled Lightning","Ninja Scroll","Philosopher\u0027s Stone","Mercury Hourglass","The Specimen","Paper Crane","Happy Flower","Darkstone Periapt","Empty Cage","StoneCalendar","Girya","Whetstone","Strawberry","Bird Faced Urn","Pen Nib"],"acts_visited":["Exordium","TheCity","TheBeyond"],"potions_floor_usage":[],"damage_taken":[{"damage":0.0,"enemies":"Jaw Worm","floor":1.0,"turns":1.0},{"damage":0.0,"enemies":"2 Louse","floor":5.0,"turns":1.0},{"damage":0.0,"enemies":"Gremlin Nob","floor":6.0,"turns":1.0},{"damage":0.0,"enemies":"Cultist","floor":8.0,"turns":4.0},{"damage":5.0,"enemies":"Lots of Slimes","floor":10.0,"turns":6.0},{"damage":19.0,"enemies":"Exordium Thugs","floor":13.0,"turns":7.0},{"damage":19.0,"enemies":"The Guardian","floor":16.0,"turns":12.0},{"damage":8.0,"enemies":"Spheric Guardian","floor":18.0,"turns":6.0},{"damage":0.0,"enemies":"Chosen","floor":20.0,"turns":6.0},{"damage":5.0,"enemies":"Snake Plant","floor":22.0,"turns":6.0},{"damage":7.0,"enemies":"Book of Stabbing","floor":23.0,"turns":7.0},{"damage":20.0,"enemies":"Slavers","floor":25.0,"turns":6.0},{"damage":3.0,"enemies":"Gremlin Leader","floor":27.0,"turns":6.0},{"damage":0.0,"enemies":"Snecko","floor":28.0,"turns":6.0},{"damage":2.0,"enemies":"Slavers","floor":29.0,"turns":5.0},{"damage":7.0,"enemies":"Centurion and Healer","floor":30.0,"turns":6.0},{"damage":0.0,"enemies":"Sentry and Sphere","floor":31.0,"turns":4.0},{"damage":37.0,"enemies":"Champ","floor":33.0,"turns":21.0},{"damage":9.0,"enemies":"Orb Walker","floor":35.0,"turns":6.0},{"damage":3,"enemies":"3 Darklings","floor":36,"turns":6},{"damage":4,"enemies":"Transient","floor":37,"turns":5},{"damage":0,"enemies":"Sphere and 2 Shapes","floor":39,"turns":4},{"damage":11,"enemies":"2 Orb Walkers","floor":41,"turns":4},{"damage":0,"enemies":"Giant Head","floor":42,"turns":5},{"damage":0,"enemies":"Mind Bloom Boss Battle","floor":44,"turns":6},{"damage":4,"enemies":"Nemesis","floor":45,"turns":5},{"damage":14,"enemies":"4 Shapes","floor":47,"turns":5},{"damage":0,"enemies":"Donu and Deca","floor":50,"turns":7}],"seed_played":"-2116033832009009227","potions_obtained":[{"floor":6.0,"key":"DistilledChaos"},{"floor":13.0,"key":"SpeedPotion"},{"floor":22.0,"key":"LiquidBronze"},{"floor":31.0,"key":"Ancient Potion"},{"floor":33.0,"key":"SpeedPotion"},{"floor":36,"key":"GamblersBrew"},{"floor":39,"key":"Fire Potion"},{"floor":45,"key":"Poison Potion"}],"is_trial":false,"path_per_floor":["M","?","?","?","M","E","R","M","T","M","R","$","M","$","R","B",null,"M","$","M","?","M","E","R","E","T","E","M","E","M","M","R","B",null,"M","M","M","$","M","?","?","E","T","?","E","?","M","$","R","B",null],"character_chosen":"THE_SILENT","items_purchased":["Noxious Fumes","Well Laid Plans","StoneCalendar","Adrenaline"],"campfire_rested":1,"item_purchase_floors":[12,14,38,48],"current_hp_per_floor":[70,63,63,63,63,63,63,63,63,58,58,58,39,39,39,20,70,62,62,62,62,57,50,50,30,30,27,27,25,18,18,39,2,70,61,58,54,54,54,54,43,43,50,50,52,42,34,34,34,40],"gold":77,"neow_bonus":"THREE_ENEMY_KILL","is_daily":false,"chose_seed":false,"campfire_upgraded":5,"win_rate":0.0,"timestamp":1613658049,"path_taken":["M","?","?","?","M","E","R","?","T","M","R","$","M","$","R","BOSS","M","?","M","?","?","E","R","E","T","E","M","E","M","?","R","BOSS","M","?","M","$","M","?","?","E","T","?","E","?","M","?","R","BOSS"],"items_purchased_type":["Card","Card","Relic","Card"],"build_version":"2020-12-22","purchased_purges":2,"victory":true,"max_hp_per_floor":[70,70,70,70,70,70,70,70,70,70,70,70,70,70,70,70,70,70,70,70,70,70,70,70,70,70,70,70,70,70,70,70,70,70,70,70,70,70,70,70,70,70,77,77,77,77,77,77,77,77],"card_choices":[{"not_picked":["Leg Sweep","Deflect"],"picked":"PiercingWail","floor":1.0},{"not_picked":["Footwork","Dodge and Roll"],"picked":"Catalyst","floor":5.0},{"not_picked":["Heel Hook","Outmaneuver","Dagger Throw"],"picked":"SKIP","floor":6.0},{"not_picked":["Cloak And Dagger","Backstab"],"picked":"PiercingWail","floor":8.0},{"not_picked":["Slice","Dagger Spray","Underhanded Strike"],"picked":"SKIP","floor":10.0},{"not_picked":["Dagger Throw","All Out Attack","Accuracy"],"picked":"SKIP","floor":13.0},{"not_picked":["Wraith Form v2","Bullet Time"],"picked":"Adrenaline","floor":16.0},{"not_picked":["Poisoned Stab+1","Slice"],"picked":"Backflip","floor":18.0},{"not_picked":["Slice","Footwork+1"],"picked":"Blur","floor":20.0},{"not_picked":["Flying Knee","Dagger Throw"],"picked":"Crippling Poison","floor":22.0},{"not_picked":["Concentrate","Blur","Poisoned Stab"],"picked":"SKIP","floor":23.0},{"not_picked":["Deflect","Finisher+1"],"picked":"Burst","floor":25.0},{"not_picked":["Acrobatics","Dagger Throw","Leg Sweep"],"picked":"SKIP","floor":27.0},{"not_picked":["Dash+1","PiercingWail","Heel Hook+1"],"picked":"SKIP","floor":28.0},{"not_picked":["Masterful Stab","Acrobatics","Blade Dance"],"picked":"SKIP","floor":29.0},{"not_picked":["Dagger Throw","Choke+1","Expertise+1"],"picked":"SKIP","floor":30.0},{"not_picked":["Flechettes","Reflex","Acrobatics+1"],"picked":"SKIP","floor":31.0},{"not_picked":["Storm of Steel","A Thousand Cuts"],"picked":"Bullet Time","floor":33.0},{"not_picked":["Cloak And Dagger+1","Quick Slash+1"],"picked":"Noxious Fumes","floor":35.0},{"not_picked":["Backflip","Poisoned Stab"],"picked":"Catalyst+1","floor":36},{"not_picked":["Sucker Punch","Prepared+1","Deflect"],"picked":"SKIP","floor":37},{"not_picked":["Quick Slash","Flechettes","Choke"],"picked":"SKIP","floor":39},{"not_picked":["Dark Shackles","Deep Breath"],"picked":"Master of Strategy","floor":40},{"not_picked":["Sucker Punch","Dodge and Roll"],"picked":"Backflip+1","floor":41},{"not_picked":["Reflex","Accuracy+1","Terror"],"picked":"SKIP","floor":42},{"not_picked":["Distraction","Dagger Spray","Predator+1"],"picked":"SKIP","floor":45},{"not_picked":["Distraction","Cloak And Dagger+1"],"picked":"Crippling Poison+1","floor":47}],"player_experience":204080,"relics_obtained":[{"floor":6.0,"key":"Bottled Lightning"},{"floor":9.0,"key":"Ninja Scroll"},{"floor":23.0,"key":"Mercury Hourglass"},{"floor":25.0,"key":"The Specimen"},{"floor":26.0,"key":"Paper Crane"},{"floor":27.0,"key":"Happy Flower"},{"floor":29.0,"key":"Darkstone Periapt"},{"floor":41,"key":"Girya"},{"floor":42,"key":"Whetstone"},{"floor":43,"key":"Strawberry"},{"floor":44,"key":"Bird Faced Urn"},{"floor":45,"key":"Pen Nib"}],"event_choices":[{"cards_removed":["Defend_G"],"damage_healed":0.0,"max_hp_gain":0.0,"max_hp_loss":0.0,"gold_gain":0.0,"event_name":"Golden Wing","player_choice":"Card Removal","floor":2.0,"gold_loss":0.0,"damage_taken":7.0},{"cards_removed":["Strike_G"],"damage_healed":0.0,"max_hp_gain":0.0,"max_hp_loss":0.0,"gold_gain":0.0,"event_name":"The Cleric","player_choice":"Card Removal","floor":3.0,"gold_loss":50.0,"damage_taken":0.0},{"cards_removed":["Defend_G"],"damage_healed":0.0,"max_hp_gain":0.0,"max_hp_loss":0.0,"gold_gain":0.0,"event_name":"Bonfire Elementals","player_choice":"Offered Basic","floor":4.0,"gold_loss":0.0,"damage_taken":0.0},{"cards_removed":["Defend_G"],"damage_healed":0.0,"max_hp_gain":0.0,"max_hp_loss":0.0,"gold_gain":0.0,"event_name":"Designer","player_choice":"Upgrade and Remove","floor":21.0,"gold_loss":90.0,"damage_taken":0.0,"cards_upgraded":["Blur"]},{"damage_healed":0,"gold_gain":0,"player_choice":"Memory 1","damage_taken":0,"max_hp_gain":0,"max_hp_loss":0,"event_name":"SensoryStone","floor":40,"gold_loss":0},{"damage_healed":0,"gold_gain":0,"player_choice":"Fight","damage_taken":0,"max_hp_gain":0,"max_hp_loss":0,"event_name":"Mysterious Sphere","floor":41,"gold_loss":0},{"damage_healed":0,"gold_gain":0,"player_choice":"Fight","damage_taken":0,"max_hp_gain":0,"max_hp_loss":0,"event_name":"MindBloom","floor":44,"gold_loss":0},{"damage_healed":0,"gold_gain":0,"player_choice":"Embrace Madness","damage_taken":10,"max_hp_gain":0,"max_hp_loss":0,"event_name":"Winding Halls","floor":46,"gold_loss":0,"cards_obtained":["Madness","Madness"]}],"is_beta":false,"boss_relics":[{"not_picked":["Tiny House","Astrolabe"],"picked":"Philosopher\u0027s Stone"},{"not_picked":["Sozu","Black Star"],"picked":"Empty Cage"}],"items_purged_floors":[19,48],"is_endless":false,"potions_floor_spawned":[6,13,22,23,31,33,36,39,45],"ascension_level":3}}