{"host":"js2su9tbbk4rmjfl","time":1613607356,"event":{"mods":["AchievementEnabler","BaseMod","Block Reminder","Colored Map","Colored Powertips","Highlight Path","Minty Spire (QoL Compilation)","Relic Stats"],"gold_per_floor":[119,132,148,168,178,178,207,207,233,233,243,271,285,285,285,285,285],"floor_reached":16,"language":"ENG","playtime":671,"items_purged":[],"score":217,"play_id":"64d5e2c1-d4b3-43e0-bb6f-934dc04b094d","local_time":"20210218011556","is_ascension_mode":true,"campfire_choices":[{"data":"Double Tap","floor":6,"key":"SMITH"},{"data":"True Grit","floor":8,"key":"SMITH"},{"data":"Metallicize","floor":10,"key":"SMITH"},{"floor":15,"key":"REST"}],"circlet_count":0,"master_deck":["AscendersBane","Strike_R","Strike_R","Strike_R","Strike_R","Strike_R","Defend_R","Defend_R","Defend_R","Defend_R","Bash","Wild Strike","Sword Boomerang","Cleave","Double Tap+1","Metallicize+1","True Grit+1","Whirlwind","Spot Weakness"],"relics":["Burning Blood","Vajra","Omamori","Boot","Regal Pillow"],"acts_visited":["Exordium"],"potions_floor_usage":[4,7,12,13,16,16],"damage_taken":[{"damage":13,"enemies":"Cultist","floor":1,"turns":5},{"damage":6,"enemies":"2 Louse","floor":2,"turns":3},{"damage":4,"enemies":"Small Slimes","floor":3,"turns":3},{"damage":0,"enemies":"2 Fungi Beasts","floor":4,"turns":2},{"damage":13,"enemies":"Red Slaver","floor":5,"turns":3},{"damage":33,"enemies":"Gremlin Nob","floor":7,"turns":4},{"damage":0,"enemies":"Large Slime","floor":11,"turns":4},{"damage":40,"enemies":"Lagavulin","floor":12,"turns":4},{"damage":3,"enemies":"Looter","floor":13,"turns":4},{"damage":49,"enemies":"Hexaghost","floor":16,"turns":9}],"seed_played":"-8115269206953422379","potions_obtained":[{"floor":1,"key":"LiquidBronze"},{"floor":3,"key":"BlessingOfTheForge"},{"floor":11,"key":"SteroidPotion"},{"floor":12,"key":"Weak Potion"},{"floor":14,"key":"SteroidPotion"},{"floor":14,"key":"ElixirPotion"}],"is_trial":false,"path_per_floor":["M","M","M","M","M","R","E","R","T","R","M","E","M","?","R","B"],"character_chosen":"IRONCLAD","items_purchased":[],"campfire_rested":1,"item_purchase_floors":[],"current_hp_per_floor":[61,61,63,69,62,62,35,35,35,35,41,7,10,10,47,0,0],"gold":285,"neow_bonus":"RANDOM_COMMON_RELIC","is_daily":false,"chose_seed":false,"campfire_upgraded":3,"win_rate":0.0,"timestamp":1613607356,"path_taken":["M","?","M","M","M","R","E","R","T","R","M","E","M","?","R","BOSS"],"items_purchased_type":[],"build_version":"2020-12-22","purchased_purges":0,"victory":false,"max_hp_per_floor":[75,75,75,75,75,75,75,75,75,75,75,75,75,75,75,75,75],"relic_stats":{"Regal Pillow":15,"counters":[10,41],"Boot":[10],"obtain_stats":[{"Regal Pillow":12,"Vajra":0,"Omamori":7,"Boot":9,"Burning Blood":0},{"Regal Pillow":8,"Vajra":0,"Omamori":6,"Boot":6,"Burning Blood":0},{"Regal Pillow":28,"Vajra":0,"Omamori":20,"Boot":20,"Burning Blood":0}],"Burning Blood":54},"card_choices":[{"not_picked":["Body Slam","Clothesline"],"picked":"Wild Strike","floor":1},{"not_picked":["Shrug It Off","Clash"],"picked":"Sword Boomerang","floor":2},{"not_picked":["Pommel Strike","Intimidate"],"picked":"Cleave","floor":3},{"not_picked":["Havoc","Iron Wave"],"picked":"Double Tap","floor":4},{"not_picked":["Clothesline","Heavy Blade"],"picked":"Metallicize","floor":5},{"not_picked":["Second Wind","Havoc"],"picked":"True Grit","floor":7},{"not_picked":["Flex","Pummel"],"picked":"Whirlwind","floor":11},{"not_picked":["Uppercut","Feel No Pain","Body Slam"],"picked":"SKIP","floor":12},{"not_picked":["Armaments","Havoc"],"picked":"Spot Weakness","floor":13}],"player_experience":830313,"relics_obtained":[{"floor":7,"key":"Omamori"},{"floor":9,"key":"Boot"},{"floor":12,"key":"Regal Pillow"}],"event_choices":[{"damage_healed":0,"gold_gain":0,"player_choice":"Got Potions","damage_taken":0,"max_hp_gain":0,"max_hp_loss":0,"event_name":"Lab","floor":14,"gold_loss":0}],"is_beta":false,"boss_relics":[],"items_purged_floors":[],"is_endless":false,"potions_floor_spawned":[1,3,11,12],"killed_by":"Hexaghost","ascension_level":18}}