{"host":"mu5qkq7030l6349q","time":1613672257,"event":{"mods":["AchievementEnabler","BaseMod","Colored Powertips","Downfall","Highlight Path","Minty Spire (QoL Compilation)","Permanent Neow","Rare Cards Sparkle","Replay The Spire","StSLib"],"gold_per_floor":[114,129,129,129,148,167,167,186,211,249,268,306,325,325,325],"floor_reached":14,"language":"ENG","playtime":862,"items_purged":[],"score":104,"play_id":"3fc5b73f-f6b6-49aa-a465-38e6ab1dc929","local_time":"20210218191737","daily_mods":["downfall:Improvised","Green Cards","Night Terrors"],"is_ascension_mode":false,"campfire_choices":[{"data":"sneckomod:UnknownUncommonPower","floor":7,"key":"SMITH"}],"circlet_count":0,"master_deck":["Strike_B","Strike_B","Strike_B","Strike_B","Defend_B","Defend_B","Defend_B","Defend_B","Zap","Dualcast","sneckomod:UnknownCommonAttack","sneckomod:UnknownCommonAttack","sneckomod:UnknownCommonAttack","sneckomod:UnknownCommonSkill","sneckomod:UnknownCommonSkill","sneckomod:UnknownCommonSkill","sneckomod:UnknownUncommonAttack","sneckomod:UnknownUncommonSkill","sneckomod:UnknownUncommonPower+1","sneckomod:Unknown","Ball Lightning","Hallucinations","Delirium","Turbo","Conserve Battery"],"relics":["Cracked Core","Golden Idol","downfall:ExtraCursedKey","Pet Ghost","Gremlin Horn","Replay:Mystery Machine"],"acts_visited":["Exordium"],"potions_floor_usage":[],"damage_taken":[{"damage":1,"enemies":"Jaw Worm","floor":1,"turns":2},{"damage":4,"enemies":"2 Louse","floor":2,"turns":3},{"damage":3,"enemies":"Cultist","floor":5,"turns":2},{"damage":9,"enemies":"Looter","floor":6,"turns":4},{"damage":12,"enemies":"Blue Slaver","floor":8,"turns":2},{"damage":9,"enemies":"Gremlin Nob","floor":10,"turns":4},{"damage":5,"enemies":"Exordium Wildlife","floor":11,"turns":3},{"damage":14,"enemies":"3 Sentries","floor":12,"turns":4},{"damage":8,"enemies":"3 Louse","floor":13,"turns":3},{"damage":9,"enemies":"Lagavulin","floor":14,"turns":2}],"seed_played":"-4060160915487772418","potions_obtained":[{"floor":1,"key":"SpeedPotion"},{"floor":5,"key":"Adrenaline Potion"},{"floor":10,"key":"Block Potion"}],"is_trial":false,"path_per_floor":["M","M","?","?","M","M","R","M","T","E","M","E","M","E"],"character_chosen":"DEFECT","items_purchased":[],"campfire_rested":0,"item_purchase_floors":[],"current_hp_per_floor":[74,70,69,69,66,57,57,45,45,36,31,17,9,0,0],"gold":325,"neow_bonus":"","is_daily":true,"chose_seed":false,"campfire_upgraded":1,"win_rate":0.0,"timestamp":1613672257,"path_taken":["M","M","?","?","M","M","R","M","T","E","M","E","M","E"],"items_purchased_type":[],"build_version":"2020-12-22","purchased_purges":0,"victory":false,"max_hp_per_floor":[75,75,69,69,69,69,69,69,69,69,69,69,69,69,69],"card_choices":[{"not_picked":["Underhanded Strike","Dash","Outmaneuver"],"picked":"SKIP","floor":1},{"not_picked":["Blur","Deflect","Static Discharge"],"picked":"SKIP","floor":2},{"not_picked":["Cloak And Dagger","Sucker Punch"],"picked":"Ball Lightning","floor":5},{"not_picked":["Steam","FTL","Riddle With Holes"],"picked":"SKIP","floor":6},{"not_picked":["Redo","All Out Attack","Dagger Throw"],"picked":"SKIP","floor":8},{"not_picked":["Corpse Explosion","Barrage","Choke"],"picked":"SKIP","floor":10},{"not_picked":["Flechettes","ReplayTheSpireMod:Scrap Shanks"],"picked":"Turbo","floor":11},{"not_picked":["ReplayTheSpireMod:GoodbyeWorld","Defragment"],"picked":"Conserve Battery","floor":12},{"not_picked":["Dagger Throw","Corpse Explosion","Compile Driver"],"picked":"SKIP","floor":13}],"player_experience":47242,"relics_obtained":[{"floor":9,"key":"Pet Ghost"},{"floor":10,"key":"Gremlin Horn"},{"floor":12,"key":"Replay:Mystery Machine"}],"event_choices":[{"damage_healed":0,"gold_gain":0,"player_choice":"Lose Max HP","damage_taken":0,"relics_obtained":["Golden Idol"],"max_hp_gain":0,"max_hp_loss":6,"event_name":"Golden Idol","floor":3,"gold_loss":0}],"is_beta":false,"boss_relics":[],"items_purged_floors":[],"is_endless":false,"potions_floor_spawned":[1,5,10,13],"killed_by":"Lagavulin","ascension_level":0}}