{"host":"mm0v83pkg2fvsdgl","time":1613633597,"event":{"mods":["2.2 Compatiblity","Alarm Clock","AlwaysNeverKeys","BaseMod","Beaked The Cultist","Bestiary","Better Altar","Better Match","Better Note","Better Sensory Stone","Better Silent Start","Better Third Choice","Clawfect","Displayed Cursed Tome","Energized Spire","Friendly Minions","Highlight Path","Ironclad Rager","Keyboard Shortcuts","Lotus Mark","Marisa????????","Marked Mod","Mimic Mod","Minty Spire (QoL Compilation)","Permanent Neow","Railgun Mod","Remove Card Discount Mod","Shade Mod","Somnambulant","Spicy Shops","StSLib","Swap Starting Deck Mod","The Construct","The Disciple","The Dragon Tamer","TheHeartMod","TheVacant","Transform Curses","Unceasing Turn Reminder","Wandering Minibosses"],"gold_per_floor":[114,134,147,322,340,340,351,351,351,351,376,57,73,73,73,169,169,186,205,205,155,171,191,210,210,210],"floor_reached":25,"language":"ENG","playtime":1378,"items_purged":["Doubt","Perfected Strike","Bash","Strike_R","Strike_R","Strike_R","Strike_R","Strike_R","Defend_R","Defend_R"],"score":207,"play_id":"1c31e740-86bf-4a1d-8b96-5d065d8091c0","local_time":"20210218023317","daily_mods":["Heirloom","Uncertain Future"],"is_ascension_mode":false,"campfire_choices":[{"data":"True Grit","floor":6,"key":"SMITH"},{"data":"Heavy Blade","floor":10,"key":"SMITH"},{"data":"ICR:VitalStrike","floor":15,"key":"SMITH"}],"circlet_count":0,"master_deck":["Defend_R","Defend_R","True Grit+1","Thunderclap","Warcry","Headbutt","Heavy Blade+1","Rupture","ICR:VitalStrike+1","Entrench","Body Slam","Mayhem","Juggernaut","Armaments+1","Heavy Blade","Thunderclap+1"],"relics":["Burning Blood","construct:BoolHorns","Blood Vial","Meat on the Bone","StrikeDummy","Membership Card","Coffee Dripper","wanderingMiniBosses:Inkheart"],"acts_visited":["Exordium","TheCity"],"potions_floor_usage":[25],"damage_taken":[{"damage":6,"enemies":"2 Louse","floor":1,"turns":2},{"damage":2,"enemies":"Small Slimes","floor":2,"turns":6},{"damage":1,"enemies":"Cultist","floor":3,"turns":4},{"damage":10,"enemies":"Looter","floor":5,"turns":4},{"damage":27,"enemies":"Large Slime","floor":7,"turns":6},{"damage":6,"enemies":"Gremlin Nob","floor":11,"turns":3},{"damage":5,"enemies":"3 Louse","floor":13,"turns":3},{"damage":28,"enemies":"The Guardian","floor":16,"turns":9},{"damage":0,"enemies":"Spheric Guardian","floor":18,"turns":6},{"damage":1,"enemies":"Chosen","floor":19,"turns":4},{"damage":17,"enemies":"Snecko","floor":22,"turns":4},{"damage":16,"enemies":"Snake Plant","floor":23,"turns":3},{"damage":55,"enemies":"Shelled Parasite and Fungi","floor":24,"turns":8},{"damage":28,"enemies":"Slavers","floor":25,"turns":3}],"seed_played":"-9112948089829787874","potions_obtained":[{"floor":2,"key":"Ancient Potion"},{"floor":11,"key":"Weak Potion"},{"floor":13,"key":"Strength Potion"},{"floor":22,"key":"DuplicationPotion"}],"is_trial":true,"path_per_floor":["M","M","M","?","M","R","M","?","T","R","E","$","M","?","R","B",null,"M","M","?","?","M","M","M","E"],"character_chosen":"IRONCLAD","items_purchased":["Membership Card","Rupture","ICR:VitalStrike","Entrench"],"campfire_rested":0,"item_purchase_floors":[12,12,12,12],"current_hp_per_floor":[80,80,80,80,76,76,55,43,43,43,57,57,60,60,60,52,80,80,80,80,80,69,61,26,0,0],"gold":210,"neow_bonus":"","is_daily":false,"chose_seed":false,"campfire_upgraded":3,"win_rate":0.0,"timestamp":1613633597,"path_taken":["M","M","M","?","M","R","M","?","T","R","E","$","M","?","R","BOSS","M","M","?","?","M","M","M","E"],"items_purchased_type":["Relic","Card","Card","Card"],"build_version":"2020-12-22","purchased_purges":10,"victory":false,"max_hp_per_floor":[80,80,80,80,80,80,80,80,80,80,80,80,80,80,80,80,80,80,80,80,80,80,80,80,80,80],"card_choices":[{"not_picked":["Clash","Twin Strike"],"picked":"True Grit","floor":1},{"not_picked":["Combust","Ghostly Armor"],"picked":"Thunderclap","floor":2},{"not_picked":["Clothesline","Disarm"],"picked":"Warcry","floor":3},{"not_picked":["Warcry","Iron Wave"],"picked":"Headbutt","floor":5},{"not_picked":["Clash","Flex"],"picked":"Heavy Blade","floor":7},{"not_picked":["Dual Wield","ICR:PowerAttack"],"picked":"Perfected Strike","floor":11},{"not_picked":["Hemokinesis","Impervious"],"picked":"Body Slam","floor":13},{"not_picked":["Purity","Magnetism"],"picked":"Mayhem","floor":14},{"not_picked":["Fiend Fire","Reaper"],"picked":"Juggernaut","floor":16},{"not_picked":["Fire Breathing","Heavy Blade","Sever Soul+1"],"picked":"SKIP","floor":18},{"not_picked":["Rage","True Grit"],"picked":"Armaments+1","floor":19},{"not_picked":["Heavy Blade","Thunderclap","Sword Boomerang"],"picked":"SKIP","floor":22},{"not_picked":["Carnage","Blood for Blood"],"picked":"Thunderclap+1","floor":23},{"not_picked":["Twin Strike","Pommel Strike","Clothesline+1"],"picked":"SKIP","floor":24}],"player_experience":667934,"relics_obtained":[{"floor":9,"key":"Meat on the Bone"},{"floor":11,"key":"StrikeDummy"},{"floor":24,"key":"wanderingMiniBosses:Inkheart"}],"event_choices":[{"damage_healed":0,"gold_gain":175,"player_choice":"AGREE","damage_taken":147,"max_hp_gain":0,"max_hp_loss":0,"event_name":"betterThird:BetterSerpent","floor":4,"gold_loss":0},{"damage_healed":0,"gold_gain":1,"player_choice":"1","damage_taken":0,"max_hp_gain":0,"max_hp_loss":0,"event_name":"betterStone:BetterStone","floor":14,"gold_loss":0},{"damage_healed":0,"gold_gain":0,"cards_transformed":["MasterReality"],"player_choice":"Transformed","damage_taken":0,"max_hp_gain":0,"max_hp_loss":0,"event_name":"Transmorgrifier","floor":20,"gold_loss":0,"cards_obtained":["Heavy Blade"]},{"damage_healed":0,"gold_gain":0,"player_choice":"Bet on Murderer","damage_taken":0,"max_hp_gain":0,"max_hp_loss":0,"event_name":"The Joust","floor":21,"gold_loss":50}],"is_beta":false,"boss_relics":[{"not_picked":["Black Blood","construct:ClawGrip"],"picked":"Coffee Dripper"}],"items_purged_floors":[12,12,12,12,12,12,12,12,12,12],"is_endless":false,"potions_floor_spawned":[2,11,13,18,22],"killed_by":"Slavers","ascension_level":0}}