{"host":"3hzk4hwwdropes3d","time":1613616867,"event":{"mods":["BaseMod","Colored Map","Downfall","Hermit","Minty Spire (QoL Compilation)","Permanent Neow","Relic Stats","StSLib"],"gold_per_floor":[117,128,128,303,378,378,452,452,452,462,476,509,124,137,137,239,239,253,253,268,117,135,135,60,60,60,70,70,70],"floor_reached":28,"language":"ENG","playtime":860,"items_purged":["Doubt"],"score":273,"play_id":"0f95f7fc-b9aa-472a-870e-d17542b06a73","local_time":"20210217185427","is_ascension_mode":true,"campfire_choices":[{"data":"Eruption","floor":6,"key":"SMITH"},{"data":"Conclude","floor":8,"key":"SMITH"},{"floor":15,"key":"REST"},{"floor":23,"key":"REST"}],"circlet_count":0,"master_deck":["Strike_P","Strike_P","Strike_P","Defend_P","Defend_P","Defend_P","Defend_P","Eruption+1","Vigilance","Blasphemy","Conclude+1","Meditate","TalkToTheHand","EmptyFist","FlurryOfBlows","CrushJoints+1","Indignation","Judgement","BowlingBash+1","Meditate","SashWhip+1","Prostrate"],"relics":["PureWater","hexamod:BolsterEngine","Pantograph","Art of War","Molten Egg 2","Philosopher\u0027s Stone","Nloth\u0027s Gift","Bag of Marbles","Kunai"],"acts_visited":["Exordium","TheCity"],"potions_floor_usage":[11,16,16,18,28],"damage_taken":[{"damage":0,"enemies":"Cultist","floor":1,"turns":2},{"damage":9,"enemies":"Small Slimes","floor":2,"turns":4},{"damage":0,"enemies":"2 Louse","floor":10,"turns":2},{"damage":0,"enemies":"Looter","floor":11,"turns":1},{"damage":8,"enemies":"3 Sentries","floor":12,"turns":3},{"damage":1,"enemies":"Blue Slaver","floor":14,"turns":2},{"damage":14,"enemies":"Slime Boss","floor":16,"turns":5},{"damage":27,"enemies":"3 Byrds","floor":18,"turns":3},{"damage":14,"enemies":"Chosen","floor":20,"turns":3},{"damage":0,"enemies":"Snake Plant","floor":22,"turns":1},{"damage":0,"enemies":"Centurion and Healer","floor":27,"turns":2},{"damage":100044,"enemies":"Slavers","floor":28,"turns":4}],"seed_played":"-7715310352098539974","potions_obtained":[{"floor":1,"key":"AttackPotion"},{"floor":12,"key":"PowerPotion"},{"floor":14,"key":"EssenceOfSteel"},{"floor":16,"key":"champ:CounterPotion"},{"floor":22,"key":"GamblersBrew"}],"is_trial":false,"path_per_floor":["M","M","?","?","?","R","T","R","T","M","M","E","$","M","R","B",null,"M","?","M","$","M","R","?","$","T","M","E"],"character_chosen":"WATCHER","items_purchased":["Molten Egg 2","CrushJoints+1","Bag of Marbles"],"campfire_rested":2,"item_purchase_floors":[13,13,21],"current_hp_per_floor":[72,63,51,51,40,40,40,40,40,40,40,32,32,31,52,58,69,42,42,28,28,28,49,49,49,49,49,0,0],"gold":70,"neow_bonus":"ONE_RANDOM_RARE_CARD","is_daily":false,"chose_seed":false,"campfire_upgraded":2,"win_rate":0.0,"timestamp":1613616867,"path_taken":["M","M","?","?","?","R","?","R","T","?","M","E","$","M","R","BOSS","M","?","?","$","M","R","?","$","T","M","E"],"items_purchased_type":["Relic","Card","Relic"],"build_version":"2020-12-22","purchased_purges":1,"victory":false,"max_hp_per_floor":[72,72,72,72,72,72,72,72,72,72,72,72,72,72,72,72,72,72,72,72,72,72,72,72,72,72,72,72,72],"relic_stats":{"counters":[12,31],"Pantograph":20,"Art of War":[0],"Nloth\u0027s Gift":0,"Kunai":[5],"obtain_stats":[{"Pantograph":7,"Molten Egg 2":13,"Philosopher\u0027s Stone":17,"Guardian:PocketSentry":9,"Art of War":12,"Nloth\u0027s Gift":19,"Bag of Marbles":21,"Kunai":26,"PureWater":0,"hexamod:BolsterEngine":3},{"Pantograph":2,"Molten Egg 2":5,"Philosopher\u0027s Stone":7,"Guardian:PocketSentry":2,"Art of War":5,"Nloth\u0027s Gift":8,"Bag of Marbles":9,"Kunai":10,"PureWater":0,"hexamod:BolsterEngine":2},{"Pantograph":6,"Molten Egg 2":12,"Philosopher\u0027s Stone":19,"Guardian:PocketSentry":6,"Art of War":12,"Nloth\u0027s Gift":22,"Bag of Marbles":25,"Kunai":26,"PureWater":0,"hexamod:BolsterEngine":6}]},"card_choices":[{"not_picked":["Halt","PathToVictory"],"picked":"Conclude","floor":1},{"not_picked":["CarveReality","EmptyBody"],"picked":"Meditate","floor":2},{"not_picked":["PathToVictory","CrushJoints"],"picked":"TalkToTheHand","floor":10},{"not_picked":["CrushJoints","Halt"],"picked":"EmptyFist","floor":11},{"not_picked":["Worship","PathToVictory"],"picked":"FlurryOfBlows","floor":12},{"not_picked":["Worship","Fasting2"],"picked":"Indignation","floor":14},{"not_picked":["Devotion","Wish"],"picked":"Judgement","floor":16},{"not_picked":["BattleHymn+1","LikeWater"],"picked":"BowlingBash+1","floor":18},{"not_picked":["CrushJoints+1","FollowUp+1"],"picked":"Meditate","floor":20},{"not_picked":["DeceiveReality","FlurryOfBlows+1"],"picked":"SashWhip+1","floor":22},{"not_picked":["Conclude+1","Study"],"picked":"Prostrate","floor":27}],"player_experience":431280,"relics_obtained":[{"floor":7,"key":"Pantograph"},{"floor":9,"key":"Guardian:PocketSentry"},{"floor":12,"key":"Art of War"},{"floor":26,"key":"Kunai"}],"event_choices":[{"damage_healed":0,"gold_gain":0,"player_choice":"Success","damage_taken":12,"relics_obtained":["hexamod:BolsterEngine"],"max_hp_gain":0,"max_hp_loss":0,"event_name":"Scrap Ooze","floor":3,"gold_loss":0},{"damage_healed":0,"gold_gain":175,"player_choice":"AGREE","damage_taken":0,"max_hp_gain":0,"max_hp_loss":0,"event_name":"Liars Game","floor":4,"gold_loss":0,"cards_obtained":["Doubt"]},{"damage_healed":0,"gold_gain":75,"player_choice":"Gather Gold","damage_taken":11,"max_hp_gain":0,"max_hp_loss":0,"event_name":"World of Goop","floor":5,"gold_loss":0},{"damage_healed":0,"gold_gain":0,"player_choice":"Traded Relic","damage_taken":0,"relics_obtained":["Nloth\u0027s Gift"],"max_hp_gain":0,"max_hp_loss":0,"event_name":"N\u0027loth","floor":19,"relics_lost":["Guardian:PocketSentry"],"gold_loss":0},{"cards_removed":["Strike_P"],"damage_healed":0,"gold_gain":0,"player_choice":"Gave Gold","damage_taken":0,"max_hp_gain":0,"max_hp_loss":0,"event_name":"Beggar","floor":24,"gold_loss":75}],"is_beta":false,"boss_relics":[{"not_picked":["Cursed Key","Coffee Dripper"],"picked":"Philosopher\u0027s Stone"}],"items_purged_floors":[13],"is_endless":false,"potions_floor_spawned":[1,12,14,16,22,27],"killed_by":"Slavers","ascension_level":5}}