{"host":"w2kjv12xyhtt0cv2","time":1613648742,"event":{"mods":["100% Spire Juice","Act Like it!","BaseMod","Colored Map","Friendly Minions","Gensokyo","GifTheSpireLib","Highlight Path","Hubris","Marisa（F雨　魔理沙）","Minty Spire (QoL Compilation)","Prisma Mod","Quick Restart","Reimu（博丽灵梦）","Relic Stats","Reliquary","Replay The Spire","Robot Space Explorer","RumiaBox-露米娅的神秘盒子","Shop Mod","Spicy Shops","StSLib","The Bug Knight","The Cursed","The Dragon Tamer","The Servant 0.9.4","UnlockEverythingMod","Waifu the Spire","[功能]功能增强和修复MOD","【功能Mod】Neow奖励","【遗物卡牌】REMEMod","没有小屋子和绿帽子啦"],"gold_per_floor":[113,113,125,125,58,88,88,88,88],"floor_reached":8,"language":"ZHS","playtime":423,"items_purged":[],"score":54,"play_id":"246d8ae9-605f-40a5-b939-1d237889d926","local_time":"20210218194542","is_ascension_mode":false,"campfire_choices":[{"data":"HollowMod:MantisMark","floor":7,"key":"SMITH"}],"circlet_count":0,"master_deck":["HollowMod:NailStrikeStart","HollowMod:NailStrikeStart","HollowMod:NailStrikeStart","HollowMod:NailStrikeStart","HollowMod:QuickDashStart","HollowMod:QuickDashStart","HollowMod:QuickDashStart","HollowMod:FocusHealStart","HollowMod:PogoStrike","PropBag","Flash of Steel","HollowMod:MantisMark+1","HollowMod:MonarchWings","HollowMod:MidwifesHunger"],"relics":["HollowMod:VesselMask","REME_ComplimentaryCards","hubris:Icosahedron","Bronze Scales","StrikeDummy"],"acts_visited":["Exordium"],"potions_floor_usage":[],"damage_taken":[{"damage":7.0,"enemies":"2 Louse","floor":1.0,"turns":4.0},{"damage":0,"enemies":"Small Slimes","floor":3,"turns":3},{"damage":4,"enemies":"3 Sentries","floor":6,"turns":6},{"damage":0,"enemies":"Lagavulin","floor":8,"turns":1}],"seed_played":"-1863691054535813437","potions_obtained":[{"floor":3,"key":"ZuzhouPotion:ReiMu"}],"is_trial":false,"path_per_floor":["M","?","M","?","$","E","R","E"],"character_chosen":"THE_BUGKNIGHT","items_purchased":["Bronze Scales"],"campfire_rested":0,"item_purchase_floors":[5],"current_hp_per_floor":[72,72,72,72,72,68,68,68,68],"gold":88,"neow_bonus":"RANDOM_COLORLESS","is_daily":false,"chose_seed":false,"campfire_upgraded":1,"win_rate":0.0,"timestamp":1613648742,"path_taken":["M","?","M","?","$","E","R","E"],"items_purchased_type":["Relic"],"build_version":"2020-12-22","purchased_purges":0,"victory":false,"max_hp_per_floor":[75,75,75,75,75,75,75,75,75],"relic_stats":{"counters":[4,14],"Bronze Scales":[15],"obtain_stats":[{"AmplifyWand":1,"hubris:Icosahedron":4,"Bronze Scales":5,"HollowMod:VesselMask":0,"StrikeDummy":6,"REME_ComplimentaryCards":0,"Mercury Hourglass":3},{"AmplifyWand":1,"hubris:Icosahedron":2,"Bronze Scales":2,"HollowMod:VesselMask":0,"StrikeDummy":3,"REME_ComplimentaryCards":0,"Mercury Hourglass":2},{"AmplifyWand":1,"hubris:Icosahedron":7,"Bronze Scales":7,"HollowMod:VesselMask":0,"StrikeDummy":13,"REME_ComplimentaryCards":0,"Mercury Hourglass":5}]},"card_choices":[{"not_picked":["Impatience","PanicButton"],"picked":"Flash of Steel","floor":0.0},{"not_picked":["HollowMod:TaintedHusks","HollowMod:DoubleDash"],"picked":"HollowMod:MantisMark","floor":1.0},{"not_picked":["HollowMod:InfectionAssault","HollowMod:CloakDash"],"picked":"HollowMod:MonarchWings","floor":3},{"not_picked":["HollowMod:InfectionAssault","HollowMod:MothsMistake"],"picked":"HollowMod:MidwifesHunger","floor":6}],"player_experience":246086,"relics_obtained":[{"floor":6,"key":"StrikeDummy"}],"event_choices":[],"is_beta":false,"boss_relics":[],"items_purged_floors":[],"is_endless":false,"potions_floor_spawned":[3],"killed_by":"Lagavulin","ascension_level":0}}