{"host":"t4313i2190y6fz3q","time":1613620397,"event":{"mods":["2.2 Compatiblity","AchievementEnabler","Act Like it!","BaseMod","Colored Powertips","Minty Spire (QoL Compilation)","Permanent Neow","Quick Restart","Rare Cards Sparkle","StSLib"],"gold_per_floor":[14,14,25,25,25,54,54,54,54,54,70,70,84,104,104,176,176,188,208,224,224,237,237,270,270,270,270,270,270],"floor_reached":28,"language":"ENG","playtime":736,"items_purged":[],"score":477,"play_id":"ad2dcff9-7765-49bb-b6c9-4dcaf00662fd","local_time":"20210217195317","is_ascension_mode":true,"campfire_choices":[{"data":"Zap","floor":7.0,"key":"SMITH"},{"data":"Buffer","floor":10.0,"key":"SMITH"},{"data":"Dualcast","floor":12.0,"key":"SMITH"},{"data":"Rip and Tear","floor":15.0,"key":"SMITH"},{"data":"FTL","floor":23.0,"key":"SMITH"},{"data":"Go for the Eyes","floor":25,"key":"SMITH"},{"data":"Coolheaded","floor":27,"key":"SMITH"}],"circlet_count":0,"master_deck":["AscendersBane","Defend_B","Defend_B","Defend_B","Zap+1","Dualcast+1","White Noise+1","Buffer+1","Rip and Tear+1","FTL+1","Go for the Eyes+1","Scrape","Ball Lightning","Turbo","Electrodynamics","Rebound+1","Barrage+1","Loop","Bite","Bite","Bite","Bite","Bite","Coolheaded+1"],"relics":["Cracked Core","StoneCalendar","CaptainsWheel","Inserter","Toy Ornithopter","Question Card"],"acts_visited":["Exordium","TheCity"],"potions_floor_usage":[24],"damage_taken":[{"damage":0.0,"enemies":"Jaw Worm","floor":1.0,"turns":3.0},{"damage":0.0,"enemies":"2 Louse","floor":3.0,"turns":2.0},{"damage":20.0,"enemies":"3 Sentries","floor":6.0,"turns":5.0},{"damage":2.0,"enemies":"Small Slimes","floor":11.0,"turns":3.0},{"damage":0.0,"enemies":"Gremlin Gang","floor":13.0,"turns":2.0},{"damage":0.0,"enemies":"2 Fungi Beasts","floor":14.0,"turns":2.0},{"damage":31.0,"enemies":"The Guardian","floor":16.0,"turns":7.0},{"damage":0.0,"enemies":"Chosen","floor":18.0,"turns":4.0},{"damage":3.0,"enemies":"Shell Parasite","floor":19.0,"turns":4.0},{"damage":1.0,"enemies":"Centurion and Healer","floor":20.0,"turns":4.0},{"damage":0.0,"enemies":"Cultist and Chosen","floor":22.0,"turns":4.0},{"damage":30,"enemies":"Book of Stabbing","floor":24,"turns":5},{"damage":32,"enemies":"Snake Plant","floor":28,"turns":4}],"seed_played":"-3248377358756101387","potions_obtained":[{"floor":1.0,"key":"LiquidMemories"},{"floor":8.0,"key":"Explosive Potion"},{"floor":8.0,"key":"ColorlessPotion"},{"floor":20.0,"key":"Block Potion"},{"floor":22.0,"key":"PotionOfCapacity"},{"floor":24,"key":"Ancient Potion"}],"is_trial":false,"path_per_floor":["M","?","M","?","?","E","R","?","T","R","M","R","M","M","R","B",null,"M","M","M","?","M","R","E","R","T","R","M"],"character_chosen":"DEFECT","items_purchased":[],"campfire_rested":0,"item_purchase_floors":[],"current_hp_per_floor":[64,64,64,69,62,42,42,42,42,42,40,40,40,40,40,9,59,59,56,55,53,53,53,23,23,23,23,0,0],"gold":270,"neow_bonus":"TRANSFORM_TWO_CARDS","is_daily":false,"chose_seed":false,"campfire_upgraded":7,"win_rate":0.0,"timestamp":1613620397,"path_taken":["M","?","M","?","?","E","R","?","T","R","?","R","M","M","R","BOSS","M","?","?","?","M","R","E","R","T","R","M"],"items_purchased_type":[],"build_version":"2020-12-22","purchased_purges":0,"victory":false,"max_hp_per_floor":[71,71,71,76,76,76,76,76,76,76,76,76,76,76,76,76,76,76,76,76,53,53,53,53,53,53,53,53,53],"card_choices":[{"not_picked":["Aggregate","Coolheaded"],"picked":"Rip and Tear","floor":1.0},{"not_picked":["Turbo","Rebound"],"picked":"FTL","floor":3.0},{"not_picked":["Steam","FTL"],"picked":"Go for the Eyes","floor":6.0},{"not_picked":["Barrage","Streamline"],"picked":"Scrape","floor":11.0},{"not_picked":["Coolheaded","Multi-Cast"],"picked":"Ball Lightning","floor":13.0},{"not_picked":["Reprogram","Fusion"],"picked":"Turbo","floor":14.0},{"not_picked":["Reboot","Amplify"],"picked":"Electrodynamics","floor":16.0},{"not_picked":["Redo","Sweeping Beam"],"picked":"Rebound+1","floor":18.0},{"not_picked":["Rebound","Conserve Battery"],"picked":"Barrage+1","floor":19.0},{"not_picked":["Rebound","Doom and Gloom"],"picked":"Loop","floor":20.0},{"not_picked":["Beam Cell","Barrage"],"picked":"Coolheaded","floor":22.0},{"not_picked":["Rainbow","Stack","Coolheaded"],"picked":"SKIP","floor":24}],"player_experience":208008,"relics_obtained":[{"floor":6.0,"key":"StoneCalendar"},{"floor":9.0,"key":"CaptainsWheel"},{"floor":24,"key":"Toy Ornithopter"},{"floor":26,"key":"Question Card"}],"event_choices":[{"damage_healed":0.0,"max_hp_gain":0.0,"max_hp_loss":0.0,"gold_gain":0.0,"event_name":"Living Wall","player_choice":"Grow","floor":2.0,"gold_loss":0.0,"damage_taken":0.0,"cards_upgraded":["White Noise"]},{"damage_healed":0.0,"max_hp_gain":5.0,"max_hp_loss":0.0,"gold_gain":0.0,"event_name":"Big Fish","player_choice":"Donut","floor":4.0,"gold_loss":0.0,"damage_taken":0.0},{"cards_removed":["Strike_B"],"damage_healed":0.0,"max_hp_gain":0.0,"max_hp_loss":0.0,"gold_gain":0.0,"event_name":"Golden Wing","player_choice":"Card Removal","floor":5.0,"gold_loss":0.0,"damage_taken":7.0},{"damage_healed":0.0,"max_hp_gain":0.0,"max_hp_loss":0.0,"gold_gain":0.0,"event_name":"Lab","player_choice":"Got Potions","floor":8.0,"gold_loss":0.0,"damage_taken":0.0},{"damage_healed":0.0,"max_hp_gain":0.0,"max_hp_loss":23.0,"gold_gain":0.0,"event_name":"Vampires","player_choice":"Became a vampire","floor":21.0,"gold_loss":0.0,"damage_taken":0.0,"cards_obtained":["Bite","Bite","Bite","Bite","Bite"]}],"is_beta":false,"boss_relics":[{"not_picked":["Calling Bell","Empty Cage"],"picked":"Inserter"}],"items_purged_floors":[],"is_endless":false,"potions_floor_spawned":[1,11,20,22,24],"killed_by":"Snake Plant","ascension_level":18}}