{"host":"ty9fb48q9oru32qm","time":1613652972,"event":{"mods":["2.2 Compatiblity","AchievementEnabler","Act Like it!","Astrologer","BaseMod","Beaked The Cultist","Better Synergies","Block Reminder","Colored Powertips","Conspire","DeckTracker","Downfall","Ekko","Friendly Minions","GifTheSpireLib","Hermit","Hubris","Infinite Spire","Jorbs\u0027s Wanderer Trilogy","Marisa????????","Minty Spire (QoL Compilation)","Permanent Neow","Quick Restart","Random Character Button","Reliquary","Replay The Spire","Somnambulant","StSLib","Stuff the Spire","The Cursed","The Marked","The Runesmith","TheVacant"],"gold_per_floor":[99,113,113,113,113,133,158,158,158,64,88,121,131,166,176,176,176,176],"floor_reached":16,"language":"ENG","playtime":845,"items_purged":[],"score":108,"play_id":"31f6e4f5-5479-4360-a23c-816b87d7215b","local_time":"20210218135612","is_ascension_mode":false,"campfire_choices":[{"data":"sneckomod:UnendingSupply","floor":8,"key":"SMITH"}],"circlet_count":0,"master_deck":["sneckomod:Strike","sneckomod:Strike","sneckomod:Strike","sneckomod:Defend","sneckomod:Defend","sneckomod:Defend","sneckomod:TailWhip","sneckomod:SnekBite","sneckomod:Unknown","sneckomod:WideSting","hexamod:SuperheatedStrike","sneckomod:DiceCrush","Doubt","sneckomod:UnendingSupply+1","sneckomod:RainOfDice","sneckomod:UnknownUncommonPower","sneckomod:SnekBeam","sneckomod:CheapStock","sneckomod:UnknownBlock","sneckomod:UnknownStrike+1"],"relics":["sneckomod:SneckoSoul","ReplayTheSpireMod:Ring of Challenge","Ring of Panic","Bag of Preparation","StuffTheSpire:Wildfire","Anchor","Lantern","Molten Egg 2"],"acts_visited":["Exordium"],"potions_floor_usage":[10],"damage_taken":[{"damage":0,"enemies":"2 Louse","floor":2,"turns":1},{"damage":0,"enemies":"Small Slimes","floor":6,"turns":1},{"damage":0,"enemies":"downfall:FleeingMerchant","floor":10,"turns":4},{"damage":24,"enemies":"Lagavulin","floor":12,"turns":5},{"damage":19,"enemies":"Jaw Worm","floor":13,"turns":4},{"damage":27,"enemies":"Gremlin Nob","floor":14,"turns":4},{"damage":0,"enemies":"Exordium Wildlife","floor":15,"turns":2},{"damage":17,"enemies":"DF_ARCHETYPE_STREAMLINE","floor":16,"turns":4}],"seed_played":"2213535544279038806","potions_obtained":[{"floor":14,"key":"Fire Potion"}],"is_trial":false,"path_per_floor":["R","M","?","?","?","M","T","R","?","$","T","E","M","E","M","B"],"character_chosen":"THE_SNECKO","items_purchased":["sneckomod:UnknownUncommonPower"],"campfire_rested":0,"item_purchase_floors":[10],"current_hp_per_floor":[90,90,90,90,90,90,90,90,90,90,90,66,47,20,20,3,3,3],"gold":176,"neow_bonus":"THREE_CARDS","is_daily":false,"chose_seed":false,"campfire_upgraded":1,"win_rate":0.0,"timestamp":1613652972,"path_taken":["R","M","?","?","?","M","T","R","?","?","?","E","M","E","M","BOSS"],"items_purchased_type":["Card"],"build_version":"2020-12-22","purchased_purges":0,"victory":false,"max_hp_per_floor":[90,90,90,90,90,90,90,90,90,90,90,90,90,90,90,90,90,90],"card_choices":[{"not_picked":["sneckomod:SoulDraw","sneckomod:ImprovisedAttack"],"picked":"sneckomod:WideSting","floor":0},{"not_picked":["sneckomod:UnknownBlock","sneckomod:UnknownExhaust"],"picked":"sneckomod:DiceCrush","floor":2},{"not_picked":["sneckomod:DiceBlock","sneckomod:Mudshield"],"picked":"sneckomod:UnendingSupply","floor":6},{"not_picked":["sneckomod:SoulCleanse","sneckomod:SoulRoll"],"picked":"sneckomod:RainOfDice","floor":10},{"not_picked":["sneckomod:SerpentIdol","sneckomod:UnknownCommonSkill"],"picked":"sneckomod:SnekBeam","floor":12},{"not_picked":["sneckomod:UnendingSupply","sneckomod:UnknownCommonSkill"],"picked":"sneckomod:CheapStock","floor":13},{"not_picked":["sneckomod:QuickBite+1","sneckomod:Unknown2Cost"],"picked":"sneckomod:UnknownBlock","floor":14},{"not_picked":["sneckomod:WideSting+1","sneckomod:UnknownX"],"picked":"sneckomod:UnknownStrike+1","floor":15}],"player_experience":309782,"relics_obtained":[{"floor":3,"key":"ReplayTheSpireMod:Ring of Challenge"},{"floor":3,"key":"Ring of Panic"},{"floor":4,"key":"Bag of Preparation"},{"floor":7,"key":"Anchor"},{"floor":12,"key":"Lantern"},{"floor":14,"key":"Molten Egg 2"}],"event_choices":[{"damage_healed":0,"gold_gain":0,"player_choice":"Box","damage_taken":0,"relics_obtained":["StuffTheSpire:Wildfire"],"max_hp_gain":0,"max_hp_loss":0,"event_name":"Big Fish","floor":5,"gold_loss":0,"cards_obtained":["Regret"]},{"cards_removed":["Regret"],"damage_healed":0,"gold_gain":0,"player_choice":"Card Removal","damage_taken":0,"max_hp_gain":0,"max_hp_loss":0,"event_name":"The Cleric","floor":9,"gold_loss":0}],"is_beta":false,"boss_relics":[],"items_purged_floors":[],"is_endless":false,"potions_floor_spawned":[14,15],"killed_by":"DF_ARCHETYPE_STREAMLINE","ascension_level":0}}