{"host":"sav7uxregyirlf69","time":1613626860,"event":{"mods":["AchievementEnabler","BaseMod","Colored Map","DeckTracker","Keyboard Shortcuts","Minty Spire (QoL Compilation)","READ ME - Guardian Mod","StSLib","SuperFastMode"],"gold_per_floor":[113,113,130,55,68,98,114,114,114,114,143,170,183,203,203,280,280,291,471,488,500,511,511,526,537,537,80,112,124,124,124,124,124,124],"floor_reached":33,"language":"KOR","playtime":674,"items_purged":["Strike_R"],"score":612,"play_id":"b35059ef-29bc-4520-9d65-5c372bcadda6","local_time":"20210218144100","is_ascension_mode":true,"campfire_choices":[{"data":"Whirlwind","floor":8,"key":"SMITH"},{"data":"Armaments","floor":10,"key":"SMITH"},{"data":"Evolve","floor":15,"key":"SMITH"},{"floor":23,"key":"REST"},{"data":"Feel No Pain","floor":32,"key":"SMITH"}],"circlet_count":0,"master_deck":["AscendersBane","Bash","Whirlwind+1","Armaments+1","Inflame","Evolve+1","True Grit","Seeing Red","Inflame","Offering","Dual Wield","Inflame","Offering","Twin Strike","Sentinel","Flex","Pummel","Intimidate+1","Sword Boomerang+1","Shockwave","Burning Pact+1","Feel No Pain+1","Power Through","Fire Breathing","Entrench"],"relics":["Burning Blood","Dream Catcher","FossilizedHelix","Gremlin Horn","Regal Pillow","Odd Mushroom","Pandora\u0027s Box","Pear","Medical Kit","Happy Flower","Red Skull"],"acts_visited":["Exordium","TheCity"],"potions_floor_usage":[6,16,21,25,33],"damage_taken":[{"damage":15.0,"enemies":"Small Slimes","floor":1.0,"turns":5.0},{"damage":0.0,"enemies":"2 Louse","floor":3.0,"turns":2.0},{"damage":1,"enemies":"Cultist","floor":5,"turns":4},{"damage":8,"enemies":"Gremlin Nob","floor":6,"turns":3},{"damage":9,"enemies":"Gremlin Gang","floor":7,"turns":2},{"damage":7,"enemies":"3 Sentries","floor":11,"turns":3},{"damage":0,"enemies":"The Mushroom Lair","floor":12,"turns":3},{"damage":0,"enemies":"3 Louse","floor":13,"turns":2},{"damage":0,"enemies":"Blue Slaver","floor":14,"turns":4},{"damage":57,"enemies":"Hexaghost","floor":16,"turns":9},{"damage":15,"enemies":"2 Thieves","floor":18,"turns":3},{"damage":0,"enemies":"Spheric Guardian","floor":20,"turns":1},{"damage":14,"enemies":"Snake Plant","floor":21,"turns":3},{"damage":19,"enemies":"Snecko","floor":22,"turns":3},{"damage":0,"enemies":"Centurion and Healer","floor":24,"turns":3},{"damage":36,"enemies":"Snake Plant","floor":25,"turns":4},{"damage":12,"enemies":"Slavers","floor":28,"turns":3},{"damage":12,"enemies":"Snecko","floor":29,"turns":5},{"damage":54,"enemies":"Automaton","floor":33,"turns":10}],"seed_played":"-629887254423303430","potions_obtained":[{"floor":1.0,"key":"SteroidPotion"},{"floor":3.0,"key":"Block Potion"},{"floor":7,"key":"Explosive Potion"},{"floor":14,"key":"Strength Potion"},{"floor":20,"key":"SteroidPotion"},{"floor":21,"key":"LiquidBronze"},{"floor":24,"key":"BloodPotion"}],"is_trial":false,"path_per_floor":["M","?","M","$","M","E","M","R","T","R","E","?","M","M","R","B",null,"M","?","M","M","M","R","M","M","T","$","E","M","?","?","R","B"],"character_chosen":"IRONCLAD","items_purchased":["Feel No Pain","Power Through","Medical Kit","Happy Flower"],"campfire_rested":1,"item_purchase_floors":[27,27,27,27],"current_hp_per_floor":[66,40,46,46,51,49,46,46,46,46,45,51,57,63,63,12,65,56,31,37,29,16,55,61,31,41,41,35,29,29,29,29,0,0],"gold":124,"neow_bonus":"TEN_PERCENT_HP_BONUS","is_daily":false,"chose_seed":false,"campfire_upgraded":4,"win_rate":0.0,"timestamp":1613626860,"path_taken":["M","?","M","$","M","E","M","R","T","R","E","?","M","M","R","BOSS","M","?","?","M","M","R","?","M","T","$","E","M","?","?","R","BOSS"],"items_purchased_type":["Card","Card","Relic","Relic"],"build_version":"2020-12-22","purchased_purges":1,"victory":false,"max_hp_per_floor":[82,82,82,82,82,82,82,82,82,82,82,82,82,82,82,82,82,82,82,82,82,82,82,82,82,92,92,92,92,92,92,92,92,92],"card_choices":[{"not_picked":["Pummel","Rupture"],"picked":"Whirlwind","floor":1.0},{"not_picked":["Entrench","Warcry"],"picked":"Armaments","floor":3.0},{"not_picked":["Armaments","Twin Strike"],"picked":"Inflame","floor":5},{"not_picked":["Searing Blow","Body Slam","Rupture"],"picked":"SKIP","floor":6},{"not_picked":["Iron Wave","Armaments"],"picked":"Evolve","floor":7},{"not_picked":["Blood for Blood","Armaments"],"picked":"True Grit","floor":11},{"not_picked":["Dark Embrace","Twin Strike"],"picked":"Seeing Red","floor":12},{"not_picked":["Pommel Strike","Havoc","Reaper"],"picked":"SKIP","floor":13},{"not_picked":["Body Slam","Iron Wave"],"picked":"Inflame","floor":14},{"not_picked":["Bludgeon","Impervious"],"picked":"Offering","floor":16},{"not_picked":["Sentinel","Iron Wave","Intimidate"],"picked":"SKIP","floor":18},{"not_picked":["Wild Strike","Headbutt","Pommel Strike"],"picked":"SKIP","floor":20},{"not_picked":["Havoc","Flame Barrier"],"picked":"Intimidate+1","floor":21},{"not_picked":["Headbutt","Armaments","Intimidate"],"picked":"SKIP","floor":22},{"not_picked":["Pommel Strike+1","Warcry"],"picked":"Sword Boomerang+1","floor":23},{"not_picked":["Havoc","Wild Strike"],"picked":"Shockwave","floor":24},{"not_picked":["Fire Breathing","Sever Soul"],"picked":"Burning Pact+1","floor":25},{"not_picked":["Cleave","Exhume"],"picked":"Fire Breathing","floor":28},{"not_picked":["Havoc","Fire Breathing+1","Uppercut"],"picked":"SKIP","floor":29}],"player_experience":1607968,"relics_obtained":[{"floor":6,"key":"FossilizedHelix"},{"floor":9,"key":"Gremlin Horn"},{"floor":11,"key":"Regal Pillow"},{"floor":12,"key":"Odd Mushroom"},{"floor":26,"key":"Pear"},{"floor":28,"key":"Red Skull"}],"event_choices":[{"damage_healed":0.0,"max_hp_gain":0.0,"max_hp_loss":0.0,"gold_gain":0.0,"event_name":"Scrap Ooze","player_choice":"Success","floor":2.0,"gold_loss":0.0,"damage_taken":26.0,"relics_obtained":["Dream Catcher"]},{"damage_healed":0,"gold_gain":0,"player_choice":"Fought Mushrooms","damage_taken":0,"max_hp_gain":0,"max_hp_loss":0,"event_name":"Mushrooms","floor":12,"gold_loss":0},{"damage_healed":0,"gold_gain":180,"player_choice":"GOLD POTION GOLD ","damage_taken":25,"max_hp_gain":0,"max_hp_loss":0,"event_name":"Knowing Skull","floor":19,"potions_obtained":["Ancient Potion"],"gold_loss":0,"cards_obtained":[]},{"cards_removed":["Anger"],"damage_healed":0,"gold_gain":0,"player_choice":"Elegance","damage_taken":0,"max_hp_gain":0,"max_hp_loss":0,"event_name":"Back to Basics","floor":30,"gold_loss":0},{"damage_healed":0,"gold_gain":0,"player_choice":"Read","damage_taken":0,"max_hp_gain":0,"max_hp_loss":0,"event_name":"The Library","floor":31,"gold_loss":0,"cards_obtained":["Entrench"]}],"is_beta":false,"boss_relics":[{"not_picked":["Empty Cage","Philosopher\u0027s Stone"],"picked":"Pandora\u0027s Box"}],"items_purged_floors":[4],"is_endless":false,"potions_floor_spawned":[1,3,7,11,12,14,20,21,24],"killed_by":"Automaton","ascension_level":20}}