{"host":"e4wnmsyty9uvvtwf","time":1613641405,"event":{"mods":["Act Like it!","BaseMod","Colored Map","Colored Powertips","Gensokyo","Marisa£®ÏF”Í°°ƒß¿Ì…≥£©","Minty Spire (QoL Compilation)","StSLib"],"gold_per_floor":[117,134,144,71,71,71,90,90,90,90,108,108,328,328,328,406,406,423,655,190,190,201,201,301,318,318,327,105,105,146,174,174,260,260,273,298,705,470,470,470,66,66,66,83,105,105,149,98,98,98,98],"floor_reached":52,"language":"ZHS","playtime":2143,"items_purged":["Strike_MRS"],"score":1909,"play_id":"5b5c0b2d-52a1-4f58-ac02-df4c13b0b159","local_time":"20210218174325","is_ascension_mode":true,"campfire_choices":[{"data":"Madness","floor":6,"key":"SMITH"},{"data":"AbsoluteMagnitude","floor":8,"key":"SMITH"},{"data":"MysteriousBeam","floor":10,"key":"SMITH"},{"data":"UltimateShortwave","floor":12,"key":"SMITH"},{"data":"BinaryStars","floor":15,"key":"SMITH"},{"floor":23,"key":"REST"},{"data":"BinaryStars","floor":29,"key":"SMITH"},{"data":"StarDustReverie","floor":32,"key":"SMITH"},{"floor":40,"key":"REST"},{"data":"ManaRampage","floor":42,"key":"SMITH"},{"data":"StarDustReverie","floor":46,"key":"SMITH"},{"data":"Orbital","floor":49,"key":"SMITH"}],"circlet_count":0,"master_deck":["AscendersBane","Defend_MRS+1","Defend_MRS","Defend_MRS","Defend_MRS","MasterSpark","UpSweep","Madness+1","PulseMagic","MysteriousBeam+1","PropBag","UltimateShortwave+1","Orbital+1","BinaryStars+1","BinaryStars+1","CurseOfTheBell","StarDustReverie+1","ManaConvection","Blind","EarthLightRay","AsteroidBelt","PowerUp","DeepEcoloBomb","StarDustReverie+1","GasGiant","6A","ManaRampage+1","ChargingUp+1","ChargingUp","OrrerysSun","MysteriousBeam+1","Gensokyo:CustomPotion"],"relics":["MiniHakkero","BreadOfAWashokuLover","Gensokyo:OccultBall","Calling Bell","Potion Belt","The Courier","CaptainsWheel","Orichalcum","Ornamental Fan","MagicBroom","Torii","CeramicFish","HornCleat","Boot","SacredBark","HandDrill","Chemical X","Happy Flower","War Paint","AmplifyWand","Nunchaku","Letter Opener"],"acts_visited":["Exordium","Gensokyo:Gensokyo","Gensokyo:Gensokyoer"],"potions_floor_usage":[13,19,50,51,51,51],"damage_taken":[{"damage":3,"enemies":"Gensokyo:Gryphon","floor":1,"turns":3},{"damage":0,"enemies":"Gensokyo:Python","floor":2,"turns":2},{"damage":12,"enemies":"Gensokyo:3_Fairies","floor":3,"turns":4},{"damage":0,"enemies":"Gensokyo:LivingMonolith","floor":7,"turns":3},{"damage":4,"enemies":"Gensokyo:Python_and_Kodama","floor":11,"turns":3},{"damage":12,"enemies":"Gensokyo:Gryphon_and_Rabbit","floor":13,"turns":4},{"damage":6,"enemies":"Gensokyo:Reimu","floor":16,"turns":5},{"damage":15,"enemies":"Gensokyo:AngelMirror","floor":18,"turns":3},{"damage":31,"enemies":"Gensokyo:CosmicMonolith","floor":19,"turns":4},{"damage":6,"enemies":"Gensokyo:Chomper_and_Gloop","floor":22,"turns":4},{"damage":0,"enemies":"Gensokyo:Chomper_and_Gloop","floor":24,"turns":6},{"damage":1,"enemies":"Gensokyo:Swordslinger","floor":25,"turns":4},{"damage":0,"enemies":"Gensokyo:Koishi","floor":30,"turns":3},{"damage":18,"enemies":"Gensokyo:Slime_Group","floor":31,"turns":3},{"damage":11,"enemies":"Gensokyo:Kaguya","floor":33,"turns":9},{"damage":0,"enemies":"Gensokyo:AncientGuardian","floor":35,"turns":4},{"damage":7,"enemies":"Gensokyo:3_Boulders","floor":36,"turns":5},{"damage":46,"enemies":"Gensokyo:Dusk_and_Dawn","floor":37,"turns":4},{"damage":0,"enemies":"Gensokyo:AtlasGolem","floor":44,"turns":3},{"damage":0,"enemies":"Gensokyo:3_Boulders","floor":45,"turns":3},{"damage":16,"enemies":"Gensokyo:Doremy","floor":47,"turns":4},{"damage":16,"enemies":"Gensokyo:Yuyuko","floor":50,"turns":9},{"damage":0,"enemies":"Gensokyo:Scarlet_Devils","floor":51,"turns":6}],"seed_played":"-7845669672845943623","potions_obtained":[{"floor":1,"key":"ShroomBrew"},{"floor":11,"key":"SteroidPotion"},{"floor":16,"key":"Block Potion"},{"floor":22,"key":"FearPotion"},{"floor":24,"key":"Explosive Potion"},{"floor":35,"key":"EssenceOfSteel"},{"floor":45,"key":"Strength Potion"}],"is_trial":false,"path_per_floor":["M","M","M","COS","?","R","M","R","T","R","M","R","M","?","R","B",null,"M","M","$","?","M","R","?","M","T","?","$","R","E","M","R","B",null,"M","M","M","COS","?","R","$","R","T","M","M","R","E","?","R","B","B",null],"character_chosen":"MARISA","items_purchased":["Orichalcum","Ornamental Fan","Blind","HornCleat","Chemical X","Happy Flower","War Paint"],"campfire_rested":2,"item_purchase_floors":[20,20,20,28,41,41,41],"current_hp_per_floor":[60,60,48,48,48,48,48,48,48,48,44,44,33,33,33,28,60,45,14,14,14,12,33,38,42,42,42,42,42,46,35,35,32,61,82,77,35,35,35,59,59,59,59,63,63,63,51,51,51,51,51],"gold":98,"neow_bonus":"RANDOM_COLORLESS","is_daily":false,"chose_seed":false,"campfire_upgraded":10,"win_rate":0.0,"timestamp":1613641405,"path_taken":["M","?","?","COS","?","R","?","R","T","R","M","R","M","?","R","BOSS","M","?","$","?","M","R","?","M","T","?","$","R","E","M","R","BOSS","M","M","M","COS","?","R","?","R","T","M","?","R","E","?","R","BOSS","BOSS"],"items_purchased_type":["Relic","Relic","Card","Relic","Relic","Relic","Relic"],"build_version":"2020-12-22","purchased_purges":1,"victory":true,"max_hp_per_floor":[70,70,70,70,70,70,70,70,70,70,70,70,70,70,70,70,70,70,70,70,70,70,70,70,70,70,70,70,70,70,70,70,70,70,83,83,83,83,83,83,83,83,83,83,83,83,83,83,83,83,83],"card_choices":[{"not_picked":["Bandage Up","Mind Blast"],"picked":"Madness","floor":0},{"not_picked":["MeteoricShower","DC"],"picked":"MysteriousBeam","floor":1},{"not_picked":["DC","UnstableBomb"],"picked":"PulseMagic","floor":2},{"not_picked":["Occultation","WitchLeyline"],"picked":"MysteriousBeam","floor":3},{"not_picked":["Robbery","AsteroidBelt"],"picked":"PropBag","floor":7},{"not_picked":["BinaryStars","EscapeVelocity"],"picked":"UltimateShortwave","floor":11},{"not_picked":["SprinkleStarSeal","DarkSpark"],"picked":"Orbital","floor":11},{"not_picked":["6A","EnergyRecoil"],"picked":"BinaryStars","floor":13},{"not_picked":["JA","BlazingStar"],"picked":"BinaryStars","floor":16},{"not_picked":["ShootingEcho+1","DC"],"picked":"StarDustReverie","floor":18},{"not_picked":["UnstableBomb","Singularity"],"picked":"ManaConvection","floor":19},{"not_picked":["MagicChant","DragonMeteor"],"picked":"AsteroidBelt","floor":22},{"not_picked":["GravityBeat","DragonMeteor"],"picked":"PowerUp","floor":24},{"not_picked":["ShootingEcho","GrandCross+1"],"picked":"DeepEcoloBomb","floor":25},{"not_picked":["AlicesGift+1","GalacticHalo"],"picked":"GasGiant","floor":30},{"not_picked":["GalacticHalo+1","Singularity"],"picked":"6A","floor":31},{"not_picked":["BlazingStar","BigCrunch"],"picked":"ManaRampage","floor":33},{"not_picked":["MilkyWay","GravityBeat+1","WitchLeyline"],"picked":"SKIP","floor":35},{"not_picked":["GalacticHalo+1","WitchLeyline"],"picked":"ChargingUp","floor":36},{"not_picked":["DoubleSpark","WitchOfGreed"],"picked":"ChargingUp","floor":37},{"not_picked":["DarkSpark","DragonMeteor","RefractionSpark+1"],"picked":"SKIP","floor":44},{"not_picked":["WitchOfGreed","ManaConvection"],"picked":"OrrerysSun","floor":45},{"not_picked":["LuminesStrike+1","MagicChant"],"picked":"MysteriousBeam+1","floor":47}],"player_experience":705609,"relics_obtained":[{"floor":9,"key":"BreadOfAWashokuLover"},{"floor":16,"key":"Gensokyo:OccultBall"},{"floor":17,"key":"Potion Belt"},{"floor":17,"key":"The Courier"},{"floor":17,"key":"CaptainsWheel"},{"floor":24,"key":"MagicBroom"},{"floor":24,"key":"Torii"},{"floor":26,"key":"CeramicFish"},{"floor":30,"key":"Boot"},{"floor":33,"key":"Gensokyo:OccultBall"},{"floor":43,"key":"AmplifyWand"},{"floor":47,"key":"Letter Opener"}],"event_choices":[],"is_beta":false,"boss_relics":[{"not_picked":["Tiny House","Fusion Hammer"],"picked":"Calling Bell"},{"not_picked":["Runic Dome","Philosopher\u0027s Stone"],"picked":"SacredBark"}],"items_purged_floors":[20],"is_endless":false,"potions_floor_spawned":[1,11,16,22,24,35,36,45,47],"ascension_level":20}}