{"host":"ty2cix8xj6r3ad26","time":1613672261,"event":{"mods":["AchievementEnabler","BaseMod","BetterRewards","Minty Spire (QoL Compilation)","Quick Restart","StSLib","SuperFastMode"],"gold_per_floor":[119,129,143,243,85,118,118,118,143,143,174,189,200,232,232,311,311,324,342,28,28,28,55,66,97,122,148,161,172,172,205,205,279,279,293,312,137,156,210,236,236,271,296,296,307,332,343,343,343,343,343,343,343,31,62,62],"floor_reached":57,"language":"ENG","playtime":2900,"items_purged":["Strike_R","Defend_R","Strike_R","Defend_R","Anger","Pain"],"score":3720,"play_id":"44a3cf28-7a89-4c09-9b7c-5f83843e8d57","local_time":"20210218201741","is_ascension_mode":true,"campfire_choices":[{"data":"Mayhem","floor":7,"key":"SMITH"},{"data":"Sword Boomerang","floor":10,"key":"SMITH"},{"data":"Heavy Blade","floor":15,"key":"SMITH"},{"data":"Immolate","floor":32,"key":"SMITH"},{"data":"Demon Form","floor":41,"key":"SMITH"},{"data":"Heavy Blade","floor":44,"key":"SMITH"},{"floor":49,"key":"RECALL"},{"data":"Dark Embrace","floor":53,"key":"SMITH"}],"circlet_count":0,"master_deck":["AscendersBane","Bash","Armaments+1","Mayhem+1","True Grit+1","Shrug It Off+1","Sword Boomerang+1","Battle Trance+1","Heavy Blade+1","Limit Break+1","Power Through+1","Immolate+1","Heavy Blade+1","Demon Form+1","Heavy Blade+1","Fiend Fire+1","Hemokinesis+1","Rage+1","Dark Embrace+1","Flex+1","Parasite","Thunderclap+1","Madness+1","Madness+1","Second Wind+1"],"relics":["Burning Blood","Toxic Egg 2","White Beast Statue","TheAbacus","Lizard Tail","Brimstone","Mango","Bird Faced Urn","PreservedInsect","Sundial","Strawberry","Vajra","Omamori","Happy Flower","Cursed Key","Sling","Necronomicon","InkBottle","Kunai","Akabeko","Molten Egg 2","Bottled Flame","Pandora\u0027s Box","Dead Branch","Frozen Egg 2","Anchor","Turnip","Lantern"],"acts_visited":["Exordium","TheCity","TheBeyond","TheEnding"],"potions_floor_usage":[6,11,16,16,23,25,33,39,46,46,50,51,55,55,56],"damage_taken":[{"damage":0,"enemies":"Cultist","floor":1,"turns":3},{"damage":0,"enemies":"Small Slimes","floor":2,"turns":4},{"damage":0,"enemies":"Jaw Worm","floor":3,"turns":3},{"damage":7,"enemies":"3 Sentries","floor":6,"turns":5},{"damage":17,"enemies":"Lagavulin","floor":11,"turns":4},{"damage":7,"enemies":"Looter","floor":12,"turns":2},{"damage":0,"enemies":"3 Louse","floor":13,"turns":2},{"damage":3,"enemies":"3 Sentries","floor":14,"turns":3},{"damage":14,"enemies":"Hexaghost","floor":16,"turns":3},{"damage":0,"enemies":"Chosen","floor":18,"turns":2},{"damage":13,"enemies":"Shell Parasite","floor":19,"turns":3},{"damage":0,"enemies":"Slavers","floor":23,"turns":2},{"damage":0,"enemies":"Sentry and Sphere","floor":24,"turns":1},{"damage":0,"enemies":"Book of Stabbing","floor":25,"turns":1},{"damage":1,"enemies":"Gremlin Leader","floor":27,"turns":2},{"damage":0,"enemies":"Snake Plant","floor":28,"turns":2},{"damage":0,"enemies":"Centurion and Healer","floor":29,"turns":3},{"damage":0,"enemies":"Slavers","floor":31,"turns":1},{"damage":8,"enemies":"Automaton","floor":33,"turns":4},{"damage":14,"enemies":"3 Shapes","floor":35,"turns":1},{"damage":0,"enemies":"Orb Walker","floor":36,"turns":1},{"damage":0,"enemies":"Writhing Mass","floor":38,"turns":2},{"damage":0,"enemies":"2 Orb Walkers","floor":39,"turns":1},{"damage":3,"enemies":"Giant Head","floor":40,"turns":3},{"damage":0,"enemies":"Nemesis","floor":42,"turns":1},{"damage":7,"enemies":"Jaw Worm Horde","floor":45,"turns":3},{"damage":46,"enemies":"Mind Bloom Boss Battle","floor":46,"turns":3},{"damage":13,"enemies":"Sphere and 2 Shapes","floor":47,"turns":1},{"damage":42,"enemies":"Awakened One","floor":50,"turns":5},{"damage":8,"enemies":"Donu and Deca","floor":51,"turns":3},{"damage":1,"enemies":"Shield and Spear","floor":55,"turns":2},{"damage":142,"enemies":"The Heart","floor":56,"turns":5}],"seed_played":"-308333671902652451","potions_obtained":[{"floor":1,"key":"SpeedPotion"},{"floor":2,"key":"SkillPotion"},{"floor":3,"key":"BlessingOfTheForge"},{"floor":6,"key":"Block Potion"},{"floor":11,"key":"DistilledChaos"},{"floor":12,"key":"Explosive Potion"},{"floor":14,"key":"HeartOfIron"},{"floor":16,"key":"Energy Potion"},{"floor":18,"key":"ElixirPotion"},{"floor":19,"key":"ColorlessPotion"},{"floor":23,"key":"Explosive Potion"},{"floor":24,"key":"LiquidBronze"},{"floor":25,"key":"Energy Potion"},{"floor":31,"key":"Block Potion"},{"floor":33,"key":"SmokeBomb"},{"floor":35,"key":"BloodPotion"},{"floor":39,"key":"HeartOfIron"},{"floor":46,"key":"Block Potion"},{"floor":47,"key":"Swift Potion"},{"floor":55,"key":"Energy Potion"}],"is_trial":false,"path_per_floor":["M","M","M","?","$","E","R","T","T","R","E","M","M","E","R","B",null,"M","M","$","?","?","E","M","E","T","E","M","M","$","E","R","B",null,"M","M","$","M","?","E","R","E","T","R","M","?","M","?","R","B","B",null,"R","$","E","B",null],"character_chosen":"IRONCLAD","items_purchased":["Toxic Egg 2","Armaments+1","White Beast Statue","TheAbacus","Mayhem","Brimstone","True Grit+1","Mango","PreservedInsect","Sling","AttackPotion","PowerPotion"],"campfire_rested":0,"item_purchase_floors":[0,0,0,0,0,0,0,0,5,20,54,54],"current_hp_per_floor":[41,49,57,57,57,58,58,65,65,65,56,57,63,68,68,62,88,94,89,89,68,68,76,82,90,90,95,96,96,96,96,96,94,96,88,94,94,96,96,96,96,96,96,96,96,75,68,51,51,17,17,76,76,76,83,50],"gold":62,"neow_bonus":"","is_daily":false,"chose_seed":false,"campfire_upgraded":7,"win_rate":0.0,"timestamp":1613672261,"path_taken":["M","?","M","?","?","E","R","?","T","R","E","M","M","E","R","BOSS","M","M","$","?","?","E","M","E","T","E","M","M","$","E","R","BOSS","M","?","$","M","?","E","R","E","T","R","M","?","M","?","R","BOSS","BOSS","R","$","E","BOSS"],"items_purchased_type":["Relic","Card","Relic","Relic","Card","Relic","Card","Relic","Relic","Relic","Potion","Potion"],"build_version":"2020-12-22","purchased_purges":6,"victory":true,"max_hp_per_floor":[89,89,89,89,89,89,89,96,96,96,96,96,96,96,96,96,96,96,96,96,96,96,96,96,96,96,96,96,96,96,96,96,96,96,96,96,96,96,96,96,96,96,96,96,96,96,96,96,96,96,96,96,96,96,96,96],"card_choices":[{"not_picked":["Wild Strike","Iron Wave"],"picked":"Shrug It Off+1","floor":1},{"not_picked":["Dropkick","True Grit+1"],"picked":"Sword Boomerang","floor":2},{"not_picked":["Blood for Blood","Dual Wield+1","Disarm+1"],"picked":"SKIP","floor":3},{"not_picked":["Sever Soul","Rampage","Reckless Charge"],"picked":"SKIP","floor":6},{"not_picked":["Barricade","Sever Soul"],"picked":"Anger","floor":11},{"not_picked":["Combust","Hemokinesis","Entrench+1"],"picked":"SKIP","floor":12},{"not_picked":["Armaments+1","Headbutt"],"picked":"Battle Trance+1","floor":13},{"not_picked":["Flex+1","Cleave"],"picked":"Heavy Blade","floor":14},{"not_picked":["Immolate","Offering+1"],"picked":"Limit Break+1","floor":16},{"not_picked":["Armaments+1","Entrench+1","Body Slam"],"picked":"SKIP","floor":18},{"not_picked":["Headbutt","Uppercut"],"picked":"Power Through+1","floor":19},{"not_picked":["Clash+1","Armaments+1"],"picked":"Immolate","floor":23},{"not_picked":["Iron Wave+1","Armaments+1"],"picked":"Heavy Blade","floor":24},{"not_picked":["Twin Strike","Sever Soul+1"],"picked":"Demon Form","floor":25},{"not_picked":["Clash+1","Cleave+1"],"picked":"Heavy Blade+1","floor":27},{"not_picked":["Intimidate+1","Hemokinesis+1","Pommel Strike+1"],"picked":"SKIP","floor":28},{"not_picked":["Whirlwind+1","Flex+1","Dual Wield+1"],"picked":"SKIP","floor":29},{"not_picked":["Headbutt+1","Entrench+1","Pummel+1"],"picked":"SKIP","floor":31},{"not_picked":["Limit Break+1","Feed+1"],"picked":"Fiend Fire+1","floor":33},{"not_picked":["Heavy Blade+1","Dual Wield+1","Perfected Strike+1"],"picked":"SKIP","floor":35},{"not_picked":["Wild Strike+1","Clothesline+1","True Grit+1"],"picked":"SKIP","floor":36},{"not_picked":["Sword Boomerang+1","Wild Strike+1","Anger+1"],"picked":"SKIP","floor":38},{"not_picked":["Barricade+1","Reckless Charge+1","Battle Trance+1"],"picked":"SKIP","floor":40},{"not_picked":["Battle Trance+1","Shrug It Off+1"],"picked":"Thunderclap+1","floor":42},{"not_picked":["Perfected Strike+1","Reckless Charge+1","Body Slam+1"],"picked":"SKIP","floor":45},{"not_picked":["Spot Weakness+1","Pommel Strike+1","Shrug It Off+1"],"picked":"SKIP","floor":47},{"not_picked":["Twin Strike+1","Flex+1"],"picked":"Second Wind+1","floor":55}],"player_experience":616906,"relics_obtained":[{"floor":6,"key":"Sundial"},{"floor":8,"key":"Strawberry"},{"floor":9,"key":"Vajra"},{"floor":11,"key":"Omamori"},{"floor":14,"key":"Happy Flower"},{"floor":21,"key":"Necronomicon"},{"floor":23,"key":"InkBottle"},{"floor":25,"key":"Kunai"},{"floor":26,"key":"Akabeko"},{"floor":27,"key":"Molten Egg 2"},{"floor":31,"key":"Bottled Flame"},{"floor":39,"key":"Dead Branch"},{"floor":40,"key":"Frozen Egg 2"},{"floor":42,"key":"Anchor"},{"floor":46,"key":"Turnip"},{"floor":55,"key":"Lantern"}],"event_choices":[{"damage_healed":0,"gold_gain":100,"player_choice":"Gold","damage_taken":0,"max_hp_gain":0,"max_hp_loss":0,"event_name":"Wheel of Change","floor":4,"gold_loss":0},{"damage_healed":0,"gold_gain":0,"player_choice":"Obtained Book","damage_taken":21,"max_hp_gain":0,"max_hp_loss":0,"event_name":"Cursed Tome","floor":21,"gold_loss":0},{"cards_removed":["Defend_R"],"damage_healed":0,"gold_gain":0,"player_choice":"Purged","damage_taken":0,"max_hp_gain":0,"max_hp_loss":0,"event_name":"Purifier","floor":22,"gold_loss":0},{"damage_healed":0,"gold_gain":0,"player_choice":"Fight","damage_taken":0,"max_hp_gain":0,"max_hp_loss":0,"event_name":"Mysterious Sphere","floor":39,"gold_loss":0},{"damage_healed":0,"gold_gain":0,"player_choice":"Fight","damage_taken":0,"max_hp_gain":0,"max_hp_loss":0,"event_name":"MindBloom","floor":46,"gold_loss":0},{"damage_healed":0,"gold_gain":0,"player_choice":"Embrace Madness","damage_taken":17,"max_hp_gain":0,"max_hp_loss":0,"event_name":"Winding Halls","floor":48,"gold_loss":0,"cards_obtained":["Madness","Madness"]}],"is_beta":false,"boss_relics":[{"not_picked":["Sozu","Mark of Pain"],"picked":"Cursed Key"},{"not_picked":["Philosopher\u0027s Stone","Black Star"],"picked":"Pandora\u0027s Box"}],"items_purged_floors":[0,0,0,20,37,54],"is_endless":false,"potions_floor_spawned":[1,2,3,6,11,12,13,14,16,18,19,23,24,25,27,28,29,31,33,35,36,38,39,40,42,45,46,47,55],"ascension_level":20}}