{"host":"hbrjinenk1akq1dy","time":1613654774,"event":{"mods":["BaseMod","Colored Map","Colored Powertips","Highlight Path","Minty Spire (QoL Compilation)","Quick Restart","StSLib","SuperFastMode"],"gold_per_floor":[118,130,150,150,170,170,196,208,234,248,276,54,74,91,91,191,191,205,205,232,232,232,261,23,52,79,109,109,29,48,74,74,173,173,183,233,243,243,243,243,243,278,347,423,454,454,489,241,241,241],"floor_reached":51,"language":"ENG","playtime":2706,"items_purged":["Defend_G","Writhe"],"score":1113,"play_id":"0eddf406-dca8-4c0e-90ab-5e47481446d5","local_time":"20210218212614","is_ascension_mode":true,"campfire_choices":[{"data":"Cloak And Dagger","floor":6.0,"key":"SMITH"},{"data":"Terror","floor":15.0,"key":"SMITH"},{"data":"Envenom","floor":28.0,"key":"SMITH"},{"data":"Escape Plan","floor":32.0,"key":"SMITH"},{"data":"Infinite Blades","floor":40,"key":"SMITH"},{"data":"Sadistic Nature","floor":49,"key":"SMITH"}],"circlet_count":0,"master_deck":["Strike_G","Strike_G","Strike_G+1","Defend_G+1","Defend_G","Survivor","Neutralize+1","CurseOfTheBell","Escape Plan+1","Cloak And Dagger+1","Dodge and Roll+1","Terror+1","PiercingWail+1","Blur+1","Blade Dance+1","Blur+1","Escape Plan+1","Night Terror+1","Backflip+1","Crippling Poison+1","Envenom+1","PiercingWail+1","Adrenaline+1","Infinite Blades+1","Cloak And Dagger+1","Sadistic Nature+1","Madness+1","Madness+1","Adrenaline+1"],"relics":["Calling Bell","Bag of Marbles","Kunai","CaptainsWheel","Toxic Egg 2","Tiny Chest","War Paint","Juzu Bracelet","Sozu","MealTicket","Snake Skull","The Courier","Ancient Tea Set","Torii","Whetstone","Lantern","Pen Nib","Matryoshka","Empty Cage","FossilizedHelix","Vajra","Question Card","Dream Catcher","Ornamental Fan","White Beast Statue","Darkstone Periapt","Toy Ornithopter","Boot","ClockworkSouvenir","Bag of Preparation"],"acts_visited":["Exordium","TheCity","TheBeyond"],"potions_floor_usage":[50],"damage_taken":[{"damage":3.0,"enemies":"Small Slimes","floor":1.0,"turns":5.0},{"damage":0.0,"enemies":"Cultist","floor":2.0,"turns":4.0},{"damage":0.0,"enemies":"Jaw Worm","floor":3.0,"turns":4.0},{"damage":22.0,"enemies":"Exordium Thugs","floor":5.0,"turns":9.0},{"damage":3.0,"enemies":"3 Sentries","floor":7.0,"turns":10.0},{"damage":1.0,"enemies":"Blue Slaver","floor":8.0,"turns":4.0},{"damage":0.0,"enemies":"Large Slime","floor":10.0,"turns":7.0},{"damage":12.0,"enemies":"Lagavulin","floor":11.0,"turns":10.0},{"damage":0.0,"enemies":"Looter","floor":13.0,"turns":2.0},{"damage":0.0,"enemies":"Exordium Wildlife","floor":14.0,"turns":4.0},{"damage":5.0,"enemies":"Hexaghost","floor":16.0,"turns":12.0},{"damage":6.0,"enemies":"Shell Parasite","floor":18.0,"turns":7.0},{"damage":0.0,"enemies":"Book of Stabbing","floor":23.0,"turns":7.0},{"damage":19.0,"enemies":"Gremlin Leader","floor":25.0,"turns":11.0},{"damage":22.0,"enemies":"Slavers","floor":27.0,"turns":8.0},{"damage":0.0,"enemies":"2 Thieves","floor":30.0,"turns":3.0},{"damage":0.0,"enemies":"Gremlin Leader","floor":31.0,"turns":5.0},{"damage":8,"enemies":"Champ","floor":33,"turns":10},{"damage":0,"enemies":"3 Shapes","floor":35,"turns":5},{"damage":0,"enemies":"Mind Bloom Boss Battle","floor":36,"turns":6},{"damage":0,"enemies":"Orb Walker","floor":37,"turns":5},{"damage":0,"enemies":"Giant Head","floor":42,"turns":7},{"damage":0,"enemies":"Reptomancer","floor":45,"turns":6},{"damage":0,"enemies":"Giant Head","floor":47,"turns":7},{"damage":0,"enemies":"Donu and Deca","floor":50,"turns":7}],"seed_played":"-4346513933790572450","potions_obtained":[{"floor":2.0,"key":"Block Potion"},{"floor":3.0,"key":"Dexterity Potion"},{"floor":5.0,"key":"BlessingOfTheForge"},{"floor":11.0,"key":"Explosive Potion"}],"is_trial":false,"path_per_floor":["M","M","M","?","M","R","E","M","T","M","E","$","M","M","R","B",null,"M","?","T","?","T","E","$","E","T","E","R","$","M","E","R","B",null,"M","?","M","?","T","R","?","E","T","T","E","?","E","$","R","B",null],"character_chosen":"THE_SILENT","items_purchased":["Juzu Bracelet","Torii","ClockworkSouvenir","Bag of Preparation"],"campfire_rested":0,"item_purchase_floors":[12,24,48,48],"current_hp_per_floor":[67,67,67,67,45,45,42,41,41,41,29,29,29,29,29,24,70,64,64,64,64,64,64,70,51,51,29,29,44,44,44,44,36,70,70,70,70,70,70,70,61,61,61,61,61,61,61,70,70,70],"gold":241,"neow_bonus":"BOSS_RELIC","is_daily":false,"chose_seed":false,"campfire_upgraded":6,"win_rate":0.0,"timestamp":1613654774,"path_taken":["M","M","M","?","?","R","E","?","T","M","E","$","M","M","R","BOSS","M","?","?","?","?","E","?","E","T","E","R","$","M","E","R","BOSS","M","?","M","?","?","R","?","E","T","?","E","?","E","$","R","BOSS"],"items_purchased_type":["Relic","Relic","Relic","Relic"],"build_version":"2020-12-22","purchased_purges":2,"victory":true,"max_hp_per_floor":[70,70,70,70,70,70,70,70,70,70,70,70,70,70,70,70,70,70,70,70,70,70,70,70,70,70,70,70,70,70,70,70,70,70,70,70,70,70,70,70,70,70,70,70,70,70,70,70,70,70],"card_choices":[{"not_picked":["Bane","Underhanded Strike"],"picked":"Escape Plan","floor":1.0},{"not_picked":["Prepared","Flechettes","Choke"],"picked":"SKIP","floor":2.0},{"not_picked":["Blade Dance","Deflect"],"picked":"Cloak And Dagger","floor":3.0},{"not_picked":["Heel Hook","Night Terror"],"picked":"Terror","floor":5.0},{"not_picked":["Expertise+1","Deflect+1"],"picked":"PiercingWail+1","floor":7.0},{"not_picked":["Masterful Stab","Catalyst+1","Footwork"],"picked":"SKIP","floor":8.0},{"not_picked":["Endless Agony","Sucker Punch"],"picked":"Blur+1","floor":10.0},{"not_picked":["Eviscerate","PiercingWail+1"],"picked":"Blade Dance+1","floor":11.0},{"not_picked":["Deflect+1","Acrobatics+1"],"picked":"Blur+1","floor":13.0},{"not_picked":["Distraction+1","Acrobatics+1"],"picked":"Escape Plan+1","floor":14.0},{"not_picked":["Bullet Time+1","Glass Knife"],"picked":"Night Terror+1","floor":16.0},{"not_picked":["Quick Slash","Masterful Stab"],"picked":"Backflip+1","floor":18.0},{"not_picked":["Concentrate+1","Flying Knee+1","Flechettes+1"],"picked":"SKIP","floor":23.0},{"not_picked":["Poisoned Stab+1","PiercingWail+1"],"picked":"Envenom","floor":25.0},{"not_picked":["Distraction+1","Flying Knee","Underhanded Strike"],"picked":"SKIP","floor":27.0},{"not_picked":["Heel Hook","Predator"],"picked":"PiercingWail+1","floor":30.0},{"not_picked":["Slice","Bane","All Out Attack"],"picked":"SKIP","floor":31.0},{"not_picked":["A Thousand Cuts","Grand Finale"],"picked":"Adrenaline+1","floor":33},{"not_picked":["Quick Slash+1","Deadly Poison+1"],"picked":"Infinite Blades","floor":35},{"not_picked":["Deadly Poison+1","Heel Hook+1"],"picked":"Cloak And Dagger+1","floor":37},{"not_picked":["Trip+1","Finesse+1"],"picked":"Sadistic Nature","floor":38},{"not_picked":["Cloak And Dagger+1","Tools of the Trade","Flying Knee+1"],"picked":"Adrenaline+1","floor":42},{"not_picked":["Dagger Throw","Acrobatics+1","Flying Knee","Accuracy+1"],"picked":"SKIP","floor":45},{"not_picked":["Leg Sweep+1","Quick Slash+1","Bane+1","Dodge and Roll+1"],"picked":"SKIP","floor":47}],"player_experience":201374,"relics_obtained":[{"floor":0.0,"key":"Bag of Marbles"},{"floor":0.0,"key":"Kunai"},{"floor":0.0,"key":"CaptainsWheel"},{"floor":7.0,"key":"Toxic Egg 2"},{"floor":9.0,"key":"Tiny Chest"},{"floor":11.0,"key":"War Paint"},{"floor":20.0,"key":"MealTicket"},{"floor":22.0,"key":"The Courier"},{"floor":23.0,"key":"Ancient Tea Set"},{"floor":25.0,"key":"Whetstone"},{"floor":26.0,"key":"Lantern"},{"floor":27.0,"key":"Pen Nib"},{"floor":31.0,"key":"Matryoshka"},{"floor":36,"key":"FossilizedHelix"},{"floor":39,"key":"Vajra"},{"floor":39,"key":"Question Card"},{"floor":42,"key":"Dream Catcher"},{"floor":43,"key":"Ornamental Fan"},{"floor":43,"key":"White Beast Statue"},{"floor":44,"key":"Darkstone Periapt"},{"floor":45,"key":"Toy Ornithopter"},{"floor":47,"key":"Boot"}],"event_choices":[{"damage_healed":0.0,"max_hp_gain":0.0,"max_hp_loss":0.0,"gold_gain":0.0,"cards_transformed":["Defend_G"],"event_name":"Transmorgrifier","player_choice":"Transformed","floor":4.0,"gold_loss":0.0,"damage_taken":0.0,"cards_obtained":["Dodge and Roll"]},{"damage_healed":0.0,"max_hp_gain":0.0,"max_hp_loss":0.0,"gold_gain":0.0,"event_name":"The Library","player_choice":"Read","floor":19.0,"gold_loss":0.0,"damage_taken":0.0,"cards_obtained":["Crippling Poison"]},{"damage_healed":0.0,"max_hp_gain":0.0,"max_hp_loss":0.0,"gold_gain":0.0,"event_name":"The Mausoleum","player_choice":"Opened","floor":21.0,"gold_loss":0.0,"damage_taken":0.0,"relics_obtained":["Snake Skull"],"cards_obtained":["Writhe"]},{"damage_healed":0,"gold_gain":0,"player_choice":"Fight","damage_taken":0,"max_hp_gain":0,"max_hp_loss":0,"event_name":"MindBloom","floor":36,"gold_loss":0},{"damage_healed":0,"gold_gain":0,"player_choice":"Memory 1","damage_taken":0,"max_hp_gain":0,"max_hp_loss":0,"event_name":"SensoryStone","floor":38,"gold_loss":0},{"damage_healed":0,"gold_gain":0,"player_choice":"Embrace Madness","damage_taken":9,"max_hp_gain":0,"max_hp_loss":0,"event_name":"Winding Halls","floor":41,"gold_loss":0,"cards_obtained":["Madness","Madness"]},{"cards_removed":["Strike_G"],"damage_healed":0,"gold_gain":0,"player_choice":"Removed Attack","damage_taken":0,"max_hp_gain":0,"max_hp_loss":0,"event_name":"Falling","floor":46,"gold_loss":0}],"is_beta":false,"boss_relics":[{"not_picked":["Black Star","Velvet Choker"],"picked":"Sozu"},{"not_picked":["Runic Pyramid","SacredBark"],"picked":"Empty Cage"}],"items_purged_floors":[12,29],"is_endless":false,"potions_floor_spawned":[2,3,5,10,11,25,27,33,45,47],"ascension_level":2}}