{"host":"y0i0tbisecj7yjyn","time":1613624068,"event":{"mods":["2.2 Compatiblity","AchievementEnabler","AlwaysNeverKeys","BaseMod","Better Third Choice","BetterRewards","Colored Map","Colored Powertips","Curses Come First","Disable Question Mark Monsters","Displayed Cursed Tome","Highlight Path","Keyboard Shortcuts","Minty Spire (QoL Compilation)","Quick Restart","Random Character Button","Rare Cards Sparkle","Relic Stats","Reliquary","Smile Girya","StSLib","SuperFastMode","The Marked","Transform Curses","Weighted Paths"],"gold_per_floor":[119,135,135,135,105,105,149,149,194,233,253,253,286,299,299,418,481,496,511,529,88,103,103,103,143,195,231,256,272,48,48,48],"floor_reached":31,"language":"ENG","playtime":1178,"items_purged":["Writhe"],"score":407,"play_id":"44956998-6ddc-4505-a302-2f99b6601138","local_time":"20210217225428","is_ascension_mode":true,"campfire_choices":[{"data":"Zap","floor":6.0,"key":"SMITH"},{"data":"Zap","floor":8.0,"key":"SMITH"},{"data":"Undo","floor":12.0,"key":"SMITH"},{"floor":15.0,"key":"REST"},{"floor":23,"key":"REST"}],"circlet_count":0,"master_deck":["Strike_B","Strike_B","Strike_B","Strike_B","Defend_B+1","Defend_B","Defend_B","Defend_B","Zap+1","Dualcast","Self Repair","Rebound","Zap+1","Conserve Battery","Undo+1","Sunder","Rainbow","Static Discharge","Rebound+1","Melter+1","Steam","Cold Snap","Cold Snap","Cold Snap","Ball Lightning","Chill"],"relics":["Cracked Core","NeowsBlessing","Golden Idol","Torii","reliquary:TuningFork","reliquary:TridentHead","Darkstone Periapt","Tiny House","reliquary:PorcupineQuills","Shuriken","Oddly Smooth Stone","Symbiotic Virus","reliquary:Knoch","reliquary:QuartzCube","reliquary:TatteredRug","Vajra"],"acts_visited":["Exordium","TheCity"],"potions_floor_usage":[20,20,22,22,25],"damage_taken":[{"damage":0.0,"enemies":"Cultist","floor":1.0,"turns":1.0},{"damage":0.0,"enemies":"Small Slimes","floor":2.0,"turns":1.0},{"damage":0.0,"enemies":"Lagavulin","floor":7.0,"turns":1.0},{"damage":14.0,"enemies":"3 Sentries","floor":10.0,"turns":6.0},{"damage":0.0,"enemies":"Jaw Worm","floor":11.0,"turns":3.0},{"damage":44.0,"enemies":"Gremlin Nob","floor":13.0,"turns":5.0},{"damage":0.0,"enemies":"2 Fungi Beasts","floor":14.0,"turns":2.0},{"damage":38,"enemies":"Slime Boss","floor":16,"turns":10},{"damage":16,"enemies":"Chosen","floor":18,"turns":6},{"damage":23,"enemies":"Spheric Guardian","floor":19,"turns":4},{"damage":0,"enemies":"3 Cultists","floor":20,"turns":3},{"damage":31,"enemies":"Cultist and Chosen","floor":22,"turns":4},{"damage":44,"enemies":"Slavers","floor":25,"turns":4},{"damage":36,"enemies":"Book of Stabbing","floor":27,"turns":5},{"damage":9,"enemies":"Snake Plant","floor":29,"turns":3},{"damage":7,"enemies":"Slavers","floor":31,"turns":1}],"seed_played":"-5450205234092723623","potions_obtained":[{"floor":1.0,"key":"Strength Potion"},{"floor":2.0,"key":"Fruit Juice"},{"floor":5.0,"key":"PotionOfCapacity"},{"floor":5.0,"key":"GamblersBrew"},{"floor":10.0,"key":"Fire Potion"},{"floor":13.0,"key":"DistilledChaos"},{"floor":19,"key":"PowerPotion"},{"floor":20,"key":"Explosive Potion"},{"floor":22,"key":"Regen Potion"}],"is_trial":false,"path_per_floor":["M","M","?","?","?","R","E","R","T","E","M","R","E","M","R","B",null,"M","M","M","$","M","R","?","E","T","E","T","M","$","E"],"character_chosen":"DEFECT","items_purchased":["reliquary:PorcupineQuills","Shuriken","Cold Snap","Vajra"],"campfire_rested":2,"item_purchase_floors":[21,21,21,30],"current_hp_per_floor":[75,80,80,60,60,60,60,60,60,53,60,60,23,23,47,9,85,76,60,60,60,36,61,67,42,42,13,13,4,4,0,0],"gold":48,"neow_bonus":"THREE_ENEMY_KILL","is_daily":false,"chose_seed":false,"campfire_upgraded":3,"win_rate":0.0,"timestamp":1613624068,"path_taken":["M","M","?","?","?","R","E","R","T","E","?","R","E","M","R","BOSS","M","M","M","?","?","R","?","E","T","E","?","M","$","E"],"items_purchased_type":["Relic","Relic","Card","Relic"],"build_version":"2020-12-22","purchased_purges":1,"victory":false,"max_hp_per_floor":[75,80,80,80,80,80,80,80,80,80,80,80,80,80,80,80,85,85,85,85,85,85,85,91,91,91,91,91,91,91,91,91],"relic_stats":{"Darkstone Periapt":6,"Torii":39,"counters":[32,117],"Golden Idol":99,"Shuriken":[4],"obtain_stats":[{"Darkstone Periapt":13,"Tiny House":17,"NeowsBlessing":0,"Torii":7,"Golden Idol":4,"Enchiridion":24,"Oddly Smooth Stone":24,"Vajra":30,"reliquary:TatteredRug":28,"Runic Capacitor":12,"Orichalcum":26,"Cursed Key":17,"reliquary:QuartzCube":27,"reliquary:TridentHead":4,"reliquary:PorcupineQuills":21,"Ornamental Fan":9,"Shuriken":21,"Orrery":19,"reliquary:TuningFork":9,"reliquary:Knoch":26,"reliquary:Vitrine":7,"Toxic Egg 2":10,"Cracked Core":0,"Symbiotic Virus":25},{"Darkstone Periapt":22,"Tiny House":24,"NeowsBlessing":0,"Torii":19,"Golden Idol":18,"Enchiridion":10,"Oddly Smooth Stone":28,"Vajra":31,"reliquary:TatteredRug":30,"Runic Capacitor":5,"Orichalcum":10,"Cursed Key":7,"reliquary:QuartzCube":30,"reliquary:TridentHead":1,"reliquary:PorcupineQuills":27,"Ornamental Fan":3,"Shuriken":27,"Orrery":8,"reliquary:TuningFork":19,"reliquary:Knoch":29,"reliquary:Vitrine":3,"Toxic Egg 2":4,"Cracked Core":0,"Symbiotic Virus":29},{"Darkstone Periapt":75,"Tiny House":87,"NeowsBlessing":0,"Torii":61,"Golden Idol":60,"Enchiridion":34,"Oddly Smooth Stone":104,"Vajra":116,"reliquary:TatteredRug":113,"Runic Capacitor":13,"Orichalcum":34,"Cursed Key":22,"reliquary:QuartzCube":113,"reliquary:TridentHead":1,"reliquary:PorcupineQuills":100,"Ornamental Fan":3,"Shuriken":100,"Orrery":26,"reliquary:TuningFork":61,"reliquary:Knoch":108,"reliquary:Vitrine":3,"Toxic Egg 2":10,"Cracked Core":0,"Symbiotic Virus":108}]},"card_choices":[{"not_picked":["Double Energy","Doom and Gloom"],"picked":"Self Repair","floor":1.0},{"not_picked":["FTL","Beam Cell"],"picked":"Rebound","floor":2.0},{"not_picked":["Undo","Capacitor"],"picked":"Conserve Battery","floor":7.0},{"not_picked":["Beam Cell","Barrage"],"picked":"Undo","floor":10.0},{"not_picked":["Go for the Eyes","Gash","Fusion"],"picked":"SKIP","floor":11.0},{"not_picked":["Seek","Glacier"],"picked":"Sunder","floor":13.0},{"not_picked":["Go for the Eyes","BootSequence","Streamline"],"picked":"SKIP","floor":14.0},{"not_picked":["Buffer","Biased Cognition"],"picked":"Rainbow","floor":16},{"not_picked":["Darkness","Hello World"],"picked":"Static Discharge","floor":17},{"not_picked":["Lockon","Heatsinks+1"],"picked":"Rebound+1","floor":18},{"not_picked":["Leap","Streamline+1"],"picked":"Melter+1","floor":19},{"not_picked":["Turbo","Hyperbeam"],"picked":"Steam","floor":20},{"not_picked":["Gash","Coolheaded+1"],"picked":"Cold Snap","floor":22},{"not_picked":["Darkness","Undo+1"],"picked":"Cold Snap","floor":25},{"not_picked":["Leap","Sweeping Beam"],"picked":"Ball Lightning","floor":27},{"not_picked":["Compile Driver","Redo"],"picked":"Chill","floor":29}],"player_experience":476532,"relics_obtained":[{"floor":7.0,"key":"Torii"},{"floor":9.0,"key":"reliquary:TuningFork"},{"floor":10.0,"key":"reliquary:TridentHead"},{"floor":13.0,"key":"Darkstone Periapt"},{"floor":25,"key":"Symbiotic Virus"},{"floor":26,"key":"reliquary:Knoch"},{"floor":27,"key":"reliquary:QuartzCube"},{"floor":28,"key":"reliquary:TatteredRug"}],"event_choices":[{"damage_healed":0.0,"max_hp_gain":0.0,"max_hp_loss":0.0,"gold_gain":0.0,"event_name":"Match and Keep!","player_choice":"1 cards matched","floor":3.0,"gold_loss":0.0,"damage_taken":0.0,"cards_obtained":["Zap"]},{"damage_healed":0.0,"max_hp_gain":0.0,"max_hp_loss":0.0,"gold_gain":0.0,"event_name":"Golden Idol","player_choice":"Take Damage","floor":4.0,"gold_loss":0.0,"damage_taken":20.0,"relics_obtained":["Golden Idol"]},{"damage_healed":0.0,"max_hp_gain":0.0,"max_hp_loss":0.0,"gold_gain":0.0,"event_name":"The Woman in Blue","player_choice":"Bought 2 Potions","floor":5.0,"gold_loss":0.0,"damage_taken":0.0},{"damage_healed":0,"gold_gain":0,"player_choice":"Opened","damage_taken":0,"relics_obtained":["Oddly Smooth Stone"],"max_hp_gain":0,"max_hp_loss":0,"event_name":"The Mausoleum","floor":24,"gold_loss":0,"cards_obtained":["Writhe"]}],"is_beta":false,"boss_relics":[{"not_picked":["Astrolabe","reliquary:WritOfMandamus"],"picked":"Tiny House"}],"items_purged_floors":[30],"is_endless":false,"potions_floor_spawned":[1,2,10,13,16,19,20,22],"killed_by":"Slavers","ascension_level":4}}