{"host":"baujym3o9opv3mbj","time":1613644610,"event":{"mods":["AchievementEnabler","BaseMod","Colored Map","Minty Spire (QoL Compilation)","Rare Cards Sparkle","StSLib","SuperFastMode"],"gold_per_floor":[117,82,257,273,286,286,313,370,370,0,18,18,29,48,48,149,199,216,13,28,28,41,41,59,69,151,168,168,184,197,112,112,112,112],"floor_reached":33,"language":"KOR","playtime":2867,"items_purged":[],"score":278,"play_id":"5e6f52b1-68ea-4d40-a5db-8998a2bfbd9f","local_time":"20210218193650","is_ascension_mode":false,"campfire_choices":[{"data":"Neutralize","floor":6,"key":"SMITH"},{"floor":15,"key":"REST"},{"floor":23,"key":"REST"},{"floor":28,"key":"REST"},{"floor":32,"key":"REST"}],"circlet_count":0,"master_deck":["Strike_G+1","Strike_G","Strike_G","Strike_G","Strike_G","Defend_G","Defend_G","Defend_G","Defend_G","Defend_G","Survivor","Neutralize+1","CurseOfTheBell","Dagger Throw","Doubt","Bane","Deadly Poison","Dagger Spray","Quick Slash","Deadly Poison+1","Noxious Fumes","Endless Agony","Quick Slash","Corpse Explosion","Noxious Fumes","Backstab+1","Dagger Spray","Terror","Terror","Underhanded Strike","Slice+1","Footwork+1","Eviscerate+1","Endless Agony","Underhanded Strike+1"],"relics":["Calling Bell","Bag of Marbles","Sundial","Thread and Needle","Bottled Lightning","Kunai","Lizard Tail","Ice Cream","Tiny House","Strawberry","Frozen Egg 2","WingedGreaves"],"acts_visited":["Exordium","TheCity"],"potions_floor_usage":[11,16,20,24,30,30],"damage_taken":[{"damage":0,"enemies":"Small Slimes","floor":1,"turns":3},{"damage":0,"enemies":"2 Louse","floor":4,"turns":3},{"damage":0,"enemies":"Cultist","floor":5,"turns":3},{"damage":22,"enemies":"3 Sentries","floor":7,"turns":11},{"damage":33,"enemies":"Lagavulin Event","floor":8,"turns":7},{"damage":0,"enemies":"Gremlin Gang","floor":11,"turns":3},{"damage":0,"enemies":"2 Fungi Beasts","floor":13,"turns":3},{"damage":4,"enemies":"Red Slaver","floor":14,"turns":3},{"damage":16,"enemies":"Slime Boss","floor":16,"turns":11},{"damage":50,"enemies":"Spheric Guardian","floor":18,"turns":8},{"damage":22,"enemies":"Shell Parasite","floor":20,"turns":4},{"damage":29,"enemies":"Sentry and Sphere","floor":22,"turns":5},{"damage":9,"enemies":"Cultist and Chosen","floor":24,"turns":6},{"damage":16,"enemies":"Snecko","floor":25,"turns":5},{"damage":17,"enemies":"Snake Plant","floor":27,"turns":3},{"damage":11,"enemies":"Chosen and Byrds","floor":29,"turns":6},{"damage":8,"enemies":"3 Cultists","floor":30,"turns":4},{"damage":41,"enemies":"Collector","floor":33,"turns":3}],"seed_played":"-258065520812961092","potions_obtained":[{"floor":4,"key":"SteroidPotion"},{"floor":11,"key":"BlessingOfTheForge"},{"floor":13,"key":"Dexterity Potion"},{"floor":16,"key":"FearPotion"},{"floor":17,"key":"CunningPotion"},{"floor":20,"key":"BlessingOfTheForge"},{"floor":29,"key":"Energy Potion"}],"is_trial":false,"path_per_floor":["M","?","?","M","M","R","E","?","T","$","M","?","M","M","R","B",null,"M","$","M","?","M","R","M","M","T","M","R","M","M","?","R","B"],"character_chosen":"THE_SILENT","items_purchased":["Deadly Poison","Ice Cream","Fire Potion","Strawberry","Dagger Spray"],"campfire_rested":4,"item_purchase_floors":[10,10,10,19,19],"current_hp_per_floor":[70,70,70,70,70,70,48,15,15,15,15,15,15,11,32,16,75,25,32,10,10,25,49,40,24,24,7,31,20,12,12,36,0,0],"gold":112,"neow_bonus":"BOSS_RELIC","is_daily":false,"chose_seed":false,"campfire_upgraded":1,"win_rate":0.0,"timestamp":1613644610,"path_taken":["M","?","?","M","M","R","E","?","T","$","M","?","?","M","R","BOSS","M","$","?","?","M","R","M","?","T","M","R","M","M","?","R","BOSS"],"items_purchased_type":["Card","Relic","Potion","Relic","Card"],"build_version":"2020-12-22","purchased_purges":0,"victory":false,"max_hp_per_floor":[70,70,70,70,70,70,70,70,70,70,70,70,70,70,70,70,75,75,82,82,82,82,82,82,82,82,82,82,82,82,82,82,82,82],"card_choices":[{"not_picked":["Infinite Blades","Sucker Punch"],"picked":"Dagger Throw","floor":1},{"not_picked":["Escape Plan","Well Laid Plans"],"picked":"Bane","floor":4},{"not_picked":["Caltrops","Eviscerate"],"picked":"Deadly Poison","floor":5},{"not_picked":["Glass Knife","Outmaneuver"],"picked":"Dagger Spray","floor":7},{"not_picked":["Eviscerate","Backflip"],"picked":"Quick Slash","floor":8},{"not_picked":["Dagger Spray","Acrobatics"],"picked":"Noxious Fumes","floor":11},{"not_picked":["Dagger Spray","Dagger Throw"],"picked":"Endless Agony","floor":13},{"not_picked":["Calculated Gamble","Prepared"],"picked":"Quick Slash","floor":14},{"not_picked":["Malaise","Envenom"],"picked":"Corpse Explosion","floor":16},{"not_picked":["Outmaneuver","Choke"],"picked":"Noxious Fumes","floor":17},{"not_picked":["Heel Hook","Backflip"],"picked":"Backstab+1","floor":18},{"not_picked":["Calculated Gamble+1","Eviscerate"],"picked":"Terror","floor":20},{"not_picked":["Slice","Outmaneuver"],"picked":"Underhanded Strike","floor":22},{"not_picked":["All Out Attack","Well Laid Plans+1"],"picked":"Slice+1","floor":24},{"not_picked":["Blade Dance","Dagger Throw"],"picked":"Footwork+1","floor":25},{"not_picked":["Heel Hook","Outmaneuver"],"picked":"Eviscerate+1","floor":27},{"not_picked":["Masterful Stab","Flechettes+1"],"picked":"Endless Agony","floor":29},{"not_picked":["All Out Attack","Dagger Throw"],"picked":"Underhanded Strike+1","floor":30}],"player_experience":10925,"relics_obtained":[{"floor":0,"key":"Bag of Marbles"},{"floor":0,"key":"Sundial"},{"floor":0,"key":"Thread and Needle"},{"floor":7,"key":"Bottled Lightning"},{"floor":8,"key":"Kunai"},{"floor":9,"key":"Lizard Tail"},{"floor":26,"key":"Frozen Egg 2"}],"event_choices":[{"damage_healed":17,"gold_gain":0,"player_choice":"Healed","damage_taken":0,"max_hp_gain":0,"max_hp_loss":0,"event_name":"The Cleric","floor":2,"gold_loss":35},{"damage_healed":0,"gold_gain":175,"player_choice":"AGREE","damage_taken":0,"max_hp_gain":0,"max_hp_loss":0,"event_name":"Liars Game","floor":3,"gold_loss":0,"cards_obtained":["Doubt"]},{"damage_healed":0,"gold_gain":0,"player_choice":"Searched \u00272\u0027 times","damage_taken":0,"max_hp_gain":0,"max_hp_loss":0,"event_name":"Dead Adventurer","floor":8,"gold_loss":0},{"damage_healed":0,"gold_gain":0,"player_choice":"Forge","damage_taken":0,"max_hp_gain":0,"max_hp_loss":0,"event_name":"Accursed Blacksmith","floor":12,"gold_loss":0,"cards_upgraded":["Deadly Poison"]},{"damage_healed":0,"gold_gain":0,"player_choice":"Copied","damage_taken":0,"max_hp_gain":0,"max_hp_loss":0,"event_name":"Duplicator","floor":21,"gold_loss":0,"cards_obtained":["Terror"]},{"damage_healed":0,"gold_gain":0,"player_choice":"Obtained Relic","damage_taken":0,"relics_obtained":["WingedGreaves"],"max_hp_gain":0,"max_hp_loss":0,"event_name":"Addict","floor":31,"gold_loss":85}],"is_beta":false,"boss_relics":[{"not_picked":["Coffee Dripper","WristBlade"],"picked":"Tiny House"}],"items_purged_floors":[],"is_endless":false,"potions_floor_spawned":[4,11,13,16,18,20,29],"killed_by":"Collector","ascension_level":0}}