{"host":"2d926qfvvz477zl6","time":1613620490,"event":{"mods":["Aspiration","BaseMod","Conspire","Downfall","GifTheSpireLib","Halation","Hermit","Hubris","Infinite Spire","Minty Spire (QoL Compilation)","Morshu Shopkeeper","Permanent Neow","Quick Restart","Rare Cards Sparkle","Reliquary","Replay The Spire","Shedinja","Somnambulant","Spicy Shops","StSLib","Stuff the Spire","Td1madao Mod","The Blue Laboratory","The Bug Knight","The Construct","The Cursed","The Disciple","The Forsaken","The Hierophant","TheFirefly","Wandering Minibosses","Wide Potions","everything is the same but u backflip on backflip","slay the spire mod where everything is the same but ironclad has a cowboy hat"],"gold_per_floor":[12,31,31,47,59,59,92,92,92,92,92,34,85,118,118,244,244,276,318,33,33,33,33,54,54],"floor_reached":24,"language":"ENG","playtime":578,"items_purged":[],"score":252,"play_id":"1ff53d9b-ceaf-4ab9-b223-7c4f3ebe7e1b","local_time":"20210217225450","is_ascension_mode":true,"campfire_choices":[{"data":"hermit:WideOpen","floor":6,"key":"SMITH"},{"data":"hermit:SprayPray","floor":8,"key":"SMITH"},{"data":"hermit:RoundhouseKick","floor":11,"key":"SMITH"},{"floor":15,"key":"DIG"},{"floor":23,"key":"REST"}],"circlet_count":0,"master_deck":["hermit:Strike_Hermit","hermit:Strike_Hermit","hermit:Strike_Hermit","hermit:Strike_Hermit","hermit:Defend_Hermit","hermit:Defend_Hermit","hermit:Snapshot","hermit:Covet","hermit:WideOpen+1","hermit:RoundhouseKick+1","hermit:NoHoldsBarred+1","hermit:Ricochet","hermit:Headshot","hermit:Ricochet","hermit:SprayPray+1","Parasite","hermit:Desperado","hermit:Glare","hermit:HighNoon","hermit:Showdown","hermit:TakeCover+1"],"relics":["hermit:Momento","Replay:Bandana","Smiling Mask","Pet Ghost","hubris:FunFungus","aspiration:Lifesprig","aspiration:SecretTechniqueScroll","hermit:PetGhost","Vajra","ReplayFunnel"],"acts_visited":["Exordium","TheCity"],"potions_floor_usage":[7,16],"damage_taken":[{"damage":0,"enemies":"Cultist","floor":1,"turns":2},{"damage":0,"enemies":"2 Louse","floor":2,"turns":1},{"damage":0,"enemies":"Small Slimes","floor":4,"turns":1},{"damage":4,"enemies":"2 Fungi Beasts","floor":5,"turns":2},{"damage":0,"enemies":"conspire:MimicChest","floor":7,"turns":1},{"damage":16,"enemies":"Gremlin Nob","floor":13,"turns":3},{"damage":0,"enemies":"Large Slime","floor":14,"turns":2},{"damage":47,"enemies":"Hexaghost","floor":16,"turns":6},{"damage":29,"enemies":"Shell Parasite","floor":18,"turns":4},{"damage":13,"enemies":"3 Byrds","floor":19,"turns":4},{"damage":100030,"enemies":"Shelled Parasite and Fungi","floor":24,"turns":3}],"seed_played":"-7793816280937122071","potions_obtained":[{"floor":1,"key":"hermit:BlackBile"},{"floor":2,"key":"blueLaboratory:LouseDecoction"},{"floor":7,"key":"ColorlessPotion"},{"floor":16,"key":"Milkshake"}],"is_trial":false,"path_per_floor":["M","M","?","M","M","R","?","R","T","?","R","$","E","M","R","B",null,"M","M","$","?","?","R","M"],"character_chosen":"HERMIT","items_purchased":["Pet Ghost","hermit:PetGhost","Vajra","ReplayFunnel"],"campfire_rested":1,"item_purchase_floors":[12,20,20,20],"current_hp_per_floor":[68,68,68,68,64,64,64,64,64,64,64,64,48,48,48,1,57,28,15,15,1,1,25,0,0],"gold":54,"neow_bonus":"TRANSFORM_TWO_CARDS","is_daily":false,"chose_seed":false,"campfire_upgraded":3,"win_rate":0.0,"timestamp":1613620490,"path_taken":["M","?","?","M","?","R","?","R","T","?","R","$","E","M","R","BOSS","M","?","?","?","?","R","?"],"items_purchased_type":["Relic","Relic","Relic","Relic"],"build_version":"2020-12-22","purchased_purges":0,"victory":false,"max_hp_per_floor":[75,75,75,75,75,75,75,75,75,75,75,75,75,75,75,75,75,75,75,75,80,80,80,80,80],"card_choices":[{"not_picked":["hermit:Maintenance","hermit:TakeAim"],"picked":"hermit:NoHoldsBarred","floor":1},{"not_picked":["hermit:SprayPray","hermit:FlashPowder"],"picked":"hermit:Ricochet","floor":2},{"not_picked":["hermit:Dive","hermit:Misfire"],"picked":"hermit:Headshot","floor":4},{"not_picked":["hermit:Combo","hermit:Manifest"],"picked":"hermit:Ricochet","floor":5},{"not_picked":["hermit:Scavenge","hermit:Glare"],"picked":"hermit:SprayPray","floor":7},{"not_picked":["hermit:Feint","hermit:Quickdraw"],"picked":"hermit:Desperado","floor":13},{"not_picked":["hermit:Headshot","hermit:Malice"],"picked":"hermit:Glare","floor":14},{"not_picked":["hermit:FromBeyond","hermit:DeadOrAlive"],"picked":"hermit:HighNoon","floor":16},{"not_picked":["hermit:Grudge","hermit:HighCaliber"],"picked":"hermit:Showdown","floor":18},{"not_picked":["hermit:Coalescence","hermit:LowProfile+1"],"picked":"hermit:TakeCover+1","floor":19}],"player_experience":477456,"relics_obtained":[{"floor":7,"key":"Replay:Bandana"},{"floor":9,"key":"Smiling Mask"},{"floor":13,"key":"hubris:FunFungus"},{"floor":15,"key":"aspiration:Lifesprig"}],"event_choices":[{"damage_healed":0,"gold_gain":0,"player_choice":"Upgraded","damage_taken":0,"max_hp_gain":0,"max_hp_loss":0,"event_name":"Upgrade Shrine","floor":3,"gold_loss":0,"cards_upgraded":["hermit:NoHoldsBarred"]},{"damage_healed":0,"gold_gain":0,"player_choice":"Bought 0 Potions","damage_taken":0,"max_hp_gain":0,"max_hp_loss":0,"event_name":"The Woman in Blue","floor":10,"gold_loss":0},{"damage_healed":0,"gold_gain":0,"player_choice":"Shed Blood","damage_taken":19,"max_hp_gain":5,"max_hp_loss":0,"event_name":"Forgotten Altar","floor":21,"gold_loss":0},{"cards_removed":["Injury"],"damage_healed":0,"gold_gain":0,"player_choice":"Purged","damage_taken":0,"max_hp_gain":0,"max_hp_loss":0,"event_name":"Purifier","floor":22,"gold_loss":0}],"is_beta":false,"boss_relics":[{"not_picked":["Replay:Drink Me","halation:PlatinumPhoenix"],"picked":"aspiration:SecretTechniqueScroll"}],"items_purged_floors":[],"is_endless":false,"potions_floor_spawned":[1,2,7,16],"killed_by":"Shelled Parasite and Fungi","ascension_level":6}}