{"host":"nhhqxetgwwd7qseb","time":1613636385,"event":{"mods":["ATMod(阿瑾Mod)","Act Like it!","BaseMod","Chen","Dota2Spire","Downfall","Energized Spire","Gensokyo","GungeonMod","Hallownest","Hermit","Koishi","LagranYue(拉格朗・月)","Marisa（F雨　魔理沙）","Minty Spire (QoL Compilation)","Quick Restart","Rare Cards Sparkle","Reimu（博丽灵梦）","Remilia（蕾米莉亚）","Replay The Spire","SOS（斯巴达之子）","StSLib","The Alterego","The Bladedancer","The Bug Knight","The Senshi","The Servant 0.9.4","TheWitcher","UnlockEverythingMod","WarShipGirlsR/战舰少女R mod","Warlord Emblem","Yakumo Yukari mod","Youmu（魂魄妖梦）","【功能Mod】混沌之环修复补丁","【功能Mod】聪明的最终Boss","【遗物卡牌】REMEMod"],"gold_per_floor":[32,32,90,136,159,159,191,201,201,214,168,220,180,220,220,220,220],"floor_reached":16,"language":"ZHS","playtime":1103,"items_purged":[],"score":98,"play_id":"485d8f6c-1757-4018-b2ab-e41014ce46d8","local_time":"20210218161945","is_ascension_mode":false,"campfire_choices":[{"data":"Weaponchange","floor":6,"key":"SMITH"},{"floor":15,"key":"REST"}],"circlet_count":0,"master_deck":["Attack_a","Attack_a","Attack_b","Shoot","Shoot","Provocation","Defend_Dante","Defend_Dante","Defend_Dante","Defend_Dante","Redorb","Weaponchange+1","SnafuTest:PowerBloodLust","Royaldefend","Whiteorb","Dash2","Rebellion","Rebellion"],"relics":["SSS","Combocheck","REME_ComplimentaryCards","AT_ATBox","AT_TheCollector","Replay:Baseball","PaintedHorse:ReiMu"],"acts_visited":["Exordium"],"potions_floor_usage":[16,16,16],"damage_taken":[{"damage":9,"enemies":"Small Slimes","floor":1,"turns":4},{"damage":0,"enemies":"Jaw Worm","floor":3,"turns":5},{"damage":12,"enemies":"Cultist","floor":4,"turns":5},{"damage":8,"enemies":"Lots of Slimes","floor":5,"turns":4},{"damage":9,"enemies":"3 Louse","floor":7,"turns":4},{"damage":0,"enemies":"Exordium Wildlife","floor":8,"turns":3},{"damage":3,"enemies":"Large Slime","floor":10,"turns":10},{"damage":1,"enemies":"Lots of Slimes","floor":12,"turns":4},{"damage":0,"enemies":"Blue Slaver","floor":14,"turns":5},{"damage":74,"enemies":"Fading Forest","floor":16,"turns":8}],"seed_played":"-8247161393757297897","potions_obtained":[{"floor":4,"key":"BlessingOfTheForge"},{"floor":7,"key":"Energy Potion"},{"floor":10,"key":"AttackPotion"}],"is_trial":false,"path_per_floor":["M","?","M","M","M","R","M","M","T","M","$","M","?","M","R","B"],"character_chosen":"DANTE","items_purchased":["Rebellion"],"campfire_rested":1,"item_purchase_floors":[11],"current_hp_per_floor":[71,71,71,59,51,51,42,42,42,39,39,38,38,38,62,0,0],"gold":220,"neow_bonus":"ONE_RARE_RELIC","is_daily":false,"chose_seed":false,"campfire_upgraded":1,"win_rate":0.0,"timestamp":1613636385,"path_taken":["M","?","M","M","M","R","M","M","T","M","$","M","?","M","R","BOSS"],"items_purchased_type":["Card"],"build_version":"2020-12-22","purchased_purges":0,"victory":false,"max_hp_per_floor":[80,80,80,80,80,80,80,80,80,80,80,80,80,80,80,80,80],"card_choices":[{"not_picked":["Dash1","LucifercomboB"],"picked":"Weaponchange","floor":1},{"not_picked":["Kick13","BeastUppercut","DevilstarS"],"picked":"SKIP","floor":3},{"not_picked":["Kick13","LucifercomboC"],"picked":"Royaldefend","floor":4},{"not_picked":["Gunstinger","Swordmaster"],"picked":"Whiteorb","floor":5},{"not_picked":["Fullhouse","Swordmaster","Airhike"],"picked":"SKIP","floor":7},{"not_picked":["Ecstasy","Millionkick"],"picked":"Dash2","floor":8},{"not_picked":["Dash1","Weaponupgrade","Gilgamesh"],"picked":"SKIP","floor":10},{"not_picked":["BeastUppercut","Lucifer"],"picked":"Rebellion","floor":12},{"not_picked":["Shock","Hightime","LucifercomboD"],"picked":"SKIP","floor":14}],"player_experience":92070,"relics_obtained":[{"floor":9,"key":"Replay:Baseball"}],"event_choices":[{"damage_healed":0,"gold_gain":0,"player_choice":"Ignored","damage_taken":0,"max_hp_gain":0,"max_hp_loss":0,"event_name":"Golden Idol","floor":2,"gold_loss":0},{"damage_healed":0,"gold_gain":0,"player_choice":"塞钱","damage_taken":0,"relics_obtained":["PaintedHorse:ReiMu"],"max_hp_gain":0,"max_hp_loss":0,"event_name":"yidonshenshe","floor":13,"gold_loss":40}],"is_beta":false,"boss_relics":[],"items_purged_floors":[],"is_endless":false,"potions_floor_spawned":[4,7,10,14],"killed_by":"Fading Forest","ascension_level":0}}