{"host":"x7btokbb0w2jhl7e","time":1613638885,"event":{"mods":["Act Like it!","BaseMod","Gensokyo","Marisa£®ÏF”Í°°ƒß¿Ì…≥£©","Minty Spire (QoL Compilation)","Quick Restart","StSLib","°æ“≈ŒÔø®≈∆°øREMEMod"],"gold_per_floor":[114,2,2,2,2,31,31,363,363,363,463,498,324,336,336,408,408,724,298,298,548,561,594,594,627,627,662,662,677,557,573,573,647,647,663,462,474,474,474,503,514,549,575,575,339,350,350,383,395,407,419,431,443,109,138,138],"floor_reached":57,"language":"ZHS","playtime":2675,"items_purged":["Defend_P","Strike_P","Strike_P+1","Defend_P+1","Halt+1"],"score":3340,"play_id":"c1a51f3e-7b4a-40df-895d-6bc3862862c0","local_time":"20210218170125","is_ascension_mode":true,"campfire_choices":[{"data":"Eruption","floor":7.0,"key":"SMITH"},{"data":"BowlingBash","floor":10.0,"key":"SMITH"},{"data":"TalkToTheHand","floor":15.0,"key":"SMITH"},{"floor":24.0,"key":"REST"},{"data":"TalkToTheHand","floor":32.0,"key":"SMITH"},{"floor":44.0,"key":"RECALL"},{"floor":49.0,"key":"REST"},{"floor":53.0,"key":"REST"}],"circlet_count":0,"master_deck":["AscendersBane","Strike_P+1","Defend_P+1","Eruption+1","Vigilance+1","TalkToTheHand+1","BowlingBash+1","LessonLearned+1","Panacea+1","Vault+1","TalkToTheHand+1","InnerPeace+1","Gensokyo:ShootingStar+1","Adaptation+1","Adaptation+1"],"relics":["PureWater","REME_ComplimentaryCards","NeowsBlessing","Gensokyo:OccultBall","Oddly Smooth Stone","Mummified Hand","Toxic Egg 2","HornCleat","War Paint","Torii","Philosopher\u0027s Stone","TheAbacus","Bag of Marbles","PreservedInsect","Mango","Juzu Bracelet","Gensokyo:RedStar","Gensokyo:MaskOfHope","Black Star","Happy Flower","Pear","Anchor","MealTicket","MawBank","Lantern","Cauldron","Damaru","Ice Cream"],"acts_visited":["Gensokyo:Gensokyo","Gensokyo:Gensokyoer","Gensokyo:Gensokyoest","TheEnding"],"potions_floor_usage":[56],"damage_taken":[{"damage":0.0,"enemies":"Gensokyo:Gryphon","floor":1.0,"turns":1.0},{"damage":4.0,"enemies":"Gensokyo:Cirno","floor":6.0,"turns":2.0},{"damage":0.0,"enemies":"Gensokyo:Mamizou","floor":8.0,"turns":5.0},{"damage":17.0,"enemies":"Gensokyo:Aya","floor":12.0,"turns":6.0},{"damage":0.0,"enemies":"Gensokyo:Python","floor":14.0,"turns":2.0},{"damage":0.0,"enemies":"Gensokyo:Reimu","floor":16.0,"turns":4.0},{"damage":31.0,"enemies":"Gensokyo:CosmicMonolith","floor":18.0,"turns":5.0},{"damage":0.0,"enemies":"Gensokyo:Chomper","floor":22.0,"turns":4.0},{"damage":6.0,"enemies":"Gensokyo:Reisen","floor":23.0,"turns":5.0},{"damage":0.0,"enemies":"Gensokyo:Koishi","floor":25.0,"turns":4.0},{"damage":0.0,"enemies":"Gensokyo:Reisen","floor":27.0,"turns":1.0},{"damage":0.0,"enemies":"Gensokyo:3_Gloops","floor":29.0,"turns":3.0},{"damage":0.0,"enemies":"Gensokyo:Slime_Group","floor":31.0,"turns":3.0},{"damage":0.0,"enemies":"Gensokyo:Eiki","floor":33.0,"turns":3.0},{"damage":0.0,"enemies":"Gensokyo:AncientGuardian","floor":35.0,"turns":4.0},{"damage":0.0,"enemies":"Gensokyo:3_Bats","floor":37.0,"turns":3.0},{"damage":0.0,"enemies":"Gensokyo:Doremy","floor":40.0,"turns":4.0},{"damage":14.0,"enemies":"Gensokyo:SeedOfUnknown","floor":41.0,"turns":4.0},{"damage":3.0,"enemies":"Gensokyo:Marisa","floor":42.0,"turns":4.0},{"damage":0.0,"enemies":"Gensokyo:3_Boulders","floor":46.0,"turns":3.0},{"damage":6.0,"enemies":"Gensokyo:Kasen","floor":48.0,"turns":2.0},{"damage":8.0,"enemies":"Gensokyo:Yuyuko","floor":50.0,"turns":5.0},{"damage":0.0,"enemies":"Gensokyo:Shinki","floor":51.0,"turns":4.0},{"damage":35.0,"enemies":"Shield and Spear","floor":55.0,"turns":3.0},{"damage":32,"enemies":"The Heart","floor":56,"turns":7}],"seed_played":"-3299821348479324384","potions_obtained":[{"floor":12.0,"key":"EssenceOfSteel"},{"floor":16.0,"key":"DistilledChaos"},{"floor":25.0,"key":"SteroidPotion"},{"floor":54.0,"key":"Swift Potion"}],"is_trial":false,"path_per_floor":["M","COS","?","?","?","E","R","E","T","R","?","E","$","M","R","B",null,"M","$","?","?","M","E","R","E","T","E","?","M","?","M","R","B",null,"M","$","M","?","?","E","M","E","T","R","$","M","?","E","R","B","B",null,"R","$","E","B",null],"character_chosen":"WATCHER","items_purchased":["Panacea+1","TheAbacus","Bag of Marbles","Adaptation","Adaptation","Cauldron"],"campfire_rested":3,"item_purchase_floors":[13,19,19,36,45,54],"current_hp_per_floor":[61,61,61,61,61,57,57,57,57,57,57,40,40,40,40,40,61,30,30,30,30,30,24,42,56,56,56,56,56,56,56,56,77,77,77,77,77,77,77,77,63,70,70,70,85,85,85,79,87,87,87,87,87,87,52,20],"gold":138,"neow_bonus":"THREE_ENEMY_KILL","is_daily":false,"chose_seed":false,"campfire_upgraded":4,"win_rate":0.0,"timestamp":1613638885,"path_taken":["M","COS","?","?","?","E","R","E","T","R","?","E","$","M","R","BOSS","M","$","?","?","M","E","R","E","T","E","?","M","?","M","R","BOSS","M","$","M","?","?","E","M","E","T","R","$","M","?","E","R","BOSS","BOSS","R","$","E","BOSS"],"items_purchased_type":["Card","Relic","Relic","Card","Card","Relic"],"build_version":"2020-12-22","purchased_purges":5,"victory":true,"max_hp_per_floor":[68,68,68,68,68,68,68,68,68,68,68,68,68,68,68,68,68,68,68,68,63,63,63,63,77,77,77,77,77,77,77,77,77,77,77,77,77,77,77,77,77,87,87,87,87,87,87,87,87,87,87,87,87,87,87,87],"card_choices":[{"not_picked":["Prostrate","ClearTheMind"],"picked":"TalkToTheHand","floor":1.0},{"not_picked":["SashWhip","ForeignInfluence","EmptyFist"],"picked":"SKIP","floor":6.0},{"not_picked":["ThirdEye","FollowUp"],"picked":"BowlingBash","floor":8.0},{"not_picked":["Ragnarok","ForeignInfluence+1"],"picked":"LessonLearned","floor":12.0},{"not_picked":["Halt+1","Consecrate"],"picked":"FlurryOfBlows","floor":14.0},{"not_picked":["REME_EmptyShield+1","Wish+1"],"picked":"Vault+1","floor":16.0},{"not_picked":["EmptyFist","SashWhip"],"picked":"TalkToTheHand","floor":18.0},{"not_picked":["REME_MusicOfDeath","CrushJoints"],"picked":"InnerPeace+1","floor":22.0},{"not_picked":["Swivel+1","FlyingSleeves+1","WindmillStrike"],"picked":"SKIP","floor":23.0},{"not_picked":["InnerPeace+1","TalkToTheHand","SignatureMove+1"],"picked":"SKIP","floor":25.0},{"not_picked":["InnerPeace+1","TalkToTheHand","SignatureMove+1"],"picked":"SKIP","floor":25.0},{"not_picked":["ThirdEye+1","SashWhip","EmptyFist+1"],"picked":"SKIP","floor":27.0},{"not_picked":["Crescendo+1","EmptyMind+1"],"picked":"Indignation+1","floor":29.0},{"not_picked":["ClearTheMind+1","EmptyFist"],"picked":"Halt+1","floor":31.0},{"not_picked":[],"picked":"Gensokyo:ShootingStar","floor":33.0},{"not_picked":["SignatureMove","WheelKick","Nirvana+1"],"picked":"SKIP","floor":35.0},{"not_picked":["Consecrate","EmptyMind+1","Wallop"],"picked":"SKIP","floor":37.0},{"not_picked":["FollowUp","Crescendo+1","EmptyFist+1"],"picked":"SKIP","floor":40.0},{"not_picked":["FollowUp","Crescendo+1","EmptyFist+1"],"picked":"SKIP","floor":40.0},{"not_picked":["ThirdEye+1","Crescendo+1","Meditate+1"],"picked":"SKIP","floor":41.0},{"not_picked":["EmptyFist","Protect+1","ReachHeaven"],"picked":"SKIP","floor":42.0},{"not_picked":["CutThroughFate","EmptyBody+1","JustLucky"],"picked":"SKIP","floor":46.0},{"not_picked":["Halt+1","Perseverance+1","MasterReality"],"picked":"SKIP","floor":48.0},{"not_picked":["LikeWater","SashWhip","REME_Repentance+1"],"picked":"SKIP","floor":55.0}],"player_experience":278235,"relics_obtained":[{"floor":6.0,"key":"Gensokyo:OccultBall"},{"floor":6.0,"key":"Oddly Smooth Stone"},{"floor":8.0,"key":"Mummified Hand"},{"floor":9.0,"key":"Toxic Egg 2"},{"floor":12.0,"key":"HornCleat"},{"floor":16.0,"key":"Gensokyo:OccultBall"},{"floor":18.0,"key":"Gensokyo:OccultBall"},{"floor":23.0,"key":"PreservedInsect"},{"floor":25.0,"key":"Mango"},{"floor":27.0,"key":"Juzu Bracelet"},{"floor":33.0,"key":"Gensokyo:OccultBall"},{"floor":40.0,"key":"Happy Flower"},{"floor":42.0,"key":"Pear"},{"floor":42.0,"key":"Anchor"},{"floor":43.0,"key":"MealTicket"},{"floor":48.0,"key":"MawBank"},{"floor":48.0,"key":"Lantern"},{"floor":55.0,"key":"Gensokyo:OccultBall"},{"floor":55.0,"key":"Damaru"},{"floor":55.0,"key":"Ice Cream"}],"event_choices":[],"is_beta":false,"boss_relics":[{"not_picked":["Velvet Choker","Pandora\u0027s Box"],"picked":"Philosopher\u0027s Stone"},{"not_picked":["Runic Dome","REME_DemonsWealth"],"picked":"Black Star"}],"items_purged_floors":[13,19,36,45,54],"is_endless":false,"potions_floor_spawned":[12,16,25,27,29,31,40,42,46],"ascension_level":20}}