{"host":"1hzg86ju9fvxh562","time":1613688013,"event":{"mods":["AchievementEnabler","Act Like it!","AlwaysNeverKeys","BaseMod","Bestiary","Better Altar","Better Match","Better Note","Better Sensory Stone","Better Skull","Better Third Choice","Colored Map","Colored Powertips","Curses Come First","Displayed Cursed Tome","Filter the Spire","Highlight Path","Keyboard Shortcuts","Minty Spire (QoL Compilation)","Rare Cards Sparkle","Relic Sorter","Relic Stats","Spicy Shops","StSLib","everything is the same but u backflip on backflip","slay the spire mod where everything is the same but ironclad has a cowboy hat"],"gold_per_floor":[113,127,137,153,153,153,184,12,82,82,116,132,161,224,224,298,298,311,326,326,339,339,366,366,395,422,448,52,103,117,142,142,221,221,232,232,232,232,252,277,277,302,302,333,144,157,167,198,198,198,198,198,50,78,78],"floor_reached":56,"language":"ENG","playtime":9760,"items_purged":["Sucker Punch"],"score":2216,"play_id":"9d8737c0-73fe-40b8-9823-098748f84e23","local_time":"20210218204013","is_ascension_mode":true,"campfire_choices":[{"data":"Enlightenment","floor":6.0,"key":"SMITH"},{"data":"Leg Sweep","floor":10.0,"key":"SMITH"},{"data":"Doppelganger","floor":15.0,"key":"SMITH"},{"floor":24.0,"key":"REST"},{"data":"Storm of Steel","floor":32.0,"key":"SMITH"},{"data":"Well Laid Plans","floor":41.0,"key":"SMITH"},{"floor":49.0,"key":"RECALL"},{"data":"Deadly Poison","floor":52.0,"key":"PURGE"}],"circlet_count":0,"master_deck":["AscendersBane","Survivor","Neutralize","Heel Hook","Dash","Doppelganger+1","Choke","Endless Agony","Outmaneuver","Flechettes","Cloak And Dagger+1","Leg Sweep+1","Dagger Throw","Enlightenment+1","Well Laid Plans+1","Backflip","Adrenaline","Calculated Gamble","Storm of Steel+1","PiercingWail","Backflip","Adrenaline","Acrobatics+1","Blade Dance","Choke+1","Expertise+1","Flash of Steel","Blade Dance+1","PiercingWail+1","Malaise+1","Accuracy","Reflex+1","Caltrops","Accuracy"],"relics":["Pandora\u0027s Box","Peace Pipe","HornCleat","Blood Vial","Singing Bowl","Omamori","Black Star","WingedGreaves","Prayer Wheel","Gremlin Horn","Orichalcum","The Courier","Oddly Smooth Stone","White Beast Statue","Vajra","Kunai","Shuriken","Bronze Scales","Art of War","Boot","WristBlade","Happy Flower","FossilizedHelix","Shovel","Regal Pillow","Pear","Lantern","Medical Kit","PreservedInsect","Toxic Egg 2","War Paint","Bottled Tornado"],"acts_visited":["Exordium","TheCity","TheBeyond","TheEnding"],"potions_floor_usage":[55],"damage_taken":[{"damage":0.0,"enemies":"Small Slimes","floor":1.0,"turns":3.0},{"damage":0.0,"enemies":"Cultist","floor":2.0,"turns":3.0},{"damage":12.0,"enemies":"Jaw Worm","floor":3.0,"turns":2.0},{"damage":1.0,"enemies":"Looter","floor":4.0,"turns":2.0},{"damage":0.0,"enemies":"Lagavulin","floor":7.0,"turns":5.0},{"damage":4.0,"enemies":"3 Sentries","floor":11.0,"turns":7.0},{"damage":3.0,"enemies":"Blue Slaver","floor":12.0,"turns":2.0},{"damage":1.0,"enemies":"Lagavulin","floor":13.0,"turns":5.0},{"damage":10.0,"enemies":"3 Sentries","floor":14.0,"turns":5.0},{"damage":0.0,"enemies":"Slime Boss","floor":16.0,"turns":3.0},{"damage":16.0,"enemies":"2 Thieves","floor":18.0,"turns":4.0},{"damage":5.0,"enemies":"Shell Parasite","floor":19.0,"turns":4.0},{"damage":2.0,"enemies":"Centurion and Healer","floor":21.0,"turns":6.0},{"damage":21.0,"enemies":"Book of Stabbing","floor":23.0,"turns":5.0},{"damage":6.0,"enemies":"Gremlin Leader","floor":25.0,"turns":5.0},{"damage":4.0,"enemies":"Book of Stabbing","floor":27.0,"turns":7.0},{"damage":0.0,"enemies":"Snake Plant","floor":30.0,"turns":4.0},{"damage":10.0,"enemies":"Slavers","floor":31.0,"turns":4.0},{"damage":6.0,"enemies":"Collector","floor":33.0,"turns":8.0},{"damage":0.0,"enemies":"3 Darklings","floor":35.0,"turns":3.0},{"damage":0.0,"enemies":"3 Shapes","floor":39.0,"turns":1.0},{"damage":2.0,"enemies":"Nemesis","floor":40.0,"turns":3.0},{"damage":0.0,"enemies":"Mind Bloom Boss Battle","floor":42.0,"turns":4.0},{"damage":0.0,"enemies":"Reptomancer","floor":44.0,"turns":4.0},{"damage":0.0,"enemies":"3 Darklings","floor":46.0,"turns":3.0},{"damage":0.0,"enemies":"4 Shapes","floor":47.0,"turns":3.0},{"damage":0.0,"enemies":"Nemesis","floor":48.0,"turns":2.0},{"damage":36.0,"enemies":"Donu and Deca","floor":50.0,"turns":7.0},{"damage":36.0,"enemies":"Shield and Spear","floor":54.0,"turns":5.0},{"damage":16,"enemies":"The Heart","floor":55,"turns":8}],"seed_played":"1724992210280906633","potions_obtained":[{"floor":2.0,"key":"Swift Potion"},{"floor":4.0,"key":"DistilledChaos"},{"floor":11.0,"key":"LiquidMemories"},{"floor":21.0,"key":"SkillPotion"},{"floor":25.0,"key":"Regen Potion"},{"floor":30.0,"key":"Explosive Potion"},{"floor":31.0,"key":"CunningPotion"},{"floor":33.0,"key":"ColorlessPotion"},{"floor":35.0,"key":"Weak Potion"},{"floor":40.0,"key":"Ancient Potion"},{"floor":42.0,"key":"SpeedPotion"},{"floor":44.0,"key":"GhostInAJar"},{"floor":46.0,"key":"GhostInAJar"}],"is_trial":false,"path_per_floor":["M","M","M","M","?","R","E","$","T","R","E","M","E","?","R","B",null,"M","M","?","M","?","E","R","E","T","E","$","T","M","E","R","B",null,"M","?","?","?","M","E","R","?","T","E","$","M","M","E","R","B",null,"R","$","E","B",null],"character_chosen":"THE_SILENT","items_purchased":["Backflip","HornCleat","Kunai","Shuriken","Medical Kit","Flash of Steel","Accuracy","Reflex+1","Caltrops"],"campfire_rested":1,"item_purchase_floors":[8,8,28,28,45,45,53,53,53],"current_hp_per_floor":[63,63,51,50,50,50,50,50,50,50,46,45,46,40,40,42,65,51,50,50,52,52,33,55,53,53,68,68,68,74,68,68,64,81,85,84,84,84,86,84,84,88,88,98,98,102,102,102,102,66,93,93,93,59,45],"gold":78,"neow_bonus":"BOSS_RELIC","is_daily":false,"chose_seed":false,"campfire_upgraded":5,"win_rate":0.0,"timestamp":1613688013,"path_taken":["M","M","M","M","?","R","E","?","T","R","E","M","E","?","R","BOSS","M","M","?","M","?","E","R","E","T","E","$","?","M","E","R","BOSS","M","?","?","?","M","E","R","?","T","E","?","M","M","E","R","BOSS","R","$","E","BOSS"],"items_purchased_type":["Card","Relic","Relic","Relic","Relic","Card","Card","Card","Card"],"build_version":"2020-12-22","purchased_purges":1,"victory":true,"max_hp_per_floor":[70,70,70,70,70,70,70,70,70,70,70,70,70,72,72,72,72,72,74,74,76,76,76,76,78,78,80,80,80,84,86,86,86,86,88,84,84,84,86,86,86,88,88,98,98,102,102,102,102,102,102,102,102,102,102],"relic_stats":{"Regal Pillow":0,"Singing Bowl":26,"Gremlin Horn":[25,24],"Happy Flower":[12],"counters":[30,127],"PreservedInsect":77,"Orichalcum":[90],"War Paint":["Blade Dance","Cloak And Dagger"],"Boot":[39],"Medical Kit":[5],"Peace Pipe":2,"Blood Vial":34,"Shovel":0,"Shuriken":[62],"Bronze Scales":[208],"Pandora\u0027s Box":["Heel Hook","All Out Attack","Dash","Terror","Doppelganger","Choke","Endless Agony","Sucker Punch","Outmaneuver","Flechettes"],"Prayer Wheel":5,"Black Star":8,"Art of War":[4],"Kunai":[62],"obtain_stats":[{"Regal Pillow":43,"Lantern":44,"Singing Bowl":13,"Gremlin Horn":23,"Vajra":27,"Bottled Tornado":54,"Boot":31,"Blood Vial":11,"HornCleat":8,"Shovel":42,"WristBlade":34,"Prayer Wheel":23,"WingedGreaves":20,"Kunai":28,"Toxic Egg 2":48,"Ring of the Snake":0,"Pear":44,"Happy Flower":40,"Oddly Smooth Stone":26,"The Courier":25,"PreservedInsect":48,"Omamori":14,"Orichalcum":25,"War Paint":54,"Medical Kit":45,"White Beast Statue":27,"Peace Pipe":7,"Shuriken":28,"Bronze Scales":29,"Pandora\u0027s Box":0,"Black Star":17,"Art of War":31,"FossilizedHelix":40},{"Regal Pillow":23,"Lantern":24,"Singing Bowl":8,"Gremlin Horn":14,"Vajra":16,"Bottled Tornado":29,"Boot":18,"Blood Vial":6,"HornCleat":5,"Shovel":23,"WristBlade":19,"Prayer Wheel":14,"WingedGreaves":12,"Kunai":16,"Toxic Egg 2":27,"Ring of the Snake":0,"Pear":24,"Happy Flower":22,"Oddly Smooth Stone":15,"The Courier":15,"PreservedInsect":27,"Omamori":9,"Orichalcum":15,"War Paint":29,"Medical Kit":24,"White Beast Statue":16,"Peace Pipe":5,"Shuriken":16,"Bronze Scales":16,"Pandora\u0027s Box":0,"Black Star":10,"Art of War":18,"FossilizedHelix":22},{"Regal Pillow":95,"Lantern":99,"Singing Bowl":29,"Gremlin Horn":56,"Vajra":68,"Bottled Tornado":119,"Boot":76,"Blood Vial":22,"HornCleat":15,"Shovel":95,"WristBlade":84,"Prayer Wheel":56,"WingedGreaves":45,"Kunai":68,"Toxic Egg 2":107,"Ring of the Snake":0,"Pear":99,"Happy Flower":91,"Oddly Smooth Stone":61,"The Courier":61,"PreservedInsect":107,"Omamori":34,"Orichalcum":61,"War Paint":119,"Medical Kit":99,"White Beast Statue":68,"Peace Pipe":15,"Shuriken":68,"Bronze Scales":68,"Pandora\u0027s Box":0,"Black Star":37,"Art of War":76,"FossilizedHelix":91}]},"card_choices":[{"not_picked":["Quick Slash","Accuracy"],"picked":"Deadly Poison","floor":1.0},{"not_picked":["Prepared","Dagger Spray"],"picked":"Cloak And Dagger","floor":2.0},{"not_picked":["Underhanded Strike","Well Laid Plans"],"picked":"Leg Sweep","floor":3.0},{"not_picked":["Leg Sweep","Poisoned Stab"],"picked":"Dagger Throw","floor":4.0},{"not_picked":["Impatience","Purity"],"picked":"Enlightenment","floor":5.0},{"not_picked":["Underhanded Strike","Sucker Punch"],"picked":"Well Laid Plans","floor":7.0},{"not_picked":["Choke","Riddle With Holes"],"picked":"Adrenaline","floor":11.0},{"not_picked":["Escape Plan","Flying Knee","Poisoned Stab"],"picked":"SKIP","floor":12.0},{"not_picked":["Choke","Concentrate"],"picked":"Calculated Gamble","floor":13.0},{"not_picked":["Slice","Dagger Spray","Finisher"],"picked":"Singing Bowl","floor":14.0},{"not_picked":["A Thousand Cuts","Adrenaline"],"picked":"Storm of Steel","floor":16.0},{"not_picked":["Deflect","Prepared"],"picked":"PiercingWail","floor":18.0},{"not_picked":["Deadly Poison","Deflect","Masterful Stab"],"picked":"Singing Bowl","floor":19.0},{"not_picked":["Infinite Blades+1","Riddle With Holes","Deadly Poison"],"picked":"Singing Bowl","floor":21.0},{"not_picked":["Concentrate","Skewer"],"picked":"Backflip","floor":23.0},{"not_picked":["Setup","Dash+1","Backflip"],"picked":"Singing Bowl","floor":25.0},{"not_picked":["Dagger Throw","Tactician","Deadly Poison"],"picked":"Singing Bowl","floor":27.0},{"not_picked":["Deflect","Outmaneuver","Escape Plan"],"picked":"Singing Bowl","floor":30.0},{"not_picked":["Slice","Dodge and Roll","Dagger Spray"],"picked":"Singing Bowl","floor":30.0},{"not_picked":["Poisoned Stab","Dodge and Roll","Flying Knee"],"picked":"Singing Bowl","floor":31.0},{"not_picked":["Envenom","Burst"],"picked":"Adrenaline","floor":33.0},{"not_picked":["Prepared+1","Dagger Throw"],"picked":"Acrobatics+1","floor":35.0},{"not_picked":["Bane","Escape Plan","Dodge and Roll"],"picked":"Singing Bowl","floor":35.0},{"not_picked":["Prepared","Slice","Deflect"],"picked":"Singing Bowl","floor":39.0},{"not_picked":["Catalyst","Skewer"],"picked":"Blade Dance","floor":39.0},{"not_picked":["Cloak And Dagger","Die Die Die"],"picked":"Choke+1","floor":40.0},{"not_picked":["Outmaneuver","Underhanded Strike","Skewer"],"picked":"Singing Bowl","floor":42.0},{"not_picked":["Outmaneuver","Predator"],"picked":"Expertise+1","floor":44.0},{"not_picked":["Dodge and Roll","Heel Hook","Poisoned Stab"],"picked":"Singing Bowl","floor":46.0},{"not_picked":["Dagger Throw","Dagger Spray","Backstab"],"picked":"Singing Bowl","floor":46.0},{"not_picked":["Quick Slash+1","Heel Hook"],"picked":"Blade Dance","floor":47.0},{"not_picked":["Caltrops","Flying Knee+1"],"picked":"PiercingWail+1","floor":47.0},{"not_picked":["Prepared+1","Expertise+1"],"picked":"Malaise+1","floor":48.0},{"not_picked":["Tactician+1","Outmaneuver+1"],"picked":"Accuracy","floor":54.0}],"player_experience":540281,"relics_obtained":[{"floor":7.0,"key":"Peace Pipe"},{"floor":11.0,"key":"Blood Vial"},{"floor":13.0,"key":"Singing Bowl"},{"floor":14.0,"key":"Omamori"},{"floor":23.0,"key":"Prayer Wheel"},{"floor":23.0,"key":"Gremlin Horn"},{"floor":25.0,"key":"Orichalcum"},{"floor":25.0,"key":"The Courier"},{"floor":26.0,"key":"Oddly Smooth Stone"},{"floor":27.0,"key":"White Beast Statue"},{"floor":27.0,"key":"Vajra"},{"floor":29.0,"key":"Bronze Scales"},{"floor":31.0,"key":"Art of War"},{"floor":31.0,"key":"Boot"},{"floor":40.0,"key":"Happy Flower"},{"floor":40.0,"key":"FossilizedHelix"},{"floor":42.0,"key":"Shovel"},{"floor":43.0,"key":"Regal Pillow"},{"floor":44.0,"key":"Pear"},{"floor":44.0,"key":"Lantern"},{"floor":48.0,"key":"PreservedInsect"},{"floor":48.0,"key":"Toxic Egg 2"},{"floor":54.0,"key":"War Paint"},{"floor":54.0,"key":"Bottled Tornado"}],"event_choices":[{"damage_healed":0.0,"max_hp_gain":0.0,"max_hp_loss":0.0,"gold_gain":1.0,"event_name":"betterStone:BetterStone","player_choice":"1","floor":5.0,"gold_loss":0.0,"damage_taken":0.0},{"damage_healed":0.0,"max_hp_gain":0.0,"max_hp_loss":0.0,"gold_gain":0.0,"event_name":"Dead Adventurer","player_choice":"Searched \u00272\u0027 times","floor":14.0,"gold_loss":0.0,"damage_taken":0.0},{"cards_removed":["Terror"],"damage_healed":0.0,"max_hp_gain":0.0,"max_hp_loss":0.0,"gold_gain":0.0,"event_name":"WeMeetAgain","player_choice":"Gave Card","floor":20.0,"gold_loss":0.0,"damage_taken":0.0,"relics_obtained":["WingedGreaves"]},{"damage_healed":0.0,"max_hp_gain":0.0,"max_hp_loss":0.0,"gold_gain":0.0,"event_name":"betterNote:BetterNote","player_choice":"Ignored","floor":22.0,"gold_loss":0.0,"damage_taken":0.0,"cards_obtained":["Searing Blow"]},{"damage_healed":0.0,"max_hp_gain":0.0,"max_hp_loss":4.0,"gold_gain":0.0,"event_name":"Winding Halls","player_choice":"Max HP","floor":36.0,"gold_loss":0.0,"damage_taken":0.0},{"cards_removed":["All Out Attack"],"damage_healed":0.0,"max_hp_gain":0.0,"max_hp_loss":0.0,"gold_gain":0.0,"event_name":"Falling","player_choice":"Removed Attack","floor":37.0,"gold_loss":0.0,"damage_taken":0.0},{"damage_healed":0.0,"max_hp_gain":0.0,"max_hp_loss":0.0,"gold_gain":0.0,"event_name":"Tomb of Lord Red Mask","player_choice":"Ignored","floor":38.0,"gold_loss":0.0,"damage_taken":0.0},{"damage_healed":0.0,"max_hp_gain":0.0,"max_hp_loss":0.0,"gold_gain":0.0,"event_name":"MindBloom","player_choice":"Fight","floor":42.0,"gold_loss":0.0,"damage_taken":0.0}],"is_beta":false,"boss_relics":[{"not_picked":["Runic Pyramid","Coffee Dripper"],"picked":"Black Star"},{"not_picked":["Sozu","Busted Crown"],"picked":"WristBlade"}],"items_purged_floors":[45],"is_endless":false,"potions_floor_spawned":[2,4,11,13,21,25,30,31,33,35,39,40,42,44,46,47,48,54],"ascension_level":13}}