{"host":"ooetke516h53yqww","time":1613675646,"event":{"mods":["100% Spire Juice","2.2 Compatiblity","Abigail Mod","Act Like it!","Astrologer","Bartender","BaseMod","Beaked The Cultist","Better Match","Better Third Choice","Conspire","Elementarium","Friendly Minions","Hallownest","Hermit","HololiveMod","Hubris","Infinite Spire","Kiyohime????","Lobotomy","LobotomyExtend","Mari Mod (Legacy)","Mari\u0027s V1 Patch","Menagerie","Minty Spire (QoL Compilation)","Morshu Shopkeeper","Prisma Mod","Random Character Button","Reliquary","Replay The Spire","Robot Space Explorer","Ruina","Spicy Shops","StSLib","Td1madao Mod","The Alterego","The Bug Knight","The Marked","The Poker Player","The Senshi","TheSwordswoman","Uncapped","WarShipGirlsR/????R mod","Yakumo Yukari mod","Yohane!"],"gold_per_floor":[11,11,27,27,27,60,60,60,60,60,80,90,90,124,124,228,228,245,245,245],"floor_reached":19,"language":"ENG","playtime":994,"items_purged":[],"score":201,"play_id":"446c3830-c12c-43a4-ad92-30087e8ce877","local_time":"20210218141406","is_ascension_mode":true,"campfire_choices":[{"data":"astrologer:TheStar","floor":7,"key":"SMITH"},{"data":"astrologer:Glimpse","floor":13,"key":"SMITH"},{"floor":15,"key":"REST"}],"circlet_count":0,"master_deck":["astrologer:Strike","astrologer:Strike","astrologer:Strike","astrologer:Strike","astrologer:Defend","astrologer:Defend","astrologer:Defend","astrologer:Defend","astrologer:NorthStar","astrologer:TheFool","Dazed","astrologer:TheStar+1","astrologer:Temperance+1","astrologer:TheStar+1","astrologer:Radiance+1","astrologer:Radiance+1","astrologer:Quincunx+1","Dazed","astrologer:Confirmation+1","astrologer:Stardust","astrologer:Glimpse+1","astrologer:FrozenStar","astrologer:Premonition","astrologer:Stardust"],"relics":["astrologer:SkyMirror","LetterFromLob","theSenshi:SailorFukuRelic","reliquary:Spinner","Ornamental Fan","reliquary:RoseTintedGlasses","reliquary:WritOfMandamus"],"acts_visited":["Exordium","ruina:Briah"],"potions_floor_usage":[6,16,16],"damage_taken":[{"damage":0,"enemies":"2 Louse","floor":1,"turns":3},{"damage":0,"enemies":"Jaw Worm","floor":3,"turns":3},{"damage":35,"enemies":"3 Sentries","floor":6,"turns":7},{"damage":0,"enemies":"Cultist","floor":11,"turns":3},{"damage":0,"enemies":"3 Louse","floor":12,"turns":2},{"damage":31,"enemies":"HollowMod:MossKnight","floor":14,"turns":6},{"damage":20,"enemies":"Slime Boss","floor":16,"turns":9},{"damage":57,"enemies":"ruina:3_Bats","floor":18,"turns":7},{"damage":20,"enemies":"ruina:BadWolf","floor":19,"turns":3}],"seed_played":"8203362531558353036","potions_obtained":[{"floor":1,"key":"ColorlessPotion"},{"floor":11,"key":"Explosive Potion"},{"floor":14,"key":"Reflective Coating"}],"is_trial":false,"path_per_floor":["M","?","M","$","?","E","R","T","T","E","M","M","R","E","R","B",null,"M","M"],"character_chosen":"ASTROLOGER","items_purchased":[],"campfire_rested":1,"item_purchase_floors":[],"current_hp_per_floor":[70,70,70,70,70,35,35,35,35,35,35,35,35,4,25,5,70,13,0,0],"gold":245,"neow_bonus":"THREE_RARE_CARDS","is_daily":false,"chose_seed":false,"campfire_upgraded":2,"win_rate":0.0,"timestamp":1613675646,"path_taken":["M","?","M","$","?","E","R","?","T","E","M","M","R","E","R","BOSS","M","M"],"items_purchased_type":[],"build_version":"2020-12-22","purchased_purges":0,"victory":false,"max_hp_per_floor":[70,70,70,70,70,70,70,70,70,70,70,70,70,70,70,70,70,70,70,70],"card_choices":[{"not_picked":["astrologer:HeatDeath","astrologer:TheWorld"],"picked":"astrologer:RejectReality","floor":0},{"not_picked":["astrologer:Moonlight","astrologer:Justice"],"picked":"astrologer:TheStar","floor":1},{"not_picked":["astrologer:TheHermit","astrologer:TheDevil"],"picked":"astrologer:ShiningStar","floor":3},{"not_picked":["astrologer:CometStrike","astrologer:DarkMatter"],"picked":"astrologer:Confirmation","floor":6},{"not_picked":["astrologer:Glimpse","astrologer:Confirmation"],"picked":"astrologer:Stardust","floor":11},{"not_picked":["astrologer:Conjunction","astrologer:StarOfChange"],"picked":"astrologer:Glimpse","floor":12},{"not_picked":["astrologer:TheChariot","astrologer:Observe"],"picked":"astrologer:FrozenStar","floor":14},{"not_picked":["astrologer:Wish","astrologer:Starfield"],"picked":"astrologer:Premonition","floor":16},{"not_picked":["astrologer:SolarFlare","astrologer:Still"],"picked":"astrologer:Stardust","floor":18}],"player_experience":1561264,"relics_obtained":[{"floor":1,"key":"LetterFromLob"},{"floor":6,"key":"theSenshi:SailorFukuRelic"},{"floor":8,"key":"reliquary:Spinner"},{"floor":9,"key":"Ornamental Fan"},{"floor":14,"key":"reliquary:RoseTintedGlasses"}],"event_choices":[],"is_beta":false,"boss_relics":[{"not_picked":["Runic Pyramid","ReplayTheSpireMod:DimensionalGlitch"],"picked":"reliquary:WritOfMandamus"}],"items_purged_floors":[],"is_endless":false,"potions_floor_spawned":[1,11,14],"killed_by":"ruina:BadWolf","ascension_level":3}}