{"host":"9n6i2vl93jt4o42q","time":1613685895,"event":{"mods":["BaseMod","Minty Spire (QoL Compilation)","Relic Stats"],"gold_per_floor":[114,126,145,156,172,197,197,223,249,260,275,275,293,320,320,320,320],"floor_reached":16,"language":"ENG","playtime":11918,"items_purged":[],"score":252,"play_id":"7bd03391-17d7-485c-aec9-f549f88fe224","local_time":"20210218230455","is_ascension_mode":true,"campfire_choices":[{"data":"Disarm","floor":7,"key":"SMITH"},{"floor":12,"key":"REST"},{"data":"Anger","floor":15,"key":"SMITH"}],"circlet_count":0,"master_deck":["AscendersBane","Strike_R+1","Strike_R","Strike_R","Strike_R","Strike_R+1","Defend_R","Defend_R","Defend_R","Defend_R","Bash","Panache","Twin Strike","Anger+1","Thunderclap","Havoc","Disarm+1","Bloodletting","Clothesline","Shrug It Off","Shrug It Off"],"relics":["Burning Blood","Pear","Boot","Whetstone","Akabeko"],"acts_visited":["Exordium"],"potions_floor_usage":[6,8],"damage_taken":[{"damage":8,"enemies":"Cultist","floor":1,"turns":5},{"damage":11,"enemies":"Small Slimes","floor":2,"turns":4},{"damage":0,"enemies":"2 Louse","floor":3,"turns":2},{"damage":0,"enemies":"Large Slime","floor":4,"turns":3},{"damage":7,"enemies":"3 Louse","floor":5,"turns":2},{"damage":39,"enemies":"Lagavulin","floor":6,"turns":6},{"damage":32,"enemies":"Gremlin Nob","floor":8,"turns":4},{"damage":9,"enemies":"Lots of Slimes","floor":10,"turns":4},{"damage":4,"enemies":"2 Fungi Beasts","floor":11,"turns":3},{"damage":1,"enemies":"Red Slaver","floor":13,"turns":3},{"damage":31,"enemies":"Lagavulin","floor":14,"turns":8},{"damage":24,"enemies":"The Guardian","floor":16,"turns":2}],"seed_played":"-1354276768058659946","potions_obtained":[{"floor":1,"key":"Swift Potion"},{"floor":5,"key":"SteroidPotion"},{"floor":6,"key":"Strength Potion"},{"floor":8,"key":"HeartOfIron"}],"is_trial":false,"path_per_floor":["M","M","M","M","M","E","R","E","T","M","M","R","M","E","R","B"],"character_chosen":"IRONCLAD","items_purchased":[],"campfire_rested":1,"item_purchase_floors":[],"current_hp_per_floor":[66,61,67,68,67,44,44,18,18,15,17,40,45,20,20,0,0],"gold":320,"neow_bonus":"RANDOM_COLORLESS_2","is_daily":false,"chose_seed":false,"campfire_upgraded":2,"win_rate":0.0,"timestamp":1613685895,"path_taken":["M","M","?","M","M","E","R","E","T","M","M","R","M","E","R","BOSS"],"items_purchased_type":[],"build_version":"2020-12-22","purchased_purges":0,"victory":false,"max_hp_per_floor":[68,68,68,68,68,78,78,78,78,78,78,78,78,78,78,78,78],"relic_stats":{"counters":[12,46],"Whetstone":["Strike_R","Strike_R"],"Boot":[13],"obtain_stats":[{"Pear":6,"Whetstone":9,"Boot":8,"Burning Blood":0,"Akabeko":14},{"Pear":6,"Whetstone":7,"Boot":7,"Burning Blood":0,"Akabeko":11},{"Pear":22,"Whetstone":26,"Boot":26,"Burning Blood":0,"Akabeko":44}],"Burning Blood":61},"card_choices":[{"not_picked":["Chrysalis","Magnetism"],"picked":"Panache","floor":0},{"not_picked":["Clothesline","Uppercut"],"picked":"Twin Strike","floor":1},{"not_picked":["Feel No Pain","Disarm"],"picked":"Anger","floor":2},{"not_picked":["Carnage","Combust"],"picked":"Thunderclap","floor":3},{"not_picked":["Rage","Anger"],"picked":"Havoc","floor":4},{"not_picked":["Searing Blow","Combust"],"picked":"Disarm","floor":5},{"not_picked":["Searing Blow","Immolate"],"picked":"Bloodletting","floor":6},{"not_picked":["Pummel","Heavy Blade"],"picked":"Clothesline","floor":8},{"not_picked":["Sentinel","Perfected Strike","Body Slam"],"picked":"SKIP","floor":10},{"not_picked":["Clothesline","Uppercut"],"picked":"Shrug It Off","floor":11},{"not_picked":["Perfected Strike","Clash","Warcry"],"picked":"SKIP","floor":13},{"not_picked":["Twin Strike","Metallicize"],"picked":"Shrug It Off","floor":14}],"player_experience":2572130,"relics_obtained":[{"floor":6,"key":"Pear"},{"floor":8,"key":"Boot"},{"floor":9,"key":"Whetstone"},{"floor":14,"key":"Akabeko"}],"event_choices":[],"is_beta":false,"boss_relics":[],"items_purged_floors":[],"is_endless":false,"potions_floor_spawned":[1,5,6,8,11],"killed_by":"The Guardian","ascension_level":20}}