{"host":"phniwng9zo19jwdb","time":1613677070,"event":{"mods":["AchievementEnabler","BaseMod","Colored Powertips","Dark Map","Displayed Cursed Tome","Faster Ascension Climbing","Filter the Spire","GifTheSpireLib","Minty Spire (QoL Compilation)","Permanent Neow","Rare Cards Sparkle","Relic Filter Mod","StSLib","Weighted Paths"],"gold_per_floor":[115,128,141,141,161,161,186,186,210,230,262,337,370,382,382,460,460,473,473,69,79,93,125,125,150,150,150,164,4,15,46,46,118,118,136,156,156,168,218,250,266,293,317,350,375,392,409,409,409,409,409,409,409,107,138,138],"floor_reached":57,"language":"ENG","playtime":3620,"items_purged":["Strike_G","Catalyst"],"score":3648,"play_id":"a6a24943-4955-44d8-b8f7-8cf2318068dc","local_time":"20210218203750","is_ascension_mode":true,"campfire_choices":[{"data":"Cloak And Dagger","floor":6.0,"key":"SMITH"},{"data":"Blade Dance","floor":8.0,"key":"SMITH"},{"data":"Venomology","floor":15.0,"key":"SMITH"},{"data":"After Image","floor":24.0,"key":"SMITH"},{"data":"Venomology","floor":32.0,"key":"SMITH"},{"floor":49.0,"key":"RECALL"},{"data":"Adrenaline","floor":53,"key":"SMITH"}],"circlet_count":0,"master_deck":["AscendersBane","Defend_G","Defend_G","Defend_G","Defend_G+1","Defend_G","Survivor+1","Neutralize","Envenom+1","Doppelganger+1","Dash+1","Blade Dance+1","Cloak And Dagger+1","PiercingWail","Infinite Blades","Endless Agony","Venomology+1","After Image+1","Endless Agony","Venomology+1","Caltrops","Infinite Blades","Backstab","After Image","PiercingWail","PiercingWail","Adrenaline","Escape Plan+1","Endless Agony","Adrenaline+1","Calculated Gamble+1","Flash of Steel","Deep Breath","Sadistic Nature","Backflip","Dark Shackles"],"relics":["Astrolabe","Orichalcum","Happy Flower","War Paint","Dead Branch","SlaversCollar","MutagenicStrength","PreservedInsect","Lee\u0027s Waffle","Toy Ornithopter","Lantern","Potion Belt","Boot","SacredBark","Incense Burner","Strawberry","Kunai","Bag of Marbles","Regal Pillow","Vajra","Tough Bandages"],"acts_visited":["Exordium","TheCity","TheBeyond","TheEnding"],"potions_floor_usage":[50,50,50,51,55,55,56,56,56,56,56,56,56,56,56],"damage_taken":[{"damage":0.0,"enemies":"Jaw Worm","floor":1.0,"turns":3.0},{"damage":0.0,"enemies":"2 Louse","floor":2.0,"turns":3.0},{"damage":1.0,"enemies":"Cultist","floor":3.0,"turns":4.0},{"damage":10.0,"enemies":"3 Louse","floor":5.0,"turns":3.0},{"damage":7.0,"enemies":"3 Sentries","floor":7.0,"turns":12.0},{"damage":0.0,"enemies":"Exordium Wildlife","floor":10.0,"turns":4.0},{"damage":10.0,"enemies":"Lagavulin","floor":11.0,"turns":4.0},{"damage":0.0,"enemies":"Gremlin Nob","floor":13.0,"turns":2.0},{"damage":6.0,"enemies":"Gremlin Gang","floor":14.0,"turns":4.0},{"damage":0.0,"enemies":"Slime Boss","floor":16.0,"turns":5.0},{"damage":0.0,"enemies":"Chosen","floor":18.0,"turns":3.0},{"damage":5.0,"enemies":"Shell Parasite","floor":21.0,"turns":2.0},{"damage":0.0,"enemies":"Shelled Parasite and Fungi","floor":22.0,"turns":2.0},{"damage":0.0,"enemies":"Book of Stabbing","floor":23.0,"turns":4.0},{"damage":1.0,"enemies":"Gremlin Leader","floor":25.0,"turns":4.0},{"damage":0.0,"enemies":"Centurion and Healer","floor":28.0,"turns":5.0},{"damage":0.0,"enemies":"Sentry and Sphere","floor":30.0,"turns":4.0},{"damage":0.0,"enemies":"Book of Stabbing","floor":31.0,"turns":3.0},{"damage":0.0,"enemies":"Champ","floor":33.0,"turns":7.0},{"damage":0.0,"enemies":"3 Shapes","floor":35.0,"turns":6.0},{"damage":2.0,"enemies":"3 Darklings","floor":36.0,"turns":4.0},{"damage":0.0,"enemies":"Spire Growth","floor":38.0,"turns":5.0},{"damage":5.0,"enemies":"2 Orb Walkers","floor":39.0,"turns":4.0},{"damage":0.0,"enemies":"Reptomancer","floor":40.0,"turns":4.0},{"damage":5.0,"enemies":"Jaw Worm Horde","floor":41.0,"turns":3.0},{"damage":0.0,"enemies":"Nemesis","floor":42.0,"turns":5.0},{"damage":0.0,"enemies":"Reptomancer","floor":44.0,"turns":5.0},{"damage":0.0,"enemies":"Sphere and 2 Shapes","floor":46.0,"turns":3.0},{"damage":0.0,"enemies":"3 Darklings","floor":47.0,"turns":5.0},{"damage":14,"enemies":"Awakened One","floor":50,"turns":22},{"damage":0,"enemies":"Donu and Deca","floor":51,"turns":4},{"damage":0,"enemies":"Shield and Spear","floor":55,"turns":8},{"damage":11,"enemies":"The Heart","floor":56,"turns":7}],"seed_played":"859818021014412246","potions_obtained":[{"floor":1.0,"key":"Block Potion"},{"floor":5.0,"key":"SkillPotion"},{"floor":7.0,"key":"Strength Potion"},{"floor":10.0,"key":"FearPotion"},{"floor":14.0,"key":"Energy Potion"},{"floor":21.0,"key":"Fire Potion"},{"floor":22.0,"key":"DistilledChaos"},{"floor":35.0,"key":"Energy Potion"},{"floor":39.0,"key":"Strength Potion"},{"floor":47.0,"key":"LiquidMemories"}],"is_trial":false,"path_per_floor":["M","M","M","?","M","R","E","R","T","M","E","?","E","M","R","B",null,"M","?","$","M","M","E","R","E","T","?","M","$","M","E","R","B",null,"M","M","?","M","?","E","M","E","T","E","T","M","M","?","R","B","B",null,"R","$","E","B",null],"character_chosen":"THE_SILENT","items_purchased":["PreservedInsect","Lee\u0027s Waffle","Potion Belt","Backflip","PowerPotion","Dark Shackles"],"campfire_rested":0,"item_purchase_floors":[20,20,29,54,54,54],"current_hp_per_floor":[59,59,58,63,53,53,46,46,46,46,36,25,25,19,19,19,58,58,58,78,73,73,73,73,77,77,77,78,78,78,78,78,78,78,78,76,76,78,78,85,85,85,85,85,85,85,85,75,75,76,81,84,84,84,85,85],"gold":138,"neow_bonus":"BOSS_RELIC","is_daily":false,"chose_seed":false,"campfire_upgraded":6,"win_rate":0.0,"timestamp":1613677070,"path_taken":["M","M","M","?","M","R","E","R","T","M","E","?","E","M","R","BOSS","M","?","$","M","M","E","R","E","T","?","M","$","M","E","R","BOSS","M","M","?","?","?","E","M","E","T","E","?","M","?","?","R","BOSS","BOSS","R","$","E","BOSS"],"items_purchased_type":["Relic","Relic","Relic","Card","Potion","Card"],"build_version":"2020-12-22","purchased_purges":2,"victory":true,"max_hp_per_floor":[66,66,66,71,71,71,71,71,71,71,71,71,71,71,71,71,71,71,71,78,78,78,78,78,78,78,78,78,78,78,78,78,78,78,78,78,78,78,78,85,85,85,85,85,85,85,85,85,85,85,85,85,85,85,85,85],"card_choices":[{"not_picked":["Tactician","Poisoned Stab"],"picked":"Blade Dance","floor":1.0},{"not_picked":["Dagger Throw","Underhanded Strike"],"picked":"Catalyst","floor":2.0},{"not_picked":["Phantasmal Killer","PiercingWail"],"picked":"Cloak And Dagger","floor":3.0},{"not_picked":["Tactician","Distraction"],"picked":"PiercingWail","floor":5.0},{"not_picked":["Caltrops","Expertise"],"picked":"Infinite Blades","floor":7.0},{"not_picked":["PiercingWail","Distraction"],"picked":"Endless Agony","floor":10.0},{"not_picked":["Poisoned Stab","Sucker Punch"],"picked":"Venomology","floor":11.0},{"not_picked":["Blade Dance","Concentrate"],"picked":"After Image","floor":13.0},{"not_picked":["Heel Hook","Deflect"],"picked":"Endless Agony","floor":14.0},{"not_picked":["Unload","Grand Finale"],"picked":"Venomology","floor":16.0},{"not_picked":["Flying Knee","Deadly Poison","Quick Slash"],"picked":"SKIP","floor":18.0},{"not_picked":["Dagger Throw","Expertise","All Out Attack"],"picked":"SKIP","floor":21.0},{"not_picked":["Flying Knee","Quick Slash"],"picked":"Caltrops","floor":22.0},{"not_picked":["Choke+1","Deadly Poison"],"picked":"Infinite Blades","floor":23.0},{"not_picked":["Bane","Cloak And Dagger","Choke"],"picked":"SKIP","floor":25.0},{"not_picked":["Poisoned Stab","Accuracy"],"picked":"After Image","floor":28.0},{"not_picked":["Flying Knee","Dagger Spray"],"picked":"PiercingWail","floor":30.0},{"not_picked":["Catalyst","Blade Dance"],"picked":"PiercingWail","floor":31.0},{"not_picked":["Tools of the Trade","A Thousand Cuts"],"picked":"Adrenaline","floor":33.0},{"not_picked":["Poisoned Stab","Finisher+1"],"picked":"Escape Plan+1","floor":35.0},{"not_picked":["Underhanded Strike","Dagger Spray","Flying Knee"],"picked":"SKIP","floor":36.0},{"not_picked":["Deflect","Heel Hook"],"picked":"Endless Agony","floor":38.0},{"not_picked":["Underhanded Strike","Outmaneuver","Infinite Blades"],"picked":"SKIP","floor":40.0},{"not_picked":["Unload","Outmaneuver+1","Acrobatics"],"picked":"SKIP","floor":41.0},{"not_picked":["Bane","Accuracy"],"picked":"Adrenaline","floor":42.0},{"not_picked":["Skewer+1","PiercingWail+1"],"picked":"Calculated Gamble+1","floor":44.0},{"not_picked":["Acrobatics","Leg Sweep","Dagger Throw"],"picked":"SKIP","floor":46.0},{"not_picked":["Deflect","Acrobatics","Flying Knee+1"],"picked":"SKIP","floor":47.0},{"not_picked":["Madness","Secret Weapon"],"picked":"Flash of Steel","floor":48.0},{"not_picked":["PanicButton","Dramatic Entrance"],"picked":"Deep Breath","floor":48.0},{"not_picked":["Discovery","Finesse"],"picked":"Sadistic Nature","floor":48.0},{"not_picked":["Noxious Fumes","Blade Dance","Poisoned Stab"],"picked":"SKIP","floor":55}],"player_experience":162593,"relics_obtained":[{"floor":7.0,"key":"Orichalcum"},{"floor":9.0,"key":"Happy Flower"},{"floor":11.0,"key":"War Paint"},{"floor":13.0,"key":"Dead Branch"},{"floor":23.0,"key":"Toy Ornithopter"},{"floor":25.0,"key":"Lantern"},{"floor":31.0,"key":"Boot"},{"floor":39.0,"key":"Incense Burner"},{"floor":40.0,"key":"Strawberry"},{"floor":42.0,"key":"Kunai"},{"floor":43.0,"key":"Bag of Marbles"},{"floor":44.0,"key":"Regal Pillow"},{"floor":45.0,"key":"Vajra"},{"floor":55,"key":"Tough Bandages"}],"event_choices":[{"damage_healed":0.0,"max_hp_gain":5.0,"max_hp_loss":0.0,"gold_gain":0.0,"event_name":"Big Fish","player_choice":"Donut","floor":4.0,"gold_loss":0.0,"damage_taken":0.0},{"damage_healed":0.0,"max_hp_gain":0.0,"max_hp_loss":0.0,"gold_gain":75.0,"event_name":"World of Goop","player_choice":"Gather Gold","floor":12.0,"gold_loss":0.0,"damage_taken":11.0},{"damage_healed":0.0,"max_hp_gain":0.0,"max_hp_loss":0.0,"gold_gain":0.0,"event_name":"Drug Dealer","player_choice":"Inject Mutagens","floor":19.0,"gold_loss":0.0,"damage_taken":0.0,"relics_obtained":["MutagenicStrength"]},{"damage_healed":0.0,"max_hp_gain":0.0,"max_hp_loss":0.0,"gold_gain":0.0,"event_name":"The Library","player_choice":"Read","floor":27.0,"gold_loss":0.0,"damage_taken":0.0,"cards_obtained":["Backstab"]},{"cards_removed":["Strike_G"],"damage_healed":0.0,"max_hp_gain":0.0,"max_hp_loss":0.0,"gold_gain":0.0,"event_name":"Wheel of Change","player_choice":"Card Removal","floor":37.0,"gold_loss":0.0,"damage_taken":0.0},{"damage_healed":0.0,"max_hp_gain":0.0,"max_hp_loss":0.0,"gold_gain":0.0,"event_name":"Mysterious Sphere","player_choice":"Fight","floor":39.0,"gold_loss":0.0,"damage_taken":0.0},{"damage_healed":0.0,"max_hp_gain":0.0,"max_hp_loss":0.0,"gold_gain":0.0,"event_name":"SensoryStone","player_choice":"Memory 3","floor":48.0,"gold_loss":0.0,"damage_taken":10.0}],"is_beta":false,"boss_relics":[{"not_picked":["Pandora\u0027s Box","Coffee Dripper"],"picked":"SlaversCollar"},{"not_picked":["Philosopher\u0027s Stone","Runic Pyramid"],"picked":"SacredBark"}],"items_purged_floors":[20,54],"is_endless":false,"potions_floor_spawned":[1,5,7,10,14,18,21,22,35,38,39,40,44,46,47],"ascension_level":20}}