{"host":"956g3854xvs16zht","time":1613618707,"event":{"mods":["2.2 Compatiblity","AlwaysNeverKeys","Aspiration","BaseMod","BetterRewards","Card Forge","Colored Map","Colored Powertips","Custom Start","DeckTracker","Displayed Cursed Tome","Energized Spire","Evolution","Friendly Minions","Infinite Spire","Minty Spire (QoL Compilation)","Permanent Neow","Relic Filter","Relic Sorter","Shop Mod","Spicy Shops","StSLib","TheHero"],"gold_per_floor":[115,115,115,130,148,148,1,15,15,62,74,86,128,140,152,266,278,302,325,141,141,33,33,33,33,33,44,59,109,109,109],"floor_reached":30,"language":"ENG","playtime":1732,"items_purged":[],"score":236,"play_id":"46a12428-435e-4ae8-9b64-1eec1015997e","local_time":"20210217222507","is_ascension_mode":false,"campfire_choices":[{"data":"animeID:ToruHagakure","floor":6,"key":"SMITH"},{"data":"animeID:TetsuTetsu","floor":12,"key":"SMITH"},{"data":"animeID:DetroitDelaware","floor":15,"key":"SMITH"},{"floor":23,"key":"REST"},{"floor":25,"key":"REST"}],"circlet_count":0,"master_deck":["animeID:Deku+1","animeID:Bakugo+1","animeID:Kirishima+1","animeID:Smash+1","animeID:Smash+1","animeID:Smash+1","animeID:DefendMH+1","animeID:DefendMH+1","animeID:DefendMH+1","animeID:DefendMH+1","infinitespire:UltimateForm+1","animeID:FullCowl+1","animeID:Endeavor+1","Loop+1","Capacitor+1","Capacitor+1","Loop+1","animeID:DetroitDelaware+1","animeID:DetroitSmash","animeID:ToruHagakure+1","animeID:TetsuTetsu+1","animeID:AllMight","animeID:DelawareSmash","animeID:Mina","animeID:Endeavor","infinitespire:Starlight","animeID:EraserHead","animeID:Bakugo+1"],"relics":["animeID:HeroCostume","Anvil of the Gods","Hammer of Thor","Seething Fire","EVO:Axolotl","Burning Blood","WarpedTongs","Medical Kit","aspiration:BabyByrd","infinitespire:Golems Mask","MerchantsRug","Shuriken","Bottled Tornado","Happy Flower","Boot"],"acts_visited":["Exordium","TheCity"],"potions_floor_usage":[30],"damage_taken":[{"damage":12,"enemies":"Jaw Worm","floor":1,"turns":4},{"damage":4,"enemies":"Small Slimes","floor":4,"turns":3},{"damage":3,"enemies":"Cultist","floor":5,"turns":3},{"damage":9,"enemies":"Looter","floor":8,"turns":3},{"damage":15,"enemies":"Lagavulin","floor":10,"turns":5},{"damage":5,"enemies":"Gremlin Nob","floor":13,"turns":3},{"damage":21,"enemies":"Slime Boss","floor":16,"turns":8},{"damage":29,"enemies":"Spheric Guardian","floor":18,"turns":5},{"damage":29,"enemies":"3 Byrds","floor":19,"turns":6},{"damage":26,"enemies":"Snecko","floor":27,"turns":6},{"damage":21,"enemies":"Snake Plant","floor":28,"turns":3},{"damage":38,"enemies":"Slavers","floor":30,"turns":3}],"seed_played":"8944545868902641025","potions_obtained":[{"floor":4,"key":"AttackPotion"},{"floor":8,"key":"SkillPotion"},{"floor":10,"key":"AttackPotion"},{"floor":28,"key":"DistilledChaos"}],"is_trial":false,"path_per_floor":["M","?","?","M","M","R","$","M","T","E","?","R","E","?","R","B",null,"M","M","$","?","$","R","?","R","T","M","M","T","E"],"character_chosen":"THE_HERO","items_purchased":["Medical Kit","MerchantsRug","Shuriken","animeID:Endeavor","Bottled Tornado"],"campfire_rested":2,"item_purchase_floors":[7,20,20,20,22],"current_hp_per_floor":[69,57,57,61,66,66,66,65,65,58,58,58,61,61,61,50,75,54,35,35,16,16,38,38,60,60,42,29,29,0,0],"gold":109,"neow_bonus":"NOSTALGIA","is_daily":false,"chose_seed":false,"campfire_upgraded":3,"win_rate":0.0,"timestamp":1613618707,"path_taken":["M","?","?","M","?","R","$","M","T","E","?","R","E","?","R","BOSS","M","M","?","?","$","R","?","R","T","M","?","?","E"],"items_purchased_type":["Relic","Relic","Relic","Card","Relic"],"build_version":"2020-12-22","purchased_purges":0,"victory":false,"max_hp_per_floor":[75,75,75,75,75,75,75,75,75,75,75,75,75,75,75,75,75,75,75,75,75,75,75,75,75,75,75,75,75,75,75],"card_choices":[{"not_picked":["animeID:Momo","animeID:Dabi"],"picked":"animeID:DetroitDelaware","floor":1},{"not_picked":["animeID:Uraraka","animeID:Hatsume"],"picked":"animeID:DetroitSmash","floor":4},{"not_picked":["animeID:Rappa","animeID:Mineta"],"picked":"animeID:ToruHagakure","floor":5},{"not_picked":["animeID:Mineta","animeID:HighFive"],"picked":"animeID:TetsuTetsu","floor":8},{"not_picked":["animeID:Muscular","animeID:Dabi","animeID:Chisaki"],"picked":"SKIP","floor":10},{"not_picked":["animeID:Bakugo","animeID:Twice"],"picked":"animeID:Ojiro","floor":13},{"not_picked":["animeID:Chisaki","animeID:Hawks"],"picked":"animeID:AllMight","floor":16},{"not_picked":["animeID:Bakugo","animeID:Mineta"],"picked":"animeID:DelawareSmash","floor":18},{"not_picked":["animeID:Tomura","animeID:Kendo"],"picked":"animeID:Mina","floor":19},{"not_picked":["infinitespire:FinalStrike","infinitespire:Menacing"],"picked":"infinitespire:Starlight","floor":21},{"not_picked":["animeID:MirioTogata","animeID:Kaminari"],"picked":"animeID:EraserHead","floor":27},{"not_picked":["animeID:Rappa","animeID:ToruHagakure"],"picked":"animeID:Bakugo+1","floor":28}],"player_experience":37218,"relics_obtained":[{"floor":9,"key":"MawBank"},{"floor":10,"key":"Bag of Marbles"},{"floor":13,"key":"infinitespire:Beetle Shell"},{"floor":26,"key":"Happy Flower"},{"floor":29,"key":"Boot"}],"event_choices":[{"damage_healed":0,"gold_gain":0,"player_choice":"Success","damage_taken":12,"relics_obtained":["aspiration:HummingbirdHeart"],"max_hp_gain":0,"max_hp_loss":0,"event_name":"Scrap Ooze","floor":2,"gold_loss":0},{"damage_healed":0,"gold_gain":0,"player_choice":"Rummage","damage_taken":0,"relics_obtained":["WarpedTongs"],"max_hp_gain":0,"max_hp_loss":0,"event_name":"Accursed Blacksmith","floor":3,"gold_loss":0,"cards_obtained":["Pain"]},{"cards_removed":["animeID:Ojiro"],"damage_healed":0,"gold_gain":0,"player_choice":"Gave Card","damage_taken":0,"relics_obtained":["infinitespire:Golems Mask"],"max_hp_gain":0,"max_hp_loss":0,"event_name":"WeMeetAgain","floor":14,"gold_loss":0},{"cards_removed":["Pain"],"damage_healed":0,"gold_gain":0,"player_choice":"Removed Curses","damage_taken":0,"max_hp_gain":0,"max_hp_loss":0,"event_name":"Fountain of Cleansing","floor":24,"gold_loss":0}],"is_beta":false,"boss_relics":[{"not_picked":["aspiration:RunicSpoon","infinitespire:Cupcake"],"picked":"SacredBark"}],"items_purged_floors":[],"is_endless":false,"potions_floor_spawned":[4,8,10,16,18,28],"killed_by":"Slavers","ascension_level":0}}