{"host":"q8mjpf3krl0t4p3x","time":1613634346,"event":{"mods":["BaseMod","Colored Map","Colored Powertips","Googly Eyes","Minty Spire (QoL Compilation)","Quick Restart","StSLib","everything is the same but u backflip on backflip","slay the spire mod where everything is the same but ironclad has a cowboy hat"],"gold_per_floor":[114,114,114,189,115,143,143,155,181,2,12,12,75,75,75,151,151,165,165,165,165,213,213,213],"floor_reached":23,"language":"ENG","playtime":607,"items_purged":[],"score":320,"play_id":"8c9ba2b9-df85-49f5-a4ad-c141e4281809","local_time":"20210217234546","is_ascension_mode":true,"campfire_choices":[{"data":"Clothesline","floor":7.0,"key":"SMITH"},{"data":"Spot Weakness","floor":15.0,"key":"SMITH"}],"circlet_count":0,"master_deck":["AscendersBane","Strike_R+1","Strike_R+1","Strike_R+1","Strike_R+1","Strike_R+1","Defend_R+1","Defend_R+1","Defend_R+1","Defend_R+1","Bash+1","Clothesline+1","Spot Weakness+1","Battle Trance","Shrug It Off","Wild Strike+1","Flex","Feed","True Grit"],"relics":["Burning Blood","Self Forming Clay","Juzu Bracelet","Lantern","HandDrill","SlaversCollar","FaceOfCleric","Smiling Mask"],"acts_visited":["Exordium","TheCity"],"potions_floor_usage":[23],"damage_taken":[{"damage":1.0,"enemies":"Cultist","floor":1.0,"turns":3.0},{"damage":44.0,"enemies":"3 Sentries","floor":6.0,"turns":8.0},{"damage":0.0,"enemies":"Small Slimes","floor":8.0,"turns":3.0},{"damage":0.0,"enemies":"2 Louse","floor":11.0,"turns":2.0},{"damage":7.0,"enemies":"Slime Boss","floor":16.0,"turns":7.0},{"damage":36,"enemies":"3 Byrds","floor":18,"turns":6},{"damage":30,"enemies":"Slavers","floor":23,"turns":4}],"seed_played":"5054684387325783446","potions_obtained":[{"floor":1.0,"key":"PowerPotion"},{"floor":11.0,"key":"DuplicationPotion"},{"floor":18,"key":"LiquidBronze"}],"is_trial":false,"path_per_floor":["M","T","?","?","$","E","R","M","T","$","M","?","?","?","R","B",null,"M","?","?","?","T","E"],"character_chosen":"IRONCLAD","items_purchased":["Spot Weakness","HandDrill","Wild Strike"],"campfire_rested":0,"item_purchase_floors":[5,10,10],"current_hp_per_floor":[73,73,73,62,62,24,24,30,30,30,36,36,36,36,36,35,65,35,35,35,35,35,5,5],"gold":213,"neow_bonus":"UPGRADE_CARD","is_daily":false,"chose_seed":false,"campfire_upgraded":2,"win_rate":0.0,"timestamp":1613634346,"path_taken":["M","?","?","?","$","E","R","M","T","?","M","?","?","?","R","BOSS","M","?","?","?","?","E"],"items_purchased_type":["Card","Relic","Card"],"build_version":"2020-12-22","purchased_purges":0,"victory":false,"max_hp_per_floor":[75,75,75,75,75,75,75,75,75,75,75,75,75,75,75,75,75,75,75,75,75,75,75,75],"card_choices":[{"not_picked":["Havoc","Iron Wave"],"picked":"Clothesline","floor":1.0},{"not_picked":["Clothesline","Headbutt"],"picked":"Battle Trance","floor":6.0},{"not_picked":["Heavy Blade","Ghostly Armor"],"picked":"Shrug It Off","floor":8.0},{"not_picked":["Clash","Clothesline"],"picked":"Flex","floor":11.0},{"not_picked":["Offering","Barricade"],"picked":"Feed","floor":16.0},{"not_picked":["Pummel+1","Heavy Blade"],"picked":"True Grit","floor":18}],"player_experience":192024,"relics_obtained":[{"floor":2.0,"key":"Self Forming Clay"},{"floor":6.0,"key":"Juzu Bracelet"},{"floor":9.0,"key":"Lantern"},{"floor":22,"key":"Smiling Mask"}],"event_choices":[{"damage_healed":0.0,"max_hp_gain":0.0,"max_hp_loss":0.0,"gold_gain":0.0,"event_name":"Golden Idol","player_choice":"Ignored","floor":3.0,"gold_loss":0.0,"damage_taken":0.0},{"damage_healed":0.0,"max_hp_gain":0.0,"max_hp_loss":0.0,"gold_gain":75.0,"event_name":"World of Goop","player_choice":"Gather Gold","floor":4.0,"gold_loss":0.0,"damage_taken":11.0},{"damage_healed":0.0,"max_hp_gain":0.0,"max_hp_loss":0.0,"gold_gain":0.0,"event_name":"Liars Game","player_choice":"Ignored","floor":12.0,"gold_loss":0.0,"damage_taken":0.0},{"damage_healed":0.0,"max_hp_gain":0.0,"max_hp_loss":0.0,"gold_gain":63.0,"event_name":"Golden Wing","player_choice":"Gained Gold","floor":13.0,"gold_loss":0.0,"damage_taken":0.0},{"damage_healed":0.0,"max_hp_gain":0.0,"max_hp_loss":0.0,"gold_gain":0.0,"event_name":"Living Wall","player_choice":"Grow","floor":14.0,"gold_loss":0.0,"damage_taken":0.0,"cards_upgraded":["Wild Strike"]},{"damage_healed":0,"gold_gain":0,"player_choice":"Ignored","damage_taken":0,"max_hp_gain":0,"max_hp_loss":0,"event_name":"Ghosts","floor":19,"gold_loss":0},{"damage_healed":0,"gold_gain":0,"player_choice":"Trade","damage_taken":0,"relics_obtained":["FaceOfCleric"],"max_hp_gain":0,"max_hp_loss":0,"event_name":"FaceTrader","floor":20,"gold_loss":0},{"damage_healed":0,"gold_gain":0,"player_choice":"Simplicity","damage_taken":0,"max_hp_gain":0,"max_hp_loss":0,"event_name":"Back to Basics","floor":21,"gold_loss":0,"cards_upgraded":["Strike_R","Strike_R","Strike_R","Strike_R","Strike_R","Defend_R","Defend_R","Defend_R","Defend_R"]}],"is_beta":false,"boss_relics":[{"not_picked":["Velvet Choker","Ectoplasm"],"picked":"SlaversCollar"}],"items_purged_floors":[],"is_endless":false,"potions_floor_spawned":[1,11,18],"killed_by":"Slavers","ascension_level":15}}