{"host":"3e3mwsgb9gfqiuxm","time":1613680105,"event":{"mods":["Act Like it!","BaseMod","Colored Map","Colored Powertips","Downfall","Gensokyo","Googly Eyes","Hallownest","Hermit","Hubris","Infinite Spire","Koishi","Marisa????????","Minty Spire (QoL Compilation)","Quick Restart","Rare Cards Sparkle","Reimu??????","Remilia??????","Replay The Spire","Shop Mod","StSLib","SuperFastMode","Td1madao Mod","The Administrix","The Servant 0.9.4","Youmu??????","Yuyuko","everything is the same but u backflip on backflip","slay the spire mod where everything is the same but ironclad has a cowboy hat"],"gold_per_floor":[115,115,115,19,70,117,117,132,155,114,114,163,205,272,272,394,394,445,490,394,403,412,461,461,474,499,499,508,575,575,622,622,734,761,786,786,795,795,850,902,902,954,977,977,470,470,502,94,94,94],"floor_reached":51,"language":"ENG","playtime":1731,"items_purged":["Strike_MRS","Strike_MRS","Strike_MRS","WitchOfGreed"],"score":1587,"play_id":"f3c18572-3ab0-4a3d-8af6-b718697a41ac","local_time":"20210218152825","is_ascension_mode":true,"campfire_choices":[{"data":"MasterSpark","floor":7,"key":"SMITH"},{"data":"Gensokyo:BlessingOfVigor","floor":11,"key":"SMITH"},{"data":"MysteriousBeam","floor":15,"key":"SMITH"},{"data":"Gensokyo:ManorOfTheDishes","floor":24,"key":"SMITH"},{"data":"BinaryStars","floor":27,"key":"SMITH"},{"data":"FinalSpark","floor":30,"key":"SMITH"},{"data":"BinaryStars","floor":41,"key":"SMITH"},{"data":"EnergyFlow","floor":44,"key":"SMITH"},{"floor":49,"key":"REST"}],"circlet_count":0,"master_deck":["Strike_MRS","Defend_MRS","Defend_MRS","MasterSpark+1","ChargingUp+1","Gensokyo:MarisaTwilightSpark","GalacticHalo","GalacticHalo+1","Gensokyo:BlessingOfVigor+1","MilkyWay","WitchOfGreed","FinalSpark+1","EarthLightRay","OortCloud","ChargingUp","Gensokyo:ManorOfTheDishes+1","BinaryStars+1","hubris:Fate+1","MysteriousBeam+1","BinaryStars+1","DarkSpark+1","Orbital+1","GalacticHalo+1","Gensokyo:Taser","AsteroidBelt","MagicAbsorber","EnergyFlow+1","hubris:Fate"],"relics":["MiniHakkero","NeowsBlessing","hubris:Icosahedron","Letter Opener","Blue Candle","CeramicFish","Blue Doll","War Paint","Black Star","Bag of Preparation","Simple Rune","hubris:TenFootPole","infinitespire:CursedDice","PureWhite:ReiMu","Ice Cream","Replay:Grab Bag","hubris:TerracottaHorce","Replay:Bronze Core","Astrolabe","ReplayTheSpireMod:TigerMarble","Ancient Tea Set","hubris:CrystalStatue","infinitespire:BottledMercury","Happy Flower","Mastiff:ReiMu","StrikeDummy","Blood Vial","hubris:BundleOfHerbs"],"acts_visited":["Gensokyo:Gensokyo","Gensokyo:Gensokyoer","Gensokyo:Gensokyoest"],"potions_floor_usage":[12,13,14,14,16,16,19,19,23,23,25,29,33,33,35,39,42],"damage_taken":[{"damage":0,"enemies":"Gensokyo:Gryphon","floor":1,"turns":1},{"damage":0,"enemies":"Gensokyo:Mamizou","floor":6,"turns":2},{"damage":0,"enemies":"Gensokyo:2_Kodama","floor":8,"turns":1},{"damage":6,"enemies":"Gensokyo:Aya","floor":12,"turns":5},{"damage":0,"enemies":"Gensokyo:3_Fairies","floor":13,"turns":7},{"damage":0,"enemies":"Gensokyo:Mamizou","floor":14,"turns":7},{"damage":0,"enemies":"Gensokyo:Reimu","floor":16,"turns":7},{"damage":49,"enemies":"Gensokyo:3_Dogs","floor":18,"turns":8},{"damage":11,"enemies":"Gensokyo:CosmicMonolith","floor":19,"turns":3},{"damage":0,"enemies":"Gensokyo:Koishi","floor":23,"turns":4},{"damage":0,"enemies":"Gensokyo:Swordslinger","floor":25,"turns":4},{"damage":12,"enemies":"Gensokyo:Reisen","floor":29,"turns":6},{"damage":0,"enemies":"Gensokyo:3_Gloops","floor":31,"turns":3},{"damage":0,"enemies":"Gensokyo:Eiki","floor":33,"turns":4},{"damage":1,"enemies":"Gensokyo:AncientGuardian","floor":35,"turns":5},{"damage":3,"enemies":"Gensokyo:3_Boulders","floor":39,"turns":5},{"damage":11,"enemies":"Nightmare","floor":40,"turns":3},{"damage":17,"enemies":"Gensokyo:Kasen","floor":42,"turns":6},{"damage":0,"enemies":"Gensokyo:Doremy","floor":47,"turns":2},{"damage":0,"enemies":"Gensokyo:Shinki","floor":50,"turns":8}],"seed_played":"-1785074450052942908","potions_obtained":[{"floor":5,"key":"Explosive Potion"},{"floor":6,"key":"Elixir"},{"floor":8,"key":"Fruit Juice"},{"floor":12,"key":"Adrenaline Potion"},{"floor":12,"key":"LifebloodPotion"},{"floor":13,"key":"Guardian:BlockOnCardUsePotion"},{"floor":14,"key":"SpeedPotion"},{"floor":14,"key":"EssenceOfSteel"},{"floor":18,"key":"BlessingOfTheForge"},{"floor":18,"key":"BottledSpark"},{"floor":19,"key":"Elixir"},{"floor":19,"key":"Fruit Juice"},{"floor":23,"key":"DistilledChaos"},{"floor":23,"key":"Block Potion"},{"floor":29,"key":"LiquidMemories"},{"floor":29,"key":"Swift Potion"},{"floor":31,"key":"SpeedPotion"},{"floor":35,"key":"ZuzhouPotion:ReiMu"},{"floor":35,"key":"BottledSpark"},{"floor":39,"key":"SteroidPotion"},{"floor":39,"key":"Energy Potion"},{"floor":40,"key":"Strength Potion"},{"floor":42,"key":"Fruit Juice"},{"floor":47,"key":"SkillPotion"}],"is_trial":false,"path_per_floor":["M","?","?","$","?","E","R","M","T","?","R","E","M","E","R","B",null,"M","M","$","?","?","E","R","M","T","R","AVR","E","R","M","R_BF","B",null,"M","?","?","?","M","NM","R","E","T","R","?","AVR","E","$","R","B",null],"character_chosen":"MARISA","items_purchased":["GalacticHalo","WitchOfGreed","OortCloud","hubris:BundleOfHerbs"],"campfire_rested":1,"item_purchase_floors":[4,4,20,48],"current_hp_per_floor":[68,68,68,68,38,38,38,38,38,38,38,32,32,37,37,37,69,20,13,13,13,13,18,18,22,22,22,22,14,14,18,41,45,69,72,72,72,72,73,62,62,54,54,54,54,54,54,54,78,82],"gold":94,"neow_bonus":"THREE_ENEMY_KILL","is_daily":false,"chose_seed":false,"campfire_upgraded":8,"win_rate":0.0,"timestamp":1613680105,"path_taken":["M","?","?","$","?","E","R","M","T","?","R","E","M","E","R","BOSS","M","M","?","?","?","E","R","M","T","R","AVR","E","R","?","R_BF","BOSS","M","?","?","?","M","NM","R","E","T","R","?","AVR","E","?","R","BOSS"],"items_purchased_type":["Card","Card","Card","Relic"],"build_version":"2020-12-22","purchased_purges":4,"victory":true,"max_hp_per_floor":[75,75,75,75,75,75,75,75,75,75,75,75,75,80,80,80,80,80,80,80,80,72,77,77,77,77,77,77,77,77,77,77,77,77,77,77,77,77,77,77,77,82,82,82,82,82,82,82,82,82],"card_choices":[{"not_picked":["ShootingEcho","Acceleration"],"picked":"ChargingUp","floor":1},{"not_picked":["PropBag","ShootingEcho"],"picked":"GalacticHalo","floor":5},{"not_picked":["LuminesStrike","IllusionStar","GravityBeat"],"picked":"SKIP","floor":6},{"not_picked":["DoubleSpark","OpenUniverse","Acceleration"],"picked":"SKIP","floor":8},{"not_picked":["ShootingEcho","MilkyWay","UnstableBomb"],"picked":"SKIP","floor":12},{"not_picked":["ShootingEcho","UnstableBomb"],"picked":"MilkyWay","floor":12},{"not_picked":["FairyDestructionRay","SatelliteIllusion"],"picked":"WitchOfGreed","floor":13},{"not_picked":["PulseMagic","SporeBomb"],"picked":"MysteriousBeam","floor":14},{"not_picked":["JA","EscapeVelocity"],"picked":"FinalSpark","floor":16},{"not_picked":["ShootingEcho","NonDirectionalLaser"],"picked":"EarthLightRay","floor":18},{"not_picked":["6A","RefractionSpark","MachineGunSpark"],"picked":"SKIP","floor":19},{"not_picked":["Gensokyo:TekeTeke","Gensokyo:RedCapeBlueCape"],"picked":"Gensokyo:ManorOfTheDishes","floor":22},{"not_picked":["6A","Acceleration"],"picked":"BinaryStars","floor":23},{"not_picked":["IllusionStar","DragonMeteor","MilkyWay"],"picked":"SKIP","floor":25},{"not_picked":["AsteroidBelt","DeepEcoloBomb"],"picked":"MysteriousBeam+1","floor":29},{"not_picked":["MilkyWay","MeteoricShower","DC"],"picked":"SKIP","floor":31},{"not_picked":["StarDustReverie","BlazingStar"],"picked":"BinaryStars","floor":33},{"not_picked":["DoubleSpark","UnstableBomb+1","Orbital+1"],"picked":"SKIP","floor":35},{"not_picked":["Acceleration","DoubleSpark","AsteroidBelt"],"picked":"SKIP","floor":39},{"not_picked":["Acceleration","DoubleSpark"],"picked":"AsteroidBelt","floor":39},{"not_picked":["ManaConvection","GalacticHalo"],"picked":"MagicAbsorber","floor":40},{"not_picked":["AsteroidBelt","DragonMeteor"],"picked":"EnergyFlow","floor":42},{"not_picked":["infinitespire:Gouge","infinitespire:Punishment"],"picked":"hubris:Fate","floor":45},{"not_picked":["Singularity","EventHorizon","ShootingEcho"],"picked":"SKIP","floor":47}],"player_experience":1421571,"relics_obtained":[{"floor":5,"key":"Letter Opener"},{"floor":6,"key":"Blue Candle"},{"floor":9,"key":"CeramicFish"},{"floor":12,"key":"Blue Doll"},{"floor":14,"key":"War Paint"},{"floor":23,"key":"Bag of Preparation"},{"floor":23,"key":"Simple Rune"},{"floor":26,"key":"hubris:TenFootPole"},{"floor":29,"key":"PureWhite:ReiMu"},{"floor":29,"key":"Ice Cream"},{"floor":40,"key":"ReplayTheSpireMod:TigerMarble"},{"floor":40,"key":"Ancient Tea Set"},{"floor":42,"key":"hubris:CrystalStatue"},{"floor":42,"key":"infinitespire:BottledMercury"},{"floor":43,"key":"Happy Flower"},{"floor":47,"key":"StrikeDummy"},{"floor":47,"key":"Blood Vial"}],"event_choices":[],"is_beta":false,"boss_relics":[{"not_picked":["hubris:CrackedHourglass","hubris:BlackHole"],"picked":"Black Star"},{"not_picked":["Cursed Key","Fusion Hammer"],"picked":"Replay:Grab Bag"},{"not_picked":["ReplayTheSpireMod:Onyx Gauntlets","hubris:GrandSneckoEye"],"picked":"hubris:TerracottaHorce"},{"not_picked":["Philosopher\u0027s Stone","Runic Dome"],"picked":"Replay:Bronze Core"},{"not_picked":["BewitchedHakkero","Calling Bell"],"picked":"Astrolabe"}],"items_purged_floors":[20,28,46,48],"is_endless":false,"potions_floor_spawned":[8,12,14,19,23,29,35,47],"ascension_level":9}}