{"host":"npxtnt8cx4pm3si6","time":1613614652,"event":{"mods":["BaseMod","Downfall","Hubris","Infinite Spire","Minty Spire (QoL Compilation)","Replay The Spire","StSLib"],"gold_per_floor":[99,99,99,99,109,9,9,36,65,65,65,99,99,118,131,229,229,229,239,255,255,268,268,344,357,385,285,303,303,323,323,337,433,433,433,450,460,479,489,518,518,518,94,94,106,134,134,144,159,159],"floor_reached":51,"language":"ENG","playtime":3906,"items_purged":["champ:AdrenalArmor","champ:Defend"],"score":828,"play_id":"55676c2f-2599-448c-b9d6-55eff5df9271","local_time":"20210217191732","is_ascension_mode":true,"campfire_choices":[{"floor":1,"key":"RECALL"},{"data":"champ:Taunt","floor":6,"key":"SMITH"},{"floor":10,"key":"REST"},{"data":"champ:Circumvent","floor":13,"key":"SMITH"},{"data":"champ:RageSigil","floor":18,"key":"SMITH"},{"data":"champ:SkillfulDodge","floor":27,"key":"SMITH"},{"data":"1","floor":35,"key":"LIFT"},{"floor":44,"key":"REST"},{"floor":47,"key":"REST"}],"circlet_count":0,"master_deck":["champ:Strike","champ:Strike","champ:Strike","champ:Defend","champ:Defend","champ:Defend","champ:Execute","champ:Taunt+1","champ:DefensiveShout","champ:BringItOn","champ:Duel+1","champ:Circumvent+1","champ:RageSigil+1","champ:FlashCut+1","champ:StrikeOfGenius","champ:TornadoPunch+1","champ:SkillfulDodge+1","RitualDagger+1","champ:PreemptiveStrike+1","champ:RageSigil","champ:GladiatorForm","champ:StanceDance+1","Pot Of Greed","Pot Of Greed","Master of Strategy","Pot Of Greed","champ:RageSigil+1"],"relics":["champ:ChampionCrown","downfall:HeartsMalice","downfall:HeartBlessingRed","Molten Egg 2","Odd Mushroom","infinitespire:Lucky Rock","Bronze Scales","Ring of Chaos","Omamori","downfall:HeartBlessingBlue","Girya","Cursed Key","hubris:64BitClover","SlaversCollar","Grinning Jar","infinitespire:Beetle Shell","DollysMirror","Replay:Bottled Snecko","hubris:BottledRain"],"acts_visited":["Exordium","TheCity","TheBeyond"],"potions_floor_usage":[16,33,33,50,50,50],"damage_taken":[{"damage":0,"enemies":"Small Slimes","floor":2,"turns":1},{"damage":0,"enemies":"Jaw Worm","floor":3,"turns":1},{"damage":0,"enemies":"infinitespire:Voidling","floor":4,"turns":1},{"damage":32,"enemies":"Exordium Thugs","floor":5,"turns":5},{"damage":26,"enemies":"The Mushroom Lair","floor":8,"turns":6},{"damage":16,"enemies":"Gremlin Nob","floor":9,"turns":4},{"damage":56,"enemies":"3 Sentries","floor":12,"turns":9},{"damage":15,"enemies":"downfall:LooterAlt","floor":14,"turns":3},{"damage":10,"enemies":"Gremlin Gang","floor":15,"turns":4},{"damage":20,"enemies":"IC_STATUS_ARCHETYPE","floor":16,"turns":6},{"damage":0,"enemies":"Spheric Guardian","floor":19,"turns":3},{"damage":15,"enemies":"downfall:LooterAlt2","floor":20,"turns":3},{"damage":16,"enemies":"Chosen and Byrds","floor":22,"turns":4},{"damage":6,"enemies":"Cultist and Chosen","floor":25,"turns":4},{"damage":26,"enemies":"Slavers","floor":26,"turns":4},{"damage":32,"enemies":"3 Cultists","floor":28,"turns":4},{"damage":5,"enemies":"Chosen and Byrds","floor":30,"turns":4},{"damage":10,"enemies":"Snecko","floor":32,"turns":3},{"damage":16,"enemies":"SI_MIRROR_ARCHETYPE","floor":33,"turns":7},{"damage":0,"enemies":"Orb Walker","floor":36,"turns":3},{"damage":24,"enemies":"3 Shapes","floor":37,"turns":5},{"damage":84,"enemies":"Transient","floor":38,"turns":5},{"damage":0,"enemies":"Jaw Worm Horde","floor":39,"turns":3},{"damage":19,"enemies":"Reptomancer","floor":40,"turns":6},{"damage":0,"enemies":"downfall:FleeingMerchant","floor":43,"turns":4},{"damage":11,"enemies":"Sphere and 2 Shapes","floor":45,"turns":3},{"damage":10,"enemies":"Giant Head","floor":46,"turns":7},{"damage":5,"enemies":"Spire Growth","floor":48,"turns":4},{"damage":0,"enemies":"3 Darklings","floor":49,"turns":2},{"damage":37,"enemies":"DF_ARCHETYPE_ORBS","floor":50,"turns":9}],"seed_played":"-8428471203661238801","potions_obtained":[{"floor":8,"key":"AttackPotion"},{"floor":9,"key":"ColorlessPotion"},{"floor":12,"key":"FearPotion"},{"floor":14,"key":"Adrenaline Potion"},{"floor":20,"key":"hexamod:SoulburnPotion"},{"floor":25,"key":"Strength Potion"},{"floor":32,"key":"Energy Potion"},{"floor":36,"key":"FearPotion"},{"floor":39,"key":"sneckomod:MuddlingPotion"},{"floor":45,"key":"PowerPotion"}],"is_trial":false,"path_per_floor":["R","M","M","M","M","R","T","?","E","R","?","E","R","M","M","B",null,"R","M","M","?","M","?","T","M","E","R","M","AVR","M","T","M","B",null,"R","M","M","M","M","E","T","?","$","R","M","E","R","M","M","B",null],"character_chosen":"THE_CHAMP","items_purchased":["Master of Strategy","DollysMirror"],"campfire_rested":3,"item_purchase_floors":[43,43],"current_hp_per_floor":[90,90,90,90,83,83,83,62,46,73,78,52,52,47,47,47,90,90,90,75,69,63,63,63,57,41,51,29,29,24,24,24,18,100,100,100,86,22,22,3,3,3,3,33,32,32,62,57,57,30],"gold":159,"neow_bonus":"THREE_ENEMY_KILL","is_daily":false,"chose_seed":false,"campfire_upgraded":4,"win_rate":0.0,"timestamp":1613614652,"path_taken":["R","M","M","M","M","R","T","?","E","R","?","E","R","?","M","BOSS","R","M","M","?","M","?","T","M","E","R","?","AVR","?","?","M","BOSS","R","M","M","M","M","E","T","?","?","R","M","E","R","M","M","BOSS"],"items_purchased_type":["Card","Relic"],"build_version":"2020-12-22","purchased_purges":2,"victory":true,"max_hp_per_floor":[90,90,90,90,90,90,90,90,90,90,90,90,90,90,90,90,90,90,90,90,90,90,90,90,90,90,100,100,100,100,100,100,100,100,100,100,100,100,100,100,100,100,100,100,100,100,100,100,100,100],"card_choices":[{"not_picked":["champ:BringItOn","champ:DefensiveShout"],"picked":"champ:GutPunch","floor":2},{"not_picked":["champ:Duel","champ:CrookedStrike"],"picked":"champ:DefensiveShout","floor":3},{"not_picked":["champ:EnragedBash","champ:GutPunch","champ:SetATrap"],"picked":"SKIP","floor":4},{"not_picked":["champ:Circumvent","champ:GutPunch"],"picked":"champ:BringItOn","floor":5},{"not_picked":["champ:FlashCut+1","champ:Improvising"],"picked":"champ:Duel+1","floor":8},{"not_picked":["champ:RecklessLeap+1","champ:EnGarde","champ:FocusedDefense"],"picked":"SKIP","floor":9},{"not_picked":["champ:PreemptiveStrike+1","champ:DefensiveShout"],"picked":"champ:Circumvent","floor":12},{"not_picked":["champ:ViciousMockery","champ:Lariat"],"picked":"champ:RageSigil","floor":14},{"not_picked":["champ:DefensiveShout","champ:BladeFlurry+1"],"picked":"champ:FlashCut+1","floor":15},{"not_picked":["champ:HeavySlash+1","champ:LastStand"],"picked":"champ:StrikeOfGenius","floor":16},{"not_picked":["champ:Duel+1","champ:Haymaker+1"],"picked":"champ:TornadoPunch+1","floor":19},{"not_picked":["champ:GladiatorStyle","champ:FlashCut+1"],"picked":"champ:SkillfulDodge","floor":20},{"not_picked":["champ:EnGarde","champ:CrownThrow+1","champ:FlashCut+1"],"picked":"SKIP","floor":22},{"not_picked":["champ:StanceDance+1","champ:PerfectedStrike+1"],"picked":"champ:PreemptiveStrike+1","floor":25},{"not_picked":["champ:PreemptiveStrike+1","champ:FaceSlap+1","champ:BladeFlurry+1"],"picked":"SKIP","floor":26},{"not_picked":["champ:Haymaker+1","champ:BringItOn","champ:Duel+1"],"picked":"SKIP","floor":28},{"not_picked":["champ:FaceSlap+1","champ:CrookedStrike+1"],"picked":"champ:RageSigil","floor":30},{"not_picked":["champ:Backstep","champ:TripleStrike+1","champ:AdrenalArmor"],"picked":"SKIP","floor":32},{"not_picked":["champ:Devastate+1","champ:UltimateStance"],"picked":"champ:GladiatorForm","floor":33},{"not_picked":["champ:EndlessRage+1","champ:BerserkerStyle","champ:PreciseThrust+1"],"picked":"SKIP","floor":36},{"not_picked":["champ:CrownThrow+1","champ:BladeFlurry+1"],"picked":"champ:StanceDance+1","floor":37},{"not_picked":["champ:Devastate+1","champ:EndlessRage","champ:Circumvent+1"],"picked":"SKIP","floor":38},{"not_picked":["champ:PreemptiveStrike+1","champ:HeartStrike+1","champ:BerserkersShout"],"picked":"SKIP","floor":39},{"not_picked":["champ:FanOfKnives+1","champ:Endure+1","champ:FocusedBerserking+1"],"picked":"SKIP","floor":40},{"not_picked":["champ:BringItOn","champ:ArenaPreparation+1","champ:BerserkerStyle"],"picked":"SKIP","floor":43},{"not_picked":["champ:Devastate+1","champ:PreciseThrust+1","champ:DeathBlow+1"],"picked":"SKIP","floor":45},{"not_picked":["champ:FlashCut+1","champ:Parry","champ:PreciseThrust+1"],"picked":"SKIP","floor":46},{"not_picked":["champ:Parry+1","champ:ShieldSigil","champ:PreciseThrust+1"],"picked":"SKIP","floor":48},{"not_picked":["champ:CrookedStrike+1","champ:ShieldSigil","champ:Haymaker+1"],"picked":"SKIP","floor":49}],"player_experience":239236,"relics_obtained":[{"floor":7,"key":"Molten Egg 2"},{"floor":8,"key":"Odd Mushroom"},{"floor":9,"key":"infinitespire:Lucky Rock"},{"floor":12,"key":"Bronze Scales"},{"floor":26,"key":"Omamori"},{"floor":31,"key":"hubris:64BitClover"},{"floor":40,"key":"Grinning Jar"},{"floor":41,"key":"infinitespire:Beetle Shell"},{"floor":45,"key":"Replay:Bottled Snecko"},{"floor":46,"key":"hubris:BottledRain"}],"event_choices":[{"damage_healed":0,"gold_gain":0,"player_choice":"Fought Mushrooms","damage_taken":0,"max_hp_gain":0,"max_hp_loss":0,"event_name":"Mushrooms","floor":8,"gold_loss":0},{"cards_removed":["champ:GutPunch"],"damage_healed":5,"gold_gain":0,"player_choice":"Offered Common","damage_taken":0,"max_hp_gain":0,"max_hp_loss":0,"event_name":"Bonfire Elementals","floor":11,"gold_loss":0},{"cards_removed":["champ:GutPunch"],"damage_healed":5,"gold_gain":0,"player_choice":"Offered Special","damage_taken":0,"max_hp_gain":0,"max_hp_loss":0,"event_name":"Bonfire Elementals","floor":11,"gold_loss":0}],"is_beta":false,"boss_relics":[{"not_picked":["ReplayTheSpireMod:DimensionalGlitch","Painkiller Herb"],"picked":"Ring of Chaos"},{"not_picked":["hubris:BlackHole","Coffee Dripper"],"picked":"SlaversCollar"}],"items_purged_floors":[29,43],"is_endless":false,"potions_floor_spawned":[8,9,12,14,20,25,30,32,36,39,45],"ascension_level":1}}