{"host":"627up2rvtmm0cf0r","time":1613630394,"event":{"mods":["ATMod(阿瑾Mod)","Act Like it!","BaseMod","Better Vampires","Bossed Relics","CapriCore","Card Filter","Card Forge","Colored Powertips","DeckTracker","Dota2Spire","Downfall","Energized Spire","Friendly Minions","Highlight Path","Infinite Spire","Jedi Mod","Minty Spire (QoL Compilation)","MostiFishMod","Permanent Neow","Practice Mode","Quick Restart","Relic Stats","Reliquary","Shop Mod","Spicy Shops","StSLib","SuperFastMode","TestMod","【遗物卡牌】REMEMod","篝火指南"],"gold_per_floor":[115,132,41,41,56,86,102,122,122,157,157,157,176,194,194,298,298,315,315,330,343,356,356,391,391,445,474,474,488,119,133,133,236,236,254,49,49,59,459,213,243,261,561,50,77,77,108,125,145,145],"floor_reached":51,"language":"ZHS","playtime":2868,"items_purged":[],"score":1435,"play_id":"af7316f7-782f-4491-8384-85587996858a","local_time":"20210218143954","is_ascension_mode":true,"campfire_choices":[{"data":"jedi:studyfrost","floor":11,"key":"SMITH"},{"data":"jedi:studyfrost","floor":15,"key":"SMITH"},{"data":"Fission","floor":28,"key":"SMITH"},{"data":"Fusion","floor":32,"key":"SMITH"},{"data":"AT_ThreeBodyProblem","floor":46,"key":"SMITH"}],"circlet_count":0,"master_deck":["jedi:studyfrost+1","jedi:studyfrost+1","Fusion+1","MostiFishMod:ActiveDefenseSystem","AT_ThreeBodyProblem+1","AT_RightCognition","Turbo"],"relics":["Cracked Core","Hammer of Thor","Seething Fire","Anvil of the Gods","DaveBox","testmod-TestBox","AT_ATBox","OrangePellets","SynthV:TestCard","hexamod:Sixitude","Bag of Marbles","testmod-Antiphasic","reliquary:Knoch","testmod-RandomTest","Dota2Spire:ArcaneBoots","AT_ChloranthyRing","testmod-HeartOfStrike","Dota2Spire:HeartOfTarrasque","infinitespire:Freezer","Juzu Bracelet","Slimebound:StickyStick","Dota2Spire:BlackKingBar","MerchantsRug","reliquary:JackalopeAntler","testmod-LifeArmor","Mercury Hourglass","AT_SpeedBoots","BrkXgEgg"],"acts_visited":["Exordium","TheCity","TheBeyond"],"potions_floor_usage":[24,24],"damage_taken":[{"damage":0,"enemies":"Cultist","floor":1,"turns":3},{"damage":3,"enemies":"2 Louse","floor":2,"turns":3},{"damage":0,"enemies":"Small Slimes","floor":5,"turns":2},{"damage":23,"enemies":"3 Sentries","floor":6,"turns":10},{"damage":0,"enemies":"Exordium Wildlife","floor":7,"turns":3},{"damage":0,"enemies":"Blue Slaver","floor":8,"turns":1},{"damage":18,"enemies":"Lagavulin","floor":10,"turns":5},{"damage":0,"enemies":"2 Fungi Beasts","floor":13,"turns":1},{"damage":0,"enemies":"3 Louse","floor":14,"turns":1},{"damage":0,"enemies":"Hexaghost","floor":16,"turns":5},{"damage":0,"enemies":"2 Thieves","floor":18,"turns":3},{"damage":3,"enemies":"Shell Parasite","floor":20,"turns":3},{"damage":0,"enemies":"Centurion and Healer","floor":21,"turns":5},{"damage":0,"enemies":"Cultist and Chosen","floor":22,"turns":9},{"damage":13,"enemies":"Slavers","floor":24,"turns":6},{"damage":15,"enemies":"Gremlin Leader","floor":27,"turns":4},{"damage":6,"enemies":"Shelled Parasite and Fungi","floor":29,"turns":3},{"damage":0,"enemies":"Centurion and Healer","floor":31,"turns":5},{"damage":0,"enemies":"Champ","floor":33,"turns":8},{"damage":8,"enemies":"Orb Walker","floor":35,"turns":2},{"damage":32,"enemies":"3 Shapes","floor":38,"turns":4},{"damage":27,"enemies":"Reptomancer","floor":41,"turns":4},{"damage":36,"enemies":"Writhing Mass","floor":42,"turns":4},{"damage":7,"enemies":"Nemesis","floor":45,"turns":9},{"damage":0,"enemies":"Giant Head","floor":47,"turns":4},{"damage":7,"enemies":"Jaw Worm Horde","floor":48,"turns":3},{"damage":0,"enemies":"Time Eater","floor":50,"turns":7}],"seed_played":"1044339562766192986","potions_obtained":[{"floor":1,"key":"champ:CounterPotion"},{"floor":5,"key":"bronze:BurnAndBuffPotion"},{"floor":8,"key":"FocusPotion"},{"floor":31,"key":"Strength Potion"}],"is_trial":false,"path_per_floor":["M","M","$","?","M","E","M","M","T","E","R","?","M","M","R","B",null,"M","?","M","M","M","?","E","?","T","E","R","M","$","M","R","B",null,"M","$","?","M","?","R","E","M","T","R","E","R","E","M","R","B",null],"character_chosen":"DEFECT","items_purchased":["hexamod:Sixitude","Dota2Spire:HeartOfTarrasque","MostiFishMod:ActiveDefenseSystem","infinitespire:Freezer","Juzu Bracelet","Hologram","DiscerningMonocle","Slimebound:StickyStick","Turbo","MerchantsRug","reliquary:JackalopeAntler","testmod-LifeArmor","BrkXgEgg"],"campfire_rested":0,"item_purchase_floors":[3,30,30,30,36,36,40,40,40,44,44,44,49],"current_hp_per_floor":[68,65,65,65,65,42,42,42,42,24,24,24,24,24,24,24,62,62,62,59,59,59,59,46,46,46,31,31,25,33,41,41,61,78,70,70,70,38,38,38,11,8,8,8,17,17,21,14,14,30],"gold":145,"neow_bonus":"RANDOM_COMMON_RELIC","is_daily":false,"chose_seed":false,"campfire_upgraded":5,"win_rate":0.0,"timestamp":1613630394,"path_taken":["M","M","$","?","M","E","?","M","T","E","R","?","M","M","R","BOSS","M","?","M","?","M","?","E","?","T","E","R","M","$","M","R","BOSS","M","$","?","M","?","R","E","M","T","R","E","R","E","M","R","BOSS"],"items_purchased_type":["Relic","Relic","Card","Relic","Relic","Card","Relic","Relic","Card","Relic","Relic","Relic","Relic"],"build_version":"2020-12-22","purchased_purges":0,"victory":true,"max_hp_per_floor":[75,75,75,75,75,75,75,75,75,75,75,75,75,75,75,75,75,75,75,75,75,75,75,75,75,75,75,75,75,83,83,83,83,83,83,83,83,83,83,83,83,83,83,83,83,83,83,83,83,83],"relic_stats":{"OrangePellets":[4],"counters":[27,117],"Juzu Bracelet":0,"obtain_stats":[{"testmod-HeartOfStrike":27,"AT_ATBox":0,"DaveBox":0,"DiscerningMonocle":40,"Hammer of Thor":0,"testmod-LifeArmor":44,"testmod-KeyOfTheVoid":0,"Juzu Bracelet":36,"testmod-RandomTest":24,"Old Coin":43,"Slimebound:StickyStick":40,"Dota2Spire:ArcaneBoots":25,"Cracked Core":0,"AT_ChloranthyRing":26,"MerchantsRug":44,"testmod-TestBox":0,"Dota2Spire:BlackKingBar":41,"hexamod:Sixitude":3,"BrkXgEgg":49,"Dota2Spire:HeartOfTarrasque":30,"Seething Fire":0,"testmod-TurbochargingSystem":0,"Mercury Hourglass":45,"reliquary:JackalopeAntler":44,"OrangePellets":0,"testmod-Antiphasic":9,"AT_SpeedBoots":47,"SynthV:TestCard":1,"Anvil of the Gods":0,"Bag of Marbles":6,"reliquary:Knoch":10,"REME_ComplimentaryCards":0,"infinitespire:Freezer":30},{"testmod-HeartOfStrike":16,"AT_ATBox":0,"DaveBox":0,"DiscerningMonocle":21,"Hammer of Thor":0,"testmod-LifeArmor":23,"testmod-KeyOfTheVoid":0,"Juzu Bracelet":20,"testmod-RandomTest":15,"Old Coin":23,"Slimebound:StickyStick":21,"Dota2Spire:ArcaneBoots":15,"Cracked Core":0,"AT_ChloranthyRing":15,"MerchantsRug":23,"testmod-TestBox":0,"Dota2Spire:BlackKingBar":22,"hexamod:Sixitude":2,"BrkXgEgg":26,"Dota2Spire:HeartOfTarrasque":17,"Seething Fire":0,"testmod-TurbochargingSystem":0,"Mercury Hourglass":24,"reliquary:JackalopeAntler":23,"OrangePellets":0,"testmod-Antiphasic":6,"AT_SpeedBoots":25,"SynthV:TestCard":1,"Anvil of the Gods":0,"Bag of Marbles":4,"reliquary:Knoch":7,"REME_ComplimentaryCards":0,"infinitespire:Freezer":17},{"testmod-HeartOfStrike":64,"AT_ATBox":0,"DaveBox":0,"DiscerningMonocle":86,"Hammer of Thor":0,"testmod-LifeArmor":94,"testmod-KeyOfTheVoid":0,"Juzu Bracelet":82,"testmod-RandomTest":60,"Old Coin":94,"Slimebound:StickyStick":86,"Dota2Spire:ArcaneBoots":60,"Cracked Core":0,"AT_ChloranthyRing":60,"MerchantsRug":94,"testmod-TestBox":0,"Dota2Spire:BlackKingBar":90,"hexamod:Sixitude":6,"BrkXgEgg":110,"Dota2Spire:HeartOfTarrasque":67,"Seething Fire":0,"testmod-TurbochargingSystem":0,"Mercury Hourglass":103,"reliquary:JackalopeAntler":94,"OrangePellets":0,"testmod-Antiphasic":22,"AT_SpeedBoots":107,"SynthV:TestCard":3,"Anvil of the Gods":0,"Bag of Marbles":18,"reliquary:Knoch":27,"REME_ComplimentaryCards":0,"infinitespire:Freezer":67}],"Mercury Hourglass":[39]},"card_choices":[{"not_picked":["Leap","jedi:BurstFrost","AT_StudyProgram"],"picked":"SKIP","floor":1},{"not_picked":["Steam","MostiFishMod:FluxCapactior","AT_StudyProgram","REME_Whirling","Compile Driver"],"picked":"SKIP","floor":2},{"not_picked":["Streamline","FTL","Hologram","AT_HeatAcrobatics"],"picked":"Leap","floor":5},{"not_picked":["MostiFishMod:PushDownKick","Redo","Sweeping Beam","Leap"],"picked":"jedi:studyfrost","floor":6},{"not_picked":["Loop","Chill","Compile Driver","Stack","Streamline"],"picked":"SKIP","floor":7},{"not_picked":["Hello World","Glacier","AT_RobotInSpace","Consume","Steam Power"],"picked":"SKIP","floor":8},{"not_picked":["REME_Compress","Ball Lightning","Aggregate","Stack"],"picked":"jedi:studyfrost","floor":10},{"not_picked":["MostiFishMod:ReprogramOld","Streamline","Stack","Sweeping Beam"],"picked":"Hologram","floor":13},{"not_picked":["Force Field","Streamline","REME_SelfUpgrade","Steam"],"picked":"Conserve Battery","floor":14},{"not_picked":["Seek","jedi:BurstDark","Rainbow","Meteor Strike"],"picked":"Fission","floor":16},{"not_picked":["AT_HeatAcrobatics+1","Beam Cell","Compile Driver","Steam+1"],"picked":"MostiFishMod:IceShield","floor":18},{"not_picked":["AT_HeatAcrobatics","Streamline","jedi:blockon","Barrage"],"picked":"Redo+1","floor":20},{"not_picked":["jedi:BurstFrost","MostiFishMod:ReprogramOld","Beam Cell+1","AT_HeatAcrobatics"],"picked":"jedi:spotbugs+1","floor":21},{"not_picked":["MostiFishMod:PushDownKick","Coolheaded","Steam Power","Sweeping Beam"],"picked":"Creative AI","floor":22},{"not_picked":["Rebound","AT_EMC2","Stack","Coolheaded"],"picked":"Fusion","floor":24},{"not_picked":["jedi:overflow","Beam Cell","Hello World","Fusion+1"],"picked":"MostiFishMod:Distribution","floor":27},{"not_picked":["Cold Snap","Compile Driver","jedi:BurstFrost","Leap"],"picked":"Conserve Battery+1","floor":29},{"not_picked":["Ball Lightning","Conserve Battery","AT_ThunderBolt","Steam Power"],"picked":"AT_ThreeBodyProblem","floor":31},{"not_picked":["jedi:meditation","Core Surge","AT_WaterDrop","Biased Cognition"],"picked":"AT_RightCognition","floor":33},{"not_picked":["Undo","Sunder+1","Ball Lightning","Cold Snap+1"],"picked":"MostiFishMod:GatherIntelligence","floor":35},{"not_picked":["AT_WarpDrive","Fusion","Scrape","Reprogram"],"picked":"BootSequence","floor":38},{"not_picked":["jedi:BurstFrost","Steam Power+1","MostiFishMod:FluxCapactior","Gash+1","Lockon+1"],"picked":"SKIP","floor":41},{"not_picked":["MostiFishMod:PushDownKick+1","jedi:blockon+1","Tempest","Beam Cell"],"picked":"Stack+1","floor":42},{"not_picked":["jedi:spotbugs","Hologram","jedi:overflow+1","Steam+1","Cold Snap+1"],"picked":"SKIP","floor":45},{"not_picked":["Buffer","Fission","REME_Compress","Sweeping Beam+1"],"picked":"Go for the Eyes","floor":47},{"not_picked":["Static Discharge","Fusion+1","jedi:overflow+1","Force Field","MostiFishMod:FluxCapactior+1"],"picked":"SKIP","floor":48}],"player_experience":172138,"relics_obtained":[{"floor":1,"key":"SynthV:TestCard"},{"floor":6,"key":"Bag of Marbles"},{"floor":9,"key":"testmod-Antiphasic"},{"floor":10,"key":"reliquary:Knoch"},{"floor":24,"key":"testmod-RandomTest"},{"floor":26,"key":"AT_ChloranthyRing"},{"floor":27,"key":"testmod-HeartOfStrike"},{"floor":41,"key":"Dota2Spire:BlackKingBar"},{"floor":43,"key":"Old Coin"},{"floor":45,"key":"Mercury Hourglass"},{"floor":47,"key":"AT_SpeedBoots"}],"event_choices":[{"damage_healed":0,"gold_gain":0,"player_choice":"Cursed","damage_taken":0,"max_hp_gain":0,"max_hp_loss":0,"event_name":"Wheel of Change","floor":4,"gold_loss":0,"cards_obtained":["Decay"]},{"cards_removed":["Strike_B"],"damage_healed":0,"gold_gain":0,"player_choice":"Offered Basic","damage_taken":0,"max_hp_gain":0,"max_hp_loss":0,"event_name":"Bonfire Elementals","floor":12,"gold_loss":0},{"cards_removed":["Conserve Battery"],"damage_healed":0,"gold_gain":0,"player_choice":"Card Removal","damage_taken":0,"max_hp_gain":0,"max_hp_loss":0,"event_name":"Wheel of Change","floor":19,"gold_loss":0},{"damage_healed":0,"gold_gain":0,"player_choice":"Opened","damage_taken":0,"relics_obtained":["Dota2Spire:ArcaneBoots"],"max_hp_gain":0,"max_hp_loss":0,"event_name":"The Mausoleum","floor":25,"gold_loss":0},{"damage_healed":0,"gold_gain":0,"player_choice":"Ignored","damage_taken":0,"max_hp_gain":0,"max_hp_loss":0,"event_name":"给自己的盒子","floor":37,"gold_loss":0},{"damage_healed":0,"gold_gain":400,"player_choice":"Sell","damage_taken":0,"max_hp_gain":0,"max_hp_loss":0,"event_name":"恩洛斯的盘子","floor":39,"relics_lost":["REME_ComplimentaryCards"],"gold_loss":0}],"is_beta":false,"boss_relics":[{"not_picked":["energizedSpire:MagnifyingGlass","testmod-HarvestTotem","Busted Crown"]},{"not_picked":["RhineSuit","reliquary:Ember","GreenFoldingFan"]}],"items_purged_floors":[],"is_endless":false,"potions_floor_spawned":[1,5,7,8,18,20,22,31,33,41,42],"ascension_level":7}}