{"host":"eutfwpehtd75iaf6","time":1613668255,"event":{"mods":["BaseMod","Hermit","Minty Spire (QoL Compilation)","StSLib"],"gold_per_floor":[118,118,175,12,31,72,100,100,100,135,166,207,207,241,241,367,367,401,316,316,397,467,467,467],"floor_reached":23,"language":"ENG","playtime":2101,"items_purged":[],"score":228,"play_id":"63a13894-8a1f-4f51-bb61-7a60faa09901","local_time":"20210218121055","is_ascension_mode":false,"campfire_choices":[{"data":"Apotheosis","floor":8,"key":"SMITH"},{"data":"hermit:LoneWolf","floor":13,"key":"SMITH"},{"floor":15,"key":"REST"}],"circlet_count":0,"master_deck":["hermit:Strike_Hermit","hermit:Strike_Hermit","hermit:Strike_Hermit+1","hermit:Strike_Hermit","hermit:Defend_Hermit","hermit:Defend_Hermit","hermit:Defend_Hermit","hermit:Defend_Hermit","hermit:Snapshot","hermit:Covet","hermit:Manifest","Injury","Apotheosis+1","hermit:Snipe","hermit:DeadOrAlive+1","hermit:Dive","hermit:Virtue","hermit:ShadowCloak","hermit:LoneWolf+1","hermit:Quickdraw","hermit:Reprieve","hermit:EyeOfTheStorm","hermit:GhostlyPresence"],"relics":["hermit:Momento","NeowsBlessing","Golden Idol","Potion Belt","Gremlin Horn","Whetstone","Cursed Key","Molten Egg 2","SsserpentHead"],"acts_visited":["Exordium","TheCity"],"potions_floor_usage":[14,16,18,22,22,22,22,22,22,22,23,23,23],"damage_taken":[{"damage":0,"enemies":"Cultist","floor":1,"turns":1},{"damage":0,"enemies":"Jaw Worm","floor":5,"turns":1},{"damage":0,"enemies":"Gremlin Nob","floor":6,"turns":1},{"damage":1,"enemies":"2 Louse","floor":7,"turns":2},{"damage":12,"enemies":"Looter","floor":10,"turns":4},{"damage":0,"enemies":"Lots of Slimes","floor":11,"turns":3},{"damage":2,"enemies":"Lagavulin","floor":12,"turns":9},{"damage":12,"enemies":"Gremlin Gang","floor":14,"turns":5},{"damage":51,"enemies":"Hexaghost","floor":16,"turns":16},{"damage":5,"enemies":"2 Thieves","floor":18,"turns":4},{"damage":21,"enemies":"Shell Parasite","floor":21,"turns":10},{"damage":31,"enemies":"Chosen and Byrds","floor":22,"turns":13},{"damage":19,"enemies":"Gremlin Leader","floor":23,"turns":4}],"seed_played":"6071385554626982761","potions_obtained":[{"floor":6,"key":"CultistPotion"},{"floor":11,"key":"EntropicBrew"},{"floor":16,"key":"DistilledChaos"},{"floor":21,"key":"ColorlessPotion"}],"is_trial":false,"path_per_floor":["M","?","?","$","M","E","M","R","T","M","M","E","R","M","R","B",null,"M","?","?","M","M","E"],"character_chosen":"HERMIT","items_purchased":["Apotheosis"],"campfire_rested":1,"item_purchase_floors":[4],"current_hp_per_floor":[75,75,75,75,75,75,74,74,74,62,62,60,60,48,70,19,75,70,70,70,49,18,0,0],"gold":467,"neow_bonus":"THREE_ENEMY_KILL","is_daily":false,"chose_seed":false,"campfire_upgraded":2,"win_rate":0.0,"timestamp":1613668255,"path_taken":["M","?","?","$","M","E","M","R","T","M","?","E","R","M","R","BOSS","M","?","?","?","?","E"],"items_purchased_type":["Card"],"build_version":"2020-12-22","purchased_purges":0,"victory":false,"max_hp_per_floor":[75,75,75,75,75,75,75,75,75,75,75,75,75,75,75,75,75,75,75,75,75,75,75,75],"card_choices":[{"not_picked":["hermit:BodyArmor","hermit:Roulette"],"picked":"hermit:Manifest","floor":1},{"not_picked":["hermit:Brawl","hermit:Headshot"],"picked":"hermit:Snipe","floor":5},{"not_picked":["hermit:HoleUp","hermit:HighCaliber"],"picked":"hermit:DeadOrAlive","floor":6},{"not_picked":["hermit:Shortfuse","hermit:Combo"],"picked":"hermit:Dive","floor":7},{"not_picked":["hermit:HoleUp","hermit:WideOpen"],"picked":"hermit:Virtue","floor":10},{"not_picked":["hermit:Snipe","hermit:FlashPowder"],"picked":"hermit:ShadowCloak","floor":11},{"not_picked":["hermit:Headshot","hermit:Determination"],"picked":"hermit:LoneWolf","floor":12},{"not_picked":["hermit:HoleUp","hermit:Shortfuse"],"picked":"hermit:Quickdraw","floor":14},{"not_picked":["hermit:HighNoon","hermit:Purgatory"],"picked":"hermit:Reprieve","floor":16},{"not_picked":["hermit:Cheat","hermit:Feint"],"picked":"hermit:EyeOfTheStorm","floor":18},{"not_picked":["hermit:Dive","hermit:LowProfile"],"picked":"hermit:GhostlyPresence","floor":21},{"not_picked":["hermit:Adapt","hermit:HoleUp+1","hermit:Midnight"],"picked":"SKIP","floor":22}],"player_experience":123118,"relics_obtained":[{"floor":6,"key":"Potion Belt"},{"floor":9,"key":"Gremlin Horn"},{"floor":12,"key":"Whetstone"}],"event_choices":[{"damage_healed":0,"gold_gain":0,"player_choice":"Take Wound","damage_taken":0,"relics_obtained":["Golden Idol"],"max_hp_gain":0,"max_hp_loss":0,"event_name":"Golden Idol","floor":2,"gold_loss":0,"cards_obtained":["Injury"]},{"damage_healed":0,"gold_gain":57,"player_choice":"Gained Gold","damage_taken":0,"max_hp_gain":0,"max_hp_loss":0,"event_name":"Golden Wing","floor":3,"gold_loss":0},{"damage_healed":0,"gold_gain":0,"player_choice":"Obtained Relic","damage_taken":0,"relics_obtained":["Molten Egg 2"],"max_hp_gain":0,"max_hp_loss":0,"event_name":"Addict","floor":19,"gold_loss":85},{"damage_healed":0,"gold_gain":0,"player_choice":"Trade","damage_taken":0,"relics_obtained":["SsserpentHead"],"max_hp_gain":0,"max_hp_loss":0,"event_name":"FaceTrader","floor":20,"gold_loss":0}],"is_beta":false,"boss_relics":[{"not_picked":["Pandora\u0027s Box","Snecko Eye"],"picked":"Cursed Key"}],"items_purged_floors":[],"is_endless":false,"potions_floor_spawned":[6,11,14,16,21],"killed_by":"Gremlin Leader","ascension_level":0}}