{"host":"2yqfi47fogfu1ic4","time":1613611064,"event":{"mods":["AchievementEnabler","BaseMod","Colored Map","Colored Powertips","Highlight Path","Minty Spire (QoL Compilation)","Permanent Neow","Relic Stats","StSLib"],"gold_per_floor":[116,116,132,144,244,244,262,275,275,292,341,353,367,387,387,459,459,474,474,474,485,99,99,134,134,134,134,152,168,203,2,2,75,75,89,106,106,118,165,198,198,228,228,245,255,255,255,289,289,289,289,289,289,14,47,47],"floor_reached":57,"language":"DEU","playtime":5807,"items_purged":["Neutralize"],"score":2887,"play_id":"e26ea1c7-baf6-479c-bfb0-3a144985f61f","local_time":"20210218021744","is_ascension_mode":true,"campfire_choices":[{"data":"Dagger Spray","floor":6.0,"key":"SMITH"},{"data":"Choke","floor":15.0,"key":"SMITH"},{"floor":23,"key":"REST"},{"data":"Wraith Form v2","floor":27,"key":"SMITH"},{"floor":32,"key":"REST"},{"data":"Wraith Form v2","floor":41,"key":"SMITH"},{"data":"Catalyst","floor":46,"key":"SMITH"},{"floor":49,"key":"RECALL"},{"data":"Catalyst","floor":53,"key":"SMITH"}],"circlet_count":0,"master_deck":["AscendersBane","Strike_G+1","Strike_G+1","Strike_G+1","Strike_G+1","Strike_G+1","Defend_G+1","Defend_G+1","Defend_G+1","Defend_G+1","Defend_G+1","Survivor","Backflip","PiercingWail","Reflex","All Out Attack","Choke+1","Underhanded Strike","Acrobatics","Wraith Form v2+1","Acrobatics","Tactician","Wraith Form v2+1","Catalyst+1","Bouncing Flask","Acrobatics","Acrobatics+1","Catalyst+1","Night Terror","Acrobatics+1","Underhanded Strike","Dark Shackles","Bouncing Flask","PiercingWail","Predator+1","Underhanded Strike+1"],"relics":["Snecko Eye","Question Card","Bag of Preparation","SlaversCollar","DollysMirror","Red Mask","Bottled Flame","Torii","CaptainsWheel","Black Star","Du-Vu Doll","The Courier","Ancient Tea Set","Molten Egg 2","Toy Ornithopter","Dead Branch","Mummified Hand","Potion Belt","Mercury Hourglass","Mango","Pen Nib","Snake Skull"],"acts_visited":["Exordium","TheCity","TheBeyond","TheEnding"],"potions_floor_usage":[16,16,51],"damage_taken":[{"damage":0.0,"enemies":"Small Slimes","floor":1.0,"turns":4.0},{"damage":13.0,"enemies":"Cultist","floor":3.0,"turns":7.0},{"damage":0.0,"enemies":"2 Louse","floor":4.0,"turns":4.0},{"damage":5.0,"enemies":"Exordium Wildlife","floor":7.0,"turns":7.0},{"damage":0.0,"enemies":"3 Louse","floor":8.0,"turns":2.0},{"damage":0.0,"enemies":"Looter","floor":10.0,"turns":5.0},{"damage":6.0,"enemies":"Lots of Slimes","floor":12.0,"turns":2.0},{"damage":1.0,"enemies":"Exordium Wildlife","floor":13.0,"turns":3.0},{"damage":0.0,"enemies":"Blue Slaver","floor":14.0,"turns":3.0},{"damage":17,"enemies":"Slime Boss","floor":16,"turns":8},{"damage":36,"enemies":"Spheric Guardian","floor":18,"turns":8},{"damage":11,"enemies":"3 Byrds","floor":21,"turns":6},{"damage":0,"enemies":"Masked Bandits","floor":24,"turns":4},{"damage":18,"enemies":"Centurion and Healer","floor":28,"turns":7},{"damage":1,"enemies":"Snecko","floor":29,"turns":6},{"damage":3,"enemies":"Gremlin Leader","floor":30,"turns":5},{"damage":11,"enemies":"Automaton","floor":33,"turns":12},{"damage":0,"enemies":"Orb Walker","floor":35,"turns":3},{"damage":2,"enemies":"3 Darklings","floor":36,"turns":5},{"damage":0,"enemies":"Jaw Worm Horde","floor":38,"turns":4},{"damage":15,"enemies":"2 Orb Walkers","floor":39,"turns":8},{"damage":1,"enemies":"Giant Head","floor":40,"turns":7},{"damage":0,"enemies":"Reptomancer","floor":42,"turns":2},{"damage":0,"enemies":"Maw","floor":44,"turns":7},{"damage":2,"enemies":"Spire Growth","floor":45,"turns":6},{"damage":1,"enemies":"Nemesis","floor":48,"turns":5},{"damage":12,"enemies":"Awakened One","floor":50,"turns":12},{"damage":14,"enemies":"Donu and Deca","floor":51,"turns":9},{"damage":0,"enemies":"Shield and Spear","floor":55,"turns":3},{"damage":45,"enemies":"The Heart","floor":56,"turns":8}],"seed_played":"-8684605094695950158","potions_obtained":[{"floor":1.0,"key":"Strength Potion"},{"floor":8.0,"key":"DuplicationPotion"},{"floor":28,"key":"SkillPotion"},{"floor":33,"key":"SneckoOil"}],"is_trial":false,"path_per_floor":["M","?","M","M","?","R","M","M","T","M","T","M","M","M","R","B",null,"M","?","T","M","$","R","?","T","T","R","M","M","E","$","R","B",null,"M","M","?","M","?","E","R","E","T","M","M","R","?","E","R","B","B",null,"R","$","E","B",null],"character_chosen":"THE_SILENT","items_purchased":["DollysMirror","Catalyst","Bouncing Flask","Catalyst","GhostInAJar","Mango"],"campfire_rested":2,"item_purchase_floors":[22,22,22,31,31,54],"current_hp_per_floor":[59,64,51,51,51,51,46,46,46,46,46,40,39,39,39,22,59,23,23,23,12,12,33,33,33,33,33,15,14,11,11,32,21,59,59,57,57,57,42,41,41,41,41,41,39,39,39,38,38,26,17,58,58,72,72,27],"gold":47,"neow_bonus":"BOSS_RELIC","is_daily":false,"chose_seed":false,"campfire_upgraded":6,"win_rate":0.0,"timestamp":1613611064,"path_taken":["M","?","M","M","?","R","M","M","T","?","?","M","M","M","R","BOSS","M","?","?","M","$","R","?","?","T","R","M","?","E","$","R","BOSS","M","M","?","M","?","E","R","E","T","M","M","R","?","E","R","BOSS","BOSS","R","$","E","BOSS"],"items_purchased_type":["Relic","Card","Card","Card","Potion","Relic"],"build_version":"2020-12-22","purchased_purges":1,"victory":true,"max_hp_per_floor":[66,71,71,71,71,71,71,71,71,71,71,71,71,71,71,71,71,71,71,71,71,71,71,71,71,71,71,71,71,71,71,71,71,71,71,71,71,71,71,71,71,71,71,71,71,71,71,71,71,71,71,71,71,85,85,85],"relic_stats":{"Torii":2,"counters":[30,172],"Dead Branch":[65],"Pen Nib":[1],"Snake Skull":[14],"Bag of Preparation":[48],"Question Card":23,"Mercury Hourglass":[91],"Mummified Hand":[30],"Snecko Eye":[373,420,409,375],"Black Star":4,"obtain_stats":[{"Potion Belt":48,"Torii":26,"Dead Branch":43,"Mango":54,"The Courier":40,"Pen Nib":55,"Snake Skull":55,"Bag of Preparation":11,"Question Card":9,"Ancient Tea Set":40,"Mercury Hourglass":48,"Du-Vu Doll":39,"SlaversCollar":17,"Bottled Flame":25,"CaptainsWheel":30,"DollysMirror":22,"Mummified Hand":47,"Snecko Eye":0,"Molten Egg 2":42,"Red Mask":24,"Black Star":34,"Toy Ornithopter":42,"Ring of the Snake":0},{"Potion Belt":26,"Torii":13,"Dead Branch":23,"Mango":28,"The Courier":22,"Pen Nib":29,"Snake Skull":29,"Bag of Preparation":6,"Question Card":5,"Ancient Tea Set":22,"Mercury Hourglass":26,"Du-Vu Doll":21,"SlaversCollar":10,"Bottled Flame":13,"CaptainsWheel":16,"DollysMirror":12,"Mummified Hand":25,"Snecko Eye":0,"Molten Egg 2":23,"Red Mask":13,"Black Star":17,"Toy Ornithopter":23,"Ring of the Snake":0},{"Potion Belt":140,"Torii":63,"Dead Branch":122,"Mango":161,"The Courier":120,"Pen Nib":164,"Snake Skull":164,"Bag of Preparation":29,"Question Card":24,"Ancient Tea Set":120,"Mercury Hourglass":140,"Du-Vu Doll":113,"SlaversCollar":45,"Bottled Flame":63,"CaptainsWheel":81,"DollysMirror":59,"Mummified Hand":135,"Snecko Eye":0,"Molten Egg 2":122,"Red Mask":63,"Black Star":93,"Toy Ornithopter":122,"Ring of the Snake":0}],"Toy Ornithopter":5},"card_choices":[{"not_picked":["Dodge and Roll","Sucker Punch"],"picked":"Backflip","floor":1.0},{"not_picked":["Expertise","Well Laid Plans","Slice"],"picked":"SKIP","floor":3.0},{"not_picked":["Dodge and Roll","PiercingWail"],"picked":"Dagger Spray","floor":4.0},{"not_picked":["Bane","Deadly Poison"],"picked":"PiercingWail","floor":7.0},{"not_picked":["Quick Slash","Accuracy"],"picked":"Reflex","floor":8.0},{"not_picked":["Sucker Punch","Endless Agony","Dodge and Roll"],"picked":"All Out Attack","floor":10.0},{"not_picked":["Glass Knife","Sucker Punch","Backflip"],"picked":"Choke","floor":12.0},{"not_picked":["Deadly Poison","Masterful Stab","Catalyst"],"picked":"Underhanded Strike","floor":13.0},{"not_picked":["Prepared","All Out Attack","Poisoned Stab"],"picked":"Acrobatics","floor":14.0},{"not_picked":["Doppelganger","Glass Knife","Night Terror"],"picked":"Wraith Form v2","floor":16},{"not_picked":["Cloak And Dagger","Expertise","Slice"],"picked":"Acrobatics","floor":18},{"not_picked":["Dagger Throw","Reflex+1","All Out Attack"],"picked":"Tactician","floor":21},{"not_picked":["Backflip","Deflect","Slice"],"picked":"Acrobatics","floor":24},{"not_picked":["Sucker Punch+1","Envenom","Deadly Poison"],"picked":"Acrobatics+1","floor":28},{"not_picked":["Dodge and Roll","Accuracy","Cloak And Dagger","Well Laid Plans"],"picked":"SKIP","floor":29},{"not_picked":["Finisher","Backflip","Flying Knee","Dagger Spray"],"picked":"SKIP","floor":30},{"not_picked":["Adrenaline","Bullet Time","Malaise"],"picked":"Night Terror","floor":33},{"not_picked":["Slice","Blade Dance","Riddle With Holes"],"picked":"Acrobatics+1","floor":35},{"not_picked":["Slice","Dagger Spray+1","Deadly Poison+1"],"picked":"Underhanded Strike","floor":36},{"not_picked":["Panache","Flash of Steel","Jack Of All Trades"],"picked":"Dark Shackles","floor":37},{"not_picked":["Flying Knee","Bane","PiercingWail"],"picked":"Bouncing Flask","floor":38},{"not_picked":["Backstab+1","Prepared+1","Flying Knee+1"],"picked":"PiercingWail","floor":39},{"not_picked":["Acrobatics","Terror+1","Dagger Spray","Backflip+1"],"picked":"SKIP","floor":40},{"not_picked":["Flying Knee+1","Escape Plan","All Out Attack+1"],"picked":"Predator+1","floor":42},{"not_picked":["Deflect","Quick Slash+1","Dodge and Roll","Skewer+1"],"picked":"SKIP","floor":44},{"not_picked":["Slice+1","Flying Knee+1","Acrobatics","Poisoned Stab+1"],"picked":"SKIP","floor":45},{"not_picked":["Phantasmal Killer","Flying Knee+1","Concentrate"],"picked":"Underhanded Strike+1","floor":48},{"not_picked":["Accuracy","PiercingWail","Escape Plan+1","Caltrops"],"picked":"SKIP","floor":55}],"player_experience":1875119,"relics_obtained":[{"floor":9.0,"key":"Question Card"},{"floor":11.0,"key":"Bag of Preparation"},{"floor":24,"key":"Red Mask"},{"floor":25,"key":"Bottled Flame"},{"floor":26,"key":"Torii"},{"floor":30,"key":"CaptainsWheel"},{"floor":39,"key":"Du-Vu Doll"},{"floor":40,"key":"The Courier"},{"floor":40,"key":"Ancient Tea Set"},{"floor":42,"key":"Molten Egg 2"},{"floor":42,"key":"Toy Ornithopter"},{"floor":43,"key":"Dead Branch"},{"floor":48,"key":"Potion Belt"},{"floor":48,"key":"Mercury Hourglass"},{"floor":55,"key":"Pen Nib"},{"floor":55,"key":"Snake Skull"}],"event_choices":[{"damage_healed":0.0,"max_hp_gain":5.0,"max_hp_loss":0.0,"gold_gain":0.0,"event_name":"Big Fish","player_choice":"Donut","floor":2.0,"gold_loss":0.0,"damage_taken":0.0},{"damage_healed":0.0,"max_hp_gain":0.0,"max_hp_loss":0.0,"gold_gain":100.0,"event_name":"Wheel of Change","player_choice":"Gold","floor":5.0,"gold_loss":0.0,"damage_taken":0.0},{"damage_healed":0,"gold_gain":0,"player_choice":"Simplicity","damage_taken":0,"max_hp_gain":0,"max_hp_loss":0,"event_name":"Back to Basics","floor":19,"gold_loss":0,"cards_upgraded":["Strike_G","Strike_G","Strike_G","Strike_G","Strike_G","Defend_G","Defend_G","Defend_G","Defend_G","Defend_G"]},{"damage_healed":0,"gold_gain":0,"player_choice":"Fought Bandits","damage_taken":0,"max_hp_gain":0,"max_hp_loss":0,"event_name":"Masked Bandits","floor":24,"gold_loss":0},{"damage_healed":0,"gold_gain":0,"player_choice":"Memory 1","damage_taken":0,"max_hp_gain":0,"max_hp_loss":0,"event_name":"SensoryStone","floor":37,"gold_loss":0},{"damage_healed":0,"gold_gain":0,"player_choice":"Fight","damage_taken":0,"max_hp_gain":0,"max_hp_loss":0,"event_name":"Mysterious Sphere","floor":39,"gold_loss":0},{"cards_removed":["Dagger Spray"],"damage_healed":0,"gold_gain":0,"player_choice":"Gave Card","damage_taken":0,"relics_obtained":["Mummified Hand"],"max_hp_gain":0,"max_hp_loss":0,"event_name":"WeMeetAgain","floor":47,"gold_loss":0}],"is_beta":false,"boss_relics":[{"not_picked":["Sozu","Cursed Key"],"picked":"SlaversCollar"},{"not_picked":["Runic Pyramid","SacredBark"],"picked":"Black Star"}],"items_purged_floors":[22],"is_endless":false,"potions_floor_spawned":[1,8,12,13,28,33,35,44,45],"ascension_level":20}}