{"host":"Keegz","time":1613649635,"event":{"mods":["BaseMod","Bestiary","Colored Powertips","Highlight Path","Minty Spire (QoL Compilation)","Relic Stats","Slay the Relics Exporter"],"gold_per_floor":[369,388,4,4,14,14,30,30,30],"floor_reached":8,"language":"ENG","playtime":179,"items_purged":[],"score":94,"play_id":"9ca13087-74ef-4df0-a6b0-3b2f29d51256","local_time":"20210219010035","is_ascension_mode":true,"campfire_choices":[{"data":"Footwork","floor":6.0,"key":"SMITH"}],"circlet_count":0,"master_deck":["AscendersBane","Strike_G","Strike_G","Strike_G","Strike_G","Strike_G","Defend_G","Defend_G","Defend_G","Defend_G","Defend_G","Survivor","Neutralize","Blade Dance","Sucker Punch","Footwork+1","Pain","Finisher","Cloak And Dagger"],"relics":["Ring of the Snake","TungstenRod","WarpedTongs"],"acts_visited":["Exordium"],"potions_floor_usage":[8],"damage_taken":[{"damage":17.0,"enemies":"Cultist","floor":1.0,"turns":5.0},{"damage":3.0,"enemies":"Jaw Worm","floor":2.0,"turns":4.0},{"damage":1.0,"enemies":"Small Slimes","floor":5.0,"turns":4.0},{"damage":10.0,"enemies":"Looter","floor":7.0,"turns":3.0},{"damage":18,"enemies":"Gremlin Nob","floor":8,"turns":3}],"seed_played":"-5729986806749337953","potions_obtained":[{"floor":5.0,"key":"ColorlessPotion"},{"floor":7.0,"key":"Strength Potion"}],"is_trial":false,"path_per_floor":["M","M","$","?","M","R","M","E"],"character_chosen":"THE_SILENT","items_purchased":["TungstenRod","Footwork"],"campfire_rested":0,"item_purchase_floors":[3,3],"current_hp_per_floor":[27,24,24,24,23,23,13,0,0],"gold":30,"neow_bonus":"TWO_FIFTY_GOLD","is_daily":false,"chose_seed":false,"campfire_upgraded":1,"win_rate":0.0,"timestamp":1613649635,"path_taken":["M","?","$","?","M","R","?","E"],"items_purchased_type":["Relic","Card"],"build_version":"2020-12-18","purchased_purges":0,"victory":false,"max_hp_per_floor":[66,66,66,66,66,66,66,66,66],"relic_stats":{"counters":[5,19],"obtain_stats":[{"TungstenRod":3,"Ring of the Snake":0,"WarpedTongs":4},{"TungstenRod":2,"Ring of the Snake":0,"WarpedTongs":2},{"TungstenRod":9,"Ring of the Snake":0,"WarpedTongs":9}],"TungstenRod":17,"Ring of the Snake":[10],"WarpedTongs":[10]},"card_choices":[{"not_picked":["Prepared","Backflip"],"picked":"Blade Dance","floor":1.0},{"not_picked":["Heel Hook","PiercingWail"],"picked":"Sucker Punch","floor":2.0},{"not_picked":["Slice","Dodge and Roll"],"picked":"Finisher","floor":5.0},{"not_picked":["Infinite Blades","Poisoned Stab"],"picked":"Cloak And Dagger","floor":7.0}],"player_experience":1513012,"relics_obtained":[],"event_choices":[{"damage_healed":0.0,"max_hp_gain":0.0,"max_hp_loss":0.0,"gold_gain":0.0,"event_name":"Accursed Blacksmith","player_choice":"Rummage","floor":4.0,"gold_loss":0.0,"damage_taken":0.0,"relics_obtained":["WarpedTongs"],"cards_obtained":["Pain"]}],"is_beta":true,"boss_relics":[],"items_purged_floors":[],"is_endless":false,"potions_floor_spawned":[5,7],"killed_by":"Gremlin Nob","ascension_level":19}}