{"host":"iv5atf0fne3n7zmv","time":1613660965,"event":{"mods":["BaseMod","Minty Spire (QoL Compilation)","StSLib"],"gold_per_floor":[12,12,23,23,41,41,56,67,122,138,138,169,186,186,186],"floor_reached":14,"language":"ENG","playtime":707,"items_purged":[],"score":99,"play_id":"239217f1-574e-46f7-a35d-f42c2fa3bb5a","local_time":"20210218070925","is_ascension_mode":true,"campfire_choices":[{"data":"Fusion","floor":6,"key":"SMITH"}],"circlet_count":0,"master_deck":["Strike_B","Strike_B","Strike_B","Strike_B","Defend_B","Defend_B","Defend_B","Defend_B","Zap+1","Dualcast","Sweeping Beam","Recycle","Fusion+1","Gash","Redo","Double Energy","Streamline","Skim"],"relics":["Cracked Core","Incense Burner","Shuriken","Lantern","Blood Vial"],"acts_visited":["Exordium"],"potions_floor_usage":[12,14,14],"damage_taken":[{"damage":2,"enemies":"Jaw Worm","floor":1,"turns":4},{"damage":0,"enemies":"Small Slimes","floor":3,"turns":3},{"damage":8,"enemies":"2 Louse","floor":5,"turns":2},{"damage":18,"enemies":"Lots of Slimes","floor":7,"turns":4},{"damage":7,"enemies":"Blue Slaver","floor":8,"turns":3},{"damage":1,"enemies":"2 Fungi Beasts","floor":10,"turns":3},{"damage":32,"enemies":"Lagavulin","floor":12,"turns":6},{"damage":5,"enemies":"Looter","floor":13,"turns":3},{"damage":34,"enemies":"Gremlin Nob","floor":14,"turns":4}],"seed_played":"6128569231444772020","potions_obtained":[{"floor":5,"key":"AttackPotion"},{"floor":8,"key":"SpeedPotion"},{"floor":12,"key":"BlessingOfTheForge"}],"is_trial":false,"path_per_floor":["M","?","M","?","M","R","M","M","T","M","?","E","M","E"],"character_chosen":"DEFECT","items_purchased":[],"campfire_rested":0,"item_purchase_floors":[],"current_hp_per_floor":[73,73,73,70,62,62,44,37,37,36,41,9,6,0,0],"gold":186,"neow_bonus":"ONE_RARE_RELIC","is_daily":false,"chose_seed":false,"campfire_upgraded":1,"win_rate":0.0,"timestamp":1613660965,"path_taken":["M","?","M","?","M","R","M","M","T","M","?","E","?","E"],"items_purchased_type":[],"build_version":"2020-12-22","purchased_purges":0,"victory":false,"max_hp_per_floor":[75,75,75,75,75,75,75,75,75,75,80,80,80,80,80],"card_choices":[{"not_picked":["Stack","Force Field"],"picked":"Sweeping Beam","floor":1},{"not_picked":["Steam","Leap"],"picked":"Recycle","floor":3},{"not_picked":["Rip and Tear","Cold Snap"],"picked":"Fusion","floor":5},{"not_picked":["Fusion","Hologram"],"picked":"Gash","floor":7},{"not_picked":["Heatsinks","Barrage"],"picked":"Redo","floor":8},{"not_picked":["Steam Power","Redo"],"picked":"Double Energy","floor":10},{"not_picked":["Steam Power","Rebound"],"picked":"Streamline","floor":12},{"not_picked":["Gash","Leap"],"picked":"Skim","floor":13}],"player_experience":350844,"relics_obtained":[{"floor":9,"key":"Lantern"},{"floor":12,"key":"Blood Vial"}],"event_choices":[{"damage_healed":0,"gold_gain":0,"player_choice":"Grow","damage_taken":0,"max_hp_gain":0,"max_hp_loss":0,"event_name":"Living Wall","floor":2,"gold_loss":0,"cards_upgraded":["Zap"]},{"damage_healed":0,"gold_gain":0,"player_choice":"Success","damage_taken":3,"relics_obtained":["Shuriken"],"max_hp_gain":0,"max_hp_loss":0,"event_name":"Scrap Ooze","floor":4,"gold_loss":0},{"damage_healed":0,"gold_gain":0,"player_choice":"Donut","damage_taken":0,"max_hp_gain":5,"max_hp_loss":0,"event_name":"Big Fish","floor":11,"gold_loss":0}],"is_beta":false,"boss_relics":[],"items_purged_floors":[],"is_endless":false,"potions_floor_spawned":[5,8,12],"killed_by":"Gremlin Nob","ascension_level":1}}