{"host":"8rqsnaeml9gxb0kp","time":1613626193,"event":{"mods":["AchievementEnabler","BaseMod","Colored Powertips","Dark Map","Minty Spire (QoL Compilation)","Rare Cards Sparkle","Relic Stats","StSLib","slay the spire mod where everything is the same but ironclad has a cowboy hat"],"gold_per_floor":[116,127,139,155,230,230,244,244,244,244,163,192,210,221,221,221,221],"floor_reached":16,"language":"ENG","playtime":1084,"items_purged":[],"score":120,"play_id":"30ed7b05-bcf4-4c26-bb55-896145c54577","local_time":"20210217212953","is_ascension_mode":true,"campfire_choices":[{"data":"Zap","floor":6,"key":"SMITH"},{"data":"Genetic Algorithm","floor":10,"key":"SMITH"},{"data":"Dualcast","floor":15,"key":"SMITH"}],"circlet_count":0,"master_deck":["Strike_B","Strike_B","Strike_B","Defend_B","Defend_B","Defend_B","Defend_B","Zap+1","Dualcast+1","Cold Snap","Genetic Algorithm+1","Self Repair","Barrage","Undo+1"],"relics":["Busted Crown","Meat on the Bone","Toxic Egg 2"],"acts_visited":["Exordium"],"potions_floor_usage":[12],"damage_taken":[{"damage":2,"enemies":"Small Slimes","floor":1,"turns":4},{"damage":0,"enemies":"Jaw Worm","floor":2,"turns":3},{"damage":0,"enemies":"Cultist","floor":3,"turns":3},{"damage":2,"enemies":"Looter","floor":4,"turns":3},{"damage":9,"enemies":"2 Fungi Beasts","floor":7,"turns":4},{"damage":14,"enemies":"Lagavulin","floor":12,"turns":9},{"damage":0,"enemies":"Blue Slaver","floor":13,"turns":4},{"damage":5,"enemies":"3 Louse","floor":14,"turns":4},{"damage":68,"enemies":"Hexaghost","floor":16,"turns":16}],"seed_played":"-1703078704205945922","potions_obtained":[{"floor":3,"key":"ColorlessPotion"},{"floor":13,"key":"Ancient Potion"},{"floor":14,"key":"Energy Potion"}],"is_trial":false,"path_per_floor":["M","M","M","M","?","R","M","?","T","R","$","E","M","M","R","B"],"character_chosen":"DEFECT","items_purchased":["Self Repair"],"campfire_rested":0,"item_purchase_floors":[11],"current_hp_per_floor":[73,73,73,71,60,60,51,51,51,51,51,56,63,65,65,0,0],"gold":221,"neow_bonus":"BOSS_RELIC","is_daily":false,"chose_seed":false,"campfire_upgraded":3,"win_rate":0.0,"timestamp":1613626193,"path_taken":["M","M","M","M","?","R","M","?","T","R","$","E","M","M","R","BOSS"],"items_purchased_type":["Card"],"build_version":"2020-12-22","purchased_purges":0,"victory":false,"max_hp_per_floor":[75,75,75,75,75,75,75,75,75,75,75,75,75,75,75,75,75],"relic_stats":{"Busted Crown":16,"counters":[9,50],"obtain_stats":[{"Busted Crown":0,"Toxic Egg 2":12,"Cracked Core":0,"Meat on the Bone":9},{"Busted Crown":0,"Toxic Egg 2":6,"Cracked Core":0,"Meat on the Bone":5},{"Busted Crown":0,"Toxic Egg 2":26,"Cracked Core":0,"Meat on the Bone":17}],"Meat on the Bone":12},"card_choices":[{"not_picked":["Turbo"],"picked":"SKIP","floor":1},{"not_picked":["Capacitor"],"picked":"SKIP","floor":2},{"not_picked":["Redo"],"picked":"SKIP","floor":3},{"not_picked":[],"picked":"Cold Snap","floor":4},{"not_picked":[],"picked":"Genetic Algorithm","floor":7},{"not_picked":["Cold Snap"],"picked":"SKIP","floor":12},{"not_picked":[],"picked":"Barrage","floor":13},{"not_picked":[],"picked":"Undo+1","floor":14}],"player_experience":275427,"relics_obtained":[{"floor":9,"key":"Meat on the Bone"},{"floor":12,"key":"Toxic Egg 2"}],"event_choices":[{"damage_healed":0,"gold_gain":75,"player_choice":"Gather Gold","damage_taken":11,"max_hp_gain":0,"max_hp_loss":0,"event_name":"World of Goop","floor":5,"gold_loss":0},{"cards_removed":["Strike_B"],"damage_healed":0,"gold_gain":0,"player_choice":"Card Removal","damage_taken":0,"max_hp_gain":0,"max_hp_loss":0,"event_name":"Wheel of Change","floor":8,"gold_loss":0}],"is_beta":false,"boss_relics":[],"items_purged_floors":[],"is_endless":false,"potions_floor_spawned":[3,13,14],"killed_by":"Hexaghost","ascension_level":3}}