{"host":"7wwmf5ihvdzput8s","time":1613673986,"event":{"mods":["BaseMod","Minty Spire (QoL Compilation)","Quick Restart","Replay The Spire","StSLib","UnlockEverythingMod"],"gold_per_floor":[116,116,130,230,240,273,273,303,303,329,106,121,121,121,121,236,236,266,298,348,389,389,442,503,503,528,528,579,454,486,546,546,678,778,822,822,853,703,375,434,434,434],"floor_reached":41,"language":"ZHS","playtime":922,"items_purged":["Choke","Spreading Infection","Quick Slash","Headbutt"],"score":1730,"play_id":"75d963c9-6623-4491-8c00-4082cd3aaa26","local_time":"20210219024626","daily_mods":["SealedDeck","Vintage","Green Cards","Purple Cards","Heirloom","Time Dilation","Flight","DeadlyEvents","Elite Swarm","Lethality","Night Terrors"],"is_ascension_mode":true,"campfire_choices":[{"data":"Clash","floor":7.0,"key":"SMITH"},{"data":"Clash","floor":7.0,"key":"SMITH"},{"data":"Sword Boomerang","floor":15.0,"key":"SMITH"},{"data":"Clash","floor":15.0,"key":"SMITH"},{"floor":27.0,"key":"DIG"},{"floor":32.0,"key":"DIG"}],"circlet_count":0,"master_deck":["AscendersBane","Dagger Throw","Dagger Spray","Sword Boomerang+1","Clash+1","Masterful Stab","Clash+1","Sword Boomerang","Glass Knife"],"relics":["Unceasing Top","Replay:Multitool","Red Skull","Garlic","Replay:Accelerometer","Replay:Arrowhead","Ancient Tea Set","Replay:Baseball","Replay:Wax Seal","BargainBundle","Replay:Bandana","Ooze Armor","Eternal Feather","Darkstone Periapt","ReplayTheSpireMod:CursedCoin","Shovel","HornCleat","Akabeko","Art of War","Anchor","ReplayFunnel","Charon\u0027s Ashes","Incense Burner","Letter Opener","Replay:Wanted Poster","Toy Ornithopter","Pen Nib","Membership Card","Bottled Flame","Ginger"],"acts_visited":["Exordium","TheCity","TheBeyond"],"potions_floor_usage":[],"damage_taken":[{"damage":0.0,"enemies":"2 Louse","floor":1.0,"turns":1.0},{"damage":0.0,"enemies":"Cultist","floor":3.0,"turns":1.0},{"damage":0.0,"enemies":"Small Slimes","floor":5.0,"turns":1.0},{"damage":0.0,"enemies":"3 Sentries","floor":6.0,"turns":2.0},{"damage":0.0,"enemies":"Lagavulin","floor":8.0,"turns":2.0},{"damage":0.0,"enemies":"3 Sentries","floor":10.0,"turns":2.0},{"damage":0.0,"enemies":"Red Slaver","floor":12.0,"turns":1.0},{"damage":0.0,"enemies":"Hexaghost","floor":16.0,"turns":2.0},{"damage":0.0,"enemies":"Shell Parasite","floor":18.0,"turns":1.0},{"damage":0.0,"enemies":"Chosen","floor":19.0,"turns":1.0},{"damage":0.0,"enemies":"Snake Plant","floor":21.0,"turns":1.0},{"damage":0.0,"enemies":"Replay:Snechameleon","floor":23.0,"turns":1.0},{"damage":0.0,"enemies":"Gremlin Leader","floor":24.0,"turns":1.0},{"damage":0.0,"enemies":"Replay:Snechameleon","floor":28.0,"turns":1.0},{"damage":0.0,"enemies":"Cultist and Chosen","floor":30.0,"turns":1.0},{"damage":0.0,"enemies":"Gremlin Leader","floor":31.0,"turns":1.0},{"damage":0.0,"enemies":"Automaton","floor":33.0,"turns":2.0},{"damage":0.0,"enemies":"3 Darklings","floor":35.0,"turns":1.0},{"damage":46.0,"enemies":"3 Shapes","floor":37.0,"turns":1.0},{"damage":0.0,"enemies":"R_Hoarder","floor":40.0,"turns":1.0},{"damage":0,"enemies":"Nemesis","floor":41,"turns":1}],"seed_played":"359583472300519372","potions_obtained":[{"floor":2.0,"key":"Cursed Concoction"},{"floor":2.0,"key":"LifebloodPotion"},{"floor":8.0,"key":"DuplicationPotion"},{"floor":19.0,"key":"Adrenaline Potion"},{"floor":28.0,"key":"LifebloodPotion"},{"floor":33.0,"key":"BloodPotion"}],"is_trial":true,"path_per_floor":["M","?","M","?","M","E","R","E","T","E","$","M","$","$","R","B",null,"M","M","$","M","T","E","E","?","T","R","E","$","M","E","R","B",null,"M","?","M","$","$","E","E"],"character_chosen":"IRONCLAD","items_purchased":["BargainBundle","Elixir","ReplayTheSpireMod:CursedCoin","Membership Card","Bottled Flame","Sword Boomerang"],"campfire_rested":0,"item_purchase_floors":[11,11,20,39,39,39],"current_hp_per_floor":[68,68,68,68,68,68,68,68,68,68,68,68,68,68,68,68,73,73,73,79,79,79,79,79,79,79,81,81,81,81,81,81,81,81,81,81,35,35,35,35,35,35],"gold":434,"neow_bonus":"","is_daily":false,"chose_seed":false,"campfire_upgraded":4,"win_rate":0.0,"timestamp":1613673986,"path_taken":["M","?","?","?","?","E","R","?","T","E","$","?","$","$","R","BOSS","M","?","$","?","?","E","?","?","T","R","E","$","?","?","R","BOSS","M","?","?","$","$","E","?"],"items_purchased_type":["Relic","Potion","Relic","Relic","Relic","Card"],"build_version":"2020-12-22","purchased_purges":4,"victory":false,"max_hp_per_floor":[75,75,75,75,75,75,75,75,75,75,75,75,75,75,75,75,75,75,75,81,81,81,81,81,81,81,81,81,81,81,81,81,81,81,81,81,81,81,81,81,81,81],"card_choices":[{"not_picked":["Reaper","Doppelganger","MasterReality"],"picked":"SKIP","floor":6.0},{"not_picked":["Unload","ReplayTheSpireMod:Necrosis","Atom Bomb"],"picked":"SKIP","floor":8.0},{"not_picked":["Unload","ReplayTheSpireMod:Necrosis","Atom Bomb"],"picked":"SKIP","floor":8.0},{"not_picked":["Glass Knife","DeusExMachina","Omniscience"],"picked":"SKIP","floor":10.0},{"not_picked":["MasterReality","Eclipse","Ragnarok"],"picked":"SKIP","floor":23.0},{"not_picked":["Wraith Form v2","Poison Darts","Vault"],"picked":"SKIP","floor":24.0},{"not_picked":["Juggernaut","Replay:LoomingThreat","Demonic Infusion"],"picked":"SKIP","floor":28.0},{"not_picked":["Corpse Explosion","Ragnarok","Hemogenesis"],"picked":"SKIP","floor":31.0},{"not_picked":["LessonLearned","Replay:Bag of Tricks"],"picked":"Glass Knife","floor":40.0}],"player_experience":69033,"relics_obtained":[{"floor":1.0,"key":"Red Skull"},{"floor":3.0,"key":"Garlic"},{"floor":5.0,"key":"Replay:Accelerometer"},{"floor":6.0,"key":"Replay:Arrowhead"},{"floor":8.0,"key":"Ancient Tea Set"},{"floor":9.0,"key":"Replay:Baseball"},{"floor":10.0,"key":"Replay:Wax Seal"},{"floor":12.0,"key":"Replay:Bandana"},{"floor":18.0,"key":"Eternal Feather"},{"floor":19.0,"key":"Darkstone Periapt"},{"floor":21.0,"key":"Shovel"},{"floor":22.0,"key":"HornCleat"},{"floor":24.0,"key":"Akabeko"},{"floor":26.0,"key":"Art of War"},{"floor":27.0,"key":"Anchor"},{"floor":28.0,"key":"ReplayFunnel"},{"floor":30.0,"key":"Charon\u0027s Ashes"},{"floor":31.0,"key":"Incense Burner"},{"floor":32.0,"key":"Letter Opener"},{"floor":35.0,"key":"Toy Ornithopter"},{"floor":37.0,"key":"Pen Nib"},{"floor":40.0,"key":"Ginger"}],"event_choices":[{"damage_healed":0.0,"max_hp_gain":0.0,"max_hp_loss":0.0,"gold_gain":0.0,"event_name":"Lab","player_choice":"Got Potions","floor":2.0,"gold_loss":0.0,"damage_taken":0.0},{"damage_healed":0.0,"max_hp_gain":0.0,"max_hp_loss":0.0,"gold_gain":100.0,"event_name":"Wheel of Change","player_choice":"Gold","floor":4.0,"gold_loss":0.0,"damage_taken":0.0},{"cards_removed":["Clash"],"damage_healed":0.0,"max_hp_gain":0.0,"max_hp_loss":0.0,"gold_gain":0.0,"event_name":"Falling","player_choice":"Removed Attack","floor":36.0,"gold_loss":0.0,"damage_taken":0.0}],"is_beta":false,"boss_relics":[{"not_picked":["Ring of Chaos","ChewingGum"],"picked":"Ooze Armor"},{"not_picked":["Busted Crown","Runic Cube"],"picked":"Replay:Wanted Poster"}],"items_purged_floors":[11,20,29,38],"is_endless":false,"potions_floor_spawned":[5,6,8,12,19,24,28,30,33],"killed_by":"Nemesis","ascension_level":20}}