{"host":"8inpc3yxphy2r27y","time":1613670294,"event":{"mods":["ATMod(阿瑾Mod)","Act Like it!","Aspiration","Astrologer","Bard","BaseMod","Better Synergies","Better Vampires","Better-Laid Plans","Challenge The Spire","Conspire","Decade(王小明)","Defuse TimeMaze Blight","Downfall","Energized Spire","FanaticalFans","FoggyMod","FutureSeer","Gensokyo","Gremlin Mod","GungeonMod","Hallownest","Highlight Path","HumanHunterMod(怪物杀人mod)","Hunter 猎人","KinomotoSakuraMod(木之本樱)","LagranYue(拉格朗・月)","Lobotomy","LobotomyExtend","Minty Spire (QoL Compilation)","MostiFishMod","Pale of the Ancients","Quarter Circle Forward PUNCH!","Quick Restart","Red Circlet Mod","Reimu（博丽灵梦）","Relic Filter Mod","Relic Stats","Replay The Spire","RumiaBox-露米娅的神秘盒子","Ryuuou龙王","SIMod","Shop Mod","Spicy Shops","StSLib","TestMod","The Animator","The Bug Knight","The Cursed","The Hierophant","TheHeartMod","UnlockEverythingMod","Waifu the Spire","[GremlinLeader]The Maniac","[IsaacMod]以撒尖塔","noobMod","【功能Mod】聪明的最终Boss","【遗物卡牌】REMEMod","篝火指南"],"gold_per_floor":[122,203,203,229,320,402,402,39,78,78,123,203,229,300,250,250,99,287,304,404,453,453,453,453,495,495,547,547,584,30,145,626,541,43,168,179,227,260,271,282,293,18,64,64],"floor_reached":43,"language":"ZHS","playtime":6854,"items_purged":[],"score":1014,"play_id":"900b0aa0-df40-4f9f-8387-e1fec0f55b12","local_time":"20210219014454","is_ascension_mode":true,"campfire_choices":[],"circlet_count":0,"master_deck":["Mercenary","QueenOfHatred","BigBird","animator:Defend_Fate","animator:Defend","animator:Defend","animator:Defend","animator:Rider","BettingIsNotGood","REME_PuzzleBox","AT_FocusSwordFire","MHz","Wellcheers","animator:SakuraMatou","PunishingBird","Life Link","conspire:SpireCoStock","animator:Guren","CurseOfTheBell","animator:Sora","Murderer","animator:GazelDwargon","Yin","Slimebound:CheckThePlaybook","animator:Shuna","animator:Shuna","animator:LimeBell","ReplayTheSpireMod:GoodbyeWorld","UniverseFragment","animator:ElricAlphonse","Midas Touch+1","VoidDream","animator:Greed","animator:EmiyaShirou","NothingThere","animator:Cirno+1","animator:Sloth+1","animator:Saber+1","animator:Chris+1","animator:AcuraShin+1","animator:YunYun+1","animator:Emonzaemon+1","animator:KyokoSakura"],"relics":["animator:LivingPicture","animator:TheMissingPiece","REME_ComplimentaryCards","ice","Fans:FanaticalFans","DaveBox","HushsDoor","AT_ATBox","testmod-TestBox","LagranYue:RandomDrawCardRelic","animator:PurgingStone","Damocles","testmod-DeterminationOfClimber","CogitoBucket","RabbitCall","animator:WornHelmet","Baka","LetterFromLob","SynthV:TestCard","HonorFeather","MagicBullet_r","Smiling Mask","Replay:Wax Seal","DemoMod:OrangeGuonStone","DemoMod:ChaffGrenade","AT_BellDemon","GuppysPaw","MerchantsRug","bronze:BronzeIdol","Darkstone Periapt","qcfpunch:Red_Beret","DemoMod:Relodestone","Blue Doll","LagranYue:MagicReflectiveArmorRelic","Heaven_r","DemoMod:BigBoy","conspire:BottledYoYo","Paper Crane","conspire:TreasureMap","SolemnVow_r","DemoMod:PinkGuonStone","Champion Belt","Replay:Rubber Ducky","conspire:Dentures","DemoMod:Antibody","Lamp_r","DemoMod:ClearGuonStone","Du-Vu Doll","AT_ArchangelStaff","AspirationHeart","Tiny Chest","HowToJump","qcfpunch:Red_Gi","aspiration:RitualStick","CloakClasp","testmod-RandomTest","Yang_Lob","DemoMod:WhiteGuonStone","The Courier","LagranYue:GuidanceLightRelic","qcfpunch:Not_Strongest_Fighting_Style_Guidebook","GuppysHead","Art of War","Shovel","LastBattle","qcfpunch:Lotus_Statue","PrismaticShard","AT_ChloranthyRing","PillsDrop","REME_HandOfSuture","Replay:Bandana","AT_SunfireAegis","Theresia","WantedRequest","qcfpunch:Wrestler\u0027s_Cloak","testmod-LifeArmor","Replay:PocketPolymizer","MawBank","testmod-Charity","AT_TimeSand","aspiration:HummingbirdHeart","testmod-Register","qcfpunch:White_Boots","qcfpunch:Combat_Fatigues","ChiXiaoBlade","Damocles","InTheNameOfLoveAndHate_r","AT_BellowingDragoncrestRing","SalivaCoin","WingedGreaves","qcfpunch:Army_Boots","GodSword6","ChaoDraw","CrimsonScar_r"],"acts_visited":["Exordium","TheCity","TheBeyond"],"potions_floor_usage":[37],"damage_taken":[{"damage":0.0,"enemies":"Cultist","floor":1.0,"turns":2.0},{"damage":0.0,"enemies":"Cultist","floor":2.0,"turns":3.0},{"damage":0.0,"enemies":"Jaw Worm","floor":4.0,"turns":2.0},{"damage":0.0,"enemies":"Hiden Room Battle","floor":5.0,"turns":1.0},{"damage":0.0,"enemies":"3 Sentries","floor":6.0,"turns":2.0},{"damage":0.0,"enemies":"Lagavulin","floor":9.0,"turns":1.0},{"damage":0.0,"enemies":"Gremlin Nob","floor":12.0,"turns":6.0},{"damage":0.0,"enemies":"Gremlin Nob","floor":12.0,"turns":1.0},{"damage":0.0,"enemies":"Lagavulin Event","floor":14.0,"turns":3.0},{"damage":0.0,"enemies":"Fading Forest","floor":18.0,"turns":5.0},{"damage":0.0,"enemies":"2 Thieves","floor":20.0,"turns":3.0},{"damage":0.0,"enemies":"conspire:MimicChest","floor":21.0,"turns":3.0},{"damage":0.0,"enemies":"conspire:Head Lice","floor":25.0,"turns":1.0},{"damage":0.0,"enemies":"Replay:Snechameleon","floor":27.0,"turns":2.0},{"damage":0.0,"enemies":"animator:HornedBat","floor":29.0,"turns":1.0},{"damage":0.0,"enemies":"Snake Plant","floor":31.0,"turns":14.0},{"damage":0.0,"enemies":"REME_1_Revenger","floor":32.0,"turns":4.0},{"damage":0.0,"enemies":"conspire:MysteriousRune","floor":35.0,"turns":2.0},{"damage":16,"enemies":"3 Darklings","floor":37,"turns":4},{"damage":5,"enemies":"R_Hoarder","floor":43,"turns":2}],"seed_played":"5244376025119304288","potions_obtained":[{"floor":5.0,"key":"Adrenaline Potion"},{"floor":6.0,"key":"AttackPotion"},{"floor":9.0,"key":"Strength Potion"},{"floor":14.0,"key":"Explosive Potion"},{"floor":18.0,"key":"Block Potion"},{"floor":27.0,"key":"GamblersBrew"},{"floor":31.0,"key":"Fire Potion"}],"is_trial":false,"path_per_floor":["M","?","?","M","?","E","?","R","E","T","T","E","T","M","?","?","R","B",null,"M","?","?","?","?","E","T","E","T","E","$","M","E","?","R","B",null,"M","T","$","?","?","R","E"],"character_chosen":"THE_ANIMATOR","items_purchased":["MerchantsRug","aspiration:Nostalgia","bronze:BronzeIdol","conspire:TreasureMap","animator:Sora","testmod-EscapePotion","PrismaticShard","AT_ChloranthyRing","PillsDrop","REME_HandOfSuture","testmod-Charity","AT_TimeSand","aspiration:HummingbirdHeart","testmod-Register","Damocles","animator:Greed","GodSword6","ChaoDraw"],"campfire_rested":0,"item_purchase_floors":[8,8,8,17,19,19,30,30,30,30,34,34,34,34,36,36,42,42],"current_hp_per_floor":[1,1,1,1,1,1,1,1,2,1,1,1,1,2,1,1,1,8,1,11,1,1,1,1,1,1,1,1,1,1,39,61,1,1,44,31,71,73,74,75,76,81,0,0],"gold":64,"neow_bonus":"","is_daily":false,"chose_seed":false,"campfire_upgraded":0,"win_rate":0.0,"timestamp":1613670294,"path_taken":["M","?","?","?","?","E","?","R","E","T","T","E","?","?","?","?","R","BOSS","M","?","?","?","?","E","?","E","T","E","?","?","E","?","R","BOSS","M","?","$","?","?","R","E"],"items_purchased_type":["Relic","Relic","Relic","Relic","Card","Potion","Relic","Relic","Relic","Relic","Relic","Relic","Relic","Relic","Relic","Card","Relic","Relic"],"build_version":"2020-12-22","purchased_purges":0,"victory":false,"max_hp_per_floor":[1,1,1,1,1,1,1,1,2,1,1,1,1,2,1,1,1,8,1,11,1,1,1,1,1,1,1,1,1,1,39,61,1,1,44,31,71,73,74,75,76,81,435,435],"relic_stats":{"Darkstone Periapt":6,"Shovel":0,"counters":[22,64],"Tiny Chest":2,"CloakClasp":[84],"Art of War":[6],"Champion Belt":[71],"Smiling Mask":0,"MawBank":111,"obtain_stats":[{"Damocles":0,"AT_ATBox":0,"LagranYue:RandomDrawCardRelic":0,"testmod-LifeArmor":32,"AT_TimeSand":34,"qcfpunch:Red_Beret":9,"aspiration:RitualStick":22,"qcfpunch:Lotus_Statue":29,"Replay:Wax Seal":5,"WantedRequest":32,"KeepersGift":0,"MerchantsRug":8,"conspire:TreasureMap":17,"testmod-TestBox":0,"MagicBullet_r":2,"testmod-Register":34,"DemoMod:OrangeGuonStone":5,"Paper Crane":14,"Heaven_r":12,"qcfpunch:Combat_Fatigues":35,"DemoMod:Relodestone":9,"conspire:BottledYoYo":14,"HushsDoor":0,"Theresia":31,"AT_BellDemon":6,"DaveBox":0,"InTheNameOfLoveAndHate_r":37,"animator:TheMissingPiece":0,"DemoMod:BigBoy":14,"Blue Doll":10,"testmod-RandomTest":25,"Smiling Mask":4,"LagranYue:MagicReflectiveArmorRelic":11,"Replay:Rubber Ducky":19,"Shovel":29,"WingedGreaves":37,"testmod-DeterminationOfClimber":0,"Potion Belt":27,"AT_ChloranthyRing":30,"DemoMod:Antibody":19,"DemoMod:PinkGuonStone":18,"The Courier":26,"LastBattle":29,"MawBank":33,"ChaoDraw":42,"bronze:BronzeIdol":8,"AT_BellowingDragoncrestRing":37,"animator:LivingPicture":0,"REME_HandOfSuture":30,"Art of War":29,"Champion Belt":18,"AT_SunfireAegis":31,"REME_ComplimentaryCards":0,"HonorFeather":2,"m_IronCrown":8,"DemoMod:GlassGuonStoneRelic":4,"ice":0,"Fans:FanaticalFans":0,"AT_ArchangelStaff":20,"qcfpunch:Red_Gi":21,"OneHitWonderSystem":0,"DemoMod:ClearGuonStone":20,"conspire:Dentures":19,"aspiration:Nostalgia":8,"DemoMod:ChaffGrenade":5,"AspirationHeart":20,"Du-Vu Doll":20,"LagranYue:GuidanceLightRelic":27,"ChiXiaoBlade":36,"GodSword6":42,"Darkstone Periapt":9,"RabbitCall":0,"Replay:PocketPolymizer":32,"SolemnVow_r":18,"GuppysPaw":6,"qcfpunch:Not_Strongest_Fighting_Style_Guidebook":27,"CloakClasp":25,"DemoMod:WhiteGuonStone":25,"PrismaticShard":30,"testmod-Charity":34,"Yang_Lob":25,"Lamp_r":20,"CogitoBucket":0,"Replay:Bandana":31,"animator:PurgingStone":0,"PillsDrop":30,"Tiny Chest":21,"qcfpunch:Wrestler\u0027s_Cloak":32,"CrimsonScar_r":43,"qcfpunch:Army_Boots":38,"HowToJump":21,"Baka":1,"aspiration:HummingbirdHeart":34,"animator:WornHelmet":1,"qcfpunch:White_Boots":35,"Calling Bell":19,"SynthV:TestCard":1,"LetterFromLob":1,"SalivaCoin":37,"GuppysHead":28},{"Damocles":0,"AT_ATBox":0,"LagranYue:RandomDrawCardRelic":0,"testmod-LifeArmor":19,"AT_TimeSand":19,"qcfpunch:Red_Beret":6,"aspiration:RitualStick":13,"qcfpunch:Lotus_Statue":16,"Replay:Wax Seal":4,"WantedRequest":19,"KeepersGift":0,"MerchantsRug":5,"conspire:TreasureMap":9,"testmod-TestBox":0,"MagicBullet_r":2,"testmod-Register":19,"DemoMod:OrangeGuonStone":4,"Paper Crane":9,"Heaven_r":8,"qcfpunch:Combat_Fatigues":20,"DemoMod:Relodestone":6,"conspire:BottledYoYo":9,"HushsDoor":0,"Theresia":18,"AT_BellDemon":5,"DaveBox":0,"InTheNameOfLoveAndHate_r":21,"animator:TheMissingPiece":0,"DemoMod:BigBoy":9,"Blue Doll":6,"testmod-RandomTest":14,"Smiling Mask":3,"LagranYue:MagicReflectiveArmorRelic":6,"Replay:Rubber Ducky":10,"Shovel":16,"WingedGreaves":21,"testmod-DeterminationOfClimber":0,"Potion Belt":15,"AT_ChloranthyRing":16,"DemoMod:Antibody":10,"DemoMod:PinkGuonStone":10,"The Courier":14,"LastBattle":16,"MawBank":19,"ChaoDraw":21,"bronze:BronzeIdol":5,"AT_BellowingDragoncrestRing":21,"animator:LivingPicture":0,"REME_HandOfSuture":16,"Art of War":16,"Champion Belt":10,"AT_SunfireAegis":18,"REME_ComplimentaryCards":0,"HonorFeather":2,"m_IronCrown":5,"DemoMod:GlassGuonStoneRelic":3,"ice":0,"Fans:FanaticalFans":0,"AT_ArchangelStaff":12,"qcfpunch:Red_Gi":13,"OneHitWonderSystem":0,"DemoMod:ClearGuonStone":12,"conspire:Dentures":10,"aspiration:Nostalgia":5,"DemoMod:ChaffGrenade":4,"AspirationHeart":12,"Du-Vu Doll":12,"LagranYue:GuidanceLightRelic":15,"ChiXiaoBlade":20,"GodSword6":21,"Darkstone Periapt":6,"RabbitCall":0,"Replay:PocketPolymizer":19,"SolemnVow_r":10,"GuppysPaw":5,"qcfpunch:Not_Strongest_Fighting_Style_Guidebook":15,"CloakClasp":14,"DemoMod:WhiteGuonStone":14,"PrismaticShard":16,"testmod-Charity":19,"Yang_Lob":14,"Lamp_r":12,"CogitoBucket":0,"Replay:Bandana":18,"animator:PurgingStone":0,"PillsDrop":16,"Tiny Chest":13,"qcfpunch:Wrestler\u0027s_Cloak":19,"CrimsonScar_r":22,"qcfpunch:Army_Boots":21,"HowToJump":13,"Baka":1,"aspiration:HummingbirdHeart":19,"animator:WornHelmet":1,"qcfpunch:White_Boots":20,"Calling Bell":10,"SynthV:TestCard":1,"LetterFromLob":1,"SalivaCoin":21,"GuppysHead":15},{"Damocles":0,"AT_ATBox":0,"LagranYue:RandomDrawCardRelic":0,"testmod-LifeArmor":56,"AT_TimeSand":56,"qcfpunch:Red_Beret":11,"aspiration:RitualStick":33,"qcfpunch:Lotus_Statue":37,"Replay:Wax Seal":8,"WantedRequest":56,"KeepersGift":0,"MerchantsRug":10,"conspire:TreasureMap":21,"testmod-TestBox":0,"MagicBullet_r":5,"testmod-Register":56,"DemoMod:OrangeGuonStone":8,"Paper Crane":21,"Heaven_r":18,"qcfpunch:Combat_Fatigues":58,"DemoMod:Relodestone":11,"conspire:BottledYoYo":21,"HushsDoor":0,"Theresia":52,"AT_BellDemon":10,"DaveBox":0,"InTheNameOfLoveAndHate_r":61,"animator:TheMissingPiece":0,"DemoMod:BigBoy":21,"Blue Doll":11,"testmod-RandomTest":34,"Smiling Mask":7,"LagranYue:MagicReflectiveArmorRelic":11,"Replay:Rubber Ducky":26,"Shovel":37,"WingedGreaves":62,"testmod-DeterminationOfClimber":0,"Potion Belt":36,"AT_ChloranthyRing":37,"DemoMod:Antibody":26,"DemoMod:PinkGuonStone":26,"The Courier":34,"LastBattle":37,"MawBank":56,"ChaoDraw":62,"bronze:BronzeIdol":10,"AT_BellowingDragoncrestRing":62,"animator:LivingPicture":0,"REME_HandOfSuture":37,"Art of War":37,"Champion Belt":26,"AT_SunfireAegis":52,"REME_ComplimentaryCards":0,"HonorFeather":5,"m_IronCrown":10,"DemoMod:GlassGuonStoneRelic":7,"ice":0,"Fans:FanaticalFans":0,"AT_ArchangelStaff":30,"qcfpunch:Red_Gi":33,"OneHitWonderSystem":0,"DemoMod:ClearGuonStone":30,"conspire:Dentures":26,"aspiration:Nostalgia":10,"DemoMod:ChaffGrenade":8,"AspirationHeart":30,"Du-Vu Doll":30,"LagranYue:GuidanceLightRelic":36,"ChiXiaoBlade":58,"GodSword6":62,"Darkstone Periapt":11,"RabbitCall":0,"Replay:PocketPolymizer":56,"SolemnVow_r":22,"GuppysPaw":10,"qcfpunch:Not_Strongest_Fighting_Style_Guidebook":36,"CloakClasp":34,"DemoMod:WhiteGuonStone":34,"PrismaticShard":37,"testmod-Charity":56,"Yang_Lob":34,"Lamp_r":30,"CogitoBucket":0,"Replay:Bandana":52,"animator:PurgingStone":0,"PillsDrop":37,"Tiny Chest":33,"qcfpunch:Wrestler\u0027s_Cloak":56,"CrimsonScar_r":64,"qcfpunch:Army_Boots":62,"HowToJump":33,"Baka":2,"aspiration:HummingbirdHeart":56,"animator:WornHelmet":2,"qcfpunch:White_Boots":58,"Calling Bell":26,"SynthV:TestCard":2,"LetterFromLob":2,"SalivaCoin":62,"GuppysHead":36}],"aspiration:RitualStick":[2]},"card_choices":[{"not_picked":[],"picked":"BettingIsNotGood","floor":0.0},{"not_picked":["MeatLantern","OSAHOGD","SpiderBud"],"picked":"Singing Bowl","floor":1.0},{"not_picked":["MHz","Wellcheers"],"picked":"Bloodbath","floor":1.0},{"not_picked":["animator:RoryMercury","animator:TukaLunaMarceau"],"picked":"animator:Fredrika","floor":1.0},{"not_picked":["Porccubus","Scorched"],"picked":"MHz","floor":4.0},{"not_picked":["animator:TukaLunaMarceau","animator:ElricAlphonse","animator:DolaSchwi","animator:DolaStephanie"],"picked":"Bomb","floor":4.0},{"not_picked":["OSAHOGD","CrumblingArmor"],"picked":"Wellcheers","floor":5.0},{"not_picked":["animator:Azekura","animator:Witch","animator:Priestess","animator:MaesHughes"],"picked":"animator:Verdia","floor":5.0},{"not_picked":["UniverseFragment","BeautyBeast","Scarecrow"],"picked":"Singing Bowl","floor":6.0},{"not_picked":["UniverseFragment","OldLady"],"picked":"Woodsman","floor":6.0},{"not_picked":["animator:Shinoa","animator:Vesta","animator:Nanami","animator:Kaijin"],"picked":"animator:SakuraMatou","floor":6.0},{"not_picked":["CrumblingArmor","OSAHOGD"],"picked":"PunishingBird","floor":9.0},{"not_picked":["animator:Caster","animator:Lancer","animator:Rider","animator:EmiyaShirou"],"picked":"animator:Assassin","floor":9.0},{"not_picked":["WallGazer","OSAHOGD","BeautyBeast"],"picked":"Singing Bowl","floor":14.0},{"not_picked":["UniverseFragment","CherryBlossoms"],"picked":"Funeral","floor":14.0},{"not_picked":["animator:NagisaMomoe","animator:Ciel","animator:CowGirl","animator:Shuna"],"picked":"Life Link","floor":14.0},{"not_picked":["CrumblingArmor","BeautyBeast","RedShoes"],"picked":"Singing Bowl","floor":18.0},{"not_picked":["BeautyBeast","VoidDream"],"picked":"BigBird","floor":18.0},{"not_picked":["animator:Ainz","animator:SwordMaiden","animator:AcuraShin","animator:Sora"],"picked":"animator:Guren","floor":18.0},{"not_picked":["CherryBlossoms","QueenBee","CrumblingArmor"],"picked":"Singing Bowl","floor":20.0},{"not_picked":["BlackSwan","FairyFestival"],"picked":"Murderer","floor":20.0},{"not_picked":["animator:Melzalgald","animator:HighElfArcher+1","champ:EnragedBash","animator:Add+1"],"picked":"animator:GazelDwargon","floor":20.0},{"not_picked":["SnowQueen","Scorched","FieryBird"],"picked":"Singing Bowl","floor":21.0},{"not_picked":["GreedKing","CrumblingArmor"],"picked":"Yin","floor":21.0},{"not_picked":["animator:Shinoa","animator:Guren","Twin Strike","animator:Lancer"],"picked":"animator:Genos","floor":21.0},{"not_picked":["animator:YuiTsuruno","animator:Vesta","Twin Strike","animator:CowGirl"],"picked":"animator:Shuna","floor":25.0},{"not_picked":["OldLady","NakedNest"],"picked":"QueenOfHatred","floor":27.0},{"not_picked":["animator:SakuraMatou","animator:Rider","animator:ShinjiMatou","animator:Alexander"],"picked":"animator:Illya","floor":27.0},{"not_picked":["BlackSwan","BlackArmy","BeautyBeast"],"picked":"Singing Bowl","floor":29.0},{"not_picked":["animator:Rider","animator:Alexander","animator:Genos","animator:Benimaru"],"picked":"animator:Shuna","floor":29.0},{"not_picked":["LaLuna","Scorched"],"picked":"Mercenary","floor":31.0},{"not_picked":["Accuracy","HideCarefully","AutoVajin","animator:Guy"],"picked":"animator:LimeBell","floor":31.0},{"not_picked":["LagranYue:SkillVictorySwordCard","CrushJoints","Guardian:Suspension","animator:Megumin"],"picked":"ReplayTheSpireMod:GoodbyeWorld","floor":32.0},{"not_picked":["LaLuna","Variant"],"picked":"UniverseFragment","floor":32.0},{"not_picked":["Poisoned Strike","MostiFishMod:RainCloud","Gremlin:BrokenShin","animator:Father"],"picked":"Midas Touch","floor":35.0},{"not_picked":["Laetitia","CherryBlossoms","Funeral"],"picked":"Singing Bowl","floor":35.0},{"not_picked":["GalaxyChild","WallGazer"],"picked":"VoidDream","floor":35.0},{"not_picked":["animator:Illya","animator:ShinjiMatou","animator:Alexander","animator:Caster"],"picked":"animator:EmiyaShirou","floor":37},{"not_picked":["GalaxyChild","LittleHelper"],"picked":"NothingThere","floor":37}],"player_experience":227398,"relics_obtained":[{"floor":1.0,"key":"animator:WornHelmet"},{"floor":1.0,"key":"Baka"},{"floor":1.0,"key":"LetterFromLob"},{"floor":1.0,"key":"SynthV:TestCard"},{"floor":4.0,"key":"Smiling Mask"},{"floor":5.0,"key":"Replay:Wax Seal"},{"floor":5.0,"key":"DemoMod:OrangeGuonStone"},{"floor":5.0,"key":"DemoMod:ChaffGrenade"},{"floor":6.0,"key":"AT_BellDemon"},{"floor":6.0,"key":"GuppysPaw"},{"floor":9.0,"key":"Darkstone Periapt"},{"floor":9.0,"key":"qcfpunch:Red_Beret"},{"floor":9.0,"key":"DemoMod:Relodestone"},{"floor":10.0,"key":"Blue Doll"},{"floor":11.0,"key":"LagranYue:MagicReflectiveArmorRelic"},{"floor":14.0,"key":"DemoMod:BigBoy"},{"floor":14.0,"key":"conspire:BottledYoYo"},{"floor":14.0,"key":"Paper Crane"},{"floor":18.0,"key":"DemoMod:PinkGuonStone"},{"floor":18.0,"key":"Champion Belt"},{"floor":19.0,"key":"Replay:Rubber Ducky"},{"floor":19.0,"key":"conspire:Dentures"},{"floor":19.0,"key":"DemoMod:Antibody"},{"floor":20.0,"key":"DemoMod:ClearGuonStone"},{"floor":20.0,"key":"Du-Vu Doll"},{"floor":20.0,"key":"AT_ArchangelStaff"},{"floor":21.0,"key":"Tiny Chest"},{"floor":21.0,"key":"HowToJump"},{"floor":21.0,"key":"qcfpunch:Red_Gi"},{"floor":25.0,"key":"CloakClasp"},{"floor":25.0,"key":"testmod-RandomTest"},{"floor":25.0,"key":"DemoMod:WhiteGuonStone"},{"floor":26.0,"key":"The Courier"},{"floor":27.0,"key":"LagranYue:GuidanceLightRelic"},{"floor":27.0,"key":"qcfpunch:Not_Strongest_Fighting_Style_Guidebook"},{"floor":27.0,"key":"Potion Belt"},{"floor":28.0,"key":"GuppysHead"},{"floor":29.0,"key":"Art of War"},{"floor":29.0,"key":"Shovel"},{"floor":29.0,"key":"LastBattle"},{"floor":29.0,"key":"qcfpunch:Lotus_Statue"},{"floor":31.0,"key":"Replay:Bandana"},{"floor":31.0,"key":"AT_SunfireAegis"},{"floor":32.0,"key":"qcfpunch:Wrestler\u0027s_Cloak"},{"floor":32.0,"key":"testmod-LifeArmor"},{"floor":32.0,"key":"Replay:PocketPolymizer"},{"floor":35.0,"key":"qcfpunch:White_Boots"},{"floor":35.0,"key":"qcfpunch:Combat_Fatigues"},{"floor":37,"key":"AT_BellowingDragoncrestRing"},{"floor":37,"key":"SalivaCoin"},{"floor":37,"key":"WingedGreaves"},{"floor":38,"key":"qcfpunch:Army_Boots"}],"event_choices":[{"damage_healed":0.0,"max_hp_gain":0.0,"max_hp_loss":0.0,"gold_gain":0.0,"event_name":"Scrap Ooze","player_choice":"Fled","floor":3.0,"gold_loss":0.0,"damage_taken":0.0},{"damage_healed":0.0,"max_hp_gain":0.0,"max_hp_loss":0.0,"gold_gain":0.0,"event_name":"HidenRoomEvent","player_choice":"Fight","floor":5.0,"gold_loss":0.0,"damage_taken":0.0},{"cards_removed":["animator:Verdia"],"damage_healed":5.0,"max_hp_gain":0.0,"max_hp_loss":0.0,"gold_gain":0.0,"event_name":"Bonfire Elementals","player_choice":"Offered Common","floor":7.0,"gold_loss":0.0,"damage_taken":0.0},{"cards_removed":["animator:Verdia"],"damage_healed":5.0,"max_hp_gain":0.0,"max_hp_loss":0.0,"gold_gain":0.0,"event_name":"Bonfire Elementals","player_choice":"Offered Special","floor":7.0,"gold_loss":0.0,"damage_taken":0.0},{"damage_healed":0.0,"max_hp_gain":0.0,"max_hp_loss":0.0,"gold_gain":0.0,"event_name":"Dead Adventurer","player_choice":"Searched \u00272\u0027 times","floor":14.0,"gold_loss":0.0,"damage_taken":0.0},{"damage_healed":0.0,"max_hp_gain":0.0,"max_hp_loss":0.0,"gold_gain":0.0,"event_name":"conspire:Investor","player_choice":"Invest 1","floor":15.0,"gold_loss":0.0,"damage_taken":0.0},{"damage_healed":0.0,"max_hp_gain":0.0,"max_hp_loss":0.0,"gold_gain":0.0,"event_name":"Addict","player_choice":"Obtained Relic","floor":33.0,"gold_loss":85.0,"damage_taken":0.0,"relics_obtained":["MawBank"]},{"damage_healed":0,"gold_gain":0,"player_choice":"Forge","damage_taken":0,"max_hp_gain":0,"max_hp_loss":0,"event_name":"Accursed Blacksmith","floor":41,"gold_loss":0,"cards_upgraded":["Midas Touch"]}],"is_beta":false,"boss_relics":[{"not_picked":["testmod-BloodSacrificeSpiritualization","FeatherPendant"],"picked":"Calling Bell"},{"not_picked":[]},{"not_picked":["Replay:Ancient Bell","MoonlightInvasionPlan"],"picked":"ChiXiaoBlade"},{"not_picked":[]}],"items_purged_floors":[],"is_endless":false,"potions_floor_spawned":[5,6,9,12,14,18,25,27,31],"killed_by":"R_Hoarder","ascension_level":1}}