{"host":"5mo0809oo9tcrmpl","time":1613622733,"event":{"mods":["BaseMod","Highlight Path","Minty Spire (QoL Compilation)","Relic Stats","Slay the Relics Exporter"],"gold_per_floor":[15,28,39,39,55,55,86,160,160,140,155,155,155],"floor_reached":12,"language":"ENG","playtime":506,"items_purged":[],"score":160,"play_id":"05282b51-599b-4490-8852-810b48b3a8f8","local_time":"20210217223213","is_ascension_mode":true,"campfire_choices":[{"data":"Berserk","floor":6.0,"key":"SMITH"}],"circlet_count":0,"master_deck":["AscendersBane","Strike_R","Strike_R","Strike_R","Strike_R","Strike_R","Defend_R","Defend_R","Defend_R","Defend_R","Bash","Twin Strike","Metallicize","Shrug It Off","Berserk+1","Thunderclap","Disarm","Shrug It Off"],"relics":["Burning Blood","Ice Cream","Golden Idol","Paper Frog","WingedGreaves","Du-Vu Doll"],"acts_visited":["Exordium"],"potions_floor_usage":[12,12],"damage_taken":[{"damage":11.0,"enemies":"2 Louse","floor":1.0,"turns":4.0},{"damage":12.0,"enemies":"Jaw Worm","floor":2.0,"turns":2.0},{"damage":6.0,"enemies":"Cultist","floor":3.0,"turns":3.0},{"damage":10.0,"enemies":"Blue Slaver","floor":5.0,"turns":6.0},{"damage":16.0,"enemies":"Lagavulin","floor":7.0,"turns":7.0},{"damage":32.0,"enemies":"3 Sentries","floor":8.0,"turns":10.0},{"damage":17.0,"enemies":"3 Louse","floor":11.0,"turns":3.0},{"damage":21,"enemies":"3 Sentries","floor":12,"turns":6}],"seed_played":"-7616548408256078624","potions_obtained":[{"floor":3.0,"key":"FearPotion"},{"floor":8.0,"key":"BloodPotion"},{"floor":10.0,"key":"SkillPotion"}],"is_trial":false,"path_per_floor":["M","M","M","?","M","R","E","?","T","?","M","E"],"character_chosen":"IRONCLAD","items_purchased":[],"campfire_rested":0,"item_purchase_floors":[],"current_hp_per_floor":[63,57,57,57,53,53,43,17,17,30,19,0,0],"gold":155,"neow_bonus":"ONE_RARE_RELIC","is_daily":false,"chose_seed":false,"campfire_upgraded":1,"win_rate":0.0,"timestamp":1613622733,"path_taken":["M","M","M","?","M","R","E","?","T","?","?","E"],"items_purchased_type":[],"build_version":"2020-12-22","purchased_purges":0,"victory":false,"max_hp_per_floor":[75,75,75,68,68,68,68,68,68,68,68,68,68],"relic_stats":{"counters":[8,41],"Golden Idol":37,"obtain_stats":[{"Ice Cream":0,"Du-Vu Doll":9,"Golden Idol":4,"WingedGreaves":8,"Burning Blood":0,"Paper Frog":7},{"Ice Cream":0,"Du-Vu Doll":6,"Golden Idol":3,"WingedGreaves":6,"Burning Blood":0,"Paper Frog":5},{"Ice Cream":0,"Du-Vu Doll":32,"Golden Idol":9,"WingedGreaves":32,"Burning Blood":0,"Paper Frog":22}],"Burning Blood":42},"card_choices":[{"not_picked":["Warcry","Fire Breathing"],"picked":"Twin Strike","floor":1.0},{"not_picked":["True Grit","Reckless Charge"],"picked":"Metallicize","floor":2.0},{"not_picked":["Clash","Flex"],"picked":"Shrug It Off","floor":3.0},{"not_picked":["Anger","Ghostly Armor"],"picked":"Berserk","floor":5.0},{"not_picked":["Armaments","Wild Strike"],"picked":"Thunderclap","floor":7.0},{"not_picked":["Perfected Strike","Flex"],"picked":"Disarm","floor":8.0},{"not_picked":["Rage","Brutality"],"picked":"Shrug It Off","floor":11.0}],"player_experience":1295267,"relics_obtained":[{"floor":7.0,"key":"Paper Frog"},{"floor":8.0,"key":"WingedGreaves"},{"floor":9.0,"key":"Du-Vu Doll"}],"event_choices":[{"damage_healed":0.0,"max_hp_gain":0.0,"max_hp_loss":7.0,"gold_gain":0.0,"event_name":"Golden Idol","player_choice":"Lose Max HP","floor":4.0,"gold_loss":0.0,"damage_taken":0.0,"relics_obtained":["Golden Idol"]},{"damage_healed":0.0,"max_hp_gain":0.0,"max_hp_loss":0.0,"gold_gain":0.0,"event_name":"Dead Adventurer","player_choice":"Searched \u00271\u0027 times","floor":8.0,"gold_loss":0.0,"damage_taken":0.0},{"damage_healed":0.0,"max_hp_gain":0.0,"max_hp_loss":0.0,"gold_gain":0.0,"event_name":"The Woman in Blue","player_choice":"Bought 1 Potion","floor":10.0,"gold_loss":0.0,"damage_taken":0.0}],"is_beta":false,"boss_relics":[],"items_purged_floors":[],"is_endless":false,"potions_floor_spawned":[3,8,11],"killed_by":"3 Sentries","ascension_level":20}}