{"host":"4kmvpqjeiacgn1pr","time":1613686611,"event":{"mods":["A Penny For Your Troubles","AchievementEnabler","AlwaysNeverKeys","Aspiration","BaseMod","Bestiary","Better Altar","Better Match","Better Note","Better Sensory Stone","Better Skull","Better Third Choice","Better Vampires","BetterRewards","Colored Map","Colored Powertips","Conspire","Curses Come First","Downfall","Halation","Highlight Path","Infinite Spire","Minty Spire (QoL Compilation)","Permanent Neow","Quick Restart","Rare Cards Sparkle","Relic Sorter","Relic Stats","Replay The Spire","Reworked Bosses","Shop Mod","Smile Girya","Spicy Shops","Spikes Relics","StSLib","Waifu the Spire"],"gold_per_floor":[15,85,100,117,129,154,154,182,182,201,201,236,81,81,81,115,115,219,219,231,231,330,330,31,62,62,93,164,164,183,201,233,250,250,345,345,365,365,0,0,10,10,35,35,88,113,139,151,163,214,214,215],"floor_reached":53,"language":"ENG","playtime":2175,"items_purged":["Overencumbered"],"score":1274,"play_id":"98b22637-ebcb-43c9-b65e-a45dd6f0012d","local_time":"20210218171651","is_ascension_mode":true,"campfire_choices":[{"data":"Immolate","floor":7.0,"key":"SMITH"},{"data":"BlessedFruit","floor":11.0,"key":"SMITH"},{"data":"BlessedFruit","floor":17.0,"key":"SMITH"},{"floor":26.0,"key":"DIG"},{"data":"Fire Breathing","floor":29.0,"key":"SMITH"},{"data":"Immolate","floor":34,"key":"SMITH"},{"data":"Doubt","floor":42,"key":"PURGE"},{"floor":44,"key":"DIG"},{"floor":51,"key":"REST"},{"data":"1","floor":51,"key":"LIFT"}],"circlet_count":0,"master_deck":["Strike_R","Strike_R","Strike_R","Strike_R","Strike_R","Defend_R","Defend_R","Defend_R","Bash","Immolate+1","Headbutt","Perfected Strike","Body Slam","Havoc","BlessedFruit+1","BlessedFruit+1","Demonic Infusion","Armaments","Ghostly Armor","Immolate+1","Fire Breathing+1","Bludgeon","Overencumbered","Headbutt","infinitespire:FinalStrike","Panacea","conspire:ExplosiveBarrier","Metallicize+1","Twin Strike+1","Double Tap","Pommel Strike+1","conspire:Purge","Invigoration","ReplayTheSpireMod:Black Plague","Thunderclap+1","Inflame+1","Armaments+1","Immolate","Spot Weakness+1"],"relics":["Burning Blood","WingedGreaves","halation:PinkSoulGem","White Beast Statue","HeavenlyBonsai","Gremlin Food","infinitespire:EmpoweringShard","Replay:Multitool","aspiration:Nostalgia","hexamod:SpiritBrand","Oddly Smooth Stone","Replay:Ancient Bell","MealTicket","LugNut","infinitespire:Golems Mask","Pocketwatch","Black Blood","ReplayTheSpireMod:CursedCoin","Strange Spoon","StoneCalendar","Iron Hammer","Potion Belt","BicycleWheel","infinitespire:CheckeredPen","Juzu Bracelet","infinitespire:Burning Sword","Medical Kit","ReplayFunnel","Girya","Regal Pillow","Replay:Bottled Snecko","infinitespire:Magic Flask"],"acts_visited":["Exordium","TheCity","TheBeyond"],"potions_floor_usage":[32,35,35,35,35,35,37,41,47,48,52,52],"damage_taken":[{"damage":1.0,"enemies":"Cultist","floor":1.0,"turns":3.0},{"damage":0.0,"enemies":"2 Louse","floor":3.0,"turns":1.0},{"damage":0.0,"enemies":"Small Slimes","floor":4.0,"turns":2.0},{"damage":16.0,"enemies":"Exordium Thugs","floor":5.0,"turns":3.0},{"damage":5.0,"enemies":"3 Sentries","floor":6.0,"turns":2.0},{"damage":18.0,"enemies":"Gremlin Nob","floor":8.0,"turns":3.0},{"damage":5.0,"enemies":"Large Slime","floor":10.0,"turns":3.0},{"damage":0.0,"enemies":"3 Sentries","floor":12.0,"turns":4.0},{"damage":13.0,"enemies":"Replay:BlueRogue","floor":16.0,"turns":4.0},{"damage":48.0,"enemies":"The Guardian","floor":18.0,"turns":9.0},{"damage":3.0,"enemies":"3 Byrds","floor":20.0,"turns":4.0},{"damage":25.0,"enemies":"conspire:SneckoGhost","floor":25.0,"turns":5.0},{"damage":38.0,"enemies":"conspire:Head Lice","floor":27.0,"turns":5.0},{"damage":13.0,"enemies":"Shell Parasite","floor":30.0,"turns":3.0},{"damage":14.0,"enemies":"3 Cultists","floor":31.0,"turns":3.0},{"damage":7,"enemies":"Slavers","floor":32,"turns":3},{"damage":1,"enemies":"Centurion and Healer","floor":33,"turns":3},{"damage":36,"enemies":"bossMod:newCollector","floor":35,"turns":6},{"damage":7,"enemies":"Orb Walker","floor":37,"turns":2},{"damage":10,"enemies":"3 Darklings","floor":41,"turns":3},{"damage":0,"enemies":"Reptomancer","floor":43,"turns":2},{"damage":0,"enemies":"conspire:MimicChest","floor":46,"turns":2},{"damage":30,"enemies":"R_Hoarder","floor":47,"turns":5},{"damage":32,"enemies":"Spire Growth","floor":48,"turns":4},{"damage":0,"enemies":"Jaw Worm Horde","floor":49,"turns":1},{"damage":0,"enemies":"2 Orb Walkers","floor":50,"turns":1},{"damage":78,"enemies":"bossMod:newShapes","floor":52,"turns":4}],"seed_played":"-5438756146538850502","potions_obtained":[{"floor":3.0,"key":"ColorlessPotion"},{"floor":4.0,"key":"Strength Potion"},{"floor":5.0,"key":"Strength Potion"},{"floor":6.0,"key":"SpeedPotion"},{"floor":8.0,"key":"DuplicationPotion"},{"floor":18.0,"key":"SneckoOil"},{"floor":20.0,"key":"Strength Potion"},{"floor":25.0,"key":"LiquidMemories"},{"floor":27.0,"key":"Doom Potion"},{"floor":30.0,"key":"Strength Potion"},{"floor":31.0,"key":"AttackPotion"},{"floor":32,"key":"Languid Potion"},{"floor":33,"key":"Toxic Potion"},{"floor":35,"key":"PowerPotion"},{"floor":37,"key":"AttackPotion"},{"floor":41,"key":"FearPotion"},{"floor":43,"key":"champ:CounterPotion"},{"floor":46,"key":"bronze:BurnAndBuffPotion"},{"floor":47,"key":"SkillPotion"},{"floor":48,"key":"ColorlessPotion"},{"floor":49,"key":"DuplicationPotion"},{"floor":50,"key":"DistilledChaos"}],"is_trial":false,"path_per_floor":["M","T","M","M","M","E","R","E","T","M","R","E","$","PTL","PTL","E","R","B",null,"M","AVR","?","?","$","E","R","E","T","R","M","M","E","M","R_BF","B",null,"M","?","$","?","M","R","E","R","T","?","E","M","M","?","R","B",null],"character_chosen":"IRONCLAD","items_purchased":["aspiration:Nostalgia","ReplayTheSpireMod:CursedCoin","Strange Spoon","StoneCalendar","Panacea","Medical Kit","WingedGreaves"],"campfire_rested":1,"item_purchase_floors":[13,24,24,24,24,39,39],"current_hp_per_floor":[77,77,80,80,70,71,71,59,59,61,61,70,70,70,70,66,66,28,75,78,78,78,78,91,90,90,82,82,82,93,103,118,131,131,121,135,139,107,122,122,134,134,147,147,147,147,143,135,157,165,165,111],"gold":215,"neow_bonus":"THREE_RARE_CARDS","is_daily":false,"chose_seed":false,"campfire_upgraded":5,"win_rate":0.0,"timestamp":1613686611,"path_taken":["M","?","M","M","?","E","R","E","T","?","R","E","?","PTL","PTL","E","R","BOSS","M","AVR","?","?","$","E","R","E","T","R","?","M","E","M","R_BF","BOSS","M","?","$","?","M","R","E","R","T","?","E","M","M","?","R","BOSS"],"items_purchased_type":["Relic","Relic","Relic","Relic","Card","Relic","Relic"],"build_version":"2020-12-22","purchased_purges":1,"victory":true,"max_hp_per_floor":[80,80,80,80,80,80,80,80,80,81,81,84,84,84,84,87,87,91,91,91,91,91,91,91,97,97,109,109,109,115,121,125,131,131,139,139,139,139,139,139,143,143,147,147,147,147,155,161,165,165,165,171],"relic_stats":{"Strange Spoon":[32],"Regal Pillow":0,"counters":[27,90],"Black Blood":291,"MealTicket":28,"StoneCalendar":[0],"Juzu Bracelet":0,"Medical Kit":[21],"obtain_stats":[{"ReplayFunnel":43,"Regal Pillow":46,"Black Blood":21,"StoneCalendar":24,"Replay:Multitool":12,"Juzu Bracelet":32,"HeavenlyBonsai":6,"Burning Blood":0,"MealTicket":19,"infinitespire:Golems Mask":19,"Iron Hammer":25,"WingedGreaves":39,"Replay:Bottled Snecko":47,"hexamod:SpiritBrand":13,"LugNut":19,"BicycleWheel":27,"Gremlin Food":8,"Potion Belt":26,"Girya":44,"aspiration:Nostalgia":13,"ReplayTheSpireMod:CursedCoin":24,"Oddly Smooth Stone":16,"Replay:Ancient Bell":19,"infinitespire:CheckeredPen":28,"infinitespire:Magic Flask":50,"Medical Kit":39,"White Beast Statue":2,"Strange Spoon":24,"infinitespire:EmpoweringShard":9,"infinitespire:Burning Sword":36,"halation:PinkSoulGem":40,"Pocketwatch":21},{"ReplayFunnel":21,"Regal Pillow":22,"Black Blood":11,"StoneCalendar":11,"Replay:Multitool":8,"Juzu Bracelet":16,"HeavenlyBonsai":5,"Burning Blood":0,"MealTicket":10,"infinitespire:Golems Mask":10,"Iron Hammer":12,"WingedGreaves":19,"Replay:Bottled Snecko":23,"hexamod:SpiritBrand":8,"LugNut":10,"BicycleWheel":13,"Gremlin Food":6,"Potion Belt":12,"Girya":21,"aspiration:Nostalgia":8,"ReplayTheSpireMod:CursedCoin":11,"Oddly Smooth Stone":9,"Replay:Ancient Bell":10,"infinitespire:CheckeredPen":13,"infinitespire:Magic Flask":26,"Medical Kit":19,"White Beast Statue":1,"Strange Spoon":11,"infinitespire:EmpoweringShard":6,"infinitespire:Burning Sword":18,"halation:PinkSoulGem":19,"Pocketwatch":11},{"ReplayFunnel":73,"Regal Pillow":75,"Black Blood":38,"StoneCalendar":38,"Replay:Multitool":21,"Juzu Bracelet":57,"HeavenlyBonsai":11,"Burning Blood":0,"MealTicket":34,"infinitespire:Golems Mask":34,"Iron Hammer":43,"WingedGreaves":68,"Replay:Bottled Snecko":80,"hexamod:SpiritBrand":21,"LugNut":34,"BicycleWheel":48,"Gremlin Food":14,"Potion Belt":43,"Girya":73,"aspiration:Nostalgia":21,"ReplayTheSpireMod:CursedCoin":38,"Oddly Smooth Stone":25,"Replay:Ancient Bell":34,"infinitespire:CheckeredPen":48,"infinitespire:Magic Flask":86,"Medical Kit":68,"White Beast Statue":3,"Strange Spoon":38,"infinitespire:EmpoweringShard":14,"infinitespire:Burning Sword":66,"halation:PinkSoulGem":68,"Pocketwatch":38}],"Burning Blood":291,"Pocketwatch":[29]},"card_choices":[{"not_picked":["Barricade","Limit Break"],"picked":"Immolate","floor":0.0},{"not_picked":["Dark Embrace","Blood for Blood"],"picked":"Headbutt","floor":1.0},{"not_picked":["Headbutt","Wild Strike"],"picked":"Perfected Strike","floor":3.0},{"not_picked":["Blood for Blood","Wild Strike"],"picked":"Body Slam","floor":4.0},{"not_picked":["Headbutt","Shrug It Off"],"picked":"Havoc","floor":5.0},{"not_picked":["Metallicize","Anger"],"picked":"Demonic Infusion","floor":6.0},{"not_picked":["Disarm","Evolve"],"picked":"Armaments","floor":8.0},{"not_picked":["Run Through","Wild Strike"],"picked":"Ghostly Armor","floor":10.0},{"not_picked":["Anger","Iron Wave"],"picked":"Immolate","floor":12.0},{"not_picked":["Whirlwind","Flex"],"picked":"Fire Breathing","floor":16.0},{"not_picked":["Hemogenesis","Fiend Fire"],"picked":"Bludgeon","floor":18.0},{"not_picked":["downfall:Icky","Looming Evil"],"picked":"downfall:Bewildered","floor":19.0},{"not_picked":["Hatred","ReplayTheSpireMod:Splinters"],"picked":"Overencumbered","floor":19.0},{"not_picked":["CommonCold","Regret"],"picked":"Overencumbered","floor":19.0},{"not_picked":["Sword Boomerang","Clash"],"picked":"Headbutt","floor":20.0},{"not_picked":["Second Wind","Thunderclap"],"picked":"conspire:ExplosiveBarrier","floor":25.0},{"not_picked":["Blood for Blood","Spot Weakness"],"picked":"Metallicize+1","floor":27.0},{"not_picked":["Clash","Cleave"],"picked":"Twin Strike+1","floor":30.0},{"not_picked":["Sword Boomerang+1","ReplayTheSpireMod:Strike From Hell","Abandon"],"picked":"SKIP","floor":31.0},{"not_picked":["Body Slam+1","Thunderclap"],"picked":"Double Tap","floor":32},{"not_picked":["Warcry","Defy Death"],"picked":"Pommel Strike+1","floor":33},{"not_picked":["Reaper","Brutality"],"picked":"conspire:Purge","floor":35},{"not_picked":["Havoc","Cleave"],"picked":"Invigoration","floor":37},{"not_picked":["ReplayTheSpireMod:??????????????????????","infinitespire:Fortify"],"picked":"ReplayTheSpireMod:Black Plague","floor":38},{"not_picked":["Havoc","Blood for Blood+1"],"picked":"Thunderclap+1","floor":41},{"not_picked":["Anger","Limit Break"],"picked":"Inflame+1","floor":43},{"not_picked":["Feel No Pain","ReplayTheSpireMod:Strike From Hell"],"picked":"Armaments+1","floor":46},{"not_picked":["True Grit","Replay:Undeath\u0027s Touch","Iron Wave+1"],"picked":"SKIP","floor":47},{"not_picked":["Abandon","BarbarianYell"],"picked":"Immolate","floor":48},{"not_picked":["Bloodletting","Iron Wave+1"],"picked":"Spot Weakness+1","floor":49}],"player_experience":494885,"relics_obtained":[{"floor":2.0,"key":"White Beast Statue"},{"floor":6.0,"key":"HeavenlyBonsai"},{"floor":8.0,"key":"Gremlin Food"},{"floor":9.0,"key":"infinitespire:EmpoweringShard"},{"floor":12.0,"key":"Replay:Multitool"},{"floor":16.0,"key":"Oddly Smooth Stone"},{"floor":25.0,"key":"Iron Hammer"},{"floor":26.0,"key":"Potion Belt"},{"floor":27.0,"key":"BicycleWheel"},{"floor":28.0,"key":"infinitespire:CheckeredPen"},{"floor":32,"key":"Juzu Bracelet"},{"floor":43,"key":"ReplayFunnel"},{"floor":44,"key":"Girya"},{"floor":46,"key":"Regal Pillow"},{"floor":47,"key":"Replay:Bottled Snecko"},{"floor":50,"key":"infinitespire:Magic Flask"}],"event_choices":[{"damage_healed":0.0,"max_hp_gain":0.0,"max_hp_loss":0.0,"gold_gain":99.0,"event_name":"betterThird:BetterNest","player_choice":"Steal","floor":22.0,"gold_loss":0.0,"damage_taken":0.0},{"cards_removed":["downfall:Bewildered"],"damage_healed":0.0,"max_hp_gain":0.0,"max_hp_loss":0.0,"gold_gain":0.0,"event_name":"Purifier","player_choice":"Purged","floor":23.0,"gold_loss":0.0,"damage_taken":0.0},{"damage_healed":0,"gold_gain":0,"player_choice":"Fight","damage_taken":0,"max_hp_gain":0,"max_hp_loss":0,"event_name":"Mysterious Sphere","floor":50,"gold_loss":0}],"is_beta":false,"boss_relics":[{"not_picked":["halation:Risk","halation:PlatinumPhoenix"],"picked":"Replay:Ancient Bell"},{"not_picked":["SpikesRelics:DaevaFist","Centennial Puzzle"],"picked":"MealTicket"},{"not_picked":["Replay:Bottled Flurry","ReplayTheSpireMod:Shallot"],"picked":"LugNut"},{"not_picked":["Unceasing Top","Ice Cream"],"picked":"infinitespire:Golems Mask"},{"not_picked":["Snecko Eye","Abe\u0027s Treasure"],"picked":"infinitespire:Burning Sword"}],"items_purged_floors":[24],"is_endless":false,"potions_floor_spawned":[3,4,5,6,8,10,12,16,18,20,25,27,30,31,32,33,35,37,41,43,46,47,48,49,50],"ascension_level":6}}