{"host":"zdahj580pq9zy75i","time":1613689297,"event":{"mods":["BaseMod","Colored Map","Minty Spire (QoL Compilation)","StSLib"],"gold_per_floor":[119,138,154,304,304,304,32,65,120,120,145,145,159,188,188,266,266,279,204,215,232,232,260,260,46,46,76,89,108,108,55,55,130,130,140,30,44,56,56,81,81,114,114,114,114,114],"floor_reached":45,"language":"ENG","playtime":2565,"items_purged":["Pain"],"score":1258,"play_id":"cb7da5b2-0e90-45ac-b1f4-f0691a95396b","local_time":"20210218180137","is_ascension_mode":true,"campfire_choices":[{"data":"Streamline","floor":6,"key":"SMITH"},{"data":"Doom and Gloom","floor":10,"key":"SMITH"},{"data":"Genetic Algorithm","floor":12,"key":"SMITH"},{"data":"White Noise","floor":15,"key":"SMITH"},{"floor":24,"key":"REST"},{"data":"Biased Cognition","floor":30,"key":"SMITH"},{"data":"Turbo","floor":32,"key":"SMITH"},{"data":"Zap","floor":41,"key":"SMITH"}],"circlet_count":0,"master_deck":["AscendersBane","Strike_B","Strike_B","Strike_B+1","Defend_B","Defend_B","Defend_B","Defend_B","Zap+1","Dualcast","Chill","Streamline+1","Genetic Algorithm+1","Compile Driver","Doom and Gloom+1","Cold Snap","White Noise+1","Biased Cognition+1","Compile Driver","Turbo+1","Double Energy+1","Hologram+1","Seek+1","Conserve Battery+1","White Noise+1","Conserve Battery+1","Compile Driver"],"relics":["Cracked Core","Orichalcum","PreservedInsect","Art of War","Akabeko","HornCleat","Black Star","Enchiridion","Pen Nib","Bronze Scales","Potion Belt","FossilizedHelix","Nunchaku","Toxic Egg 2","Coffee Dripper","Strawberry","Torii","Emotion Chip","Prayer Wheel"],"acts_visited":["Exordium","TheCity","TheBeyond"],"potions_floor_usage":[16,18,27,33,33,40,42,42,42,42,42,45],"damage_taken":[{"damage":7,"enemies":"Jaw Worm","floor":1,"turns":3},{"damage":7,"enemies":"Small Slimes","floor":2,"turns":3},{"damage":0,"enemies":"Cultist","floor":3,"turns":3},{"damage":16,"enemies":"Gremlin Nob","floor":8,"turns":4},{"damage":11,"enemies":"3 Sentries","floor":11,"turns":8},{"damage":1,"enemies":"Large Slime","floor":13,"turns":4},{"damage":3,"enemies":"Gremlin Nob","floor":14,"turns":3},{"damage":0,"enemies":"Slime Boss","floor":16,"turns":10},{"damage":6,"enemies":"3 Byrds","floor":18,"turns":3},{"damage":0,"enemies":"Spheric Guardian","floor":20,"turns":3},{"damage":0,"enemies":"Snecko","floor":21,"turns":4},{"damage":13,"enemies":"Gremlin Leader","floor":23,"turns":4},{"damage":0,"enemies":"Book of Stabbing","floor":27,"turns":4},{"damage":0,"enemies":"Centurion and Healer","floor":28,"turns":9},{"damage":0,"enemies":"Snake Plant","floor":29,"turns":3},{"damage":30,"enemies":"Collector","floor":33,"turns":6},{"damage":0,"enemies":"3 Shapes","floor":35,"turns":2},{"damage":0,"enemies":"3 Darklings","floor":37,"turns":5},{"damage":0,"enemies":"Spire Growth","floor":38,"turns":4},{"damage":39,"enemies":"Giant Head","floor":40,"turns":7},{"damage":0,"enemies":"Reptomancer","floor":42,"turns":5},{"damage":49,"enemies":"Nemesis","floor":45,"turns":8}],"seed_played":"5429234788197730290","potions_obtained":[{"floor":1,"key":"SpeedPotion"},{"floor":8,"key":"Ancient Potion"},{"floor":14,"key":"Strength Potion"},{"floor":16,"key":"PowerPotion"},{"floor":18,"key":"Swift Potion"},{"floor":23,"key":"EntropicBrew"},{"floor":29,"key":"Weak Potion"},{"floor":33,"key":"LiquidMemories"},{"floor":37,"key":"Regen Potion"},{"floor":40,"key":"PowerPotion"},{"floor":42,"key":"PotionOfCapacity"}],"is_trial":false,"path_per_floor":["M","M","M","?","?","R","$","E","T","R","E","R","M","E","R","B",null,"M","?","M","M","?","E","R","$","T","E","M","M","R","$","R","B",null,"M","?","M","M","$","E","R","E","T","?","E"],"character_chosen":"DEFECT","items_purchased":["Orichalcum","Compile Driver","Potion Belt","FocusPotion","FocusPotion"],"campfire_rested":1,"item_purchase_floors":[7,7,25,25,31],"current_hp_per_floor":[64,57,57,57,57,57,57,41,41,41,30,30,29,26,26,26,65,59,59,59,59,38,25,48,48,48,48,48,48,48,48,48,18,63,63,63,63,63,63,31,31,45,45,45,0,0],"gold":114,"neow_bonus":"TEN_PERCENT_HP_BONUS","is_daily":false,"chose_seed":false,"campfire_upgraded":7,"win_rate":0.0,"timestamp":1613689297,"path_taken":["M","M","M","?","?","R","$","E","T","R","E","R","M","E","R","BOSS","M","?","M","M","?","E","R","$","T","E","M","M","R","$","R","BOSS","M","?","M","?","$","E","R","E","T","?","E"],"items_purchased_type":["Relic","Card","Relic","Potion","Potion"],"build_version":"2020-12-22","purchased_purges":1,"victory":false,"max_hp_per_floor":[78,78,78,78,78,78,78,78,78,78,78,78,78,78,78,78,78,78,78,78,78,78,78,78,78,78,78,78,78,78,78,78,78,78,78,78,78,78,78,85,85,85,85,85,85,85],"card_choices":[{"not_picked":["Capacitor","Go for the Eyes"],"picked":"Chill","floor":1},{"not_picked":["Storm","Conserve Battery"],"picked":"Streamline","floor":2},{"not_picked":["Barrage","BootSequence"],"picked":"Genetic Algorithm","floor":3},{"not_picked":["Streamline","BootSequence"],"picked":"Doom and Gloom","floor":8},{"not_picked":["Go for the Eyes","Stack"],"picked":"Cold Snap","floor":11},{"not_picked":["Gash","Rainbow","Steam"],"picked":"SKIP","floor":13},{"not_picked":["Steam","Rebound"],"picked":"White Noise","floor":14},{"not_picked":["Seek","Hyperbeam"],"picked":"Biased Cognition","floor":16},{"not_picked":["Undo","White Noise"],"picked":"Compile Driver","floor":18},{"not_picked":["White Noise","Doom and Gloom","Barrage"],"picked":"SKIP","floor":20},{"not_picked":["Undo","Cold Snap"],"picked":"Turbo","floor":21},{"not_picked":["Rebound","Gash","Sweeping Beam"],"picked":"SKIP","floor":23},{"not_picked":["Recycle+1","Streamline+1","Cold Snap"],"picked":"SKIP","floor":27},{"not_picked":["Blizzard","Self Repair"],"picked":"Double Energy+1","floor":28},{"not_picked":["Reprogram+1","Leap+1"],"picked":"Hologram+1","floor":29},{"not_picked":["Core Surge","Buffer"],"picked":"Seek+1","floor":33},{"not_picked":["Beam Cell","Compile Driver"],"picked":"Conserve Battery+1","floor":35},{"not_picked":["Go for the Eyes+1","Hello World","Scrape"],"picked":"SKIP","floor":37},{"not_picked":["Chill+1","Fusion+1"],"picked":"White Noise+1","floor":38},{"not_picked":["Beam Cell","Aggregate+1"],"picked":"Conserve Battery+1","floor":40},{"not_picked":["Hologram+1","Heatsinks+1"],"picked":"Compile Driver","floor":42}],"player_experience":782200,"relics_obtained":[{"floor":8,"key":"PreservedInsect"},{"floor":9,"key":"Art of War"},{"floor":11,"key":"Akabeko"},{"floor":14,"key":"HornCleat"},{"floor":22,"key":"Enchiridion"},{"floor":23,"key":"Pen Nib"},{"floor":23,"key":"Bronze Scales"},{"floor":26,"key":"FossilizedHelix"},{"floor":27,"key":"Nunchaku"},{"floor":27,"key":"Toxic Egg 2"},{"floor":40,"key":"Strawberry"},{"floor":40,"key":"Torii"},{"floor":42,"key":"Emotion Chip"},{"floor":42,"key":"Prayer Wheel"}],"event_choices":[{"damage_healed":0,"gold_gain":150,"player_choice":"AGREE","damage_taken":0,"max_hp_gain":0,"max_hp_loss":0,"event_name":"Liars Game","floor":4,"gold_loss":0,"cards_obtained":["Doubt"]},{"damage_healed":0,"gold_gain":0,"player_choice":"1 cards matched","damage_taken":0,"max_hp_gain":0,"max_hp_loss":0,"event_name":"Match and Keep!","floor":5,"gold_loss":0,"cards_obtained":["Pain"]},{"cards_removed":["Doubt"],"damage_healed":0,"gold_gain":0,"player_choice":"Gave Gold","damage_taken":0,"max_hp_gain":0,"max_hp_loss":0,"event_name":"Beggar","floor":19,"gold_loss":75},{"damage_healed":0,"gold_gain":0,"player_choice":"Obtained Book","damage_taken":21,"max_hp_gain":0,"max_hp_loss":0,"event_name":"Cursed Tome","floor":22,"gold_loss":0},{"cards_removed":["Strike_B"],"damage_healed":0,"gold_gain":0,"player_choice":"Upgrade and Remove","damage_taken":0,"max_hp_gain":0,"max_hp_loss":0,"event_name":"Designer","floor":36,"gold_loss":110,"cards_upgraded":["Strike_B"]},{"damage_healed":0,"gold_gain":0,"player_choice":"Ignored","damage_taken":0,"max_hp_gain":0,"max_hp_loss":0,"event_name":"Mysterious Sphere","floor":44,"gold_loss":0}],"is_beta":false,"boss_relics":[{"not_picked":["SacredBark","Tiny House"],"picked":"Black Star"},{"not_picked":["Empty Cage","Sozu"],"picked":"Coffee Dripper"}],"items_purged_floors":[7],"is_endless":false,"potions_floor_spawned":[1,8,14,16,18,23,29,33,37,40,42],"killed_by":"Nemesis","ascension_level":20}}