{"host":"ox77rn1xcurm2t5a","time":1613686416,"event":{"mods":["2.2 Compatiblity","AchievementEnabler","Act Like it!","Aspiration","BaseMod","Best Route Mod","Better Match","Better Note","Better Sensory Stone","Block Reminder","Colored Map","Colored Powertips","Conjunction","Conspire","Custom Start","Energized Spire","GifTheSpireLib","Gold Saver","Gremlin Skip","Halation","Highlight Path","Hubris","Infinite Spire","Minty Spire (QoL Compilation)","Pale of the Ancients","Quick Restart","Replay The Spire","Reworked Bosses","ShortenTheSpire","Spire Exporter","StSLib","Stuff the Spire","Wandering Minibosses"],"gold_per_floor":[382,415,433,445,445,445,477,477,477,495,495,36,62,62,62,167,167,180,196,53,812,812,812,101,132,159,185,199,199,213,229,229,333,333,347,347,347,397,415,449,449,481,528,528,43,57,85,99,99,99,99,99,21,54,54,54],"floor_reached":55,"language":"ENG","playtime":1239,"items_purged":["Defend_R","Strike_R","Strike_R","Strike_R"],"score":1274,"play_id":"a182c157-56ce-4511-af09-70db9644084f","local_time":"20210219001336","is_ascension_mode":true,"campfire_choices":[{"floor":6.0,"key":"RECALL"},{"data":"Bash","floor":8.0,"key":"SMITH"},{"floor":11.0,"key":"REST"},{"data":"Demon Form","floor":15.0,"key":"SMITH"},{"data":"Heavy Blade","floor":23,"key":"SMITH"},{"data":"Dropkick","floor":29,"key":"SMITH"},{"data":"Thunderclap","floor":32,"key":"SMITH"},{"data":"Thunderclap","floor":41,"key":"SMITH"},{"data":"infinitespire:SevenWalls","floor":44,"key":"SMITH"},{"data":"Uppercut","floor":49,"key":"SMITH"},{"data":"Twin Strike","floor":52,"key":"SMITH"}],"circlet_count":0,"master_deck":["Strike_R","Defend_R","Defend_R","Defend_R","Bash+1","Thunderclap+1","StuffTheSpire:Incineration+1","Heavy Blade+1","Clash","Flex+1","Twin Strike+1","Demon Form+1","Clash+1","Clash+1","Headbutt+1","Shockwave+1","Thunderclap+1","Dropkick+1","Thunderclap+1","Thunderclap","Rampage+1","Clash","infinitespire:SevenWalls+1","Uppercut+1","Spot Weakness+1"],"relics":["Burning Blood","PreservedInsect","Gremlin Horn","Pondfish Scales","hubris:Reverence","Black Star","Happy Flower","wanderingMiniBosses:MasterThiefsPresence","OrangePellets","Brimstone","halation:SelfBoilingWater","infinitespire:Beetle Shell","Strawberry","hubris:TenFootPole","ReplayFunnel","Chameleon Ring","hubris:ToyBattleship","hubris:ScarierMask","StuffTheSpire:MayFlowers","hubris:PeanutButter","ReplayTheSpireMod:Lightbulb","halation:VictoryRuler","hubris:SlimyHat","Smiling Mask","Replay:Multitool","StuffTheSpire:Gunfinga","Snack Pack","Replay:Ringing Soul","Art of War"],"acts_visited":["Exordium","TheCity","TheBeyond","TheEnding"],"potions_floor_usage":[25,27,42,46,46,47,48,55],"damage_taken":[{"damage":6.0,"enemies":"Cultist","floor":1.0,"turns":4.0},{"damage":31.0,"enemies":"conspire:MimicChest","floor":2.0,"turns":5.0},{"damage":14.0,"enemies":"Jaw Worm","floor":3.0,"turns":4.0},{"damage":0.0,"enemies":"2 Louse","floor":4.0,"turns":3.0},{"damage":34.0,"enemies":"Lagavulin","floor":7.0,"turns":5.0},{"damage":10.0,"enemies":"Lots of Slimes","floor":10.0,"turns":2.0},{"damage":0.0,"enemies":"Gremlin Nob","floor":13.0,"turns":2.0},{"damage":11.0,"enemies":"Slime Boss","floor":16.0,"turns":6.0},{"damage":4.0,"enemies":"Spheric Guardian","floor":18.0,"turns":3.0},{"damage":10.0,"enemies":"2 Thieves","floor":19.0,"turns":3.0},{"damage":17,"enemies":"Cultist and Chosen","floor":21,"turns":6},{"damage":4,"enemies":"Slavers","floor":25,"turns":2},{"damage":2,"enemies":"Book of Stabbing","floor":27,"turns":2},{"damage":0,"enemies":"Snecko","floor":28,"turns":2},{"damage":11,"enemies":"Snake Plant","floor":30,"turns":2},{"damage":5,"enemies":"Cultist and Chosen","floor":31,"turns":2},{"damage":13,"enemies":"Automaton","floor":33,"turns":4},{"damage":0,"enemies":"3 Shapes","floor":35,"turns":1},{"damage":0,"enemies":"Mind Bloom Boss Battle","floor":38,"turns":2},{"damage":5,"enemies":"3 Darklings","floor":39,"turns":2},{"damage":9,"enemies":"Giant Head","floor":40,"turns":4},{"damage":62,"enemies":"Nightmare","floor":42,"turns":7},{"damage":0,"enemies":"4 Shapes","floor":46,"turns":1},{"damage":8,"enemies":"R_Hoarder","floor":47,"turns":4},{"damage":0,"enemies":"Jaw Worm Horde","floor":48,"turns":1},{"damage":31,"enemies":"bossMod:newShapes","floor":50,"turns":5},{"damage":28,"enemies":"Shield and Spear","floor":54,"turns":3},{"damage":89,"enemies":"The Heart","floor":55,"turns":3}],"seed_played":"4355366207972391074","potions_obtained":[{"floor":2.0,"key":"Strength Potion"},{"floor":4.0,"key":"Conjunction:LightningMarble"},{"floor":7.0,"key":"LiquidBronze"},{"floor":13.0,"key":"SkillPotion"},{"floor":21,"key":"Conjunction:LightningMarble"},{"floor":25,"key":"SkillPotion"},{"floor":30,"key":"Elixir"},{"floor":33,"key":"SteroidPotion"},{"floor":35,"key":"Block Potion"},{"floor":46,"key":"Languid Potion"},{"floor":47,"key":"Explosive Potion"},{"floor":54,"key":"Elixir"}],"is_trial":false,"path_per_floor":["M","?","M","M","?","R","E","R","T","M","R","$","E","?","R","B",null,"M","M","$","M","AVR","R","$","E","T","E","M","R","M","M","R","B",null,"M","?","?","?","M","E","R","NM","T","R","$","M","E","M","R","B",null,"R","$","E","B"],"character_chosen":"IRONCLAD","items_purchased":["Flex+1","Twin Strike","Pondfish Scales","Happy Flower","Brimstone","halation:SelfBoilingWater","infinitespire:Beetle Shell","Shockwave+1","Replay:Multitool","Uppercut","BloodPotion","Regen Potion"],"campfire_rested":1,"item_purchase_floors":[12,12,12,20,24,24,24,24,45,45,45,53],"current_hp_per_floor":[77,52,44,50,50,50,22,22,22,18,43,43,49,49,49,44,75,77,73,73,62,62,62,62,71,71,75,81,81,76,77,77,70,87,92,92,92,92,92,89,89,38,38,38,38,71,69,75,75,60,84,84,84,67,0,0],"gold":54,"neow_bonus":"RANDOM_EVENT","is_daily":false,"chose_seed":false,"campfire_upgraded":9,"win_rate":0.0,"timestamp":1613686416,"path_taken":["M","?","M","M","?","R","E","R","T","M","R","$","E","?","R","BOSS","M","M","$","M","AVR","R","?","E","T","E","M","R","M","M","R","BOSS","M","?","?","?","M","E","R","NM","T","R","$","M","E","M","R","BOSS","R","$","E","BOSS"],"items_purchased_type":["Card","Card","Relic","Relic","Relic","Relic","Relic","Card","Relic","Card","Potion","Potion"],"build_version":"2020-12-22","purchased_purges":4,"victory":false,"max_hp_per_floor":[85,85,85,85,85,85,85,85,85,85,85,85,85,85,85,85,85,85,85,85,85,85,85,85,92,92,92,92,92,92,92,92,92,92,92,92,92,92,92,92,92,92,92,92,92,92,92,92,92,92,92,92,92,95,95,95],"card_choices":[{"not_picked":["Clothesline","Hemokinesis","StuffTheSpire:Slingshot"],"picked":"SKIP","floor":1.0},{"not_picked":["Evolve","Havoc","Warcry"],"picked":"SKIP","floor":3.0},{"not_picked":["True Grit","Double Tap"],"picked":"Thunderclap","floor":4.0},{"not_picked":["Pommel Strike","Wild Strike"],"picked":"Heavy Blade","floor":7.0},{"not_picked":["Fire Breathing","Clothesline"],"picked":"Clash","floor":10.0},{"not_picked":["Life Link","Battle Trance"],"picked":"Demon Form","floor":13.0},{"not_picked":["Twin Strike+1","Shrug It Off"],"picked":"Clash+1","floor":18.0},{"not_picked":["Run Through","Iron Wave+1"],"picked":"Clash+1","floor":19.0},{"not_picked":["Dark Embrace","Body Slam+1"],"picked":"Headbutt+1","floor":21},{"not_picked":["Rage","True Grit+1","Havoc"],"picked":"SKIP","floor":25},{"not_picked":["Rage","StuffTheSpire:Incineration"],"picked":"Thunderclap+1","floor":27},{"not_picked":["Sever Soul","Reaper"],"picked":"Dropkick","floor":28},{"not_picked":["Dark Embrace","Warcry","Flex"],"picked":"SKIP","floor":30},{"not_picked":["Seeing Red","conspire:Charge"],"picked":"Thunderclap","floor":31},{"not_picked":["Dark Embrace","Reckless Charge+1"],"picked":"Thunderclap","floor":35},{"not_picked":["Pommel Strike","Shrug It Off"],"picked":"Rampage+1","floor":38},{"not_picked":["Warcry+1","Flex+1"],"picked":"Clash","floor":39},{"not_picked":["StuffTheSpire:Resist","hubris:StunningStrike","StuffTheSpire:RockThrow+1"],"picked":"SKIP","floor":40},{"not_picked":["infinitespire:Oblivion","infinitespire:Punishment"],"picked":"infinitespire:SevenWalls","floor":42},{"not_picked":["hubris:CleavingFinish","conspire:HitWhereItHurts","StuffTheSpire:Incineration"],"picked":"SKIP","floor":42},{"not_picked":["Reckless Charge+1","Shrug It Off+1","hubris:ReadiedAction+1"],"picked":"SKIP","floor":46},{"not_picked":["StuffTheSpire:BloodClot+1","Bloodletting+1","Perfected Strike"],"picked":"SKIP","floor":47},{"not_picked":["Dual Wield+1","Blood for Blood","Carnage"],"picked":"SKIP","floor":48},{"not_picked":["Sword Boomerang","Warcry+1"],"picked":"Spot Weakness+1","floor":54}],"player_experience":3153215,"relics_obtained":[{"floor":2.0,"key":"PreservedInsect"},{"floor":7.0,"key":"Gremlin Horn"},{"floor":13.0,"key":"hubris:Reverence"},{"floor":21,"key":"wanderingMiniBosses:MasterThiefsPresence"},{"floor":25,"key":"Strawberry"},{"floor":25,"key":"hubris:TenFootPole"},{"floor":26,"key":"ReplayFunnel"},{"floor":27,"key":"Chameleon Ring"},{"floor":27,"key":"hubris:ToyBattleship"},{"floor":38,"key":"StuffTheSpire:MayFlowers"},{"floor":40,"key":"hubris:PeanutButter"},{"floor":40,"key":"ReplayTheSpireMod:Lightbulb"},{"floor":42,"key":"halation:VictoryRuler"},{"floor":42,"key":"hubris:SlimyHat"},{"floor":43,"key":"Smiling Mask"},{"floor":47,"key":"StuffTheSpire:Gunfinga"},{"floor":47,"key":"Snack Pack"},{"floor":54,"key":"Replay:Ringing Soul"},{"floor":54,"key":"Art of War"}],"event_choices":[{"damage_healed":0.0,"max_hp_gain":5.0,"max_hp_loss":0.0,"gold_gain":0.0,"event_name":"Big Fish","player_choice":"Donut","floor":0.0,"gold_loss":0.0,"damage_taken":0.0},{"damage_healed":0.0,"max_hp_gain":0.0,"max_hp_loss":0.0,"gold_gain":0.0,"event_name":"FaceTrader","player_choice":"Leave","floor":14.0,"gold_loss":0.0,"damage_taken":0.0},{"damage_healed":0,"gold_gain":0,"player_choice":"Fight","damage_taken":0,"max_hp_gain":0,"max_hp_loss":0,"event_name":"MindBloom","floor":38,"gold_loss":0}],"is_beta":false,"boss_relics":[{"not_picked":["hubris:GrandSneckoEye","Replay:Bronze Core"],"picked":"Black Star"},{"not_picked":["Kintsugi","halation:CatFaceCupcake"],"picked":"hubris:ScarierMask"}],"items_purged_floors":[12,22,24,45],"is_endless":false,"potions_floor_spawned":[2,4,7,13,21,25,30,33,35,46,47,54],"killed_by":"The Heart","ascension_level":8}}