{"host":"h3ogdo6no3ehk88q","time":1613671526,"event":{"mods":["AchievementEnabler","BaseMod","Hermit","Marisa????????","Minty Spire (QoL Compilation)","StSLib","SuperFastMode","The Bug Knight","The Cursed","The Disciple","The Necromancer","The Servant 0.9.4"],"gold_per_floor":[116,216,235,246,260,286,286,361,391,443,470,487,217,248,323,337,337,434,434,448,465,465,465,465],"floor_reached":23,"language":"ENG","playtime":1133,"items_purged":["Pain"],"score":322,"play_id":"c372af0a-4e9f-4de1-84ed-ae21cab08118","local_time":"20210218130526","is_ascension_mode":true,"campfire_choices":[{"floor":7,"key":"REST"},{"floor":17,"key":"REST"}],"circlet_count":0,"master_deck":["AscendersBane","Strike_G","Strike_G","Strike_G","Strike_G","Strike_G","Defend_G","Defend_G","Defend_G","Defend_G","Defend_G","Survivor","Neutralize","Dash","Deflect","Dodge and Roll","Poisoned Stab","Footwork","Corpse Explosion","Cloak And Dagger","PiercingWail","Burst","Backflip+1","Accuracy"],"relics":["Ring of the Snake","Calipers","Toy Ornithopter","Bronze Scales","Potion Belt","MealTicket","White Beast Statue","Black Star"],"acts_visited":["Exordium","TheCity"],"potions_floor_usage":[5,9,9,14,18,20,21,23],"damage_taken":[{"damage":5,"enemies":"2 Louse","floor":1,"turns":4},{"damage":7,"enemies":"Cultist","floor":3,"turns":4},{"damage":10,"enemies":"Small Slimes","floor":4,"turns":3},{"damage":12,"enemies":"Red Slaver","floor":5,"turns":7},{"damage":37,"enemies":"HollowMod:MossKnight","floor":9,"turns":19},{"damage":4,"enemies":"Blue Slaver","floor":12,"turns":4},{"damage":10,"enemies":"Lagavulin","floor":14,"turns":8},{"damage":2,"enemies":"Large Slime","floor":16,"turns":7},{"damage":21,"enemies":"Slime Boss","floor":18,"turns":16},{"damage":29,"enemies":"Spheric Guardian","floor":20,"turns":6},{"damage":0,"enemies":"Chosen","floor":21,"turns":6},{"damage":51,"enemies":"Centurion and Healer","floor":23,"turns":10}],"seed_played":"910926939928800928","potions_obtained":[{"floor":1,"key":"Dexterity Potion"},{"floor":3,"key":"SteroidPotion"},{"floor":5,"key":"Block Potion"},{"floor":9,"key":"LiquidMemories"},{"floor":16,"key":"DuplicationPotion"},{"floor":18,"key":"Weak Potion"},{"floor":20,"key":"DistilledChaos"},{"floor":21,"key":"AttackPotion"}],"is_trial":false,"path_per_floor":["M","?","M","M","M","T","R","?","E","T","T","M","$","E","?","M","R","B",null,"M","M","?","M"],"character_chosen":"THE_SILENT","items_purchased":["Corpse Explosion","Cloak And Dagger"],"campfire_rested":2,"item_purchase_floors":[13,13],"current_hp_per_floor":[58,58,51,41,29,29,50,43,16,16,16,12,27,22,11,9,30,14,56,32,37,37,0,0],"gold":465,"neow_bonus":"ONE_RARE_RELIC","is_daily":false,"chose_seed":false,"campfire_upgraded":0,"win_rate":0.0,"timestamp":1613671526,"path_taken":["M","?","?","M","M","?","R","?","E","T","T","?","$","E","?","M","R","BOSS","M","M","?","?"],"items_purchased_type":["Card","Card"],"build_version":"2020-12-22","purchased_purges":1,"victory":false,"max_hp_per_floor":[70,70,70,70,70,70,70,70,70,70,70,70,70,70,70,70,70,70,70,70,70,70,70,70],"card_choices":[{"not_picked":["Choke","Reflex","Caltrops"],"picked":"SKIP","floor":1},{"not_picked":["Slice","Catalyst"],"picked":"Dash","floor":3},{"not_picked":["Outmaneuver","Dash"],"picked":"Deflect","floor":4},{"not_picked":["Underhanded Strike","Bane"],"picked":"Dodge and Roll","floor":5},{"not_picked":["Prepared","Concentrate"],"picked":"Poisoned Stab","floor":9},{"not_picked":["Blur","Catalyst"],"picked":"Footwork","floor":12},{"not_picked":["Heel Hook","Setup","Underhanded Strike"],"picked":"SKIP","floor":14},{"not_picked":["Reflex","Backflip"],"picked":"PiercingWail","floor":16},{"not_picked":["Night Terror","Venomology"],"picked":"Burst","floor":18},{"not_picked":["Bane","Flying Knee+1"],"picked":"Backflip+1","floor":20},{"not_picked":["Outmaneuver","Distraction+1","Concentrate"],"picked":"SKIP","floor":21}],"player_experience":910565,"relics_obtained":[{"floor":6,"key":"Toy Ornithopter"},{"floor":9,"key":"Bronze Scales"},{"floor":10,"key":"Potion Belt"},{"floor":11,"key":"MealTicket"},{"floor":14,"key":"White Beast Statue"}],"event_choices":[{"damage_healed":0,"gold_gain":100,"player_choice":"Pray","damage_taken":0,"max_hp_gain":0,"max_hp_loss":0,"event_name":"Golden Shrine","floor":2,"gold_loss":0},{"damage_healed":0,"gold_gain":75,"player_choice":"Touch","damage_taken":7,"max_hp_gain":0,"max_hp_loss":0,"event_name":"FaceTrader","floor":8,"gold_loss":0},{"damage_healed":0,"gold_gain":75,"player_choice":"Gather Gold","damage_taken":11,"max_hp_gain":0,"max_hp_loss":0,"event_name":"World of Goop","floor":15,"gold_loss":0},{"damage_healed":0,"gold_gain":0,"player_choice":"1 cards matched","damage_taken":0,"max_hp_gain":0,"max_hp_loss":0,"event_name":"Match and Keep!","floor":22,"gold_loss":0,"cards_obtained":["Accuracy"]}],"is_beta":false,"boss_relics":[{"not_picked":["WristBlade","Velvet Choker"],"picked":"Black Star"}],"items_purged_floors":[13],"is_endless":false,"potions_floor_spawned":[1,3,5,9,16,18,20,21],"killed_by":"Centurion and Healer","ascension_level":12}}