{"host":"8yjzhzrz8fua21wd","time":1613672929,"event":{"mods":["AchievementEnabler","BaseMod","Colored Map","Colored Powertips","Minty Spire (QoL Compilation)","Quick Restart","Relic Stats"],"gold_per_floor":[114,114,133,83,8,46,46,46,71,90,109,109,128,147,147,272,272,291,310,310,310],"floor_reached":20,"language":"ENG","playtime":1148,"items_purged":["Strike_R"],"score":201,"play_id":"5f772e02-3c01-4e67-be9b-da3e71ec40cc","local_time":"20210218132849","daily_mods":["Cursed Run","Uncertain Future","Lethality"],"is_ascension_mode":false,"campfire_choices":[{"data":"Entrench","floor":7.0,"key":"SMITH"},{"floor":12.0,"key":"REST"},{"floor":15.0,"key":"REST"}],"circlet_count":0,"master_deck":["Strike_R","Strike_R","Strike_R+1","Strike_R+1","Defend_R","Defend_R","Defend_R","Defend_R","Bash","Cleave","Body Slam","Entrench+1","Injury","Pommel Strike+1","Pain","Demon Form"],"relics":["Cursed Key","Darkstone Periapt","Du-Vu Doll","Golden Idol","Molten Egg 2","Smiling Mask","SlaversCollar"],"acts_visited":["Exordium","TheCity"],"potions_floor_usage":[20],"damage_taken":[{"damage":4.0,"enemies":"Jaw Worm","floor":1.0,"turns":2.0},{"damage":0.0,"enemies":"2 Louse","floor":3.0,"turns":2.0},{"damage":14.0,"enemies":"Gremlin Nob","floor":6.0,"turns":3.0},{"damage":0.0,"enemies":"Cultist","floor":10.0,"turns":2.0},{"damage":0.0,"enemies":"Looter","floor":11.0,"turns":1.0},{"damage":5.0,"enemies":"Blue Slaver","floor":13.0,"turns":2.0},{"damage":22.0,"enemies":"Exordium Wildlife","floor":14.0,"turns":3.0},{"damage":83.0,"enemies":"The Guardian","floor":16.0,"turns":13.0},{"damage":18.0,"enemies":"Chosen","floor":18.0,"turns":3.0},{"damage":65.0,"enemies":"3 Byrds","floor":19.0,"turns":5.0},{"damage":18,"enemies":"Shelled Parasite and Fungi","floor":20,"turns":2}],"seed_played":"-4060160915487772418","potions_obtained":[{"floor":1.0,"key":"FearPotion"},{"floor":6.0,"key":"Fire Potion"},{"floor":10.0,"key":"Dexterity Potion"},{"floor":19.0,"key":"SkillPotion"}],"is_trial":false,"path_per_floor":["M","?","M","?","$","E","R","?","T","M","M","R","M","M","R","B",null,"M","M","M"],"character_chosen":"IRONCLAD","items_purchased":[],"campfire_rested":2,"item_purchase_floors":[],"current_hp_per_floor":[76,82,82,82,82,68,68,51,57,57,57,84,79,57,84,7,98,80,15,0,0],"gold":310,"neow_bonus":"","is_daily":true,"chose_seed":false,"campfire_upgraded":1,"win_rate":0.0,"timestamp":1613672929,"path_taken":["M","?","M","?","$","E","R","?","T","M","M","R","M","M","R","BOSS","M","M","M"],"items_purchased_type":[],"build_version":"2020-12-22","purchased_purges":1,"victory":false,"max_hp_per_floor":[80,86,86,86,86,86,86,86,92,92,92,92,92,92,92,98,98,98,98,98,98],"relic_stats":{"Darkstone Periapt":18,"counters":[11,38],"Golden Idol":61,"Cursed Key":1,"Smiling Mask":0,"obtain_stats":[{"Darkstone Periapt":0,"Du-Vu Doll":0,"SlaversCollar":17,"Golden Idol":2,"Molten Egg 2":6,"Cursed Key":0,"Smiling Mask":9},{"Darkstone Periapt":0,"Du-Vu Doll":0,"SlaversCollar":8,"Golden Idol":1,"Molten Egg 2":3,"Cursed Key":0,"Smiling Mask":3},{"Darkstone Periapt":0,"Du-Vu Doll":0,"SlaversCollar":28,"Golden Idol":2,"Molten Egg 2":7,"Cursed Key":0,"Smiling Mask":7}]},"card_choices":[{"not_picked":["Spot Weakness","Evolve"],"picked":"Cleave","floor":1.0},{"not_picked":["Anger","Sentinel"],"picked":"Body Slam","floor":3.0},{"not_picked":["Inflame","Body Slam+1"],"picked":"Entrench","floor":6.0},{"not_picked":["Heavy Blade+1","True Grit","Warcry"],"picked":"SKIP","floor":10.0},{"not_picked":["Reckless Charge+1","Clash+1","Sentinel"],"picked":"SKIP","floor":11.0},{"not_picked":["Rupture","Sword Boomerang+1"],"picked":"Pommel Strike+1","floor":13.0},{"not_picked":["Headbutt+1","Hemokinesis+1","Inflame"],"picked":"SKIP","floor":14.0},{"not_picked":["Immolate+1","Bludgeon+1"],"picked":"Demon Form","floor":16.0},{"not_picked":["Rage","Inflame","Feel No Pain+1"],"picked":"SKIP","floor":18.0},{"not_picked":["Wild Strike+1","Sword Boomerang+1","Anger+1"],"picked":"SKIP","floor":19.0}],"player_experience":147367,"relics_obtained":[{"floor":6.0,"key":"Molten Egg 2"},{"floor":9.0,"key":"Smiling Mask"}],"event_choices":[{"damage_healed":0.0,"max_hp_gain":0.0,"max_hp_loss":0.0,"gold_gain":0.0,"event_name":"Golden Idol","player_choice":"Take Wound","floor":2.0,"gold_loss":0.0,"damage_taken":0.0,"relics_obtained":["Golden Idol"],"cards_obtained":["Injury"]},{"cards_removed":["Injury"],"damage_healed":0.0,"max_hp_gain":0.0,"max_hp_loss":0.0,"gold_gain":0.0,"event_name":"The Cleric","player_choice":"Card Removal","floor":4.0,"gold_loss":50.0,"damage_taken":0.0},{"damage_healed":0.0,"max_hp_gain":0.0,"max_hp_loss":0.0,"gold_gain":0.0,"event_name":"Shining Light","player_choice":"Entered Light","floor":8.0,"gold_loss":0.0,"damage_taken":17.0,"cards_upgraded":["Strike_R","Strike_R"]}],"is_beta":false,"boss_relics":[{"not_picked":["Runic Dome","Pandora\u0027s Box"],"picked":"SlaversCollar"}],"items_purged_floors":[5],"is_endless":false,"potions_floor_spawned":[1,6,10,14,19],"killed_by":"Shelled Parasite and Fungi","ascension_level":0}}