{"host":"hftfn8mq057nycux","time":1613625626,"event":{"mods":["Act Like it!","BaseMod","Gensokyo","Minty Spire (QoL Compilation)","StSLib","Youmu£®ªÍ∆«—˝√Œ£©"],"gold_per_floor":[115,125,125,1,21,51,51,251,251],"floor_reached":8,"language":"ZHS","playtime":605,"items_purged":[],"score":102,"play_id":"4c5fbf5f-1146-44af-8fcb-e67ea644ccc0","local_time":"20210218132026","is_ascension_mode":true,"campfire_choices":[{"floor":7,"key":"REST"}],"circlet_count":0,"master_deck":["AscendersBane","Strike_YM","Strike_YM","Strike_YM","Strike_YM","Defend_YM","Defend_YM","Defend_YM","Defend_YM","SlashOfPresentWorld","WheelOfPainOfLivingAndDead","Writhe","ReincarnationSword","ThreeKonsSevenHakus","HumanKnowledgeSword+1","Gensokyo:DepletedGenerator","SlashOfMeditation","GhostSword"],"relics":["HalfPhantom","Ancient Tea Set","Eternal Feather"],"acts_visited":["Exordium"],"potions_floor_usage":[],"damage_taken":[{"damage":1,"enemies":"Gensokyo:Python","floor":1,"turns":4},{"damage":6,"enemies":"Gensokyo:2_Kodama","floor":2,"turns":8},{"damage":3,"enemies":"Gensokyo:Gryphon","floor":5,"turns":4},{"damage":50,"enemies":"Gensokyo:Aya","floor":6,"turns":7},{"damage":29,"enemies":"Gensokyo:Cirno","floor":8,"turns":6}],"seed_played":"6126359223249300057","potions_obtained":[{"floor":5,"key":"BlessingOfTheForge"}],"is_trial":false,"path_per_floor":["M","M","?","COS","M","E","R","E"],"character_chosen":"YOUMU","items_purchased":[],"campfire_rested":1,"item_purchase_floors":[],"current_hp_per_floor":[62,56,56,56,53,3,24,0,0],"gold":251,"neow_bonus":"THREE_RARE_CARDS","is_daily":false,"chose_seed":false,"campfire_upgraded":0,"win_rate":0.0,"timestamp":1613625626,"path_taken":["M","?","?","COS","M","E","R","E"],"items_purchased_type":[],"build_version":"2020-12-22","purchased_purges":0,"victory":false,"max_hp_per_floor":[70,70,70,70,70,70,70,70,70],"card_choices":[{"not_picked":["AsuraSword","CelestialStarSword"],"picked":"ReincarnationSword","floor":0},{"not_picked":["SwordOfBindingDesires","PhosphoricSlash"],"picked":"ThreeKonsSevenHakus","floor":1},{"not_picked":["SlashOfDelusionalInnerEye","DispleasureOfTheSevenHakus","LowerRealmReflectionSlash"],"picked":"SKIP","floor":2},{"not_picked":["LifeCuttingSword","ObsessionWithThePresentWorld"],"picked":"SlashOfMeditation","floor":5},{"not_picked":["ThreeKonsSevenHakus","SuddenPhantomFormationSlashOfKarmicWind"],"picked":"GhostSword","floor":6}],"player_experience":496317,"relics_obtained":[{"floor":6,"key":"Ancient Tea Set"}],"event_choices":[],"is_beta":false,"boss_relics":[],"items_purged_floors":[],"is_endless":false,"potions_floor_spawned":[5],"killed_by":"Gensokyo:Cirno","ascension_level":20}}