{"host":"ctlqibkg0sskiu65","time":1613678839,"event":{"mods":["AchievementEnabler","Aspiration","Astrologer","BaseMod","Better Third Choice","BetterRewards","Colored Map","Colored Powertips","Conspire","Curses Come First","Fiend Mod","Infinite Spire","Minty Spire (QoL Compilation)","Potionbrewer","Quick Restart","Reliquary","Replay The Spire","Robot Space Explorer","Shade Mod","Shop Mod","StSLib","The Blackbeard","The Bladedancer","The Cursed","The Death Knight","The Hierophant","The Jungle","The Kombatant","The Necromancer","The Poker Player","The Servant 0.9.4","TheBandit","Wide Potions","thorton"],"gold_per_floor":[110,110,127,140,154,186,206,234,234,234,255,255,297,297,297,373,373,393,35,35,50,50,83,83,118,187,215,415,415,430,441,441,512,512,522,86,97,97,97,97,132,145,145,173,183,12,12,23,23,23,23],"floor_reached":50,"language":"ENG","playtime":3027,"items_purged":["Defend_G","Strike_G"],"score":1615,"play_id":"a4d23696-0503-4f92-be8d-b12f87279e4a","local_time":"20210218140719","is_ascension_mode":true,"campfire_choices":[{"floor":12.0,"key":"REST"},{"floor":24.0,"key":"REST"},{"data":"Burst","floor":29.0,"key":"SMITH"},{"data":"After Image","floor":40.0,"key":"SMITH"},{"data":"A Thousand Cuts+1","floor":47,"key":"SMITH"},{"floor":49,"key":"REST"}],"circlet_count":0,"master_deck":["AscendersBane","Strike_G","Strike_G","Strike_G+1","Strike_G","Defend_G","Defend_G","Defend_G","Defend_G","Survivor","Neutralize","Footwork","Dodge and Roll","Deadly Poison+1","Sucker Punch","Sucker Punch+1","PiercingWail","Escape Plan","Noxious Fumes","Burst+1","Dagger Spray","Sadistic Nature","Sadistic Nature+1","Footwork","After Image+1","Crippling Poison","A Thousand Cuts+2","Toxin Wave+2","Sadistic Nature","Escape Plan+1","Poisoned Stab","Backflip+1"],"relics":["Ring of the Serpent","infinitespire:Satchel","Replay:Multitool","aspiration:FrozenJewel","Counterbalance","Replay:Bronze Core","Replay:Ringing Soul","DollysMirror","Eternal Feather","reliquary:BoilingFlask","ReplayTheSpireMod:Lightbulb","conspire:Dentures","conspire:InfiniteJournal","aspiration:FutureDiary","Oddly Smooth Stone","conspire:DeflatedDodgeball","Gremlin Food","StoneCalendar","reliquary:Buckler","Snake Skull"],"acts_visited":["Exordium","TheCity","TheBeyond"],"potions_floor_usage":[44,45,48,50],"damage_taken":[{"damage":16.0,"enemies":"Jaw Worm","floor":1.0,"turns":8.0},{"damage":3.0,"enemies":"2 Louse","floor":3.0,"turns":4.0},{"damage":0.0,"enemies":"Cultist","floor":4.0,"turns":4.0},{"damage":0.0,"enemies":"2 Fungi Beasts","floor":5.0,"turns":4.0},{"damage":8.0,"enemies":"Gremlin Nob","floor":6.0,"turns":4.0},{"damage":0.0,"enemies":"Looter","floor":7.0,"turns":4.0},{"damage":23.0,"enemies":"Lagavulin","floor":8.0,"turns":9.0},{"damage":1.0,"enemies":"Exordium Thugs","floor":11.0,"turns":7.0},{"damage":13.0,"enemies":"conspire:MimicChest","floor":13.0,"turns":9.0},{"damage":20.0,"enemies":"The Guardian","floor":16.0,"turns":10.0},{"damage":0.0,"enemies":"Spheric Guardian","floor":18.0,"turns":6.0},{"damage":14.0,"enemies":"2 Thieves","floor":21.0,"turns":5.0},{"damage":36.0,"enemies":"Slavers","floor":23.0,"turns":5.0},{"damage":9.0,"enemies":"Gremlin Leader","floor":25.0,"turns":8.0},{"damage":0.0,"enemies":"conspire:Head Lice","floor":27.0,"turns":6.0},{"damage":15.0,"enemies":"Cultist and Chosen","floor":30.0,"turns":6.0},{"damage":1.0,"enemies":"conspire:HollyBat","floor":31.0,"turns":7.0},{"damage":40.0,"enemies":"conspire:MysteriousRune","floor":33.0,"turns":10.0},{"damage":10.0,"enemies":"3 Darklings","floor":35.0,"turns":7.0},{"damage":0.0,"enemies":"Orb Walker","floor":37.0,"turns":3.0},{"damage":32.0,"enemies":"Nemesis","floor":41.0,"turns":6.0},{"damage":32,"enemies":"4 Shapes","floor":42,"turns":4},{"damage":0,"enemies":"Reptomancer","floor":44,"turns":6},{"damage":25,"enemies":"Writhing Mass","floor":45,"turns":5},{"damage":26,"enemies":"Spire Growth","floor":48,"turns":5},{"damage":65,"enemies":"conspire:OrnateMirror","floor":50,"turns":7}],"seed_played":"-8095054356466350024","potions_obtained":[{"floor":3.0,"key":"potionbrewer:BlacksmithPotion"},{"floor":5.0,"key":"DeathKnight:BottledBloodEchoes"},{"floor":6.0,"key":"potionbrewer:MidasPotion"},{"floor":21.0,"key":"FearPotion"},{"floor":25.0,"key":"Fire Potion"},{"floor":37.0,"key":"Energy Potion"},{"floor":41.0,"key":"Poison Potion"},{"floor":42,"key":"Languid Potion"},{"floor":45,"key":"EssenceOfSteel"},{"floor":48,"key":"EssenceOfSteel"}],"is_trial":false,"path_per_floor":["M","?","M","M","M","E","M","E","T","AVR","M","R","?","?","R","B",null,"M","$","T","M","?","E","R","E","T","E","?","R","M","M","R_BF","B",null,"M","$","M","?","?","R","E","M","T","E","M","$","R","M","R","B"],"character_chosen":"THE_SILENT","items_purchased":["Footwork","Dodge and Roll","Sadistic Nature","DollysMirror","Oddly Smooth Stone","conspire:DeflatedDodgeball","Snake Skull"],"campfire_rested":3,"item_purchase_floors":[0,0,19,19,36,36,46],"current_hp_per_floor":[43,43,40,40,40,32,32,9,9,9,8,27,17,17,37,20,59,62,65,65,54,54,18,54,48,48,51,51,66,51,50,87,50,80,73,73,82,82,85,96,67,35,35,35,13,13,31,8,57,0,0],"gold":23,"neow_bonus":"","is_daily":false,"chose_seed":false,"campfire_upgraded":3,"win_rate":0.0,"timestamp":1613678839,"path_taken":["M","?","M","M","M","E","M","E","T","$","M","R","?","?","R","BOSS","M","$","?","M","?","E","R","E","T","E","?","R","M","M","R_BF","BOSS","M","$","M","?","?","R","E","M","T","E","M","?","R","?","R","BOSS"],"items_purchased_type":["Card","Card","Card","Relic","Relic","Relic","Relic"],"build_version":"2020-12-22","purchased_purges":2,"victory":false,"max_hp_per_floor":[66,66,66,66,66,66,66,66,66,66,66,66,69,69,69,72,72,75,78,78,81,81,81,81,84,84,87,87,87,87,87,87,90,90,93,93,93,93,96,96,99,99,99,99,102,102,102,105,105,105,105],"card_choices":[{"not_picked":["ReplayTheSpireMod:Exploit Weakness","Underhanded Strike"],"picked":"Deadly Poison","floor":1.0},{"not_picked":["Tactician","Draining Mist"],"picked":"Sucker Punch","floor":3.0},{"not_picked":["Quick Slash","Prepared"],"picked":"Sucker Punch","floor":4.0},{"not_picked":["Glass Knife","Prepared","Distraction"],"picked":"SKIP","floor":5.0},{"not_picked":["Outmaneuver","Replay:Poison Smokescreen","Deadly Poison"],"picked":"SKIP","floor":6.0},{"not_picked":["ReplayTheSpireMod:Exploit Weakness","Well Laid Plans"],"picked":"PiercingWail","floor":7.0},{"not_picked":["Calculated Gamble","Escape Plan","Setup"],"picked":"SKIP","floor":8.0},{"not_picked":["Calculated Gamble","Setup"],"picked":"Escape Plan","floor":8.0},{"not_picked":["ReplayTheSpireMod:Shiv Toss","Sucker Punch","Outmaneuver"],"picked":"SKIP","floor":11.0},{"not_picked":["Predator","Poisoned Stab"],"picked":"Noxious Fumes","floor":13.0},{"not_picked":["aspiration:Lunge","Wraith Form v2"],"picked":"Burst","floor":16.0},{"not_picked":["Blade Dance","Poisoned Stab"],"picked":"Dagger Spray","floor":18.0},{"not_picked":["Deflect","PiercingWail"],"picked":"Footwork","floor":21.0},{"not_picked":["Footwork","Infinite Blades","Flying Knee"],"picked":"SKIP","floor":23.0},{"not_picked":["Fluid Movement","Quick Slash"],"picked":"After Image","floor":25.0},{"not_picked":["Poisoned Stab","Predator"],"picked":"Crippling Poison","floor":27.0},{"not_picked":["Blade Dance","Slice","Footwork"],"picked":"SKIP","floor":30.0},{"not_picked":["Draining Mist","Backflip","Endless Agony+1"],"picked":"SKIP","floor":31.0},{"not_picked":["Grand Finale","Venomology"],"picked":"A Thousand Cuts","floor":33.0},{"not_picked":["Finisher","Dagger Throw"],"picked":"Toxin Wave+1","floor":35.0},{"not_picked":["Slice","Dodge and Roll+1","Blade Dance"],"picked":"SKIP","floor":37.0},{"not_picked":["Forethought","Purity"],"picked":"Sadistic Nature","floor":39.0},{"not_picked":["Hidden Blade","Dagger Spray"],"picked":"Escape Plan+1","floor":41.0},{"not_picked":["Outmaneuver+1","Blade Dance+1","Dagger Throw+1"],"picked":"SKIP","floor":42},{"not_picked":["Riddle With Holes","Concentrate","Acrobatics"],"picked":"SKIP","floor":44},{"not_picked":["Prepared","Outmaneuver"],"picked":"Poisoned Stab","floor":45},{"not_picked":["ReplayTheSpireMod:Scrap Shanks","Reflex"],"picked":"Backflip+1","floor":48}],"player_experience":318126,"relics_obtained":[{"floor":6.0,"key":"infinitespire:Satchel"},{"floor":8.0,"key":"Replay:Multitool"},{"floor":9.0,"key":"aspiration:FrozenJewel"},{"floor":13.0,"key":"Replay:Ringing Soul"},{"floor":20.0,"key":"Eternal Feather"},{"floor":23.0,"key":"reliquary:BoilingFlask"},{"floor":25.0,"key":"ReplayTheSpireMod:Lightbulb"},{"floor":26.0,"key":"conspire:Dentures"},{"floor":27.0,"key":"conspire:InfiniteJournal"},{"floor":41.0,"key":"Gremlin Food"},{"floor":43,"key":"StoneCalendar"},{"floor":44,"key":"reliquary:Buckler"}],"event_choices":[{"damage_healed":0.0,"max_hp_gain":0.0,"max_hp_loss":0.0,"gold_gain":0.0,"event_name":"betterThird:BetterSerpent","player_choice":"Ignored","floor":2.0,"gold_loss":0.0,"damage_taken":110.0},{"cards_removed":["infinitespire:Menacing"],"damage_healed":5.0,"max_hp_gain":0.0,"max_hp_loss":0.0,"gold_gain":0.0,"event_name":"Bonfire Elementals","player_choice":"Offered Special","floor":14.0,"gold_loss":0.0,"damage_taken":0.0},{"damage_healed":0.0,"max_hp_gain":0.0,"max_hp_loss":0.0,"gold_gain":0.0,"event_name":"The Mausoleum","player_choice":"Ignored","floor":22.0,"gold_loss":0.0,"damage_taken":0.0},{"damage_healed":0.0,"max_hp_gain":0.0,"max_hp_loss":0.0,"gold_gain":250.0,"event_name":"The Joust","player_choice":"Bet on Owner","floor":28.0,"gold_loss":50.0,"damage_taken":0.0},{"damage_healed":0.0,"max_hp_gain":0.0,"max_hp_loss":0.0,"gold_gain":0.0,"event_name":"SensoryStone","player_choice":"Memory 1","floor":39.0,"gold_loss":0.0,"damage_taken":0.0}],"is_beta":false,"boss_relics":[{"not_picked":["thethorton:BottledFunds","Fusion Hammer"],"picked":"Ring of the Serpent"},{"not_picked":["aspiration:ServantSkillbook","aspiration:PoetsPen_weak"],"picked":"aspiration:FutureDiary"}],"items_purged_floors":[0,10],"is_endless":false,"potions_floor_spawned":[3,5,6,21,25,30,31,37,41,42,45,48],"killed_by":"conspire:OrnateMirror","ascension_level":20}}