{"host":"vucub2jtaeo9vgh1","time":1613688666,"event":{"mods":["Act Like it!","Arknights","BaseMod","BetterRewards","Minty Spire (QoL Compilation)","Quick Restart","Rare Cards Sparkle","StSLib"],"gold_per_floor":[111,124,140,27,37,69,69,69,69,69,94,94,111,122,122,122,122],"floor_reached":16,"language":"ENG","playtime":468,"items_purged":["ats:Strike V"],"score":112,"play_id":"e779026b-b76a-43a6-9aa7-edbdc80764eb","local_time":"20210218235106","is_ascension_mode":false,"campfire_choices":[{"data":"ats:Thorns","floor":10.0,"key":"SMITH"},{"data":"ats:Thorns","floor":12.0,"key":"SMITH"},{"floor":15.0,"key":"REST"}],"circlet_count":0,"master_deck":["ats:Strike C","ats:Strike G","ats:Strike S","ats:Armor Crushing Shot","ats:Defend","ats:Defend","ats:Defend","ats:Defend","ats:Emotion Absorption","ats:Magnetic Hammer","ats:Thorns+1","ats:Thorns+1"],"relics":["ats:Sanity","NeowsBlessing","ats:Originium","ats:Rhine Circuitry","ats:Spiritual Recovery","Ornamental Fan"],"acts_visited":["Exordium"],"potions_floor_usage":[],"damage_taken":[{"damage":0.0,"enemies":"Cultist","floor":1.0,"turns":1.0},{"damage":0.0,"enemies":"Jaw Worm","floor":2.0,"turns":1.0},{"damage":3.0,"enemies":"Small Slimes","floor":3.0,"turns":1.0},{"damage":1.0,"enemies":"Exordium Wildlife","floor":5.0,"turns":5.0},{"damage":13.0,"enemies":"3 Sentries","floor":6.0,"turns":7.0},{"damage":32.0,"enemies":"Gremlin Nob","floor":11.0,"turns":6.0},{"damage":2.0,"enemies":"3 Louse","floor":13.0,"turns":5.0},{"damage":0.0,"enemies":"2 Fungi Beasts","floor":14.0,"turns":4.0},{"damage":0,"enemies":"Hexaghost","floor":16,"turns":1}],"seed_played":"8047686416205564088","potions_obtained":[{"floor":1.0,"key":"Ancient Potion"},{"floor":2.0,"key":"GamblersBrew"},{"floor":5.0,"key":"Fire Potion"}],"is_trial":false,"path_per_floor":["M","M","M","$","M","E","?","$","T","R","E","R","M","M","R","B"],"character_chosen":"DOCTOR_CLASS","items_purchased":["ats:Thorns"],"campfire_rested":1,"item_purchase_floors":[4],"current_hp_per_floor":[72,72,69,69,68,55,55,55,55,55,23,23,21,21,42,42,42],"gold":122,"neow_bonus":"THREE_ENEMY_KILL","is_daily":false,"chose_seed":false,"campfire_upgraded":2,"win_rate":0.0,"timestamp":1613688666,"path_taken":["M","?","M","$","M","E","?","?","T","R","E","R","M","M","R","BOSS"],"items_purchased_type":["Card"],"build_version":"2020-12-22","purchased_purges":1,"victory":false,"max_hp_per_floor":[72,72,72,72,72,72,72,72,72,72,72,72,72,72,72,72,72],"card_choices":[{"not_picked":["ats:Very Hot Blade","ats:Revitalization"],"picked":"ats:Magnetic Hammer","floor":1.0},{"not_picked":["ats:Flexible Camouflage","ats:Hammer On"],"picked":"ats:Thorns","floor":2.0},{"not_picked":["ats:Apocalypse","ats:Hook Shot","ats:Charging Defense"],"picked":"SKIP","floor":3.0},{"not_picked":["ats:Encircling Forest","ats:Leaping Hammer","ats:Neurotoxin"],"picked":"SKIP","floor":5.0},{"not_picked":["ats:Poison Spread","ats:Explosion Area Strengthen","ats:Closed Bolt Burst Fire"],"picked":"SKIP","floor":6.0},{"not_picked":["ats:Apocalypse","ats:Hammer On","ats:Burning Ground"],"picked":"SKIP","floor":11.0},{"not_picked":["ats:Powerful Strike","ats:LN2 Cannon","ats:Flexible Camouflage"],"picked":"SKIP","floor":13.0},{"not_picked":["ats:Cat Scratch","ats:Guardian Obelisk","ats:Thermite Blade"],"picked":"SKIP","floor":14.0}],"player_experience":300482,"relics_obtained":[{"floor":6.0,"key":"ats:Originium"},{"floor":6.0,"key":"ats:Rhine Circuitry"},{"floor":9.0,"key":"ats:Spiritual Recovery"},{"floor":11.0,"key":"ats:Originium"},{"floor":11.0,"key":"Ornamental Fan"}],"event_choices":[{"damage_healed":0.0,"max_hp_gain":0.0,"max_hp_loss":0.0,"gold_gain":0.0,"event_name":"Match and Keep!","player_choice":"0 cards matched","floor":7.0,"gold_loss":0.0,"damage_taken":0.0,"cards_obtained":[]}],"is_beta":false,"boss_relics":[],"items_purged_floors":[4],"is_endless":false,"potions_floor_spawned":[1,2,5,6],"killed_by":"Hexaghost","ascension_level":0}}