{"host":"bxn2em57qlx5u4i0","time":1613613336,"event":{"mods":["BaseMod","Colored Map","Colored Powertips","Highlight Path","Minty Spire (QoL Compilation)","Random Character Button","Relic Sorter","Relic Stats","StSLib","SuperFastMode"],"gold_per_floor":[113,29,44,44,44,87,99,111,148,160,195,221,251,299,311,414,426,463,475,487,515,551,563,575,575],"floor_reached":24,"language":"ENG","playtime":491,"items_purged":[],"score":458,"play_id":"f582629e-49b3-42bd-a375-deb0b791c9f8","local_time":"20210217205536","is_ascension_mode":true,"campfire_choices":[{"data":"Footwork","floor":8.0,"key":"SMITH"},{"data":"Dash","floor":10.0,"key":"SMITH"},{"data":"Well Laid Plans","floor":15.0,"key":"SMITH"},{"data":"Corpse Explosion","floor":23.0,"key":"SMITH"}],"circlet_count":0,"master_deck":["AscendersBane","Strike_G","Strike_G","Strike_G","Strike_G","Defend_G","Defend_G","Defend_G","Defend_G","Defend_G","Survivor","Neutralize","Footwork+1","Deadly Poison+1","Dash+1","Leg Sweep","Well Laid Plans+1","Corpse Explosion+1"],"relics":["Ring of the Snake","NeowsBlessing","Golden Idol","MawBank","Snake Skull","Bronze Scales","Cursed Key","Enchiridion"],"acts_visited":["Exordium","TheCity"],"potions_floor_usage":[24,24],"damage_taken":[{"damage":0.0,"enemies":"Cultist","floor":1.0,"turns":1.0},{"damage":0.0,"enemies":"Jaw Worm","floor":3.0,"turns":1.0},{"damage":0.0,"enemies":"Lagavulin","floor":6.0,"turns":1.0},{"damage":0.0,"enemies":"Small Slimes","floor":12.0,"turns":4.0},{"damage":5.0,"enemies":"2 Fungi Beasts","floor":13.0,"turns":4.0},{"damage":10.0,"enemies":"3 Sentries","floor":14.0,"turns":10.0},{"damage":8.0,"enemies":"Hexaghost","floor":16.0,"turns":10.0},{"damage":0.0,"enemies":"3 Byrds","floor":18.0,"turns":2.0},{"damage":0.0,"enemies":"Chosen","floor":21.0,"turns":5.0},{"damage":8.0,"enemies":"Snecko","floor":22.0,"turns":6.0},{"damage":34,"enemies":"Slavers","floor":24,"turns":1}],"seed_played":"3392670683981964004","potions_obtained":[{"floor":6.0,"key":"PowerPotion"},{"floor":13.0,"key":"Strength Potion"},{"floor":14.0,"key":"LiquidMemories"},{"floor":18.0,"key":"DuplicationPotion"}],"is_trial":false,"path_per_floor":["M","$","M","?","?","E","?","R","T","R","T","M","M","E","R","B",null,"M","?","?","M","M","R","E"],"character_chosen":"THE_SILENT","items_purchased":["Footwork"],"campfire_rested":0,"item_purchase_floors":[2],"current_hp_per_floor":[59,59,59,59,59,59,52,52,52,52,52,52,47,37,37,29,52,52,31,31,31,23,23,0,0],"gold":575,"neow_bonus":"THREE_ENEMY_KILL","is_daily":false,"chose_seed":false,"campfire_upgraded":4,"win_rate":0.0,"timestamp":1613613336,"path_taken":["M","$","?","?","?","E","?","R","T","R","?","M","M","E","R","BOSS","M","?","?","M","M","R","E"],"items_purchased_type":["Card"],"build_version":"2020-12-22","purchased_purges":0,"victory":false,"max_hp_per_floor":[66,66,66,66,60,60,60,60,60,60,60,60,60,60,60,60,60,60,60,60,60,60,60,60,60],"relic_stats":{"counters":[11,45],"Golden Idol":54,"Bronze Scales":[117],"Snake Skull":[20],"MawBank":216,"Cursed Key":0,"obtain_stats":[{"NeowsBlessing":0,"Golden Idol":5,"Bronze Scales":14,"Enchiridion":19,"Snake Skull":11,"MawBank":6,"Cursed Key":17,"Ring of the Snake":0},{"NeowsBlessing":0,"Golden Idol":2,"Bronze Scales":6,"Enchiridion":8,"Snake Skull":3,"MawBank":3,"Cursed Key":7,"Ring of the Snake":0},{"NeowsBlessing":0,"Golden Idol":2,"Bronze Scales":21,"Enchiridion":33,"Snake Skull":3,"MawBank":3,"Cursed Key":31,"Ring of the Snake":0}],"Ring of the Snake":[22]},"card_choices":[{"not_picked":["Prepared","Distraction","Acrobatics"],"picked":"SKIP","floor":1.0},{"not_picked":["Caltrops","Predator"],"picked":"Deadly Poison","floor":3.0},{"not_picked":["PiercingWail","Infinite Blades"],"picked":"Dash","floor":6.0},{"not_picked":["Bane","Sucker Punch"],"picked":"Leg Sweep","floor":12.0},{"not_picked":["Eviscerate","Leg Sweep","Terror"],"picked":"SKIP","floor":13.0},{"not_picked":["Riddle With Holes","Acrobatics"],"picked":"Well Laid Plans","floor":14.0},{"not_picked":["Night Terror","Wraith Form v2"],"picked":"Corpse Explosion","floor":16.0},{"not_picked":["Outmaneuver","Bane","Underhanded Strike"],"picked":"SKIP","floor":18.0},{"not_picked":["Concentrate","Poisoned Stab","Skewer"],"picked":"SKIP","floor":21.0},{"not_picked":["Backstab","Deadly Poison","Deflect"],"picked":"SKIP","floor":22.0}],"player_experience":3037084,"relics_obtained":[{"floor":6.0,"key":"MawBank"},{"floor":11.0,"key":"Snake Skull"},{"floor":14.0,"key":"Bronze Scales"},{"floor":19.0,"key":"Enchiridion"}],"event_choices":[{"damage_healed":0.0,"max_hp_gain":0.0,"max_hp_loss":0.0,"gold_gain":0.0,"event_name":"Living Wall","player_choice":"Grow","floor":4.0,"gold_loss":0.0,"damage_taken":0.0,"cards_upgraded":["Deadly Poison"]},{"damage_healed":0.0,"max_hp_gain":0.0,"max_hp_loss":6.0,"gold_gain":0.0,"event_name":"Golden Idol","player_choice":"Lose Max HP","floor":5.0,"gold_loss":0.0,"damage_taken":0.0,"relics_obtained":["Golden Idol"]},{"cards_removed":["Strike_G"],"damage_healed":0.0,"max_hp_gain":0.0,"max_hp_loss":0.0,"gold_gain":0.0,"event_name":"Golden Wing","player_choice":"Card Removal","floor":7.0,"gold_loss":0.0,"damage_taken":7.0},{"damage_healed":0.0,"max_hp_gain":0.0,"max_hp_loss":0.0,"gold_gain":0.0,"event_name":"Cursed Tome","player_choice":"Obtained Book","floor":19.0,"gold_loss":0.0,"damage_taken":21.0},{"damage_healed":0.0,"max_hp_gain":0.0,"max_hp_loss":0.0,"gold_gain":0.0,"event_name":"Vampires","player_choice":"Ignored","floor":20.0,"gold_loss":0.0,"damage_taken":0.0}],"is_beta":false,"boss_relics":[{"not_picked":["Runic Dome","Philosopher\u0027s Stone"],"picked":"Cursed Key"}],"items_purged_floors":[],"is_endless":false,"potions_floor_spawned":[6,13,14,16,18],"killed_by":"Slavers","ascension_level":20}}