{"host":"4rvakrj1idbgia3f","time":1613671887,"event":{"mods":["BaseMod","Colored Map","Colored Powertips","DeckTracker","Highlight Path","Minty Spire (QoL Compilation)","Random Character Button","StSLib"],"gold_per_floor":[110,110,86,103,119,119,135,151,151,163,163,182,182,217,217,217,217],"floor_reached":16,"language":"JPN","playtime":468,"items_purged":[],"score":208,"play_id":"50e24731-6f5f-409b-9776-1878f21cde5f","local_time":"20210219031127","is_ascension_mode":true,"campfire_choices":[{"data":"Zap","floor":6,"key":"SMITH"},{"data":"Fission","floor":11,"key":"SMITH"},{"data":"Lockon","floor":15,"key":"SMITH"}],"circlet_count":0,"master_deck":["AscendersBane","Strike_B","Strike_B","Strike_B","Defend_B","Defend_B","Defend_B","Defend_B","Zap+1","Dualcast","Hologram","Cold Snap","Lockon+1","Conserve Battery","Fission+1","Coolheaded","Redo","Sweeping Beam"],"relics":["Cracked Core","NeowsBlessing","White Beast Statue","Darkstone Periapt"],"acts_visited":["Exordium"],"potions_floor_usage":[10,14,14],"damage_taken":[{"damage":0,"enemies":"Cultist","floor":1,"turns":1},{"damage":0,"enemies":"Small Slimes","floor":4,"turns":1},{"damage":0,"enemies":"Jaw Worm","floor":5,"turns":1},{"damage":6,"enemies":"Exordium Wildlife","floor":7,"turns":4},{"damage":0,"enemies":"2 Fungi Beasts","floor":8,"turns":2},{"damage":0,"enemies":"Large Slime","floor":10,"turns":4},{"damage":5,"enemies":"Exordium Wildlife","floor":12,"turns":3},{"damage":2,"enemies":"Gremlin Nob","floor":14,"turns":3},{"damage":58,"enemies":"Hexaghost","floor":16,"turns":11}],"seed_played":"2313816515493498334","potions_obtained":[{"floor":1,"key":"Explosive Potion"},{"floor":4,"key":"EssenceOfSteel"},{"floor":10,"key":"SkillPotion"},{"floor":14,"key":"SpeedPotion"}],"is_trial":false,"path_per_floor":["M","?","$","M","M","R","M","M","T","M","R","M","?","E","R","B"],"character_chosen":"DEFECT","items_purchased":["Cold Snap"],"campfire_rested":0,"item_purchase_floors":[3],"current_hp_per_floor":[64,64,64,64,64,64,58,58,58,58,58,53,53,51,51,0,0],"gold":217,"neow_bonus":"THREE_ENEMY_KILL","is_daily":false,"chose_seed":false,"campfire_upgraded":3,"win_rate":0.0,"timestamp":1613671887,"path_taken":["M","?","$","?","M","R","M","M","T","M","R","M","?","E","R","BOSS"],"items_purchased_type":["Card"],"build_version":"2020-12-22","purchased_purges":0,"victory":false,"max_hp_per_floor":[71,71,71,71,71,71,71,71,71,71,71,71,71,71,71,71,71],"card_choices":[{"not_picked":["Turbo","Compile Driver"],"picked":"Hologram","floor":1},{"not_picked":["Hologram","Double Energy"],"picked":"Lockon","floor":4},{"not_picked":["Gash","Lockon"],"picked":"Conserve Battery","floor":5},{"not_picked":["Streamline","Reprogram","Hologram"],"picked":"SKIP","floor":7},{"not_picked":["Redo","Lockon"],"picked":"Fission","floor":8},{"not_picked":["Reinforced Body","Compile Driver"],"picked":"Coolheaded","floor":10},{"not_picked":["Hello World","Hologram"],"picked":"Redo","floor":12},{"not_picked":["Thunder Strike","Go for the Eyes"],"picked":"Sweeping Beam","floor":14}],"player_experience":2405935,"relics_obtained":[{"floor":9,"key":"White Beast Statue"},{"floor":14,"key":"Darkstone Periapt"}],"event_choices":[{"cards_removed":["Strike_B"],"damage_healed":0,"gold_gain":0,"player_choice":"Purged","damage_taken":0,"max_hp_gain":0,"max_hp_loss":0,"event_name":"Purifier","floor":2,"gold_loss":0},{"damage_healed":0,"gold_gain":0,"player_choice":"Ignored","damage_taken":0,"max_hp_gain":0,"max_hp_loss":0,"event_name":"Liars Game","floor":13,"gold_loss":0}],"is_beta":false,"boss_relics":[],"items_purged_floors":[],"is_endless":false,"potions_floor_spawned":[1,4,10,12,14],"killed_by":"Hexaghost","ascension_level":20}}