{"host":"8d3fefv2347kqkpz","time":1613664388,"event":{"mods":["AchievementEnabler","BaseMod","Better Vampires","BetterRewards","Colored Map","Colored Powertips","Downfall","Emptier Cage","Highlight Path","Marked Mod","Minty Spire (QoL Compilation)","Permanent Neow","Quick Restart","Rare Cards Sparkle","Relic Stats","Say the Spire","Spicy Shops","StSLib","Waifu the Spire"],"gold_per_floor":[99,111,126,143,159,194,221,121,136,169,319,353,366,382,402,402,402,402],"floor_reached":16,"language":"ZHS","playtime":1089,"items_purged":[],"score":126,"play_id":"7064a4e3-7907-4a6a-acea-d27d620bcbc1","local_time":"20210219000628","is_ascension_mode":false,"campfire_choices":[{"data":"champ:Taunt","floor":1.0,"key":"SMITH"},{"floor":8.0,"key":"REST"}],"circlet_count":0,"master_deck":["champ:Strike","champ:Strike","champ:Strike","champ:Defend","champ:Defend","champ:Defend","champ:Defend","champ:Execute","champ:Taunt+1","champ:Backstep","champ:CalledShot","champ:FocusedBerserking","champ:CrookedStrike","champ:StanceDance","champ:EnchantCrown","downfall:Icky","champ:FocusedDefense"],"relics":["champ:ChampionCrown","Pen Nib","downfall:HeartBlessingBlue","champ:DefensiveTrainingManual","Letter Opener"],"acts_visited":["Exordium"],"potions_floor_usage":[16,16,16],"damage_taken":[{"damage":11.0,"enemies":"2 Louse","floor":2.0,"turns":3.0},{"damage":10.0,"enemies":"Small Slimes","floor":3.0,"turns":4.0},{"damage":18.0,"enemies":"Jaw Worm","floor":4.0,"turns":6.0},{"damage":18.0,"enemies":"Red Slaver","floor":5.0,"turns":4.0},{"damage":64.0,"enemies":"Gremlin Nob","floor":6.0,"turns":6.0},{"damage":18.0,"enemies":"downfall:LooterAlt","floor":9.0,"turns":4.0},{"damage":40.0,"enemies":"Lagavulin","floor":10.0,"turns":8.0},{"damage":28.0,"enemies":"3 Sentries","floor":12.0,"turns":7.0},{"damage":10.0,"enemies":"Gremlin Gang","floor":13.0,"turns":5.0},{"damage":10.0,"enemies":"2 Fungi Beasts","floor":14.0,"turns":2.0},{"damage":20,"enemies":"3 Louse","floor":15,"turns":3},{"damage":50,"enemies":"IC_STATUS_ARCHETYPE","floor":16,"turns":10}],"seed_played":"1883423452098520404","potions_obtained":[{"floor":2.0,"key":"Explosive Potion"},{"floor":3.0,"key":"PowerPotion"},{"floor":5.0,"key":"ColorlessPotion"},{"floor":12.0,"key":"Weak Potion"},{"floor":15,"key":"Block Potion"}],"is_trial":false,"path_per_floor":["R","M","M","M","M","E","T","R","M","E","?","E","M","M","M","B"],"character_chosen":"THE_CHAMP","items_purchased":[],"campfire_rested":1,"item_purchase_floors":[],"current_hp_per_floor":[90,89,89,86,78,24,24,61,53,48,48,40,40,40,40,0,0,0],"gold":402,"neow_bonus":"TRANSFORM_CARD","is_daily":false,"chose_seed":false,"campfire_upgraded":1,"win_rate":0.0,"timestamp":1613664388,"path_taken":["R","M","M","M","M","E","T","R","M","E","?","E","M","M","M","BOSS"],"items_purchased_type":[],"build_version":"2020-12-22","purchased_purges":0,"victory":false,"max_hp_per_floor":[90,90,90,90,90,90,90,100,100,100,100,100,100,100,100,100,100,100],"relic_stats":{"counters":[12,62],"Pen Nib":[5],"Letter Opener":[75],"obtain_stats":[{"downfall:HeartBlessingBlue":8,"champ:DefensiveTrainingManual":10,"champ:ChampionCrown":0,"Pen Nib":6,"Letter Opener":12},{"downfall:HeartBlessingBlue":5,"champ:DefensiveTrainingManual":7,"champ:ChampionCrown":0,"Pen Nib":5,"Letter Opener":8},{"downfall:HeartBlessingBlue":23,"champ:DefensiveTrainingManual":35,"champ:ChampionCrown":0,"Pen Nib":23,"Letter Opener":42}]},"card_choices":[{"not_picked":["champ:GutPunch","champ:ShieldWall"],"picked":"champ:CalledShot","floor":2.0},{"not_picked":["champ:ShieldWall","champ:AdrenalArmor"],"picked":"champ:FocusedBerserking","floor":3.0},{"not_picked":["champ:Shatter","champ:DefensiveShout"],"picked":"champ:CrookedStrike","floor":4.0},{"not_picked":["champ:FlashCut","champ:BerserkersShout"],"picked":"champ:StanceDance","floor":5.0},{"not_picked":["champ:PreemptiveStrike","champ:PerfectedStrike"],"picked":"champ:EnchantCrown","floor":6.0},{"not_picked":["champ:BladeFlurry","champ:GutPunch","champ:Haymaker"],"picked":"SKIP","floor":9.0},{"not_picked":["champ:GutPunch","champ:Parry","champ:Backstep"],"picked":"SKIP","floor":10.0},{"not_picked":["champ:DefensiveShout","champ:Backstep","champ:BerserkersShout"],"picked":"SKIP","floor":12.0},{"not_picked":["champ:Backstep","champ:FlashCut","champ:AdrenalArmor"],"picked":"SKIP","floor":13.0},{"not_picked":["champ:GutPunch","champ:FanOfKnives","champ:FlashCut"],"picked":"SKIP","floor":14.0},{"not_picked":["champ:StrikeOfGenius","champ:GutPunch"],"picked":"champ:FocusedDefense","floor":15}],"player_experience":467329,"relics_obtained":[{"floor":6.0,"key":"Pen Nib"},{"floor":10.0,"key":"champ:DefensiveTrainingManual"},{"floor":12.0,"key":"Letter Opener"}],"event_choices":[],"is_beta":false,"boss_relics":[],"items_purged_floors":[],"is_endless":false,"potions_floor_spawned":[2,3,5,12,15],"killed_by":"IC_STATUS_ARCHETYPE","ascension_level":0}}