{"host":"qc268ltokmxwqyrx","time":1613692117,"event":{"mods":["BaseMod","Colored Map","Minty Spire (QoL Compilation)","Relic Stats","Slay the Relics Exporter","StSLib","ojb\u0027s Info Mod"],"gold_per_floor":[116,116,127,127,142,142,152,180,180,180,205,217,245,267,279,368,380,406,435,459,504,532,544,567,597,609,621,658,670,682,682],"floor_reached":30,"language":"ENG","playtime":1971,"items_purged":[],"score":653,"play_id":"deb9afbc-add6-41a9-be9a-c996b17c2470","local_time":"20210218174837","is_ascension_mode":true,"campfire_choices":[{"floor":6.0,"key":"REST"},{"floor":10.0,"key":"REST"},{"data":"Bouncing Flask","floor":15.0,"key":"SMITH"},{"floor":23.0,"key":"REST"},{"data":"Well Laid Plans","floor":29.0,"key":"SMITH"}],"circlet_count":0,"master_deck":["AscendersBane","Defend_G","Defend_G","Defend_G+1","Defend_G","Defend_G","Survivor","Neutralize+1","Leg Sweep","Acrobatics","Bouncing Flask+1","Quick Slash","Poisoned Stab","Well Laid Plans+1","Crippling Poison","After Image","PiercingWail","Dash","Noxious Fumes+1","Envenom","Tactician","Bite","Bite","Bite","Bite","Bite","Underhanded Strike"],"relics":["Philosopher\u0027s Stone","Oddly Smooth Stone","Ice Cream","Question Card","MawBank","Singing Bowl","Snecko Eye","Red Mask","Kunai","White Beast Statue"],"acts_visited":["TheCity"],"potions_floor_usage":[],"damage_taken":[{"damage":0.0,"enemies":"Jaw Worm","floor":1.0,"turns":4.0},{"damage":0.0,"enemies":"2 Louse","floor":3.0,"turns":4.0},{"damage":1.0,"enemies":"Small Slimes","floor":5.0,"turns":3.0},{"damage":8.0,"enemies":"2 Fungi Beasts","floor":7.0,"turns":4.0},{"damage":10.0,"enemies":"Lagavulin","floor":8.0,"turns":8.0},{"damage":22.0,"enemies":"Gremlin Nob","floor":11.0,"turns":4.0},{"damage":0.0,"enemies":"Exordium Wildlife","floor":13.0,"turns":4.0},{"damage":0.0,"enemies":"Blue Slaver","floor":14.0,"turns":5.0},{"damage":0.0,"enemies":"The Guardian","floor":16.0,"turns":9.0},{"damage":2.0,"enemies":"Chosen","floor":18.0,"turns":4.0},{"damage":1.0,"enemies":"Shell Parasite","floor":19.0,"turns":4.0},{"damage":2.0,"enemies":"Shelled Parasite and Fungi","floor":20.0,"turns":5.0},{"damage":32.0,"enemies":"Masked Bandits","floor":21.0,"turns":6.0},{"damage":0.0,"enemies":"Centurion and Healer","floor":22.0,"turns":7.0},{"damage":0.0,"enemies":"Snecko","floor":24.0,"turns":6.0},{"damage":0.0,"enemies":"3 Cultists","floor":25.0,"turns":5.0},{"damage":18.0,"enemies":"Book of Stabbing","floor":28.0,"turns":5.0},{"damage":55,"enemies":"Slavers","floor":30,"turns":5}],"seed_played":"-6492644372217553697","potions_obtained":[{"floor":1.0,"key":"Energy Potion"},{"floor":7.0,"key":"EntropicBrew"},{"floor":11.0,"key":"SteroidPotion"},{"floor":13.0,"key":"Explosive Potion"},{"floor":16.0,"key":"LiquidMemories"},{"floor":19.0,"key":"Dexterity Potion"},{"floor":22.0,"key":"Energy Potion"},{"floor":24.0,"key":"Regen Potion"},{"floor":25.0,"key":"ColorlessPotion"}],"is_trial":false,"path_per_floor":["M","?","M","?","M","R","M","E","T","R","E","T","M","M","R","B",null,"M","M","M","?","M","R","M","M","T","?","E","R","E"],"character_chosen":"THE_SILENT","items_purchased":[],"campfire_rested":3,"item_purchase_floors":[],"current_hp_per_floor":[59,39,39,21,20,39,31,21,21,40,18,18,20,20,20,20,56,54,53,53,21,23,44,44,59,59,50,40,40,0,0],"gold":682,"neow_bonus":"BOSS_RELIC","is_daily":false,"chose_seed":false,"campfire_upgraded":2,"win_rate":0.0,"timestamp":1613692117,"path_taken":["M","?","M","?","M","R","M","E","T","R","E","?","M","M","R","BOSS","M","M","M","?","M","R","M","M","T","?","E","R","E"],"items_purchased_type":[],"build_version":"2020-12-22","purchased_purges":0,"victory":false,"max_hp_per_floor":[66,66,66,66,66,66,66,66,66,66,66,66,68,68,68,68,68,68,68,70,70,72,72,72,72,72,50,50,50,50,50],"relic_stats":{"Singing Bowl":6,"counters":[18,92],"Snecko Eye":[92,76,95,82],"Kunai":[4],"Question Card":12,"MawBank":228,"obtain_stats":[{"Ice Cream":8,"Singing Bowl":12,"Oddly Smooth Stone":4,"Snecko Eye":17,"Philosopher\u0027s Stone":0,"Red Mask":21,"Kunai":26,"Question Card":9,"MawBank":11,"White Beast Statue":28,"Ring of the Snake":0},{"Ice Cream":5,"Singing Bowl":6,"Oddly Smooth Stone":2,"Snecko Eye":9,"Philosopher\u0027s Stone":0,"Red Mask":13,"Kunai":16,"Question Card":5,"MawBank":6,"White Beast Statue":17,"Ring of the Snake":0},{"Ice Cream":23,"Singing Bowl":27,"Oddly Smooth Stone":8,"Snecko Eye":45,"Philosopher\u0027s Stone":0,"Red Mask":64,"Kunai":82,"Question Card":23,"MawBank":27,"White Beast Statue":87,"Ring of the Snake":0}]},"card_choices":[{"not_picked":["Bane","Poisoned Stab"],"picked":"Leg Sweep","floor":1.0},{"not_picked":["Prepared","Sucker Punch"],"picked":"Acrobatics","floor":3.0},{"not_picked":["Sucker Punch","Footwork"],"picked":"Bouncing Flask","floor":5.0},{"not_picked":["Sucker Punch","Acrobatics"],"picked":"Quick Slash","floor":7.0},{"not_picked":["Masterful Stab","Terror"],"picked":"Poisoned Stab","floor":8.0},{"not_picked":["Quick Slash","Choke","Leg Sweep"],"picked":"Well Laid Plans","floor":11.0},{"not_picked":["Deadly Poison","Heel Hook","Envenom","Cloak And Dagger"],"picked":"Singing Bowl","floor":13.0},{"not_picked":["Quick Slash","Infinite Blades","Flying Knee"],"picked":"Crippling Poison","floor":14.0},{"not_picked":["Malaise","Die Die Die","A Thousand Cuts"],"picked":"After Image","floor":16.0},{"not_picked":["Dagger Throw","Blade Dance","Cloak And Dagger"],"picked":"PiercingWail","floor":18.0},{"not_picked":["Dagger Throw","Blade Dance","Dagger Spray"],"picked":"Dash","floor":19.0},{"not_picked":["Leg Sweep","Acrobatics","Poisoned Stab","Masterful Stab"],"picked":"Singing Bowl","floor":20.0},{"not_picked":["Prepared","Skewer","Flechettes"],"picked":"Noxious Fumes+1","floor":21.0},{"not_picked":["Acrobatics","Prepared","Dagger Spray","Bane"],"picked":"Singing Bowl","floor":22.0},{"not_picked":["Escape Plan+1","Backflip","Slice"],"picked":"Envenom","floor":24.0},{"not_picked":["Dagger Throw","Dagger Spray","Calculated Gamble"],"picked":"Tactician","floor":25.0},{"not_picked":["PiercingWail","Sucker Punch+1","Dagger Spray+1"],"picked":"Underhanded Strike","floor":28.0}],"player_experience":1869382,"relics_obtained":[{"floor":8.0,"key":"Ice Cream"},{"floor":9.0,"key":"Question Card"},{"floor":11.0,"key":"MawBank"},{"floor":12.0,"key":"Singing Bowl"},{"floor":21.0,"key":"Red Mask"},{"floor":26.0,"key":"Kunai"},{"floor":28.0,"key":"White Beast Statue"}],"event_choices":[{"damage_healed":0.0,"max_hp_gain":0.0,"max_hp_loss":0.0,"gold_gain":0.0,"event_name":"Shining Light","player_choice":"Entered Light","floor":2.0,"gold_loss":0.0,"damage_taken":20.0,"cards_upgraded":["Defend_G","Neutralize"]},{"damage_healed":0.0,"max_hp_gain":0.0,"max_hp_loss":0.0,"gold_gain":0.0,"event_name":"Scrap Ooze","player_choice":"Success","floor":4.0,"gold_loss":0.0,"damage_taken":18.0,"relics_obtained":["Oddly Smooth Stone"]},{"damage_healed":0.0,"max_hp_gain":0.0,"max_hp_loss":0.0,"gold_gain":0.0,"event_name":"Masked Bandits","player_choice":"Fought Bandits","floor":21.0,"gold_loss":0.0,"damage_taken":0.0},{"damage_healed":0.0,"max_hp_gain":0.0,"max_hp_loss":22.0,"gold_gain":0.0,"event_name":"Vampires","player_choice":"Became a vampire","floor":27.0,"gold_loss":0.0,"damage_taken":0.0,"cards_obtained":["Bite","Bite","Bite","Bite","Bite"]}],"is_beta":false,"boss_relics":[{"not_picked":["SlaversCollar","Astrolabe"],"picked":"Snecko Eye"}],"items_purged_floors":[],"is_endless":false,"potions_floor_spawned":[1,7,11,13,16,19,22,24,25],"killed_by":"Slavers","ascension_level":20}}