{"host":"z439itq93uucuvou","time":1613679791,"event":{"mods":["BaseMod","Colored Powertips","Jorbs\u0027s Wanderer Trilogy","Minty Spire (QoL Compilation)","StSLib"],"gold_per_floor":[114,94,104,53,53,53,69,69,69,69,87,120,120,131,131,131,131],"floor_reached":16,"language":"ENG","playtime":432,"items_purged":[],"score":200,"play_id":"cda860ac-9a0f-4a78-b4d6-1ee567e85871","local_time":"20210218122311","is_ascension_mode":true,"campfire_choices":[{"data":"Neutralize","floor":6.0,"key":"SMITH"},{"data":"Dodge and Roll","floor":8.0,"key":"SMITH"},{"floor":10.0,"key":"REST"},{"data":"Blade Dance","floor":13.0,"key":"SMITH"},{"floor":15,"key":"REST"}],"circlet_count":0,"master_deck":["AscendersBane","Strike_G","Strike_G","Strike_G","Strike_G","Strike_G","Defend_G","Defend_G","Defend_G","Defend_G","Defend_G","Survivor","Neutralize+1","Dodge and Roll+1","PiercingWail","Catalyst","Blade Dance+1","Poisoned Stab","Accuracy","Glass Knife"],"relics":["Ring of the Snake","NeowsBlessing","FaceOfCleric","Dream Catcher","Blood Vial"],"acts_visited":["Exordium"],"potions_floor_usage":[16,16],"damage_taken":[{"damage":0.0,"enemies":"Jaw Worm","floor":1.0,"turns":1.0},{"damage":0.0,"enemies":"Cultist","floor":3.0,"turns":1.0},{"damage":0.0,"enemies":"Small Slimes","floor":7.0,"turns":1.0},{"damage":8.0,"enemies":"Exordium Thugs","floor":11.0,"turns":7.0},{"damage":36.0,"enemies":"Gremlin Nob","floor":12.0,"turns":4.0},{"damage":2,"enemies":"Red Slaver","floor":14,"turns":2},{"damage":50,"enemies":"Hexaghost","floor":16,"turns":11}],"seed_played":"2236925657072992872","potions_obtained":[{"floor":1.0,"key":"Regen Potion"},{"floor":2.0,"key":"Strength Potion"},{"floor":11.0,"key":"LiquidBronze"},{"floor":12.0,"key":"Weak Potion"}],"is_trial":false,"path_per_floor":["M","?","M","$","?","R","M","R","T","R","M","E","R","M","R","B"],"character_chosen":"THE_SILENT","items_purchased":["PiercingWail"],"campfire_rested":2,"item_purchase_floors":[4],"current_hp_per_floor":[59,59,59,59,59,59,60,60,60,67,60,25,25,26,47,0,0],"gold":131,"neow_bonus":"THREE_ENEMY_KILL","is_daily":false,"chose_seed":false,"campfire_upgraded":3,"win_rate":0.0,"timestamp":1613679791,"path_taken":["M","?","?","?","?","R","?","R","T","R","M","E","R","M","R","BOSS"],"items_purchased_type":["Card"],"build_version":"2020-12-22","purchased_purges":0,"victory":false,"max_hp_per_floor":[66,66,66,66,66,66,67,67,67,67,68,69,69,70,70,70,70],"card_choices":[{"not_picked":["Sucker Punch","Underhanded Strike"],"picked":"Dodge and Roll","floor":1.0},{"not_picked":["Concentrate","Sucker Punch","Dodge and Roll"],"picked":"SKIP","floor":3.0},{"not_picked":["Setup","Backstab"],"picked":"Catalyst","floor":7.0},{"not_picked":["Dash","Dagger Spray"],"picked":"Blade Dance","floor":10.0},{"not_picked":["PiercingWail","All Out Attack"],"picked":"Poisoned Stab","floor":11.0},{"not_picked":["Acrobatics","Calculated Gamble"],"picked":"Accuracy","floor":12.0},{"not_picked":["Slice","Sucker Punch","Eviscerate"],"picked":"SKIP","floor":14},{"not_picked":["Bane","Deflect"],"picked":"Glass Knife","floor":15}],"player_experience":1503440,"relics_obtained":[{"floor":9.0,"key":"Dream Catcher"},{"floor":12.0,"key":"Blood Vial"}],"event_choices":[{"damage_healed":0.0,"max_hp_gain":0.0,"max_hp_loss":0.0,"gold_gain":0.0,"event_name":"The Woman in Blue","player_choice":"Bought 1 Potion","floor":2.0,"gold_loss":0.0,"damage_taken":0.0},{"damage_healed":0.0,"max_hp_gain":0.0,"max_hp_loss":0.0,"gold_gain":0.0,"event_name":"FaceTrader","player_choice":"Trade","floor":5.0,"gold_loss":0.0,"damage_taken":0.0,"relics_obtained":["FaceOfCleric"]}],"is_beta":false,"boss_relics":[],"items_purged_floors":[],"is_endless":false,"potions_floor_spawned":[1,11,12],"killed_by":"Hexaghost","ascension_level":20}}