{"host":"arn2jcql7xd3a3xg","time":1613638403,"event":{"mods":["AchievementEnabler","AlwaysNeverKeys","BaseMod","Better Third Choice","Colored Map","Colored Powertips","Downfall","GifTheSpireLib","Highlight Path","Infinite Spire","Minty Spire (QoL Compilation)","Permanent Neow","Quick Restart","Rare Cards Sparkle","Replay The Spire","StSLib","SuperFastMode"],"gold_per_floor":[99,115,115,134,134,144,170,204,222,50,150,167,167,167,180,284,284,284,297,307,327,130,130,130,148,148,48,48,48,48,61,75,175,175,175,194,194,194,213,231,231,260,260,260,60,75,75,86,105,105,105,138,63,63,63,63],"floor_reached":57,"language":"ENG","playtime":5051,"items_purged":["Looming Evil"],"score":1386,"play_id":"ebb02206-ce7b-4f50-bdb9-a9a06f65015c","local_time":"20210218005323","is_ascension_mode":false,"campfire_choices":[{"data":"sneckomod:Unknown","floor":1.0,"key":"SMITH"},{"data":"sneckomod:MasterEye","floor":18.0,"key":"SMITH"},{"floor":27.0,"key":"REST"},{"data":"ReplayTheSpireMod:??????????????????????","floor":35.0,"key":"SMITH"},{"floor":45.0,"key":"REST"},{"data":"sneckomod:Unknown3Cost","floor":47.0,"key":"SMITH"},{"floor":54.0,"key":"REST"}],"circlet_count":0,"master_deck":["sneckomod:TailWhip","sneckomod:SnekBite","sneckomod:Unknown","sneckomod:Unknown+1","sneckomod:UnendingSupply","sneckomod:UnknownCommonSkill","sneckomod:DiceBlock","Escape Plan","Eclipse+1","sneckomod:UnknownClassGREEN","sneckomod:UnknownUncommonPower+1","sneckomod:MorePower","sneckomod:MasterEye+1","sneckomod:WideSting","sneckomod:UnknownCommonAttack","sneckomod:UnknownUncommonPower+1","sneckomod:UnknownClassGREEN","sneckomod:UnknownRareSkill+1","sneckomod:QuickMove","sneckomod:Unknown3Cost+1","sneckomod:QuickMove","sneckomod:Unknown3Cost+1","sneckomod:UnknownCommonAttack+1","sneckomod:MasterEye","sneckomod:UnknownRareAttack+1","sneckomod:UnknownBlock","sneckomod:UnknownCommonSkill+1","sneckomod:UnknownUncommonPower+1","sneckomod:Unknown2Cost+1","sneckomod:Unknown2Cost+1","sneckomod:UnknownBlock","sneckomod:UnknownRareSkill+1","sneckomod:CheapStock","sneckomod:SoulRoll","sneckomod:UnknownBlock","sneckomod:QuickMove","sneckomod:SoulCleanse","ReplayTheSpireMod:??????????????????????+1","sneckomod:DiceBlock","sneckomod:Unknown3Cost+1","sneckomod:UnknownBlock","sneckomod:UnknownUncommonPower+1","sneckomod:UnknownRareSkill","sneckomod:DiceBlock","sneckomod:UnknownUncommonPower+1","sneckomod:DiceCrush","sneckomod:QuickMove+1","sneckomod:CheapStock+1","expansioncontent:Chronoboost","sneckomod:Unknown2Cost+1","sneckomod:SnekBeam+1","sneckomod:UnknownClassSLIMEBOUND","sneckomod:UnknownUncommonPower+1","sneckomod:UnknownUncommonPower+1","sneckomod:CheapStock+1","sneckomod:UnendingSupply","sneckomod:ImprovisedGuard"],"relics":["Empty Cage","Bag of Preparation","Replay:Mystery Machine","Toy Ornithopter","ReplayTheSpireMod:Ring of Collecting","Ring of Panic","Philosopher\u0027s Stone","ReplayTheSpireMod:Ring of Exchange","Ginger","downfall:HeartBlessingGreen","Bottled Lightning","Enchiridion","bronze:MakeshiftBattery","Ring of Fury","Replay:WaspNest","Ring of Peace","InkBottle","ReplayFunnel","Ring of Hypnosis","Replay:PocketPolymizer","downfall:HeartBlessingBlue","downfall:HeartBlessingRed","Mercury Hourglass"],"acts_visited":["Exordium","TheCity","TheBeyond","TheEnding"],"potions_floor_usage":[],"damage_taken":[{"damage":2.0,"enemies":"Jaw Worm","floor":2.0,"turns":4.0},{"damage":1.0,"enemies":"Cultist","floor":4.0,"turns":3.0},{"damage":3.0,"enemies":"Small Slimes","floor":6.0,"turns":3.0},{"damage":8.0,"enemies":"Lagavulin","floor":8.0,"turns":5.0},{"damage":7.0,"enemies":"Exordium Wildlife","floor":9.0,"turns":3.0},{"damage":0.0,"enemies":"downfall:FleeingMerchant","floor":10.0,"turns":4.0},{"damage":29.0,"enemies":"downfall:LadyInBlue","floor":11.0,"turns":12.0},{"damage":0.0,"enemies":"Red Slaver","floor":12.0,"turns":4.0},{"damage":7.0,"enemies":"3 Louse","floor":15.0,"turns":3.0},{"damage":0.0,"enemies":"IC_STATUS_ARCHETYPE","floor":16.0,"turns":5.0},{"damage":4.0,"enemies":"downfall:LooterAlt2","floor":19.0,"turns":4.0},{"damage":48.0,"enemies":"Spheric Guardian","floor":20.0,"turns":7.0},{"damage":7.0,"enemies":"Shelled Parasite and Fungi","floor":21.0,"turns":4.0},{"damage":12.0,"enemies":"downfall:FleeingMerchant","floor":22.0,"turns":4.0},{"damage":0.0,"enemies":"Snake Plant","floor":25.0,"turns":3.0},{"damage":11.0,"enemies":"Centurion and Healer","floor":31.0,"turns":3.0},{"damage":1.0,"enemies":"Cultist and Chosen","floor":32.0,"turns":6.0},{"damage":20.0,"enemies":"SI_MIRROR_ARCHETYPE","floor":33.0,"turns":6.0},{"damage":24.0,"enemies":"3 Darklings","floor":36.0,"turns":5.0},{"damage":1.0,"enemies":"3 Shapes","floor":39.0,"turns":3.0},{"damage":1.0,"enemies":"Spire Growth","floor":40.0,"turns":4.0},{"damage":42.0,"enemies":"Reptomancer","floor":42.0,"turns":6.0},{"damage":0.0,"enemies":"4 Shapes","floor":46.0,"turns":7.0},{"damage":0.0,"enemies":"3 Darklings","floor":48.0,"turns":4.0},{"damage":0.0,"enemies":"Transient","floor":49.0,"turns":5.0},{"damage":0.0,"enemies":"WA_ARCHETYPE_DIVINITY","floor":50.0,"turns":5.0},{"damage":43.0,"enemies":"downfall:CharBossMerchant","floor":52.0,"turns":8.0},{"damage":13.0,"enemies":"downfall:NeowBoss","floor":55.0,"turns":8.0},{"damage":46,"enemies":"downfall:NeowBossFinal","floor":56,"turns":13}],"seed_played":"-3389673137501478296","potions_obtained":[{"floor":2.0,"key":"infinitespire:BlackPotion"},{"floor":11.0,"key":"Adrenaline Potion"},{"floor":11.0,"key":"Fire Potion"},{"floor":16.0,"key":"Adrenaline Potion"},{"floor":20.0,"key":"Adrenaline Potion"},{"floor":31.0,"key":"SpeedPotion"},{"floor":33.0,"key":"BlessingOfTheForge"},{"floor":36.0,"key":"sneckomod:DiceRollPotion"},{"floor":48.0,"key":"Reflective Coating"}],"is_trial":false,"path_per_floor":["R","M","?","M","?","M","T","E","M","$","?","M","?","?","M","B",null,"R","M","M","M","$","?","T","M","?","R","AVR","?","?","M","M","B",null,"R","M","?","?","M","M","T","E","T","?","R","M","R","M","M","B",null,"E","$","R","B","B",null],"character_chosen":"THE_SNECKO","items_purchased":["sneckomod:MasterEye","sneckomod:WideSting","sneckomod:UnknownCommonAttack","sneckomod:CheapStock","sneckomod:SoulRoll","sneckomod:UnendingSupply"],"campfire_rested":3,"item_purchase_floors":[10,10,10,22,22,53],"current_hp_per_floor":[90,88,88,87,75,72,72,64,57,57,28,33,33,33,26,31,90,90,86,53,51,39,39,39,39,39,66,66,66,50,44,43,23,90,90,66,66,66,65,69,69,47,47,47,87,87,87,92,92,100,100,57,57,87,79,48],"gold":63,"neow_bonus":"BOSS_RELIC","is_daily":false,"chose_seed":false,"campfire_upgraded":4,"win_rate":0.0,"timestamp":1613638403,"path_taken":["R","M","?","?","?","M","T","E","M","$","?","?","?","?","M","BOSS","R","M","M","M","$","?","T","M","?","R","AVR","?","?","M","M","BOSS","R","M","?","?","M","M","T","E","?","?","R","M","R","M","M","BOSS","E","$","R","BOSS","BOSS"],"items_purchased_type":["Card","Card","Card","Card","Card","Card"],"build_version":"2020-12-22","purchased_purges":1,"victory":true,"max_hp_per_floor":[90,90,90,90,90,90,90,90,90,90,90,90,90,90,90,90,90,90,90,90,90,90,90,90,90,90,90,90,90,90,90,90,90,90,90,90,90,90,90,90,90,90,90,90,100,100,100,100,100,100,100,100,100,100,100,100],"card_choices":[{"not_picked":["sneckomod:DefensiveFlair","sneckomod:IronFang"],"picked":"sneckomod:UnendingSupply","floor":2.0},{"not_picked":["sneckomod:SnekBeam","sneckomod:Nope"],"picked":"sneckomod:DiceBlock","floor":4.0},{"not_picked":["sneckomod:DiceBoulder","sneckomod:QuickBite","sneckomod:SoulRoll"],"picked":"SKIP","floor":6.0},{"not_picked":["sneckomod:UnknownCommonAttack","sneckomod:DangerNoodle"],"picked":"sneckomod:UnknownClassGREEN","floor":8.0},{"not_picked":["sneckomod:UnknownCommonAttack+1","sneckomod:Unknown1Cost+1"],"picked":"sneckomod:UnknownUncommonPower+1","floor":9.0},{"not_picked":["sneckomod:DiceBoulder","sneckomod:QuickBite","sneckomod:UnknownCommonSkill"],"picked":"SKIP","floor":9.0},{"not_picked":["sneckomod:UnknownClassSLIMEBOUND","sneckomod:Unknown3Cost"],"picked":"sneckomod:MorePower","floor":10.0},{"not_picked":["sneckomod:UnknownX+1","sneckomod:Unknown2Cost+1"],"picked":"sneckomod:UnknownUncommonPower+1","floor":11.0},{"not_picked":["sneckomod:SoulRoll","sneckomod:Unknown0Cost"],"picked":"sneckomod:UnknownClassGREEN","floor":11.0},{"not_picked":["sneckomod:UnknownBoss+1","sneckomod:UnknownStrike+1"],"picked":"sneckomod:UnknownRareSkill+1","floor":12.0},{"not_picked":["sneckomod:SerpentIdol","sneckomod:UnknownStrike"],"picked":"sneckomod:QuickMove","floor":12.0},{"not_picked":["sneckomod:UnknownCommonSkill+1","sneckomod:Unknown1Cost+1"],"picked":"sneckomod:Unknown3Cost+1","floor":15.0},{"not_picked":["sneckomod:QuickBite","sneckomod:UnknownBlock"],"picked":"sneckomod:QuickMove","floor":15.0},{"not_picked":["sneckomod:UnknownBoss","sneckomod:SoulExchange"],"picked":"sneckomod:Unknown3Cost","floor":16.0},{"not_picked":["sneckomod:UnknownVulnerable+1","sneckomod:UnknownUncommonPower+1"],"picked":"sneckomod:UnknownCommonAttack+1","floor":19.0},{"not_picked":["sneckomod:SoulCleanse","sneckomod:SnekBeam"],"picked":"sneckomod:MasterEye","floor":19.0},{"not_picked":["sneckomod:UnknownCommonAttack+1","sneckomod:UnknownWeak+1"],"picked":"sneckomod:UnknownRareAttack+1","floor":20.0},{"not_picked":["sneckomod:UnknownX","sneckomod:UnknownClassGREEN"],"picked":"sneckomod:UnknownBlock","floor":20.0},{"not_picked":["sneckomod:UnknownCommonAttack+1","sneckomod:UnknownClassSLIMEBOUND+1"],"picked":"sneckomod:UnknownCommonSkill+1","floor":21.0},{"not_picked":["sneckomod:UnknownCommonAttack+1","sneckomod:Unknown1Cost+1"],"picked":"sneckomod:UnknownUncommonPower+1","floor":21.0},{"not_picked":["sneckomod:UnknownClassGREEN+1","sneckomod:Unknown0Cost+1"],"picked":"sneckomod:Unknown2Cost+1","floor":21.0},{"not_picked":["sneckomod:UnknownExhaust+1","sneckomod:UnknownClassINFINITE_BLACK+1"],"picked":"sneckomod:Unknown2Cost+1","floor":21.0},{"not_picked":["sneckomod:SoulCleanse","sneckomod:DiceBoulder"],"picked":"sneckomod:UnknownBlock","floor":21.0},{"not_picked":["sneckomod:UnknownUncommonSkill+1","sneckomod:Unknown0Cost+1"],"picked":"sneckomod:UnknownRareSkill+1","floor":22.0},{"not_picked":["sneckomod:UnknownExhaust+1","sneckomod:UnknownDraw"],"picked":"sneckomod:MasterEye","floor":22.0},{"not_picked":["sneckomod:UnknownCommonSkill","sneckomod:QuickBite"],"picked":"sneckomod:UnknownBlock","floor":25.0},{"not_picked":["sneckomod:UnknownClassSLIMEBOUND","sneckomod:UnknownCommonAttack"],"picked":"sneckomod:DiceBlock","floor":31.0},{"not_picked":["sneckomod:UnknownWeak+1","sneckomod:UnknownRarePower+1"],"picked":"sneckomod:Unknown3Cost+1","floor":32.0},{"not_picked":["sneckomod:UnknownDraw","sneckomod:UnendingSupply"],"picked":"sneckomod:UnknownBlock","floor":32.0},{"not_picked":["sneckomod:UnknownRareAttack+1","sneckomod:Unknown0Cost+1"],"picked":"sneckomod:UnknownUncommonPower+1","floor":33.0},{"not_picked":["sneckomod:Restock","sneckomod:UnknownRareAttack"],"picked":"sneckomod:UnknownRareSkill","floor":33.0},{"not_picked":["sneckomod:Unknown0Cost","sneckomod:UnknownClassGREEN+1"],"picked":"sneckomod:DiceBlock","floor":36.0},{"not_picked":["sneckomod:Unknown2Cost+1","sneckomod:Unknown1Cost+1"],"picked":"sneckomod:UnknownUncommonPower+1","floor":39.0},{"not_picked":["sneckomod:Unknown0Cost","sneckomod:UnknownBlock+1"],"picked":"sneckomod:DiceCrush","floor":39.0},{"not_picked":["sneckomod:SoulRoll+1","sneckomod:DangerNoodle"],"picked":"sneckomod:QuickMove+1","floor":40.0},{"not_picked":["sneckomod:UnknownBlock","sneckomod:UnknownVulnerable"],"picked":"sneckomod:CheapStock+1","floor":42.0},{"not_picked":["expansioncontent:HyperBeam","Replay:SS_fish_1"],"picked":"expansioncontent:Chronoboost","floor":44.0},{"not_picked":["sneckomod:UnknownDraw+1","sneckomod:UnknownUncommonAttack+1"],"picked":"sneckomod:Unknown2Cost+1","floor":46.0},{"not_picked":["sneckomod:QuickBite+1","sneckomod:SoulRoll+1"],"picked":"sneckomod:SnekBeam+1","floor":46.0},{"not_picked":["sneckomod:IronFang+1","sneckomod:QuickMove"],"picked":"sneckomod:UnknownUncommonPower+1","floor":48.0},{"not_picked":["sneckomod:Unknown1Cost+1","sneckomod:Unknown2Cost+1"],"picked":"sneckomod:UnknownUncommonPower+1","floor":49.0},{"not_picked":["sneckomod:UnknownClassINFINITE_BLACK+1","sneckomod:MasterEye+1"],"picked":"sneckomod:CheapStock+1","floor":49.0},{"not_picked":["sneckomod:RainOfDice","sneckomod:UnknownVulnerable","sneckomod:QuickBite+1"],"picked":"SKIP","floor":52.0}],"player_experience":83432,"relics_obtained":[{"floor":7.0,"key":"Bag of Preparation"},{"floor":8.0,"key":"Replay:Mystery Machine"},{"floor":11.0,"key":"Toy Ornithopter"},{"floor":13.0,"key":"ReplayTheSpireMod:Ring of Collecting"},{"floor":13.0,"key":"Ring of Panic"},{"floor":24.0,"key":"ReplayTheSpireMod:Ring of Exchange"},{"floor":24.0,"key":"Ginger"},{"floor":30.0,"key":"Enchiridion"},{"floor":37.0,"key":"Ring of Fury"},{"floor":37.0,"key":"Replay:WaspNest"},{"floor":41.0,"key":"Ring of Peace"},{"floor":41.0,"key":"InkBottle"},{"floor":42.0,"key":"ReplayFunnel"},{"floor":43.0,"key":"Ring of Hypnosis"},{"floor":43.0,"key":"Replay:PocketPolymizer"},{"floor":52.0,"key":"Mercury Hourglass"}],"event_choices":[{"damage_healed":0.0,"max_hp_gain":0.0,"max_hp_loss":0.0,"gold_gain":1.0,"event_name":"betterThird:BetterScrap","player_choice":"Card Card ","floor":5.0,"gold_loss":0.0,"damage_taken":12.0,"cards_obtained":["Escape Plan","Eclipse"]},{"damage_healed":0.0,"max_hp_gain":0.0,"max_hp_loss":0.0,"gold_gain":0.0,"cards_transformed":["sneckomod:Defend","sneckomod:Defend"],"event_name":"Drug Dealer","player_choice":"Became Test Subject","floor":26.0,"gold_loss":0.0,"damage_taken":0.0,"cards_obtained":["sneckomod:QuickMove","sneckomod:SoulCleanse"]}],"is_beta":false,"boss_relics":[{"not_picked":["Runic Dome","Pandora\u0027s Box"],"picked":"Philosopher\u0027s Stone"},{"not_picked":["Astrolabe","Membership Card"],"picked":"bronze:MakeshiftBattery"}],"items_purged_floors":[22],"is_endless":false,"potions_floor_spawned":[2,6,11,16,20,31,33,36,40,48,49],"ascension_level":0}}