{"host":"61r95uy0hn86b9iu","time":1613620573,"event":{"mods":["AchievementEnabler","BaseMod","Better Vampires","BetterRewards","Colored Powertips","Hubris","Minty Spire (QoL Compilation)","Shop Mod","StSLib"],"gold_per_floor":[109,79,90,13,79,79,114,114,114,133,133,133,144,38,38,111,111,127,127,327,344,37,37,66,66,66,78,78,78,78,97,97,169,169,182,182,202,227,281,281,306,306,380,380,380],"floor_reached":44,"language":"ENG","playtime":1209,"items_purged":["Strike_B"],"score":1244,"play_id":"255a7acc-0cb7-4de1-8e44-b34ec5113e5f","local_time":"20210217215613","is_ascension_mode":true,"campfire_choices":[{"data":"Sunder","floor":6.0,"key":"SMITH"},{"floor":11.0,"key":"REST"},{"data":"Fusion","floor":15.0,"key":"SMITH"},{"floor":23.0,"key":"REST"},{"floor":28.0,"key":"REST"},{"data":"Reinforced Body","floor":30.0,"key":"SMITH"},{"floor":32.0,"key":"REST"},{"floor":40,"key":"REST"},{"floor":42,"key":"REST"}],"circlet_count":0,"master_deck":["AscendersBane","Strike_B","Strike_B","Strike_B","Defend_B","Defend_B","Defend_B","Defend_B","Zap+1","Dualcast","Defragment+1","Flash of Steel","Sunder+1","hubris:Ukulele","FTL","Fusion+1","Echo Form+1","Reinforced Body+1","Streamline+1","Sweeping Beam+1","Rainbow","Chill","Gash+1","Gash+1","Consume"],"relics":["Cracked Core","Frozen Egg 2","CaptainsWheel","Smiling Mask","Ice Cream","hubris:EvacipatedBox","Cables","hubris:ScarierMask","MerchantsRug","Juzu Bracelet","Molten Egg 2","hubris:Icosahedron","hubris:RunicObelisk","hubris:Towel","Gambling Chip","Emotion Chip","Nunchaku","Mummified Hand"],"acts_visited":["Exordium","TheCity","TheBeyond"],"potions_floor_usage":[],"damage_taken":[{"damage":0.0,"enemies":"2 Louse","floor":1.0,"turns":2.0},{"damage":0.0,"enemies":"Cultist","floor":3.0,"turns":3.0},{"damage":0.0,"enemies":"Lagavulin","floor":7.0,"turns":4.0},{"damage":7.0,"enemies":"Jaw Worm","floor":10.0,"turns":2.0},{"damage":5.0,"enemies":"Gremlin Gang","floor":13.0,"turns":2.0},{"damage":21.0,"enemies":"The Guardian","floor":16.0,"turns":7.0},{"damage":35.0,"enemies":"Shell Parasite","floor":18.0,"turns":4.0},{"damage":11.0,"enemies":"Spheric Guardian","floor":21.0,"turns":3.0},{"damage":39.0,"enemies":"Slavers","floor":24.0,"turns":5.0},{"damage":0.0,"enemies":"Cultist and Chosen","floor":27.0,"turns":4.0},{"damage":0.0,"enemies":"Sentry and Sphere","floor":31.0,"turns":2.0},{"damage":27.0,"enemies":"Champ","floor":33.0,"turns":9.0},{"damage":18,"enemies":"3 Shapes","floor":35,"turns":3},{"damage":4,"enemies":"3 Darklings","floor":37,"turns":4},{"damage":0,"enemies":"Mind Bloom Boss Battle","floor":38,"turns":7},{"damage":28,"enemies":"2 Orb Walkers","floor":39,"turns":3},{"damage":44,"enemies":"Reptomancer","floor":41,"turns":8},{"damage":46,"enemies":"Nemesis","floor":44,"turns":4}],"seed_played":"-2131874692894950760","potions_obtained":[{"floor":1.0,"key":"LiquidMemories"},{"floor":2.0,"key":"AttackPotion"},{"floor":13.0,"key":"FearPotion"},{"floor":24.0,"key":"Dexterity Potion"},{"floor":27.0,"key":"CultistPotion"},{"floor":37,"key":"Ancient Potion"},{"floor":38,"key":"Dexterity Potion"}],"is_trial":false,"path_per_floor":["M","?","M","$","?","R","E","$","T","M","R","?","M","$","R","B",null,"M","?","?","M","$","R","E","?","T","M","R","?","R","M","R","B",null,"M","?","M","?","?","R","E","R","T","E"],"character_chosen":"DEFECT","items_purchased":["Lee\u0027s Waffle","Fruit Juice","Frozen Egg 2","Defragment+1","Pear","Flash of Steel","hubris:Ukulele","Ice Cream","hubris:EvacipatedBox","CultistPotion","MerchantsRug","Juzu Bracelet"],"campfire_rested":6,"item_purchase_floors":[0,0,0,0,0,0,4,8,8,14,22,22],"current_hp_per_floor":[93,93,93,93,93,93,93,49,49,42,69,69,64,64,64,43,81,46,65,65,54,54,81,42,42,42,42,69,69,69,69,93,66,86,68,68,64,64,36,63,19,46,46,0,0],"gold":380,"neow_bonus":"","is_daily":false,"chose_seed":false,"campfire_upgraded":3,"win_rate":0.0,"timestamp":1613620573,"path_taken":["M","?","?","$","?","R","E","?","T","M","R","?","M","$","R","BOSS","M","?","?","M","$","R","E","?","T","M","R","?","R","M","R","BOSS","M","?","M","?","?","R","E","R","T","E"],"items_purchased_type":["Relic","Potion","Relic","Card","Relic","Card","Card","Relic","Relic","Potion","Relic","Relic"],"build_version":"2020-12-22","purchased_purges":1,"victory":false,"max_hp_per_floor":[93,93,93,93,93,93,93,93,93,93,93,93,93,93,93,93,93,93,93,93,93,93,93,93,93,93,93,93,93,93,93,93,93,93,93,93,93,93,93,93,93,93,93,93,93],"card_choices":[{"not_picked":["Self Repair+1","Cold Snap"],"picked":"Sunder","floor":1.0},{"not_picked":["Cold Snap","Stack","Fusion"],"picked":"SKIP","floor":3.0},{"not_picked":["Gash","Turbo","Steam"],"picked":"SKIP","floor":7.0},{"not_picked":["Redo","Force Field"],"picked":"FTL","floor":10.0},{"not_picked":["Stack","Fusion","Beam Cell"],"picked":"SKIP","floor":13.0},{"not_picked":["Stack","Beam Cell"],"picked":"Fusion","floor":13.0},{"not_picked":["Multi-Cast","hubris:Prefetch"],"picked":"Echo Form+1","floor":16.0},{"not_picked":["Beam Cell","Redo","Hologram"],"picked":"SKIP","floor":18.0},{"not_picked":["Stack","Hologram","Redo"],"picked":"SKIP","floor":21.0},{"not_picked":["Skim","Rebound+1"],"picked":"Reinforced Body","floor":24.0},{"not_picked":["Hologram","Amplify"],"picked":"Streamline+1","floor":27.0},{"not_picked":["Compile Driver+1","Beam Cell+1"],"picked":"Sweeping Beam+1","floor":31.0},{"not_picked":["hubris:SpecializedCircuitry+1","hubris:Prefetch"],"picked":"Rainbow","floor":33.0},{"not_picked":["Turbo","Steam+1","Coolheaded"],"picked":"SKIP","floor":35},{"not_picked":["Heatsinks+1","hubris:PowerSurge+1"],"picked":"Chill","floor":37},{"not_picked":["Rebound+1","Fusion"],"picked":"Gash+1","floor":38},{"not_picked":["Streamline+1","Sunder+1"],"picked":"Gash+1","floor":39},{"not_picked":["Barrage+1","Leap"],"picked":"Consume","floor":41}],"player_experience":3371590,"relics_obtained":[{"floor":7.0,"key":"Smiling Mask"},{"floor":9.0,"key":"Cables"},{"floor":24.0,"key":"Molten Egg 2"},{"floor":38,"key":"Gambling Chip"},{"floor":39,"key":"Emotion Chip"},{"floor":41,"key":"Nunchaku"},{"floor":43,"key":"Mummified Hand"}],"event_choices":[{"damage_healed":0.0,"max_hp_gain":0.0,"max_hp_loss":0.0,"gold_gain":0.0,"event_name":"The Woman in Blue","player_choice":"Bought 2 Potions","floor":2.0,"gold_loss":0.0,"damage_taken":0.0},{"damage_healed":0.0,"max_hp_gain":0.0,"max_hp_loss":0.0,"gold_gain":66.0,"event_name":"Golden Wing","player_choice":"Gained Gold","floor":5.0,"gold_loss":0.0,"damage_taken":0.0},{"damage_healed":19.0,"max_hp_gain":0.0,"max_hp_loss":0.0,"gold_gain":0.0,"event_name":"The Library","player_choice":"Heal","floor":19.0,"gold_loss":0.0,"damage_taken":0.0},{"damage_healed":0.0,"max_hp_gain":0.0,"max_hp_loss":0.0,"gold_gain":200.0,"event_name":"Wheel of Change","player_choice":"Gold","floor":20.0,"gold_loss":0.0,"damage_taken":0.0},{"damage_healed":0.0,"max_hp_gain":0.0,"max_hp_loss":0.0,"gold_gain":0.0,"event_name":"The Mausoleum","player_choice":"Ignored","floor":29.0,"gold_loss":0.0,"damage_taken":0.0},{"damage_healed":0,"gold_gain":0,"player_choice":"Fight","damage_taken":0,"max_hp_gain":0,"max_hp_loss":0,"event_name":"MindBloom","floor":38,"gold_loss":0},{"damage_healed":0,"gold_gain":0,"player_choice":"Fight","damage_taken":0,"max_hp_gain":0,"max_hp_loss":0,"event_name":"Mysterious Sphere","floor":39,"gold_loss":0}],"is_beta":false,"boss_relics":[{"not_picked":["Nuclear Battery","Black Star","Coffee Dripper"],"picked":"hubris:ScarierMask"},{"not_picked":["Astrolabe","Fusion Hammer","hubris:BlackHole"],"picked":"hubris:RunicObelisk"}],"items_purged_floors":[8],"is_endless":false,"potions_floor_spawned":[1,13,24,27,37,38,41],"killed_by":"Nemesis","ascension_level":19}}