{"host":"aapp7ew3jk5k1bvd","time":1613653032,"event":{"mods":["AchievementEnabler","BaseMod","Colored Map","Custom Start","Keyboard Shortcuts","Minty Spire (QoL Compilation)","Permanent Neow","Quick Restart","StSLib","SuperFastMode"],"gold_per_floor":[110,32,52,2,17,17,55,83,83,110,110,127,146,14,24,24,130,180,197,197,61,80,102,102,139,139,139,160,183,216,216,116,116,226,226,247,58,78,87,101,101,127,137,164,164,14,39,39,51,51,51],"floor_reached":52,"language":"KOR","playtime":1728,"items_purged":["Strike_G","Defend_G","Defend_G","Defend_G"],"score":1030,"play_id":"c8f2a4d0-ca7f-4cf6-b163-4a2786e2981f","local_time":"20210218215712","is_ascension_mode":true,"campfire_choices":[{"data":"Infinite Blades","floor":6.0,"key":"SMITH"},{"data":"After Image","floor":11.0,"key":"SMITH"},{"floor":16.0,"key":"REST"},{"data":"Adrenaline","floor":24.0,"key":"SMITH"},{"floor":26.0,"key":"REST"},{"floor":31.0,"key":"REST"},{"floor":33.0,"key":"REST"},{"floor":41,"key":"REST"},{"floor":45,"key":"REST"},{"data":"A Thousand Cuts","floor":48,"key":"SMITH"},{"floor":50,"key":"REST"}],"circlet_count":0,"master_deck":["Defend_G","Defend_G","Survivor+1","Neutralize","After Image+1","Riddle With Holes","Accuracy","Infinite Blades+1","Glass Knife","Blade Dance","A Thousand Cuts+1","Adrenaline+1","Footwork","Deflect","Cloak And Dagger","Cloak And Dagger","Infinite Blades","Deflect+1","After Image","Blade Dance","Accuracy","Impatience"],"relics":["Ring of the Snake","CeramicFish","Ninja Scroll","Anchor","Tiny House","Bottled Tornado","Girya","Centennial Puzzle","Runic Pyramid","Bronze Scales","Blood Vial","Art of War"],"acts_visited":["Exordium","TheCity","TheBeyond"],"potions_floor_usage":[40,47,51,51,51],"damage_taken":[{"damage":1.0,"enemies":"Jaw Worm","floor":1.0,"turns":3.0},{"damage":4.0,"enemies":"Small Slimes","floor":3.0,"turns":5.0},{"damage":0.0,"enemies":"Cultist","floor":5.0,"turns":5.0},{"damage":25.0,"enemies":"Gremlin Nob","floor":7.0,"turns":5.0},{"damage":3.0,"enemies":"Red Slaver","floor":8.0,"turns":4.0},{"damage":3.0,"enemies":"Large Slime","floor":12.0,"turns":3.0},{"damage":0.0,"enemies":"Looter","floor":13.0,"turns":2.0},{"damage":0.0,"enemies":"3 Louse","floor":15.0,"turns":2.0},{"damage":0.0,"enemies":"Slime Boss","floor":17.0,"turns":8.0},{"damage":0.0,"enemies":"Chosen","floor":19.0,"turns":4.0},{"damage":4.0,"enemies":"Shell Parasite","floor":22.0,"turns":6.0},{"damage":17.0,"enemies":"Shelled Parasite and Fungi","floor":23.0,"turns":6.0},{"damage":22.0,"enemies":"Gremlin Leader","floor":25.0,"turns":6.0},{"damage":2.0,"enemies":"Sentry and Sphere","floor":28.0,"turns":6.0},{"damage":0.0,"enemies":"Centurion and Healer","floor":29.0,"turns":7.0},{"damage":13.0,"enemies":"Book of Stabbing","floor":30.0,"turns":7.0},{"damage":18.0,"enemies":"Champ","floor":34.0,"turns":14.0},{"damage":0.0,"enemies":"Orb Walker","floor":36.0,"turns":4.0},{"damage":12.0,"enemies":"3 Darklings","floor":38.0,"turns":5.0},{"damage":17,"enemies":"Writhing Mass","floor":40,"turns":6},{"damage":2,"enemies":"Giant Head","floor":42,"turns":7},{"damage":20,"enemies":"Spire Growth","floor":43,"turns":5},{"damage":11,"enemies":"Reptomancer","floor":47,"turns":6},{"damage":20,"enemies":"Jaw Worm Horde","floor":49,"turns":3},{"damage":58,"enemies":"Awakened One","floor":51,"turns":12}],"seed_played":"-4424974902844406300","potions_obtained":[{"floor":1.0,"key":"SteroidPotion"},{"floor":7.0,"key":"PowerPotion"},{"floor":8.0,"key":"DuplicationPotion"},{"floor":12.0,"key":"Dexterity Potion"},{"floor":25.0,"key":"LiquidMemories"},{"floor":28.0,"key":"DuplicationPotion"},{"floor":30.0,"key":"LiquidMemories"},{"floor":36.0,"key":"Regen Potion"},{"floor":43,"key":"Fire Potion"},{"floor":47,"key":"Poison Potion"}],"is_trial":false,"path_per_floor":["M","$","M","?","M","R","E","M","T","T","R","M","M","$","M","R","B",null,"M","?","$","M","M","R","E","R","T","M","M","E","R","$","R","B",null,"M","$","M","?","M","R","E","M","T","R","$","E","R","M","R","B",null],"character_chosen":"THE_SILENT","items_purchased":["Accuracy","A Thousand Cuts","Footwork","Accuracy"],"campfire_rested":7,"item_purchase_floors":[2,14,21,37],"current_hp_per_floor":[62,62,58,58,58,58,33,30,30,30,30,27,27,27,27,45,45,64,64,64,64,60,43,43,21,41,41,39,39,26,46,46,66,48,63,63,63,51,51,34,54,52,32,32,52,52,43,43,25,45,4],"gold":51,"neow_bonus":"TRANSFORM_TWO_CARDS","is_daily":false,"chose_seed":false,"campfire_upgraded":4,"win_rate":0.0,"timestamp":1613653032,"path_taken":["M","$","M","?","M","R","E","M","T","T","R","M","M","$","M","R","BOSS","M","?","$","M","M","R","E","R","T","M","?","E","R","?","R","BOSS","M","$","M","?","M","R","E","M","T","R","$","E","R","M","R","BOSS"],"items_purchased_type":["Card","Card","Card","Card"],"build_version":"2020-12-22","purchased_purges":4,"victory":true,"max_hp_per_floor":[63,63,63,63,63,63,63,63,63,63,63,63,63,63,63,63,63,68,68,68,68,68,68,68,68,68,68,68,68,68,68,68,68,68,68,68,68,68,68,68,68,68,68,68,68,68,68,68,68,68,68],"card_choices":[{"not_picked":["Predator","Slice","Heel Hook"],"picked":"SKIP","floor":1.0},{"not_picked":["Bane","Expertise","Sucker Punch"],"picked":"SKIP","floor":3.0},{"not_picked":["Catalyst","Skewer"],"picked":"Infinite Blades","floor":5.0},{"not_picked":["Deadly Poison","PiercingWail"],"picked":"Glass Knife","floor":7.0},{"not_picked":["Catalyst","Slice"],"picked":"Blade Dance","floor":8.0},{"not_picked":["Setup","Dodge and Roll","Quick Slash"],"picked":"SKIP","floor":12.0},{"not_picked":["Outmaneuver","Crippling Poison","Poisoned Stab"],"picked":"SKIP","floor":13.0},{"not_picked":["Noxious Fumes","Bane","All Out Attack"],"picked":"SKIP","floor":15.0},{"not_picked":["Tools of the Trade","A Thousand Cuts"],"picked":"Adrenaline","floor":17.0},{"not_picked":["Slice","Dagger Spray+1","Bane"],"picked":"SKIP","floor":19.0},{"not_picked":["Catalyst","Prepared"],"picked":"Deflect","floor":22.0},{"not_picked":["Grand Finale","Setup"],"picked":"Cloak And Dagger","floor":23.0},{"not_picked":["Bane","All Out Attack","Cloak And Dagger"],"picked":"SKIP","floor":25.0},{"not_picked":["Bane","All Out Attack"],"picked":"Cloak And Dagger","floor":25.0},{"not_picked":["Underhanded Strike","Dagger Throw"],"picked":"Infinite Blades","floor":28.0},{"not_picked":["Dagger Throw","Choke"],"picked":"Deflect+1","floor":29.0},{"not_picked":["Dodge and Roll","Noxious Fumes","Sucker Punch+1"],"picked":"SKIP","floor":30.0},{"not_picked":["Venomology","Die Die Die"],"picked":"After Image","floor":34.0},{"not_picked":["Slice","Deadly Poison"],"picked":"Blade Dance","floor":36.0},{"not_picked":["PiercingWail","Dagger Spray+1","Bane+1"],"picked":"SKIP","floor":38.0},{"not_picked":["Blind","Metamorphosis"],"picked":"Impatience","floor":39.0},{"not_picked":["Quick Slash","PiercingWail","Concentrate"],"picked":"SKIP","floor":40},{"not_picked":["Leg Sweep+1","Malaise","Dodge and Roll"],"picked":"SKIP","floor":42},{"not_picked":["Reflex","Sucker Punch+1","Underhanded Strike+1"],"picked":"SKIP","floor":43},{"not_picked":["Dodge and Roll","Deadly Poison+1","Grand Finale"],"picked":"SKIP","floor":47},{"not_picked":["Prepared","Setup","Backstab+1"],"picked":"SKIP","floor":49}],"player_experience":1028432,"relics_obtained":[{"floor":7.0,"key":"CeramicFish"},{"floor":9.0,"key":"Ninja Scroll"},{"floor":10.0,"key":"Anchor"},{"floor":25.0,"key":"Bottled Tornado"},{"floor":27.0,"key":"Girya"},{"floor":30.0,"key":"Centennial Puzzle"},{"floor":42,"key":"Bronze Scales"},{"floor":44,"key":"Blood Vial"},{"floor":47,"key":"Art of War"}],"event_choices":[{"cards_removed":["Strike_G"],"damage_healed":0.0,"max_hp_gain":0.0,"max_hp_loss":0.0,"gold_gain":0.0,"event_name":"The Cleric","player_choice":"Card Removal","floor":4.0,"gold_loss":50.0,"damage_taken":0.0},{"cards_removed":["Strike_G"],"damage_healed":0.0,"max_hp_gain":0.0,"max_hp_loss":0.0,"gold_gain":0.0,"event_name":"Bonfire Elementals","player_choice":"Offered Basic","floor":20.0,"gold_loss":0.0,"damage_taken":0.0},{"damage_healed":0.0,"max_hp_gain":0.0,"max_hp_loss":0.0,"gold_gain":0.0,"event_name":"SensoryStone","player_choice":"Memory 1","floor":39.0,"gold_loss":0.0,"damage_taken":0.0}],"is_beta":false,"boss_relics":[{"not_picked":["Snecko Eye","Runic Dome"],"picked":"Tiny House"},{"not_picked":["SacredBark","Astrolabe"],"picked":"Runic Pyramid"}],"items_purged_floors":[21,32,37,46],"is_endless":false,"potions_floor_spawned":[1,7,8,12,15,23,25,28,30,36,38,43,47],"ascension_level":6}}