{"host":"j0lq4v91luowxwha","time":1613649966,"event":{"mods":["BaseMod","Colored Powertips","Downfall","Hermit","Minty Spire (QoL Compilation)","Quick Restart","Replay The Spire","StSLib","SuperFastMode","The Cursed"],"gold_per_floor":[99,99,99,99,99,34,34,63,73,73,92,104,104,117,137,240,240,240,256,270,270,270,170,170,184,7,7,40,40,65,81,97,97,97,97],"floor_reached":33,"language":"ENG","playtime":1541,"items_purged":["Regret"],"score":285,"play_id":"d45cf8a6-5af7-44b9-86f6-bfe6443cd53c","local_time":"20210218070606","is_ascension_mode":false,"campfire_choices":[{"data":"Slimebound:Split","floor":1,"key":"SMITH"},{"floor":13,"key":"REST"},{"floor":18,"key":"RECALL"},{"floor":23,"key":"REST"},{"floor":29,"key":"REST"}],"circlet_count":0,"master_deck":["Slimebound:Strike_Slimebound+1","Slimebound:Strike_Slimebound","Slimebound:Strike_Slimebound","Slimebound:Tackle","Slimebound:Defend_Slimebound","Slimebound:Defend_Slimebound","Slimebound:Defend_Slimebound+1","Slimebound:Defend_Slimebound","Slimebound:Split+1","Slimebound:CorrosiveSpit","Slimebound:Schlurp","Slimebound:HauntingLick","Slimebound:PressTheAttack","Slimebound:ItLooksTasty","Slimebound:LeechEnergy","Slimebound:Gluttony","Slimebound:MegaLick","Slimebound:SamplingLick","Slimebound:LeechLife","CurseOfTheBell","Slimebound:SamplingLick","Writhe","Slimebound:SpikyOuterGoop","Slimebound:SplitSpecialist","Slimebound:AcidTongue","Slimebound:SplitMire","Slimebound:SplitMire","Slimebound:HauntingLick"],"relics":["Slimebound:AbsorbEndCombat","downfall:HeartsMalice","Shuriken","Mercury Hourglass","Smiling Mask","Replay:Grab Bag","Fusion Hammer","Busted Crown","Calling Bell","Replay:Baseball","Onion Ring","Thread and Needle","Replay:Towering Pillar of Hats","downfall:HeartBlessingRed","Ancient Tea Set","Simple Rune"],"acts_visited":["Exordium","TheCity"],"potions_floor_usage":[],"damage_taken":[{"damage":0,"enemies":"Small Slimes","floor":2,"turns":1},{"damage":0,"enemies":"Jaw Worm","floor":3,"turns":1},{"damage":0,"enemies":"2 Louse","floor":5,"turns":1},{"damage":4,"enemies":"downfall:FleeingMerchant","floor":6,"turns":4},{"damage":20,"enemies":"Lagavulin","floor":8,"turns":5},{"damage":1,"enemies":"Exordium Wildlife","floor":9,"turns":3},{"damage":14,"enemies":"Blue Slaver","floor":11,"turns":3},{"damage":0,"enemies":"downfall:LooterAlt","floor":12,"turns":2},{"damage":12,"enemies":"Exordium Thugs","floor":14,"turns":3},{"damage":3,"enemies":"Large Slime","floor":15,"turns":3},{"damage":38,"enemies":"SI_SHIV_ARCHETYPE","floor":16,"turns":6},{"damage":13,"enemies":"3 Byrds","floor":19,"turns":3},{"damage":1,"enemies":"Chosen","floor":20,"turns":3},{"damage":27,"enemies":"Centurion and Healer","floor":25,"turns":5},{"damage":4,"enemies":"downfall:FleeingMerchant","floor":26,"turns":4},{"damage":24,"enemies":"Replay:Snechameleon","floor":28,"turns":5},{"damage":71,"enemies":"Book of Stabbing","floor":30,"turns":5},{"damage":9,"enemies":"Snecko","floor":31,"turns":4},{"damage":14,"enemies":"Sentry and Sphere","floor":32,"turns":7},{"damage":74,"enemies":"DF_ARCHETYPE_CLAW","floor":33,"turns":7}],"seed_played":"3246074360627769844","potions_obtained":[{"floor":9,"key":"Block Potion"},{"floor":11,"key":"Dexterity Potion"},{"floor":12,"key":"Swift Potion"},{"floor":27,"key":"CultistPotion"},{"floor":28,"key":"DuplicationPotion"},{"floor":30,"key":"DuplicationPotion"}],"is_trial":false,"path_per_floor":["R","M","M","?","M","$","T","E","M","?","M","M","R","M","M","B",null,"R","M","M","?","?","R","T","M","$","?","E","R","E","M","M","B"],"character_chosen":"SLIMEBOUND","items_purchased":["Slimebound:ItLooksTasty","Slimebound:AcidTongue","Slimebound:SplitMire"],"campfire_rested":3,"item_purchase_floors":[6,26,26],"current_hp_per_floor":[65,65,65,65,65,63,63,47,54,54,44,50,65,59,62,31,65,65,60,65,65,65,65,65,48,56,56,44,63,8,19,65,0,0,0],"gold":97,"neow_bonus":"THREE_ENEMY_KILL","is_daily":false,"chose_seed":false,"campfire_upgraded":1,"win_rate":0.0,"timestamp":1613649966,"path_taken":["R","M","M","?","M","$","T","E","M","?","M","M","R","M","M","BOSS","R","M","M","?","?","R","T","M","$","?","E","R","E","?","M","BOSS"],"items_purchased_type":["Card","Card","Card"],"build_version":"2020-12-22","purchased_purges":1,"victory":false,"max_hp_per_floor":[65,65,65,65,65,65,65,65,65,65,65,65,65,65,65,65,65,65,65,65,65,65,65,65,65,65,65,65,65,65,65,65,65,65,65],"card_choices":[{"not_picked":["Slimebound:LeechingTouch","Slimebound:SplitBruiser"],"picked":"Slimebound:Schlurp","floor":2},{"not_picked":["Slimebound:RainOfGoop","Slimebound:Repurpose"],"picked":"Slimebound:HauntingLick","floor":3},{"not_picked":["Slimebound:SplitMire","Slimebound:SlimeSpikes"],"picked":"Slimebound:PressTheAttack","floor":5},{"not_picked":["Slimebound:DisruptingSlam","Slimebound:GoopSpray","Slimebound:GoopTackle"],"picked":"SKIP","floor":6},{"not_picked":["Slimebound:SplitAcid","Slimebound:Schlurp"],"picked":"Slimebound:LeechEnergy","floor":8},{"not_picked":["Slimebound:Grow","Slimebound:DivideAndConquer","Slimebound:SlimeSpikes"],"picked":"SKIP","floor":9},{"not_picked":["Slimebound:LevelUp","Slimebound:PressTheAttack"],"picked":"Slimebound:Gluttony","floor":11},{"not_picked":["Slimebound:Grow","Slimebound:LeechEnergy","Slimebound:BestDefense"],"picked":"SKIP","floor":12},{"not_picked":["Slimebound:RollThrough","Slimebound:Replication"],"picked":"Slimebound:MegaLick","floor":14},{"not_picked":["Slimebound:HauntingLick","Slimebound:Repurpose"],"picked":"Slimebound:SamplingLick","floor":15},{"not_picked":["Slimebound:FirmFortitude","Slimebound:MassRepurpose"],"picked":"Slimebound:LeechLife","floor":16},{"not_picked":[],"picked":"Slimebound:SamplingLick","floor":19},{"not_picked":["Slimebound:DivideAndConquer+1"],"picked":"SKIP","floor":20},{"not_picked":[],"picked":"Slimebound:SplitSpecialist","floor":25},{"not_picked":["Slimebound:PressTheAttack"],"picked":"SKIP","floor":26},{"not_picked":["Slimebound:PressTheAttack"],"picked":"SKIP","floor":28},{"not_picked":[],"picked":"Slimebound:HauntingLick","floor":30},{"not_picked":["Slimebound:ProtectTheBoss+1"],"picked":"SKIP","floor":31},{"not_picked":["Slimebound:DisruptingSlam+1"],"picked":"SKIP","floor":32}],"player_experience":237925,"relics_obtained":[{"floor":7,"key":"Mercury Hourglass"},{"floor":8,"key":"Smiling Mask"},{"floor":17,"key":"Replay:Baseball"},{"floor":17,"key":"Onion Ring"},{"floor":17,"key":"Thread and Needle"},{"floor":28,"key":"Ancient Tea Set"},{"floor":30,"key":"Simple Rune"}],"event_choices":[{"damage_healed":0,"gold_gain":0,"player_choice":"Box","damage_taken":0,"relics_obtained":["Shuriken"],"max_hp_gain":0,"max_hp_loss":0,"event_name":"Big Fish","floor":4,"gold_loss":0,"cards_obtained":["Regret"]},{"damage_healed":0,"gold_gain":0,"player_choice":"Read","damage_taken":0,"max_hp_gain":0,"max_hp_loss":0,"event_name":"The Library","floor":22,"gold_loss":0,"cards_obtained":["Slimebound:SpikyOuterGoop"]}],"is_beta":false,"boss_relics":[{"not_picked":["Black Star","bronze:MakeshiftBattery"],"picked":"Replay:Grab Bag"},{"not_picked":["Philosopher\u0027s Stone","Velvet Choker"],"picked":"Fusion Hammer"},{"not_picked":["Cursed Key","Replay:Bronze Core"],"picked":"Busted Crown"},{"not_picked":["SacredBark","Replay:Drink Me"],"picked":"Calling Bell"}],"items_purged_floors":[26],"is_endless":false,"potions_floor_spawned":[9,11,12,14,15,25,28,30,32],"killed_by":"DF_ARCHETYPE_CLAW","ascension_level":0}}