{"host":"u2qrfxkm3wve0vp3","time":1613659793,"event":{"mods":["AchievementEnabler","BaseMod","Downfall","Minty Spire (QoL Compilation)","Quick Restart","Shop Mod","StSLib","The Cursed","The Marked"],"gold_per_floor":[20,34,34,49,49,89,103,177,200,225,241,191,191,215,215,344,344,360,64,88,38,83,126,126,142,142,182,203,203,236,251,251,251,251],"floor_reached":33,"language":"ZHS","playtime":1225,"items_purged":["theMarked:Defend","theMarked:Defend","theMarked:Strike"],"score":359,"play_id":"07427665-96c6-4a3f-bd0a-a2b7e5a10fb6","local_time":"20210218224953","is_ascension_mode":false,"campfire_choices":[{"data":"theMarked:RogueSparks","floor":13,"key":"SMITH"},{"data":"theMarked:SoldierOfQuellstein","floor":15,"key":"SMITH"},{"data":"theMarked:EternalStudent","floor":24,"key":"SMITH"},{"data":"theMarked:EmpowerWeapon","floor":29,"key":"SMITH"},{"data":"theMarked:EternalStudent","floor":32,"key":"SMITH"}],"circlet_count":0,"master_deck":["theMarked:Strike","theMarked:Strike","theMarked:Strike","theMarked:Strike","theMarked:Defend","theMarked:Defend+1","theMarked:SoldierOfQuellstein+1","theMarked:EmpowerWeapon+1","theMarked:RogueSparks+1","theMarked:Parry","theMarked:EternalStudent+1","theMarked:Parry","theMarked:EmpowerWeapon+1","theMarked:ChannelForce","theMarked:MuscleMemory+1","theMarked:EternalStudent+1"],"relics":["theMarked:BronzeBlade","Bird Faced Urn","Golden Idol","Tiny Chest","Smiling Mask","War Paint","Meat on the Bone","Blood Vial","Prayer Wheel","The Courier","Shovel","Ancient Tea Set"],"acts_visited":["Exordium","TheCity"],"potions_floor_usage":[6,8,11,27,27,27,33],"damage_taken":[{"damage":10,"enemies":"Jaw Worm","floor":1,"turns":4},{"damage":0,"enemies":"Small Slimes","floor":2,"turns":3},{"damage":1,"enemies":"Cultist","floor":4,"turns":3},{"damage":12,"enemies":"3 Sentries","floor":6,"turns":7},{"damage":6,"enemies":"2 Fungi Beasts","floor":7,"turns":4},{"damage":13,"enemies":"3 Sentries","floor":8,"turns":7},{"damage":6,"enemies":"3 Louse","floor":10,"turns":4},{"damage":0,"enemies":"Red Slaver","floor":11,"turns":3},{"damage":7,"enemies":"Blue Slaver","floor":14,"turns":3},{"damage":0,"enemies":"The Guardian","floor":16,"turns":10},{"damage":22,"enemies":"2 Thieves","floor":18,"turns":4},{"damage":10,"enemies":"Spheric Guardian","floor":20,"turns":3},{"damage":13,"enemies":"Book of Stabbing","floor":23,"turns":7},{"damage":20,"enemies":"Centurion and Healer","floor":25,"turns":5},{"damage":12,"enemies":"Gremlin Leader","floor":27,"turns":6},{"damage":12,"enemies":"Cultist and Chosen","floor":28,"turns":6},{"damage":22,"enemies":"Book of Stabbing","floor":30,"turns":6},{"damage":9,"enemies":"Snecko","floor":31,"turns":4},{"damage":67,"enemies":"Collector","floor":33,"turns":7}],"seed_played":"-6919760173828984900","potions_obtained":[{"floor":2,"key":"Guardian:BlockOnCardUsePotion"},{"floor":6,"key":"SneckoOil"},{"floor":7,"key":"AttackPotion"},{"floor":10,"key":"Ancient Potion"},{"floor":11,"key":"Explosive Potion"},{"floor":23,"key":"Energy Potion"},{"floor":25,"key":"ColorlessPotion"},{"floor":31,"key":"Swift Potion"}],"is_trial":false,"path_per_floor":["M","M","?","M","?","E","M","?","T","M","M","$","R","M","R","B",null,"M","$","M","$","T","E","R","M","T","E","M","R","E","M","R","B"],"character_chosen":"THE_DEFAULT","items_purchased":["Meat on the Bone"],"campfire_rested":0,"item_purchase_floors":[19],"current_hp_per_floor":[62,62,62,61,49,37,33,22,22,18,20,20,20,15,15,17,67,45,45,35,35,35,38,38,34,34,38,42,42,36,43,43,0,0],"gold":251,"neow_bonus":"ONE_RARE_RELIC","is_daily":false,"chose_seed":false,"campfire_upgraded":5,"win_rate":0.0,"timestamp":1613659793,"path_taken":["M","M","?","M","?","E","M","?","T","?","M","$","R","M","R","BOSS","M","$","M","?","?","E","R","M","T","E","M","R","E","M","R","BOSS"],"items_purchased_type":["Relic"],"build_version":"2020-12-22","purchased_purges":3,"victory":false,"max_hp_per_floor":[72,72,67,67,67,67,67,67,67,67,67,67,67,67,67,67,67,67,67,67,67,67,67,67,67,67,67,67,67,67,67,67,67,67],"card_choices":[{"not_picked":["theMarked:SwordAndMagic","theMarked:BanishingStrike"],"picked":"theMarked:EmpowerWeapon","floor":1},{"not_picked":["theMarked:Frustration","theMarked:Electrify","theMarked:WastefulAttack"],"picked":"SKIP","floor":2},{"not_picked":["theMarked:BanishingStrike","theMarked:WastefulAttack","theMarked:SwordAndMagic"],"picked":"SKIP","floor":4},{"not_picked":["theMarked:Overthink","theMarked:TurnInvisible"],"picked":"theMarked:RogueSparks","floor":6},{"not_picked":["theMarked:HeightenedSenses","theMarked:Improvise"],"picked":"theMarked:Parry","floor":7},{"not_picked":["theMarked:ComboAttacks","theMarked:Reabsorb","theMarked:Pokerface"],"picked":"SKIP","floor":10},{"not_picked":["theMarked:StartUp","theMarked:ChannelForce","theMarked:Aftermath"],"picked":"SKIP","floor":11},{"not_picked":["theMarked:TwofoldDefense","theMarked:MuscleMemory","theMarked:ResourceFulStrike"],"picked":"SKIP","floor":14},{"not_picked":["theMarked:BindingBlade","theMarked:ThrowWeapon"],"picked":"theMarked:EternalStudent","floor":16},{"not_picked":["theMarked:Memento","theMarked:TakeCover+1","theMarked:Frustration"],"picked":"SKIP","floor":18},{"not_picked":["theMarked:ResourceFulStrike","theMarked:Pokerface+1"],"picked":"theMarked:Parry","floor":20},{"not_picked":["theMarked:Overthink+1","theMarked:TunnelVision","theMarked:Friction"],"picked":"SKIP","floor":23},{"not_picked":["theMarked:SwordAndMagic","theMarked:Frustration+1","theMarked:Memento"],"picked":"SKIP","floor":25},{"not_picked":["theMarked:Aftermath+1","theMarked:WastefulAttack","theMarked:ResourceFulStrike"],"picked":"SKIP","floor":25},{"not_picked":["theMarked:Parkour","theMarked:RepellingDischarge"],"picked":"theMarked:EmpowerWeapon","floor":27},{"not_picked":["theMarked:Improvise","theMarked:Determination"],"picked":"theMarked:ChannelForce","floor":28},{"not_picked":["theMarked:ChainLightning","theMarked:OneWithTheBlade","theMarked:TakeCover+1"],"picked":"SKIP","floor":28},{"not_picked":["theMarked:RepellingDischarge","theMarked:Pokerface","theMarked:PowerFlow"],"picked":"SKIP","floor":30},{"not_picked":["theMarked:Generate","theMarked:SwordAndMagic"],"picked":"theMarked:MuscleMemory+1","floor":31},{"not_picked":["theMarked:ShockingTouch","theMarked:Electrocute"],"picked":"theMarked:EternalStudent","floor":31}],"player_experience":325730,"relics_obtained":[{"floor":6,"key":"Smiling Mask"},{"floor":22,"key":"Blood Vial"},{"floor":23,"key":"Prayer Wheel"},{"floor":26,"key":"The Courier"},{"floor":27,"key":"Shovel"},{"floor":30,"key":"Ancient Tea Set"}],"event_choices":[{"damage_healed":0,"gold_gain":0,"player_choice":"Lose Max HP","damage_taken":0,"relics_obtained":["Golden Idol"],"max_hp_gain":0,"max_hp_loss":5,"event_name":"Golden Idol","floor":3,"gold_loss":0},{"damage_healed":0,"gold_gain":0,"player_choice":"Success","damage_taken":12,"relics_obtained":["Tiny Chest"],"max_hp_gain":0,"max_hp_loss":0,"event_name":"Scrap Ooze","floor":5,"gold_loss":0},{"damage_healed":0,"gold_gain":0,"player_choice":"Searched \u00273\u0027 times","damage_taken":0,"relics_obtained":["War Paint"],"max_hp_gain":0,"max_hp_loss":0,"event_name":"Dead Adventurer","floor":8,"gold_loss":0}],"is_beta":false,"boss_relics":[{"not_picked":["Calling Bell","Fusion Hammer"],"picked":"theMarked:BronzeBlade"}],"items_purged_floors":[12,19,21],"is_endless":false,"potions_floor_spawned":[2,6,7,10,11,23,25,31],"killed_by":"Collector","ascension_level":0}}