{"host":"6bsan6hkua32tfq7","time":1613676223,"event":{"mods":["BaseMod","Better Third Choice","Colored Map","Highlight Path","Minty Spire (QoL Compilation)","StSLib"],"gold_per_floor":[114,114,126,126,126,156,156,182,209,236,236,161,175,186,186,261,261,281,297,297,314,328,328,328,328],"floor_reached":24,"language":"ENG","playtime":762,"items_purged":["Strike_R"],"score":482,"play_id":"c92697e0-5234-4e51-93fd-89da254a0cd2","local_time":"20210218202343","is_ascension_mode":true,"campfire_choices":[{"data":"Disarm","floor":7.0,"key":"SMITH"},{"data":"Cleave","floor":15.0,"key":"SMITH"},{"floor":23,"key":"REST"}],"circlet_count":0,"master_deck":["AscendersBane","Strike_R","Strike_R+1","Strike_R+1","Defend_R","Defend_R","Defend_R","Defend_R","Bash","Disarm+1","Cleave+1","Feel No Pain","Disarm","Berserk","Cleave","Bludgeon","Evolve","Shrug It Off"],"relics":["Burning Blood","NeowsBlessing","Blood Vial","Akabeko","MealTicket","Fusion Hammer","Nloth\u0027s Gift"],"acts_visited":["Exordium","TheCity"],"potions_floor_usage":[],"damage_taken":[{"damage":0.0,"enemies":"Jaw Worm","floor":1.0,"turns":1.0},{"damage":0.0,"enemies":"Small Slimes","floor":3.0,"turns":1.0},{"damage":0.0,"enemies":"Gremlin Nob","floor":6.0,"turns":1.0},{"damage":24.0,"enemies":"Lagavulin","floor":8.0,"turns":7.0},{"damage":48.0,"enemies":"Gremlin Nob","floor":10.0,"turns":6.0},{"damage":0.0,"enemies":"2 Louse","floor":13.0,"turns":1.0},{"damage":1.0,"enemies":"Looter","floor":14.0,"turns":5.0},{"damage":1.0,"enemies":"The Guardian","floor":16.0,"turns":14.0},{"damage":8.0,"enemies":"Chosen","floor":18.0,"turns":4.0},{"damage":28.0,"enemies":"2 Thieves","floor":19.0,"turns":3.0},{"damage":25.0,"enemies":"Centurion and Healer","floor":21.0,"turns":7.0},{"damage":36.0,"enemies":"Chosen and Byrds","floor":22.0,"turns":7.0},{"damage":58,"enemies":"Gremlin Leader","floor":24,"turns":5}],"seed_played":"-7656680190383408282","potions_obtained":[{"floor":1.0,"key":"AttackPotion"},{"floor":3.0,"key":"ColorlessPotion"},{"floor":8.0,"key":"SneckoOil"},{"floor":16.0,"key":"Ancient Potion"},{"floor":21.0,"key":"LiquidBronze"}],"is_trial":false,"path_per_floor":["M","?","M","?","?","E","R","E","T","E","?","$","M","M","R","B",null,"M","M","?","M","M","R","E"],"character_chosen":"IRONCLAD","items_purchased":[],"campfire_rested":1,"item_purchase_floors":[],"current_hp_per_floor":[74,79,80,56,49,55,55,53,53,13,13,28,36,43,43,50,83,83,63,63,46,18,46,0,0],"gold":328,"neow_bonus":"THREE_ENEMY_KILL","is_daily":false,"chose_seed":false,"campfire_upgraded":2,"win_rate":0.0,"timestamp":1613676223,"path_taken":["M","?","M","?","?","E","R","E","T","E","?","?","?","M","R","BOSS","M","M","?","M","M","R","E"],"items_purchased_type":[],"build_version":"2020-12-22","purchased_purges":1,"victory":false,"max_hp_per_floor":[75,80,80,80,80,80,80,94,94,94,94,94,94,94,94,94,94,94,94,94,94,94,94,94,94],"card_choices":[{"not_picked":["Shrug It Off","Shockwave"],"picked":"Disarm","floor":1.0},{"not_picked":["Power Through","Pommel Strike"],"picked":"Cleave","floor":3.0},{"not_picked":["Dropkick","Infernal Blade"],"picked":"Feel No Pain","floor":6.0},{"not_picked":["Thunderclap","Seeing Red"],"picked":"Disarm","floor":8.0},{"not_picked":["Sword Boomerang","Flex"],"picked":"Berserk","floor":10.0},{"not_picked":["Clothesline","Iron Wave","Cleave"],"picked":"SKIP","floor":13.0},{"not_picked":["Flex","Dark Embrace"],"picked":"Cleave","floor":14.0},{"not_picked":["Limit Break","Corruption"],"picked":"Bludgeon","floor":16.0},{"not_picked":["Armaments","Wild Strike"],"picked":"Evolve","floor":18.0},{"not_picked":["Anger","Rupture","Thunderclap"],"picked":"SKIP","floor":19.0},{"not_picked":["Rage","Power Through"],"picked":"Shrug It Off","floor":21.0},{"not_picked":["Anger","Carnage","Battle Trance"],"picked":"SKIP","floor":22.0}],"player_experience":5431700,"relics_obtained":[{"floor":6.0,"key":"Blood Vial"},{"floor":8.0,"key":"Mango"},{"floor":9.0,"key":"Akabeko"},{"floor":10.0,"key":"MealTicket"}],"event_choices":[{"damage_healed":0.0,"max_hp_gain":5.0,"max_hp_loss":0.0,"gold_gain":0.0,"event_name":"Big Fish","player_choice":"Donut","floor":2.0,"gold_loss":0.0,"damage_taken":0.0},{"damage_healed":80.0,"max_hp_gain":0.0,"max_hp_loss":80.0,"gold_gain":0.0,"event_name":"betterThird:BetterShining","player_choice":"Upgrade","floor":4.0,"gold_loss":0.0,"damage_taken":24.0,"cards_upgraded":["Strike_R","Strike_R"]},{"cards_removed":["Strike_R"],"damage_healed":0.0,"max_hp_gain":0.0,"max_hp_loss":0.0,"gold_gain":0.0,"event_name":"Golden Wing","player_choice":"Card Removal","floor":5.0,"gold_loss":0.0,"damage_taken":7.0},{"damage_healed":0.0,"max_hp_gain":0.0,"max_hp_loss":0.0,"gold_gain":0.0,"event_name":"Dead Adventurer","player_choice":"Searched \u00270\u0027 times","floor":11.0,"gold_loss":0.0,"damage_taken":0.0},{"damage_healed":0.0,"max_hp_gain":0.0,"max_hp_loss":0.0,"gold_gain":0.0,"event_name":"N\u0027loth","player_choice":"Traded Relic","floor":20.0,"relics_lost":["Mango"],"gold_loss":0.0,"damage_taken":0.0,"relics_obtained":["Nloth\u0027s Gift"]}],"is_beta":false,"boss_relics":[{"not_picked":["Runic Pyramid","Cursed Key"],"picked":"Fusion Hammer"}],"items_purged_floors":[12],"is_endless":false,"potions_floor_spawned":[1,3,8,16,21],"killed_by":"Gremlin Leader","ascension_level":20}}