{"host":"sw6p9u0oh417cx03","time":1613669818,"event":{"mods":["AchievementEnabler","Act Like it!","BaseMod","CapriCore","DeckTracker","Highlight Path","Minty Spire (QoL Compilation)","Quick Restart","StSLib"],"gold_per_floor":[360,371,1,21,21,53,53,79,79,79,96,96,114,114,114,214,214,225,242,142,142,17,17,17,17],"floor_reached":24,"language":"ZHS","playtime":761,"items_purged":["Strike_G","Strike_G","Strike_G"],"score":314,"play_id":"09fd4338-0236-465d-8fe5-e790dd13dc31","local_time":"20210219013658","is_ascension_mode":true,"campfire_choices":[{"data":"Skewer","floor":7.0,"key":"SMITH"},{"data":"Calculated Gamble","floor":10.0,"key":"SMITH"},{"data":"Footwork","floor":15.0,"key":"SMITH"}],"circlet_count":0,"master_deck":["Strike_G","Strike_G","Defend_G","Defend_G","Defend_G","Defend_G","Defend_G","Survivor","Neutralize","Calculated Gamble+1","Dagger Spray","Backflip","Masterful Stab","Skewer+1","Footwork+1","Night Terror","Acrobatics"],"relics":["Ring of the Snake","White Beast Statue","Bird Faced Urn","Bag of Preparation","Paper Crane","SacredBark"],"acts_visited":["Exordium","TheCity"],"potions_floor_usage":[19,19,23],"damage_taken":[{"damage":0.0,"enemies":"Cultist","floor":1.0,"turns":4.0},{"damage":1.0,"enemies":"Small Slimes","floor":2.0,"turns":4.0},{"damage":2.0,"enemies":"2 Louse","floor":4.0,"turns":3.0},{"damage":26.0,"enemies":"Gremlin Nob","floor":6.0,"turns":4.0},{"damage":12.0,"enemies":"3 Sentries","floor":8.0,"turns":7.0},{"damage":3.0,"enemies":"Lots of Slimes","floor":11.0,"turns":3.0},{"damage":9.0,"enemies":"Exordium Thugs","floor":13.0,"turns":5.0},{"damage":61.0,"enemies":"The Guardian","floor":16.0,"turns":15.0},{"damage":0.0,"enemies":"Spheric Guardian","floor":18.0,"turns":4.0},{"damage":5,"enemies":"Chosen","floor":19,"turns":4},{"damage":0,"enemies":"Gremlin Leader","floor":23,"turns":1},{"damage":0,"enemies":"Snake Plant","floor":24,"turns":2}],"seed_played":"844808923635237603","potions_obtained":[{"floor":1.0,"key":"GamblersBrew"},{"floor":4.0,"key":"Energy Potion"},{"floor":6.0,"key":"Block Potion"},{"floor":8.0,"key":"LiquidBronze"},{"floor":11.0,"key":"Weak Potion"},{"floor":16.0,"key":"SmokeBomb"},{"floor":18.0,"key":"BlessingOfTheForge"},{"floor":19,"key":"GamblersBrew"}],"is_trial":false,"path_per_floor":["M","M","$","M","T","E","R","E","T","R","M","?","M","?","R","B",null,"M","M","$","?","$","E","M"],"character_chosen":"THE_SILENT","items_purchased":["Backflip","White Beast Statue"],"campfire_rested":0,"item_purchase_floors":[3,3],"current_hp_per_floor":[63,62,62,60,60,34,34,22,22,22,21,42,33,73,73,14,58,60,57,57,44,44,44,46,46],"gold":17,"neow_bonus":"TWO_FIFTY_GOLD","is_daily":false,"chose_seed":false,"campfire_upgraded":3,"win_rate":0.0,"timestamp":1613669818,"path_taken":["M","M","$","M","?","E","R","E","T","R","M","?","M","?","R","BOSS","M","M","?","?","?","E","M"],"items_purchased_type":["Card","Relic"],"build_version":"2020-12-22","purchased_purges":3,"victory":false,"max_hp_per_floor":[63,63,63,63,63,63,63,63,63,63,63,63,63,73,73,73,73,73,73,73,78,78,78,78,78],"card_choices":[{"not_picked":["Cloak And Dagger","PiercingWail"],"picked":"Calculated Gamble","floor":1.0},{"not_picked":["Bane","Flying Knee"],"picked":"Dagger Spray","floor":2.0},{"not_picked":["Outmaneuver","Noxious Fumes"],"picked":"Masterful Stab","floor":4.0},{"not_picked":["Die Die Die","Slice"],"picked":"Skewer","floor":6.0},{"not_picked":["Cloak And Dagger","Backstab"],"picked":"Wraith Form v2","floor":8.0},{"not_picked":["Dagger Throw","Dodge and Roll","Bouncing Flask"],"picked":"SKIP","floor":11.0},{"not_picked":["Deflect","Catalyst"],"picked":"Footwork","floor":13.0},{"not_picked":["Glass Knife","Tools of the Trade"],"picked":"Night Terror","floor":16.0},{"not_picked":["Caltrops","Slice+1"],"picked":"Acrobatics","floor":18.0},{"not_picked":["Deadly Poison+1","Underhanded Strike+1","Outmaneuver"],"picked":"SKIP","floor":19}],"player_experience":377924,"relics_obtained":[{"floor":5.0,"key":"Bird Faced Urn"},{"floor":6.0,"key":"Bag of Preparation"},{"floor":8.0,"key":"Paper Crane"}],"event_choices":[{"damage_healed":21.0,"max_hp_gain":0.0,"max_hp_loss":0.0,"gold_gain":0.0,"event_name":"Big Fish","player_choice":"Banana","floor":12.0,"gold_loss":0.0,"damage_taken":0.0},{"cards_removed":["Wraith Form v2"],"damage_healed":30.0,"max_hp_gain":10.0,"max_hp_loss":0.0,"gold_gain":0.0,"event_name":"Bonfire Elementals","player_choice":"Offered Rare","floor":14.0,"gold_loss":0.0,"damage_taken":0.0},{"damage_healed":0,"gold_gain":0,"player_choice":"Shed Blood","damage_taken":18,"max_hp_gain":5,"max_hp_loss":0,"event_name":"Forgotten Altar","floor":21,"gold_loss":0}],"is_beta":false,"boss_relics":[{"not_picked":["Philosopher\u0027s Stone","Ring of the Serpent"],"picked":"SacredBark"}],"items_purged_floors":[3,20,22],"is_endless":false,"potions_floor_spawned":[1,4,6,8,11,13,16,18,19,23],"killed_by":"Snake Plant","ascension_level":8}}