{"host":"g2yp6paluzgljz05","time":1613657438,"event":{"mods":["BaseMod","Bestiary","Colored Powertips","DeckTracker","Highlight Path","Minty Spire (QoL Compilation)","Quick Restart"],"gold_per_floor":[114,114,289,308,308,343,355,371,371,61,74,74,93,108,108,108,108],"floor_reached":16,"language":"ENG","playtime":1009,"items_purged":["Strike_G"],"score":142,"play_id":"8c53fba0-f1a6-4878-b1a6-7e12cdf2b3d3","local_time":"20210219011038","is_ascension_mode":true,"campfire_choices":[{"data":"Adrenaline","floor":12,"key":"SMITH"},{"floor":15,"key":"REST"}],"circlet_count":0,"master_deck":["Strike_G","Strike_G","Strike_G","Defend_G","Defend_G","Defend_G","Defend_G","Defend_G","Survivor","Neutralize","Bouncing Flask","Doubt","Slice","Footwork+1","Corpse Explosion","Adrenaline+1"],"relics":["Ring of the Snake","NeowsBlessing","Mummified Hand","Molten Egg 2","Frozen Egg 2"],"acts_visited":["Exordium"],"potions_floor_usage":[16],"damage_taken":[{"damage":0,"enemies":"Cultist","floor":1,"turns":1},{"damage":0,"enemies":"2 Louse","floor":4,"turns":1},{"damage":0,"enemies":"Gremlin Nob","floor":6,"turns":1},{"damage":1,"enemies":"Jaw Worm","floor":7,"turns":3},{"damage":2,"enemies":"3 Louse","floor":8,"turns":5},{"damage":11,"enemies":"Large Slime","floor":11,"turns":8},{"damage":8,"enemies":"2 Fungi Beasts","floor":13,"turns":3},{"damage":12,"enemies":"Exordium Wildlife","floor":14,"turns":4},{"damage":46,"enemies":"Slime Boss","floor":16,"turns":11}],"seed_played":"4054349769345451319","potions_obtained":[{"floor":1,"key":"Weak Potion"},{"floor":4,"key":"SpeedPotion"},{"floor":11,"key":"FearPotion"}],"is_trial":false,"path_per_floor":["M","?","?","M","?","E","M","M","T","$","M","R","M","M","R","B"],"character_chosen":"THE_SILENT","items_purchased":["Footwork+1","Corpse Explosion"],"campfire_rested":1,"item_purchase_floors":[10,10],"current_hp_per_floor":[70,58,58,58,58,58,57,55,55,55,44,44,36,24,45,0,0],"gold":108,"neow_bonus":"THREE_ENEMY_KILL","is_daily":false,"chose_seed":false,"campfire_upgraded":1,"win_rate":0.0,"timestamp":1613657438,"path_taken":["M","?","?","M","?","E","M","M","T","$","?","R","M","M","R","BOSS"],"items_purchased_type":["Card","Card"],"build_version":"2020-12-22","purchased_purges":1,"victory":false,"max_hp_per_floor":[70,70,70,70,70,70,70,70,70,70,70,70,70,70,70,70,70],"card_choices":[{"not_picked":["All Out Attack","Heel Hook"],"picked":"Bouncing Flask","floor":1},{"not_picked":["Dagger Throw","Setup","Poisoned Stab"],"picked":"SKIP","floor":4},{"not_picked":["Escape Plan","Leg Sweep","Flechettes+1"],"picked":"SKIP","floor":6},{"not_picked":["Bane+1","Tactician","Underhanded Strike+1"],"picked":"SKIP","floor":7},{"not_picked":["Escape Plan","Prepared","PiercingWail"],"picked":"SKIP","floor":8},{"not_picked":["Outmaneuver","Prepared"],"picked":"Adrenaline","floor":11},{"not_picked":["Dodge and Roll","Dagger Throw+1","Prepared"],"picked":"SKIP","floor":13},{"not_picked":["Distraction","Expertise","Sucker Punch+1"],"picked":"SKIP","floor":14}],"player_experience":389595,"relics_obtained":[{"floor":6,"key":"Molten Egg 2"},{"floor":9,"key":"Frozen Egg 2"}],"event_choices":[{"damage_healed":0,"gold_gain":0,"player_choice":"Success","damage_taken":12,"relics_obtained":["Mummified Hand"],"max_hp_gain":0,"max_hp_loss":0,"event_name":"Scrap Ooze","floor":2,"gold_loss":0},{"damage_healed":0,"gold_gain":175,"player_choice":"AGREE","damage_taken":0,"max_hp_gain":0,"max_hp_loss":0,"event_name":"Liars Game","floor":3,"gold_loss":0,"cards_obtained":["Doubt"]},{"damage_healed":0,"gold_gain":0,"cards_transformed":["Strike_G"],"player_choice":"Change","damage_taken":0,"max_hp_gain":0,"max_hp_loss":0,"event_name":"Living Wall","floor":5,"gold_loss":0,"cards_obtained":["Slice"]}],"is_beta":false,"boss_relics":[],"items_purged_floors":[10],"is_endless":false,"potions_floor_spawned":[1,4,11,13,14],"killed_by":"Slime Boss","ascension_level":2}}