{"host":"ul0c1243uydmw2e7","time":1613684655,"event":{"mods":["BaseMod","Better Match","Better Sensory Stone","Better Silent Start","Better Third Choice","Better Vampires","Block Reminder","Bossed Relics","Minty Spire (QoL Compilation)","StSLib","Virulent Crown"],"gold_per_floor":[111,186,33,44,62,89,15,15,15,48,73,97,97,97],"floor_reached":13,"language":"ENG","playtime":436,"items_purged":["Strike_P"],"score":182,"play_id":"b0255356-7227-4856-8eb2-34baa5cf246b","local_time":"20210218164415","is_ascension_mode":true,"campfire_choices":[{"floor":8,"key":"REST"}],"circlet_count":0,"master_deck":["AscendersBane","Strike_P","Strike_P","Strike_P","Defend_P","Defend_P","Defend_P","Defend_P","Eruption","Vigilance","Adaptation","BowlingBash","FlurryOfBlows","CutThroughFate","TalkToTheHand","DeceiveReality","JustLucky","EmptyBody","FlyingSleeves"],"relics":["PureWater","NeowsBlessing","Blue Candle","Ancient Tea Set","Anchor","Odd Mushroom","Orichalcum"],"acts_visited":["Exordium"],"potions_floor_usage":[6,6,11],"damage_taken":[{"damage":0,"enemies":"Jaw Worm","floor":1,"turns":1},{"damage":0,"enemies":"2 Louse","floor":4,"turns":1},{"damage":0,"enemies":"Small Slimes","floor":5,"turns":1},{"damage":39,"enemies":"Gremlin Nob","floor":6,"turns":5},{"damage":17,"enemies":"3 Sentries","floor":10,"turns":10},{"damage":8,"enemies":"The Mushroom Lair","floor":11,"turns":6},{"damage":10,"enemies":"Gremlin Nob","floor":13,"turns":2}],"seed_played":"-5897563504648964406","potions_obtained":[{"floor":1,"key":"Block Potion"},{"floor":5,"key":"SkillPotion"},{"floor":10,"key":"Swift Potion"}],"is_trial":false,"path_per_floor":["M","?","$","M","M","E","$","R","T","E","?","T","E"],"character_chosen":"WATCHER","items_purchased":["BowlingBash","FlurryOfBlows","JustLucky","EmptyBody"],"campfire_rested":1,"item_purchase_floors":[3,3,7,7],"current_hp_per_floor":[61,50,50,50,50,11,11,31,31,14,6,6,0,0],"gold":97,"neow_bonus":"THREE_ENEMY_KILL","is_daily":false,"chose_seed":false,"campfire_upgraded":0,"win_rate":0.0,"timestamp":1613684655,"path_taken":["M","?","$","M","M","E","?","R","T","E","?","?","E"],"items_purchased_type":["Card","Card","Card","Card"],"build_version":"2020-12-22","purchased_purges":1,"victory":false,"max_hp_per_floor":[68,68,68,68,68,68,68,68,68,68,68,68,68,68],"card_choices":[{"not_picked":["FlyingSleeves","EmptyMind"],"picked":"Adaptation","floor":1},{"not_picked":["EmptyBody","Indignation"],"picked":"CutThroughFate","floor":4},{"not_picked":["SandsOfTime","FlyingSleeves"],"picked":"TalkToTheHand","floor":5},{"not_picked":["Nirvana","SignatureMove"],"picked":"DeceiveReality","floor":6},{"not_picked":["MentalFortress","PathToVictory"],"picked":"FlyingSleeves","floor":10}],"player_experience":397840,"relics_obtained":[{"floor":6,"key":"Blue Candle"},{"floor":9,"key":"Ancient Tea Set"},{"floor":10,"key":"Anchor"},{"floor":11,"key":"Odd Mushroom"},{"floor":12,"key":"Orichalcum"}],"event_choices":[{"damage_healed":0,"gold_gain":75,"player_choice":"Gold","damage_taken":11,"max_hp_gain":0,"max_hp_loss":0,"event_name":"betterThird:BetterGoop","floor":2,"gold_loss":0},{"damage_healed":0,"gold_gain":0,"player_choice":"Fought Mushrooms","damage_taken":0,"max_hp_gain":0,"max_hp_loss":0,"event_name":"Mushrooms","floor":11,"gold_loss":0}],"is_beta":false,"boss_relics":[],"items_purged_floors":[3],"is_endless":false,"potions_floor_spawned":[1,5,10],"killed_by":"Gremlin Nob","ascension_level":20}}