{"host":"za1qviwhp34x909e","time":1613640029,"event":{"mods":["Act Like it!","BaseMod","Colored Map","Colored Powertips","Downfall","Highlight Path","Hubris","Koishi","Marisa????????","Minty Spire (QoL Compilation)","Quick Restart","Remilia??????","Replay The Spire","StSLib","The Servant 0.9.4"],"gold_per_floor":[113,113,125,125,48,80,80,109,109,142,154,27,38,54,54,150,150,167,180,24,39,339,339,339,339],"floor_reached":24,"language":"ENG","playtime":1218,"items_purged":["Strike_S"],"score":335,"play_id":"a50a31f4-2bc3-499d-83b8-6be8dd155323","local_time":"20210218032029","is_ascension_mode":true,"campfire_choices":[{"data":"Read","floor":7,"key":"SMITH"},{"floor":15,"key":"REST"},{"floor":23,"key":"REST"}],"circlet_count":0,"master_deck":["Strike_S","Strike_S","Defend_S","Defend_S","Defend_S","Defend_S","KidneyShot","Exchange+1","BottledTime","Read+1","GearUp","Ricochet","Revamp","DoubleEdge","Ricochet","Alleviate","Spin","Rearm","Dilation","Unruled","Dilation","Greed_TH"],"relics":["Uniform","NeowsBlessing","Bag of Marbles","StoneCalendar","hubris:Potato","Replay:Towering Pillar of Hats","MysterySword","Frozen Eye"],"acts_visited":["Exordium","TheCity"],"potions_floor_usage":[10,18,21,21],"damage_taken":[{"damage":0,"enemies":"Small Slimes","floor":1,"turns":1},{"damage":0,"enemies":"Cultist","floor":3,"turns":1},{"damage":0,"enemies":"Gremlin Nob","floor":6,"turns":1},{"damage":14,"enemies":"3 Sentries","floor":8,"turns":10},{"damage":42,"enemies":"Gremlin Nob","floor":10,"turns":7},{"damage":0,"enemies":"2 Louse","floor":11,"turns":2},{"damage":3,"enemies":"Red Slaver","floor":13,"turns":5},{"damage":0,"enemies":"2 Fungi Beasts","floor":14,"turns":2},{"damage":0,"enemies":"Hexaghost","floor":16,"turns":15},{"damage":19,"enemies":"3 Byrds","floor":18,"turns":5},{"damage":9,"enemies":"Chosen","floor":19,"turns":4},{"damage":25,"enemies":"Shelled Parasite and Fungi","floor":21,"turns":5},{"damage":40,"enemies":"Book of Stabbing","floor":24,"turns":4}],"seed_played":"659126823130529935","potions_obtained":[{"floor":6,"key":"GamblersBrew"},{"floor":8,"key":"AttackPotion"},{"floor":16,"key":"champ:CounterPotion"},{"floor":18,"key":"DuplicationPotion"}],"is_trial":false,"path_per_floor":["M","?","M","?","$","E","R","E","T","E","M","$","M","M","R","B",null,"M","M","$","M","?","R","E"],"character_chosen":"THE_SERVANT","items_purchased":["GearUp","Alleviate","Frozen Eye"],"campfire_rested":2,"item_purchase_floors":[5,12,20],"current_hp_per_floor":[65,65,65,65,65,65,65,51,51,9,9,9,6,6,25,25,65,46,37,37,12,12,31,0,0],"gold":339,"neow_bonus":"THREE_ENEMY_KILL","is_daily":false,"chose_seed":false,"campfire_upgraded":1,"win_rate":0.0,"timestamp":1613640029,"path_taken":["M","?","?","?","$","E","R","E","T","E","M","$","M","?","R","BOSS","M","M","$","M","?","R","E"],"items_purchased_type":["Card","Card","Relic"],"build_version":"2020-12-22","purchased_purges":1,"victory":false,"max_hp_per_floor":[65,65,65,65,65,65,65,65,65,65,65,65,65,65,65,65,65,65,65,65,65,65,65,65,65],"card_choices":[{"not_picked":["Advance","FastForward"],"picked":"BottledTime","floor":1},{"not_picked":["Starlight","Alleviate"],"picked":"Read","floor":3},{"not_picked":["Potential","BottledTime"],"picked":"Ricochet","floor":6},{"not_picked":["FlawlessForm","Potential"],"picked":"Revamp","floor":8},{"not_picked":["Potential","Unruled"],"picked":"DoubleEdge","floor":10},{"not_picked":["TimeWarp","Starlight"],"picked":"Ricochet","floor":11},{"not_picked":["FastForward","Alleviate"],"picked":"Spin","floor":13},{"not_picked":["Replace","Potential"],"picked":"Rearm","floor":14},{"not_picked":["SoulSculpture","Deny"],"picked":"Dilation","floor":16},{"not_picked":["BottledTime","Potential"],"picked":"Unruled","floor":18},{"not_picked":["Starlight","Shuttle","Rewind"],"picked":"SKIP","floor":19},{"not_picked":["Alleviate+1","Rewind"],"picked":"Dilation","floor":21}],"player_experience":782110,"relics_obtained":[{"floor":6,"key":"Bag of Marbles"},{"floor":8,"key":"StoneCalendar"},{"floor":9,"key":"hubris:Potato"},{"floor":10,"key":"Replay:Towering Pillar of Hats"}],"event_choices":[{"damage_healed":0,"gold_gain":0,"player_choice":"Upgraded","damage_taken":0,"max_hp_gain":0,"max_hp_loss":0,"event_name":"Upgrade Shrine","floor":2,"gold_loss":0,"cards_upgraded":["Exchange"]},{"cards_removed":["Strike_S"],"damage_healed":0,"gold_gain":0,"player_choice":"Offered Basic","damage_taken":0,"max_hp_gain":0,"max_hp_loss":0,"event_name":"Bonfire Elementals","floor":4,"gold_loss":0}],"is_beta":false,"boss_relics":[{"not_picked":["ReplayTheSpireMod:DimensionalGlitch","Snecko Eye"],"picked":"MysterySword"}],"items_purged_floors":[12],"is_endless":false,"potions_floor_spawned":[6,8,16,18],"killed_by":"Book of Stabbing","ascension_level":3}}