{"host":"soyfmymeou4emntr","time":1613624555,"event":{"mods":["BaseMod","Minty Spire (QoL Compilation)","Permanent Neow","Relic Sorter","Relic Stats","StSLib"],"gold_per_floor":[210,210,210,26,26,26,61,61,61,84,103,146,46,86,86,175,175,193,193,22,72,87,87,113,38,91,91,91],"floor_reached":27,"language":"ENG","playtime":1597,"items_purged":["Strike_R","Strike_R"],"score":540,"play_id":"08aba0bc-feb9-4354-ad7a-0a0e7f15fb17","local_time":"20210217220235","is_ascension_mode":true,"campfire_choices":[{"data":"Carnage","floor":6.0,"key":"SMITH"},{"data":"Fire Breathing","floor":8.0,"key":"SMITH"},{"data":"Flame Barrier","floor":15.0,"key":"SMITH"},{"data":"Berserk","floor":23.0,"key":"SMITH"}],"circlet_count":0,"master_deck":["AscendersBane","Strike_R","Strike_R","Strike_R","Defend_R","Defend_R","Defend_R","Defend_R","Bash","Carnage+1","Fire Breathing+1","Wild Strike","Power Through","Flame Barrier+1","Clothesline","Spot Weakness","Impervious","Berserk+1","CurseOfTheBell","Pommel Strike+1","Disarm","Metallicize","Shrug It Off","Fiend Fire","Second Wind"],"relics":["Burning Blood","Bloody Idol","Tiny Chest","Akabeko","Potion Belt","Calling Bell","Red Skull","White Beast Statue","Prayer Wheel","FossilizedHelix","Bag of Marbles"],"acts_visited":["Exordium","TheCity"],"potions_floor_usage":[27],"damage_taken":[{"damage":4.0,"enemies":"Small Slimes","floor":1.0,"turns":4.0},{"damage":30.0,"enemies":"Lagavulin","floor":7.0,"turns":5.0},{"damage":0.0,"enemies":"Jaw Worm","floor":10.0,"turns":2.0},{"damage":0.0,"enemies":"2 Louse","floor":11.0,"turns":3.0},{"damage":0.0,"enemies":"Gremlin Nob","floor":12.0,"turns":3.0},{"damage":25.0,"enemies":"Lagavulin","floor":14.0,"turns":6.0},{"damage":19.0,"enemies":"The Guardian","floor":16.0,"turns":11.0},{"damage":5.0,"enemies":"Chosen","floor":18.0,"turns":6.0},{"damage":25.0,"enemies":"3 Byrds","floor":22.0,"turns":6.0},{"damage":54.0,"enemies":"Book of Stabbing","floor":24.0,"turns":6.0},{"damage":48,"enemies":"Gremlin Leader","floor":27,"turns":5}],"seed_played":"6726969427748450311","potions_obtained":[{"floor":10.0,"key":"DuplicationPotion"},{"floor":14.0,"key":"Swift Potion"},{"floor":18.0,"key":"BloodPotion"},{"floor":22.0,"key":"Regen Potion"},{"floor":24.0,"key":"CultistPotion"}],"is_trial":false,"path_per_floor":["M","?","?","$","?","R","E","R","T","M","M","E","$","E","R","B",null,"M","?","$","?","M","R","E","$","T","E"],"character_chosen":"IRONCLAD","items_purchased":["Fire Breathing","Wild Strike","Disarm","Metallicize","Second Wind"],"campfire_rested":0,"item_purchase_floors":[4,4,20,20,25],"current_hp_per_floor":[70,75,72,72,72,72,48,48,48,54,60,66,66,47,47,34,63,64,64,64,69,55,55,41,41,46,0,0],"gold":91,"neow_bonus":"HUNDRED_GOLD","is_daily":false,"chose_seed":false,"campfire_upgraded":4,"win_rate":0.0,"timestamp":1613624555,"path_taken":["M","?","?","$","?","R","E","R","T","M","M","E","?","E","R","BOSS","M","?","$","?","M","R","E","$","T","E"],"items_purchased_type":["Card","Card","Card","Card","Card"],"build_version":"2020-12-22","purchased_purges":2,"victory":false,"max_hp_per_floor":[75,80,72,72,72,72,72,72,72,72,72,72,72,72,72,72,72,72,72,72,72,72,72,72,72,72,72,72],"relic_stats":{"counters":[11,57],"Bloody Idol":20,"Tiny Chest":0,"Prayer Wheel":2,"obtain_stats":[{"Potion Belt":14,"Calling Bell":17,"Golden Idol":3,"Bloody Idol":19,"Tiny Chest":7,"Prayer Wheel":17,"Bag of Marbles":26,"Burning Blood":0,"Akabeko":12,"Red Skull":17,"White Beast Statue":17,"FossilizedHelix":24},{"Potion Belt":6,"Calling Bell":7,"Golden Idol":1,"Bloody Idol":8,"Tiny Chest":2,"Prayer Wheel":7,"Bag of Marbles":10,"Burning Blood":0,"Akabeko":5,"Red Skull":7,"White Beast Statue":7,"FossilizedHelix":10},{"Potion Belt":23,"Calling Bell":34,"Golden Idol":4,"Bloody Idol":40,"Tiny Chest":9,"Prayer Wheel":34,"Bag of Marbles":52,"Burning Blood":0,"Akabeko":17,"Red Skull":34,"White Beast Statue":34,"FossilizedHelix":52}],"Burning Blood":60},"card_choices":[{"not_picked":["Sword Boomerang","Cleave"],"picked":"Carnage","floor":1.0},{"not_picked":["Sever Soul","Rupture"],"picked":"Power Through","floor":7.0},{"not_picked":["Shrug It Off","Anger"],"picked":"Flame Barrier","floor":10.0},{"not_picked":["Havoc","Sentinel"],"picked":"Clothesline","floor":11.0},{"not_picked":["True Grit","Infernal Blade"],"picked":"Spot Weakness","floor":12.0},{"not_picked":["Headbutt","Clothesline"],"picked":"Impervious","floor":14.0},{"not_picked":["Exhume","Double Tap"],"picked":"Berserk","floor":16.0},{"not_picked":["Rampage+1","Searing Blow+1"],"picked":"Pommel Strike+1","floor":18.0},{"not_picked":["Clothesline","Flex+1","Thunderclap"],"picked":"SKIP","floor":18.0},{"not_picked":["Rage","Clothesline"],"picked":"Shrug It Off","floor":22.0},{"not_picked":["Anger","Warcry","Twin Strike"],"picked":"SKIP","floor":22.0},{"not_picked":["Clash","Cleave+1"],"picked":"Fiend Fire","floor":24.0}],"player_experience":3389742,"relics_obtained":[{"floor":7.0,"key":"Tiny Chest"},{"floor":12.0,"key":"Akabeko"},{"floor":14.0,"key":"Potion Belt"},{"floor":17.0,"key":"Red Skull"},{"floor":17.0,"key":"White Beast Statue"},{"floor":17.0,"key":"Prayer Wheel"},{"floor":24.0,"key":"FossilizedHelix"},{"floor":26.0,"key":"Bag of Marbles"}],"event_choices":[{"damage_healed":0.0,"max_hp_gain":5.0,"max_hp_loss":0.0,"gold_gain":0.0,"event_name":"Big Fish","player_choice":"Donut","floor":2.0,"gold_loss":0.0,"damage_taken":0.0},{"damage_healed":0.0,"max_hp_gain":0.0,"max_hp_loss":8.0,"gold_gain":0.0,"event_name":"Golden Idol","player_choice":"Lose Max HP","floor":3.0,"gold_loss":0.0,"damage_taken":0.0,"relics_obtained":["Golden Idol"]},{"damage_healed":0.0,"max_hp_gain":0.0,"max_hp_loss":0.0,"gold_gain":0.0,"event_name":"Liars Game","player_choice":"Ignored","floor":5.0,"gold_loss":0.0,"damage_taken":0.0},{"damage_healed":0.0,"max_hp_gain":0.0,"max_hp_loss":0.0,"gold_gain":0.0,"event_name":"Forgotten Altar","player_choice":"Gave Idol","floor":19.0,"relics_lost":["Golden Idol"],"gold_loss":0.0,"damage_taken":0.0,"relics_obtained":["Bloody Idol"]},{"damage_healed":0.0,"max_hp_gain":0.0,"max_hp_loss":0.0,"gold_gain":50.0,"event_name":"Golden Shrine","player_choice":"Pray","floor":21.0,"gold_loss":0.0,"damage_taken":0.0}],"is_beta":false,"boss_relics":[{"not_picked":["Runic Dome","Sozu"],"picked":"Calling Bell"}],"items_purged_floors":[4,13],"is_endless":false,"potions_floor_spawned":[10,14,18,22,24],"killed_by":"Gremlin Leader","ascension_level":20}}