{"host":"2l5k2wp87eek7qja","time":1613663912,"event":{"mods":["BaseMod","Colored Map","Minty Spire (QoL Compilation)","Relic Stats"],"gold_per_floor":[109,109,14,28,43,43,78,91,91,118,135,155,155,193,193,193,193],"floor_reached":16,"language":"ENG","playtime":621,"items_purged":[],"score":294,"play_id":"6262c531-06d6-40aa-9b21-520a34e1985b","local_time":"20210218175832","is_ascension_mode":true,"campfire_choices":[{"data":"Poisoned Stab","floor":6,"key":"SMITH"},{"data":"Bouncing Flask","floor":15,"key":"SMITH"}],"circlet_count":0,"master_deck":["AscendersBane","Strike_G","Strike_G","Strike_G","Strike_G","Strike_G","Defend_G","Defend_G","Defend_G","Defend_G","Defend_G","Survivor","Neutralize","Masterful Stab+1","Flying Knee+1","Poisoned Stab+1","Poisoned Stab","Skewer+1","Bouncing Flask+1"],"relics":["Ring of the Snake","Boot","HornCleat","Singing Bowl","Whetstone","Golden Idol","Omamori"],"acts_visited":["Exordium"],"potions_floor_usage":[7,10,16],"damage_taken":[{"damage":6,"enemies":"Cultist","floor":1,"turns":4},{"damage":0,"enemies":"2 Louse","floor":4,"turns":3},{"damage":0,"enemies":"Small Slimes","floor":5,"turns":3},{"damage":19,"enemies":"Gremlin Nob","floor":7,"turns":4},{"damage":0,"enemies":"Blue Slaver","floor":8,"turns":3},{"damage":17,"enemies":"3 Sentries","floor":10,"turns":7},{"damage":7,"enemies":"Large Slime","floor":11,"turns":4},{"damage":0,"enemies":"Gremlin Gang","floor":12,"turns":4},{"damage":0,"enemies":"Gremlin Nob","floor":14,"turns":3},{"damage":18,"enemies":"The Guardian","floor":16,"turns":8}],"seed_played":"6665809611442732760","potions_obtained":[{"floor":4,"key":"Weak Potion"},{"floor":7,"key":"LiquidBronze"},{"floor":8,"key":"CultistPotion"},{"floor":12,"key":"Dexterity Potion"}],"is_trial":false,"path_per_floor":["M","?","?","M","M","R","E","M","T","E","M","M","?","E","R","B"],"character_chosen":"THE_SILENT","items_purchased":[],"campfire_rested":0,"item_purchase_floors":[],"current_hp_per_floor":[53,53,53,53,53,53,34,34,34,17,12,12,12,14,14,0,0],"gold":193,"neow_bonus":"THREE_CARDS","is_daily":false,"chose_seed":false,"campfire_upgraded":2,"win_rate":0.0,"timestamp":1613663912,"path_taken":["M","?","?","M","M","R","E","M","T","E","M","?","?","E","R","BOSS"],"items_purchased_type":[],"build_version":"2020-12-22","purchased_purges":0,"victory":false,"max_hp_per_floor":[66,66,66,66,66,66,66,66,66,66,68,68,62,64,64,64,64],"relic_stats":{"Singing Bowl":4,"counters":[10,43],"Golden Idol":8,"Whetstone":["Skewer","Flying Knee"],"Boot":[19],"obtain_stats":[{"HornCleat":7,"Singing Bowl":9,"Golden Idol":13,"Omamori":14,"Whetstone":10,"Boot":3,"Ring of the Snake":0},{"HornCleat":4,"Singing Bowl":5,"Golden Idol":8,"Omamori":9,"Whetstone":6,"Boot":1,"Ring of the Snake":0},{"HornCleat":14,"Singing Bowl":17,"Golden Idol":32,"Omamori":35,"Whetstone":24,"Boot":4,"Ring of the Snake":0}],"Ring of the Snake":[20]},"card_choices":[{"not_picked":["Acrobatics","Footwork"],"picked":"Masterful Stab","floor":0},{"not_picked":["Acrobatics","Dodge and Roll"],"picked":"Flying Knee","floor":1},{"not_picked":["Prepared","Distraction"],"picked":"Poisoned Stab","floor":4},{"not_picked":["Prepared","Quick Slash"],"picked":"Poisoned Stab","floor":5},{"not_picked":["Concentrate","Prepared","Deflect"],"picked":"SKIP","floor":7},{"not_picked":["Slice","Quick Slash","Infinite Blades"],"picked":"SKIP","floor":8},{"not_picked":["Bane","Slice"],"picked":"Skewer","floor":10},{"not_picked":["Dodge and Roll","Blur","Dagger Throw"],"picked":"Singing Bowl","floor":11},{"not_picked":["Reflex","Die Die Die"],"picked":"Bouncing Flask","floor":12},{"not_picked":["Well Laid Plans","Escape Plan","Bane"],"picked":"Singing Bowl","floor":14}],"player_experience":800628,"relics_obtained":[{"floor":7,"key":"HornCleat"},{"floor":9,"key":"Singing Bowl"},{"floor":10,"key":"Whetstone"},{"floor":14,"key":"Omamori"}],"event_choices":[{"damage_healed":0,"gold_gain":0,"player_choice":"Grow","damage_taken":0,"max_hp_gain":0,"max_hp_loss":0,"event_name":"Living Wall","floor":2,"gold_loss":0,"cards_upgraded":["Masterful Stab"]},{"damage_healed":0,"gold_gain":0,"player_choice":"Paid Gold","damage_taken":0,"relics_obtained":["Boot"],"max_hp_gain":0,"max_hp_loss":0,"event_name":"WeMeetAgain","floor":3,"gold_loss":95},{"damage_healed":0,"gold_gain":0,"player_choice":"Lose Max HP","damage_taken":0,"relics_obtained":["Golden Idol"],"max_hp_gain":0,"max_hp_loss":6,"event_name":"Golden Idol","floor":13,"gold_loss":0}],"is_beta":false,"boss_relics":[],"items_purged_floors":[],"is_endless":false,"potions_floor_spawned":[4,7,8,12],"killed_by":"The Guardian","ascension_level":20}}