{"host":"zgk1ygifqcn1l6xs","time":1613688962,"event":{"mods":["2.2 Compatiblity","Act Like it!","BaseMod","Better Third Choice","Downfall","Gensokyo","Jorbs\u0027s Wanderer Trilogy","Koishi","Minty Spire (QoL Compilation)","Spire Arcade","StSLib","The Blackbeard","The Bug Knight","The Construct","The Cursed","The Death Knight","The Forsaken","The Servant 0.9.4"],"gold_per_floor":[99,115,127,138,238,238,238,238],"floor_reached":6,"language":"ENG","playtime":664,"items_purged":[],"score":36,"play_id":"dcbc8d3c-025d-4cc7-a896-161031af0710","local_time":"20210218235602","is_ascension_mode":false,"campfire_choices":[{"floor":1,"key":"RECALL"}],"circlet_count":0,"master_deck":["Slimebound:Strike_Slimebound","Slimebound:Strike_Slimebound","Slimebound:Strike_Slimebound","Slimebound:Tackle","Slimebound:Defend_Slimebound","Slimebound:Defend_Slimebound","Slimebound:Defend_Slimebound","Slimebound:Defend_Slimebound","Slimebound:Split","Slimebound:CorrosiveSpit","Slimebound:SplitBruiser","Slimebound:Prepare","Slimebound:SplitBruiser","Slimebound:SlimeSpikes"],"relics":["Slimebound:AbsorbEndCombat","downfall:CloakOfManyFaces","CultistMask","FaceOfCleric","NlothsMask","GremlinMask","SsserpentHead"],"acts_visited":["Exordium"],"potions_floor_usage":[],"damage_taken":[{"damage":10,"enemies":"Cultist","floor":2,"turns":4},{"damage":3,"enemies":"Small Slimes","floor":3,"turns":4},{"damage":5,"enemies":"2 Louse","floor":4,"turns":2},{"damage":36,"enemies":"downfall:FaceTrader","floor":5,"turns":11},{"damage":29,"enemies":"3 Sentries","floor":6,"turns":4}],"seed_played":"1496198885450583638","potions_obtained":[{"floor":4,"key":"SteroidPotion"}],"is_trial":false,"path_per_floor":["R","M","M","M","?","E"],"character_chosen":"SLIMEBOUND","items_purchased":[],"campfire_rested":0,"item_purchase_floors":[],"current_hp_per_floor":[71,62,61,56,28,0,0,0],"gold":238,"neow_bonus":"TEN_PERCENT_HP_BONUS","is_daily":false,"chose_seed":false,"campfire_upgraded":0,"win_rate":0.0,"timestamp":1613688962,"path_taken":["R","M","M","M","?","E"],"items_purchased_type":[],"build_version":"2020-12-22","purchased_purges":0,"victory":false,"max_hp_per_floor":[71,71,71,71,71,71,71,71],"card_choices":[{"not_picked":["Slimebound:LeechEnergy","Slimebound:Dissolve"],"picked":"Slimebound:SplitBruiser","floor":2},{"not_picked":["Slimebound:LeadByExample","Slimebound:RollThrough"],"picked":"Slimebound:Prepare","floor":3},{"not_picked":["Slimebound:FlameTackle","Slimebound:Grow"],"picked":"Slimebound:SplitBruiser","floor":4},{"not_picked":["Slimebound:ItLooksTasty","Slimebound:HauntingLick"],"picked":"Slimebound:SlimeSpikes","floor":5}],"player_experience":283189,"relics_obtained":[{"floor":5,"key":"downfall:CloakOfManyFaces"}],"event_choices":[],"is_beta":false,"boss_relics":[],"items_purged_floors":[],"is_endless":false,"potions_floor_spawned":[4],"killed_by":"3 Sentries","ascension_level":0}}