{"host":"u21q392b5xaj11fl","time":1613691467,"event":{"mods":["2.2 Compatiblity","Bard","BaseMod","Better Note","Colored Map","Colored Powertips","Conspire","Custom Start","Downfall","Faster Ascension Climbing","GifTheSpireLib","Gremlin Skip","Highlight Path","Hubris","Infinite Spire","Mad Scientist","Marisa????????","Mimic Mod","Minty Spire (QoL Compilation)","Monster B Gone","Permanent Neow","Potionbrewer","Quick Restart","READ ME - Guardian Mod","Relic Sorter","Replay The Spire","Shop Mod","Somnambulant","StSLib","Stuff the Spire","SuperFastMode","The Construct","The Disciple","The Servant 0.9.4"],"gold_per_floor":[111,124,136,311,24,24,34,34,58,85,115,125,125,158,158,236,236,247,265,285,285,296,296,343,30,53,75,75,75,98,98,98,106,106],"floor_reached":33,"language":"ENG","playtime":1653,"items_purged":["Doubt","construct:Strike_Gold"],"score":471,"play_id":"6e557575-167a-421d-b550-d3bcf0097797","local_time":"20210218173747","is_ascension_mode":true,"campfire_choices":[{"data":"construct:GuardCore","floor":6.0,"key":"SMITH"},{"data":"construct:GatlingGun","floor":13.0,"key":"SMITH"},{"data":"construct:GatlingGun+1","floor":15.0,"key":"SMITH"},{"data":"construct:SyphonStrike","floor":23.0,"key":"SMITH"},{"floor":29.0,"key":"REST"},{"data":"construct:Accumulate","floor":32.0,"key":"SMITH"}],"circlet_count":0,"master_deck":["AscendersBane","construct:Strike_Gold","construct:Strike_Gold","construct:Defend_Gold","construct:Defend_Gold","construct:Defend_Gold","construct:Defend_Gold","construct:Defend_Gold","construct:AttackMode","construct:GuardCore+2","construct:ShiftStrike+1","construct:SyphonStrike+2","construct:CripplingShot","construct:Electrocute","construct:VentSteam","construct:ScopeCore","construct:Accumulate+1","construct:Hazardproof","infinitespire:NeuralNetwork","construct:ModeShift+1","bard:LifeDrain+1","construct:GatlingGun+2"],"relics":["construct:ClockworkPhoenix","StuffTheSpire:Mouthbags","Odd Mushroom","Iron Hammer","infinitespire:Midas Blood","Empty Cage","infinitespire:PuzzleCube","Juzu Bracelet","MerchantsRug","Anchor"],"acts_visited":["Exordium","TheCity"],"potions_floor_usage":[],"damage_taken":[{"damage":5.0,"enemies":"Cultist","floor":1.0,"turns":4.0},{"damage":0.0,"enemies":"Small Slimes","floor":2.0,"turns":4.0},{"damage":0.0,"enemies":"2 Louse","floor":3.0,"turns":3.0},{"damage":12.0,"enemies":"Blue Slaver","floor":7.0,"turns":4.0},{"damage":16.0,"enemies":"The Mushroom Lair","floor":10.0,"turns":3.0},{"damage":19.0,"enemies":"3 Sentries","floor":11.0,"turns":4.0},{"damage":6.0,"enemies":"Exordium Wildlife","floor":12.0,"turns":4.0},{"damage":14.0,"enemies":"Gremlin Nob","floor":14.0,"turns":3.0},{"damage":10.0,"enemies":"Slime Boss","floor":16.0,"turns":7.0},{"damage":0.0,"enemies":"Chosen","floor":18.0,"turns":3.0},{"damage":0.0,"enemies":"Spheric Guardian","floor":19.0,"turns":2.0},{"damage":14.0,"enemies":"3 Cultists","floor":20.0,"turns":3.0},{"damage":0.0,"enemies":"Snake Plant","floor":22.0,"turns":1.0},{"damage":36.0,"enemies":"Slavers","floor":24.0,"turns":6.0},{"damage":5.0,"enemies":"Chosen and Byrds","floor":27.0,"turns":6.0},{"damage":10.0,"enemies":"Cultist and Chosen","floor":30.0,"turns":6.0},{"damage":26,"enemies":"Automaton","floor":33,"turns":4}],"seed_played":"-7373735856262764777","potions_obtained":[{"floor":2.0,"key":"Regen Potion"},{"floor":10.0,"key":"SkillPotion"},{"floor":11.0,"key":"potionbrewer:InfectionPotion"},{"floor":14.0,"key":"Regen Potion"},{"floor":18.0,"key":"Toxic Potion"},{"floor":20.0,"key":"sneckomod:MuddlingPotion"},{"floor":24.0,"key":"LiquidMemories"},{"floor":30.0,"key":"Elixir"}],"is_trial":false,"path_per_floor":["M","M","M","?","$","R","M","?","T","?","E","M","R","E","R","B",null,"M","M","M","AVR","M","R","E","$","T","M","?","R","M","?","R","B"],"character_chosen":"THE_CONSTRUCT_MOD","items_purchased":["construct:GatlingGun","construct:CripplingShot","MerchantsRug","Anchor","potionbrewer:BlacksmithPotion","sneckomod:MuddlingPotion"],"campfire_rested":1,"item_purchase_floors":[5,5,25,25,25,25],"current_hp_per_floor":[67,67,67,67,67,67,55,55,55,39,32,26,26,12,12,17,64,64,64,50,50,50,50,14,14,14,9,9,33,23,23,23,0,0],"gold":106,"neow_bonus":"REMOVE_CARD","is_daily":false,"chose_seed":false,"campfire_upgraded":5,"win_rate":0.0,"timestamp":1613691467,"path_taken":["M","M","M","?","$","R","M","?","T","?","E","M","R","E","R","BOSS","M","M","M","AVR","M","R","E","$","T","M","?","R","M","?","R","BOSS"],"items_purchased_type":["Card","Card","Relic","Relic","Potion","Potion"],"build_version":"2020-12-22","purchased_purges":2,"victory":false,"max_hp_per_floor":[80,80,80,80,80,80,80,80,80,80,80,80,80,80,80,80,80,80,80,80,80,80,80,80,80,80,80,80,80,80,80,80,80,80],"card_choices":[{"not_picked":["construct:SyphonStrike","construct:CriticalHit"],"picked":"construct:GuardCore","floor":1.0},{"not_picked":["construct:Anticipate","construct:FierceBash"],"picked":"construct:ShiftStrike","floor":2.0},{"not_picked":["construct:Failsafe","construct:Reinforce"],"picked":"construct:SyphonStrike","floor":3.0},{"not_picked":["construct:ElectricArmor","construct:Analyze"],"picked":"construct:Electrocute","floor":7.0},{"not_picked":["construct:Zapper","construct:Missile"],"picked":"construct:VentSteam","floor":10.0},{"not_picked":["construct:Synchronize","construct:MassProduction","construct:Antimatter"],"picked":"SKIP","floor":11.0},{"not_picked":["construct:Missile","construct:ElectricArmor","construct:Backfire"],"picked":"SKIP","floor":12.0},{"not_picked":["construct:ScrapCannon","construct:ShiftStrike"],"picked":"construct:ScopeCore","floor":14.0},{"not_picked":["construct:SyphonStrike","construct:Synchronize"],"picked":"construct:Accumulate","floor":18.0},{"not_picked":["construct:Autoturret","construct:Disrupt"],"picked":"construct:Hazardproof","floor":19.0},{"not_picked":["construct:SaveState","construct:HeavyBolt","construct:UnbalancingBlast"],"picked":"SKIP","floor":20.0},{"not_picked":["construct:Forcefield","construct:OneWayMirror"],"picked":"construct:ModeShift+1","floor":22.0},{"not_picked":["construct:LaserCore","construct:ClusterMines","construct:UnbalancingBlast"],"picked":"SKIP","floor":24.0},{"not_picked":["construct:Backup","construct:Accumulate","construct:MemoryTap"],"picked":"SKIP","floor":27.0},{"not_picked":["construct:ShiftGuard","construct:Reinforce","construct:HardReboot"],"picked":"SKIP","floor":30.0}],"player_experience":291170,"relics_obtained":[{"floor":9.0,"key":"StuffTheSpire:Mouthbags"},{"floor":10.0,"key":"Odd Mushroom"},{"floor":11.0,"key":"Iron Hammer"},{"floor":14.0,"key":"infinitespire:Midas Blood"},{"floor":24.0,"key":"Juzu Bracelet"}],"event_choices":[{"damage_healed":0.0,"max_hp_gain":0.0,"max_hp_loss":0.0,"gold_gain":175.0,"event_name":"Liars Game","player_choice":"AGREE","floor":4.0,"gold_loss":0.0,"damage_taken":0.0,"cards_obtained":["Doubt"]},{"damage_healed":0.0,"max_hp_gain":0.0,"max_hp_loss":0.0,"gold_gain":0.0,"event_name":"Living Wall","player_choice":"Grow","floor":8.0,"gold_loss":0.0,"damage_taken":0.0,"cards_upgraded":["construct:GuardCore"]},{"damage_healed":0.0,"max_hp_gain":0.0,"max_hp_loss":0.0,"gold_gain":0.0,"event_name":"Mushrooms","player_choice":"Fought Mushrooms","floor":10.0,"gold_loss":0.0,"damage_taken":0.0},{"damage_healed":0.0,"max_hp_gain":0.0,"max_hp_loss":0.0,"gold_gain":0.0,"event_name":"Accursed Blacksmith","player_choice":"Forge","floor":28.0,"gold_loss":0.0,"damage_taken":0.0,"cards_upgraded":["construct:SyphonStrike"]},{"cards_removed":["construct:GatlingGun"],"damage_healed":0.0,"max_hp_gain":0.0,"max_hp_loss":0.0,"gold_gain":0.0,"event_name":"betterNote:BetterNote","player_choice":"Take \u0026 Give","floor":31.0,"gold_loss":0.0,"damage_taken":0.0,"cards_obtained":["bard:LifeDrain"]}],"is_beta":false,"boss_relics":[{"not_picked":["Replay:Ancient Bell","Fusion Hammer"],"picked":"hubris:CrackedHourglass"}],"items_purged_floors":[5,21],"is_endless":false,"potions_floor_spawned":[2,10,11,14,18,20,24,30],"killed_by":"Automaton","ascension_level":14}}