{"host":"nz11ypxva4e39b7q","time":1613681272,"event":{"mods":["BaseMod","Better Third Choice","Better Vampires","Colored Map","Minty Spire (QoL Compilation)","Quick Restart","Shapeshifter Mod","StSLib"],"gold_per_floor":[110,60,60,160,174,174,200,214,214,214,194,212,230,265,265,362,362,374,384,384,403,425,425,54,94,94,127,327,327,372,383,383,383,383],"floor_reached":33,"language":"ENG","playtime":1497,"items_purged":["StSShapeShifter:ShapeShifter_Strike"],"score":445,"play_id":"f252398a-9d2d-48bd-b745-ce3fc8df6439","local_time":"20210218214752","is_ascension_mode":true,"campfire_choices":[{"data":"StSShapeShifter:Bonk","floor":6.0,"key":"SMITH"},{"data":"StSShapeShifter:ThrashAbout","floor":10.0,"key":"SMITH"},{"data":"StSShapeShifter:PoisonIvy","floor":15.0,"key":"SMITH"},{"data":"StSShapeShifter:LionForm","floor":23.0,"key":"SMITH"},{"data":"StSShapeShifter:OwlForm","floor":29.0,"key":"SMITH"},{"floor":32.0,"key":"REST"}],"circlet_count":0,"master_deck":["StSShapeShifter:ShapeShifter_Strike","StSShapeShifter:ShapeShifter_Strike","StSShapeShifter:ShapeShifter_Defend","StSShapeShifter:ShapeShifter_Defend","StSShapeShifter:ShapeShifter_Defend","StSShapeShifter:Tortoise_Form","StSShapeShifter:Lynx_Form","StSShapeShifter:Bonk+1","StSShapeShifter:ThrashAbout+1","StSShapeShifter:DeepWound","StSShapeShifter:PoisonIvy+1","StSShapeShifter:OwlForm+1","StSShapeShifter:RatForm","StSShapeShifter:RitualOfTheElders+1","StSShapeShifter:CosmicShifter+1","StSShapeShifter:RestoreBalance+1","StSShapeShifter:SquirrelForm+1","StSShapeShifter:LionForm+1","StSShapeShifter:FoxForm","StSShapeShifter:PoisonIvy","Good Instincts","StSShapeShifter:WolfForm+1","StSShapeShifter:VineHandcuffs+1","StSShapeShifter:VineHandcuffs+1","StSShapeShifter:MonkeyForm","StSShapeShifter:EmbraceTheCycle+1"],"relics":["StSShapeShifter:AnimalHeart","StSShapeShifter:TheShapeShiftersMagnolia","NeowsBlessing","Torii","Ginger","Anchor","Astrolabe","Bag of Preparation","TheAbacus","Dream Catcher","Molten Egg 2"],"acts_visited":["Exordium","TheCity"],"potions_floor_usage":[],"damage_taken":[{"damage":0.0,"enemies":"2 Louse","floor":1.0,"turns":1.0},{"damage":0.0,"enemies":"Jaw Worm","floor":5.0,"turns":1.0},{"damage":0.0,"enemies":"3 Sentries","floor":7.0,"turns":1.0},{"damage":0.0,"enemies":"Cultist","floor":8.0,"turns":1.0},{"damage":0.0,"enemies":"2 Fungi Beasts","floor":12.0,"turns":2.0},{"damage":4.0,"enemies":"Gremlin Gang","floor":13.0,"turns":3.0},{"damage":23.0,"enemies":"Gremlin Nob","floor":14.0,"turns":4.0},{"damage":18.0,"enemies":"Slime Boss","floor":16.0,"turns":7.0},{"damage":21.0,"enemies":"Chosen","floor":18.0,"turns":5.0},{"damage":13.0,"enemies":"2 Thieves","floor":19.0,"turns":3.0},{"damage":25.0,"enemies":"Snake Plant","floor":21.0,"turns":3.0},{"damage":11.0,"enemies":"Chosen and Byrds","floor":22.0,"turns":7.0},{"damage":5.0,"enemies":"Book of Stabbing","floor":25.0,"turns":5.0},{"damage":0.0,"enemies":"Slavers","floor":27.0,"turns":1.0},{"damage":27.0,"enemies":"Gremlin Leader","floor":30.0,"turns":6.0},{"damage":19.0,"enemies":"Cultist and Chosen","floor":31.0,"turns":7.0},{"damage":38,"enemies":"Automaton","floor":33,"turns":3}],"seed_played":"-1053569899556689078","potions_obtained":[{"floor":1.0,"key":"PowerPotion"},{"floor":8.0,"key":"FearPotion"},{"floor":11.0,"key":"Weak Potion"},{"floor":14.0,"key":"PowerPotion"},{"floor":18.0,"key":"Regen Potion"},{"floor":21.0,"key":"Dexterity Potion"},{"floor":22.0,"key":"SpeedPotion"},{"floor":27.0,"key":"Weak Potion"}],"is_trial":false,"path_per_floor":["M","?","?","?","M","R","E","M","T","R","?","M","M","E","R","B",null,"M","M","?","M","M","R","$","E","T","E","?","R","E","M","R","B"],"character_chosen":"SHAPESHIFTER","items_purchased":["Bag of Preparation","TheAbacus"],"campfire_rested":1,"item_purchase_floors":[24,24],"current_hp_per_floor":[78,78,83,75,75,75,75,75,75,75,75,75,71,48,48,30,83,65,55,55,33,40,40,40,41,41,41,41,41,20,4,35,0,0],"gold":383,"neow_bonus":"THREE_ENEMY_KILL","is_daily":false,"chose_seed":false,"campfire_upgraded":5,"win_rate":0.0,"timestamp":1613681272,"path_taken":["M","?","?","?","?","R","E","M","T","R","?","M","M","E","R","BOSS","M","?","?","?","M","R","$","E","T","E","?","R","E","M","R","BOSS"],"items_purchased_type":["Relic","Relic"],"build_version":"2020-12-22","purchased_purges":1,"victory":false,"max_hp_per_floor":[78,78,83,83,83,83,83,83,83,83,83,83,83,83,83,83,83,86,89,89,92,95,95,95,98,98,98,98,98,101,104,104,104,104],"card_choices":[{"not_picked":["StSShapeShifter:ThornedSkin","StSShapeShifter:VineHandcuffs"],"picked":"StSShapeShifter:Bonk","floor":1.0},{"not_picked":["StSShapeShifter:BladeOfGrass","StSShapeShifter:FallingLeaves","StSShapeShifter:FoxForm"],"picked":"SKIP","floor":5.0},{"not_picked":["StSShapeShifter:Ensconce","StSShapeShifter:Earthquake"],"picked":"StSShapeShifter:ThrashAbout","floor":7.0},{"not_picked":["StSShapeShifter:FruitBasket","StSShapeShifter:Maul"],"picked":"StSShapeShifter:DeepWound","floor":8.0},{"not_picked":["StSShapeShifter:LeapingSlash","StSShapeShifter:RockSlide"],"picked":"StSShapeShifter:PoisonIvy","floor":12.0},{"not_picked":["StSShapeShifter:Roar","StSShapeShifter:FlowerShield"],"picked":"StSShapeShifter:OwlForm","floor":13.0},{"not_picked":["StSShapeShifter:OakBlade","StSShapeShifter:PoisonIvy"],"picked":"StSShapeShifter:RatForm","floor":14.0},{"not_picked":["StSShapeShifter:EmbraceTheCycle","StSShapeShifter:SunflowerShuriken"],"picked":"StSShapeShifter:SquirrelForm+1","floor":18.0},{"not_picked":["StSShapeShifter:BloomingSlash","StSShapeShifter:Wildfire2","StSShapeShifter:FallingLeaves"],"picked":"SKIP","floor":19.0},{"not_picked":["StSShapeShifter:VineHandcuffs","StSShapeShifter:IntimidatingAura"],"picked":"StSShapeShifter:WolfForm+1","floor":21.0},{"not_picked":["StSShapeShifter:BurstingSpore","StSShapeShifter:AdaptiveStrikes"],"picked":"StSShapeShifter:VineHandcuffs+1","floor":22.0},{"not_picked":["StSShapeShifter:ThornToss","StSShapeShifter:Evolution","StSShapeShifter:ShiftingStrike+1"],"picked":"SKIP","floor":25.0},{"not_picked":["StSShapeShifter:EntForm","StSShapeShifter:TopazSkin"],"picked":"StSShapeShifter:VineHandcuffs+1","floor":27.0},{"not_picked":["StSShapeShifter:BloomingSlash+1","StSShapeShifter:Rest"],"picked":"StSShapeShifter:MonkeyForm","floor":30.0},{"not_picked":["StSShapeShifter:Blossom2","StSShapeShifter:SunflowerShuriken+1","StSShapeShifter:FallingLeaves"],"picked":"SKIP","floor":31.0},{"not_picked":["StSShapeShifter:RockSlide+1","StSShapeShifter:BloomingSlash+1"],"picked":"StSShapeShifter:EmbraceTheCycle+1","floor":32.0}],"player_experience":1058236,"relics_obtained":[{"floor":7.0,"key":"Torii"},{"floor":9.0,"key":"Ginger"},{"floor":14.0,"key":"Anchor"},{"floor":25.0,"key":"Dream Catcher"},{"floor":27.0,"key":"Molten Egg 2"}],"event_choices":[{"cards_removed":["StSShapeShifter:ShapeShifter_Strike"],"damage_healed":0.0,"max_hp_gain":0.0,"max_hp_loss":0.0,"gold_gain":0.0,"event_name":"The Cleric","player_choice":"Card Removal","floor":2.0,"gold_loss":50.0,"damage_taken":0.0},{"damage_healed":0.0,"max_hp_gain":5.0,"max_hp_loss":0.0,"gold_gain":0.0,"event_name":"Big Fish","player_choice":"Donut","floor":3.0,"gold_loss":0.0,"damage_taken":0.0},{"damage_healed":0.0,"max_hp_gain":0.0,"max_hp_loss":0.0,"gold_gain":0.0,"event_name":"The Woman in Blue","player_choice":"Bought 1 Potion","floor":11.0,"gold_loss":0.0,"damage_taken":0.0},{"damage_healed":0.0,"max_hp_gain":0.0,"max_hp_loss":0.0,"gold_gain":0.0,"event_name":"Match and Keep!","player_choice":"4 cards matched","floor":20.0,"gold_loss":0.0,"damage_taken":0.0,"cards_obtained":["StSShapeShifter:LionForm","StSShapeShifter:FoxForm","StSShapeShifter:PoisonIvy","Good Instincts"]},{"damage_healed":0.0,"max_hp_gain":0.0,"max_hp_loss":0.0,"gold_gain":0.0,"event_name":"Match and Keep!","player_choice":"4 cards matched","floor":20.0,"gold_loss":0.0,"damage_taken":0.0,"cards_obtained":["StSShapeShifter:LionForm","StSShapeShifter:FoxForm","StSShapeShifter:PoisonIvy","Good Instincts"]},{"damage_healed":0.0,"max_hp_gain":0.0,"max_hp_loss":0.0,"gold_gain":200.0,"event_name":"Wheel of Change","player_choice":"Gold","floor":28.0,"gold_loss":0.0,"damage_taken":0.0}],"is_beta":false,"boss_relics":[{"not_picked":["Empty Cage","Busted Crown"],"picked":"Astrolabe"}],"items_purged_floors":[24],"is_endless":false,"potions_floor_spawned":[1,8,14,18,21,22,27],"killed_by":"Automaton","ascension_level":3}}