{"host":"qxeepl7ydvsgmfdb","time":1613642723,"event":{"mods":["AchievementEnabler","BaseMod","Colored Powertips","Minty Spire (QoL Compilation)","Quick Restart","slay the spire mod where everything is the same but ironclad has a cowboy hat"],"gold_per_floor":[119,269,194,194,31,31,47,76,146,161,173,208,223,234,234,306,306,325,250,250,77,93,118,118,118,118],"floor_reached":25,"language":"ENG","playtime":718,"items_purged":["Doubt"],"score":474,"play_id":"3ac9c2e3-13aa-4cff-8489-4f00d57a48dc","local_time":"20210218050523","is_ascension_mode":true,"campfire_choices":[{"data":"Neutralize","floor":6.0,"key":"SMITH"},{"floor":15.0,"key":"REST"},{"floor":24.0,"key":"REST"}],"circlet_count":0,"master_deck":["AscendersBane","Strike_G","Strike_G","Strike_G","Defend_G","Defend_G","Defend_G","Defend_G","Defend_G","Survivor","Neutralize+1","Backstab","Noxious Fumes","Cloak And Dagger","Poisoned Stab","Deflect","Die Die Die","After Image","Deadly Poison","After Image","Blade Dance","Blade Dance"],"relics":["Ring of the Snake","NeowsBlessing","TwistedFunnel","Strawberry","Question Card","Kunai","Sling","Sundial"],"acts_visited":["Exordium","TheCity"],"potions_floor_usage":[],"damage_taken":[{"damage":0.0,"enemies":"Cultist","floor":1.0,"turns":1.0},{"damage":0.0,"enemies":"Jaw Worm","floor":7.0,"turns":1.0},{"damage":0.0,"enemies":"Lagavulin","floor":8.0,"turns":1.0},{"damage":0.0,"enemies":"2 Louse","floor":10.0,"turns":2.0},{"damage":9.0,"enemies":"Exordium Thugs","floor":11.0,"turns":6.0},{"damage":25.0,"enemies":"3 Sentries","floor":12.0,"turns":9.0},{"damage":2.0,"enemies":"Red Slaver","floor":13.0,"turns":3.0},{"damage":3.0,"enemies":"2 Fungi Beasts","floor":14.0,"turns":3.0},{"damage":25.0,"enemies":"Slime Boss","floor":16.0,"turns":11.0},{"damage":20.0,"enemies":"2 Thieves","floor":18.0,"turns":4.0},{"damage":17.0,"enemies":"Spheric Guardian","floor":22.0,"turns":5.0},{"damage":14.0,"enemies":"Slavers","floor":23.0,"turns":6.0},{"damage":24,"enemies":"Cultist and Chosen","floor":25,"turns":4}],"seed_played":"-2086936062194972549","potions_obtained":[{"floor":7.0,"key":"SneckoOil"},{"floor":10.0,"key":"FearPotion"},{"floor":16.0,"key":"Explosive Potion"},{"floor":18.0,"key":"AttackPotion"}],"is_trial":false,"path_per_floor":["M","?","$","?","$","R","M","E","T","M","M","E","M","M","R","B",null,"M","?","?","$","M","E","R","M"],"character_chosen":"THE_SILENT","items_purchased":["TwistedFunnel","Sling"],"campfire_rested":2,"item_purchase_floors":[5,21],"current_hp_per_floor":[59,59,59,59,59,59,59,66,66,66,57,32,30,27,48,23,61,41,41,41,41,24,10,31,7,7],"gold":118,"neow_bonus":"THREE_ENEMY_KILL","is_daily":false,"chose_seed":false,"campfire_upgraded":1,"win_rate":0.0,"timestamp":1613642723,"path_taken":["M","?","$","?","$","R","?","E","T","M","M","E","M","M","R","BOSS","M","?","?","$","M","E","R","M"],"items_purchased_type":["Relic","Relic"],"build_version":"2020-12-22","purchased_purges":1,"victory":false,"max_hp_per_floor":[66,66,66,66,66,66,66,73,73,73,73,73,73,73,73,73,73,73,73,73,73,73,73,73,73,73],"card_choices":[{"not_picked":["Dagger Throw","Quick Slash","Predator"],"picked":"SKIP","floor":1.0},{"not_picked":["Cloak And Dagger","Bane"],"picked":"Backstab","floor":7.0},{"not_picked":["Acrobatics","Prepared"],"picked":"Noxious Fumes","floor":8.0},{"not_picked":["Bane","Prepared","Acrobatics"],"picked":"Cloak And Dagger","floor":10.0},{"not_picked":["Riddle With Holes","Slice","Dagger Spray"],"picked":"Poisoned Stab","floor":11.0},{"not_picked":["PiercingWail","Underhanded Strike","Calculated Gamble"],"picked":"Deflect","floor":12.0},{"not_picked":["All Out Attack","Reflex","Eviscerate"],"picked":"Die Die Die","floor":13.0},{"not_picked":["Sucker Punch","Flying Knee","Prepared","Dodge and Roll"],"picked":"SKIP","floor":14.0},{"not_picked":["Burst","Die Die Die","Storm of Steel"],"picked":"After Image","floor":16.0},{"not_picked":["Acrobatics","Bane+1","Heel Hook"],"picked":"Deadly Poison","floor":18.0},{"not_picked":["Concentrate","Deflect","Underhanded Strike"],"picked":"Blade Dance","floor":22.0},{"not_picked":["Expertise","Calculated Gamble","Dash","Outmaneuver"],"picked":"SKIP","floor":23.0}],"player_experience":168829,"relics_obtained":[{"floor":8.0,"key":"Strawberry"},{"floor":9.0,"key":"Question Card"},{"floor":12.0,"key":"Kunai"},{"floor":23.0,"key":"Sundial"}],"event_choices":[{"damage_healed":0.0,"max_hp_gain":0.0,"max_hp_loss":0.0,"gold_gain":150.0,"event_name":"Liars Game","player_choice":"AGREE","floor":2.0,"gold_loss":0.0,"damage_taken":0.0,"cards_obtained":["Doubt"]},{"cards_removed":["Strike_G"],"damage_healed":0.0,"max_hp_gain":0.0,"max_hp_loss":0.0,"gold_gain":0.0,"event_name":"Bonfire Elementals","player_choice":"Offered Basic","floor":4.0,"gold_loss":0.0,"damage_taken":0.0},{"cards_removed":["Strike_G"],"damage_healed":0.0,"max_hp_gain":0.0,"max_hp_loss":0.0,"gold_gain":0.0,"event_name":"Beggar","player_choice":"Gave Gold","floor":19.0,"gold_loss":75.0,"damage_taken":0.0},{"damage_healed":0.0,"max_hp_gain":0.0,"max_hp_loss":0.0,"gold_gain":0.0,"event_name":"Match and Keep!","player_choice":"2 cards matched","floor":20.0,"gold_loss":0.0,"damage_taken":0.0,"cards_obtained":["After Image","Blade Dance"]}],"is_beta":false,"boss_relics":[{"not_picked":["Runic Pyramid","Fusion Hammer","Coffee Dripper"]}],"items_purged_floors":[3],"is_endless":false,"potions_floor_spawned":[7,10,11,16,18],"killed_by":"Cultist and Chosen","ascension_level":17}}