{"host":"5qewjvycy34u7aeo","time":1613677883,"event":{"mods":["BaseMod","Downfall","GifTheSpireLib","Hubris","Infinite Spire","Minty Spire (QoL Compilation)","Permanent Neow","Replay The Spire","StSLib","Wandering Minibosses"],"gold_per_floor":[209,54,68,86,86,86,86,101,146,167,192,215,233,233,233],"floor_reached":14,"language":"ENG","playtime":714,"items_purged":["Strike_B"],"score":95,"play_id":"873461c9-a30d-4215-a45d-300ed06fa0de","local_time":"20210218135123","is_ascension_mode":true,"campfire_choices":[{"data":"Capacitor","floor":6,"key":"SMITH"}],"circlet_count":0,"master_deck":["White Noise+1","Strike_B","Strike_B","Strike_B","Defend_B","Defend_B","Defend_B","Zap","Dualcast","Conserve Battery","Capacitor+1","Coolheaded","Coolheaded","Leap"],"relics":["Cracked Core","Golden Idol","infinitespire:Beetle Shell"],"acts_visited":["Exordium"],"potions_floor_usage":[13,14],"damage_taken":[{"damage":4,"enemies":"Jaw Worm","floor":1,"turns":3},{"damage":0,"enemies":"2 Louse","floor":3,"turns":3},{"damage":5,"enemies":"Cultist","floor":4,"turns":4},{"damage":0,"enemies":"Large Slime","floor":8,"turns":5},{"damage":10,"enemies":"Looter","floor":10,"turns":4},{"damage":32,"enemies":"Gremlin Gang","floor":11,"turns":7},{"damage":0,"enemies":"Red Slaver","floor":12,"turns":6},{"damage":3,"enemies":"2 Fungi Beasts","floor":13,"turns":5},{"damage":26,"enemies":"Gremlin Nob","floor":14,"turns":3}],"seed_played":"6884662188131922494","potions_obtained":[{"floor":4,"key":"Dexterity Potion"},{"floor":8,"key":"Reflective Coating"},{"floor":11,"key":"AttackPotion"}],"is_trial":false,"path_per_floor":["M","$","M","M","?","R","?","M","T","M","M","M","M","E"],"character_chosen":"DEFECT","items_purchased":["Capacitor"],"campfire_rested":0,"item_purchase_floors":[2],"current_hp_per_floor":[71,71,71,66,66,66,66,66,66,56,24,24,21,0,0],"gold":233,"neow_bonus":"HUNDRED_GOLD","is_daily":false,"chose_seed":false,"campfire_upgraded":1,"win_rate":0.0,"timestamp":1613677883,"path_taken":["M","$","M","M","?","R","?","M","T","M","M","M","M","E"],"items_purchased_type":["Card"],"build_version":"2020-12-22","purchased_purges":1,"victory":false,"max_hp_per_floor":[75,75,75,75,69,69,69,69,69,69,69,69,69,69,69],"card_choices":[{"not_picked":["Beam Cell","Heatsinks"],"picked":"Conserve Battery","floor":1},{"not_picked":["Streamline","Steam"],"picked":"Coolheaded","floor":3},{"not_picked":["ReplayTheSpireMod:Reroute Power","Barrage","Streamline"],"picked":"SKIP","floor":4},{"not_picked":["Stack","Double Energy","Panic Button"],"picked":"SKIP","floor":8},{"not_picked":["Storm","Conserve Battery"],"picked":"Coolheaded","floor":10},{"not_picked":["Hyperbeam","Conserve Battery"],"picked":"Leap","floor":11},{"not_picked":["Gash","Streamline","Turbo"],"picked":"SKIP","floor":12},{"not_picked":["Force Field","Streamline","Compile Driver"],"picked":"SKIP","floor":13}],"player_experience":462727,"relics_obtained":[{"floor":9,"key":"infinitespire:Beetle Shell"}],"event_choices":[{"damage_healed":0,"gold_gain":0,"player_choice":"Lose Max HP","damage_taken":0,"relics_obtained":["Golden Idol"],"max_hp_gain":0,"max_hp_loss":6,"event_name":"Golden Idol","floor":5,"gold_loss":0}],"is_beta":false,"boss_relics":[],"items_purged_floors":[2],"is_endless":false,"potions_floor_spawned":[4,8,11],"killed_by":"Gremlin Nob","ascension_level":2}}