{"host":"nz11ypxva4e39b7q","time":1613647745,"event":{"mods":["BaseMod","Better Third Choice","Better Vampires","Colored Map","Minty Spire (QoL Compilation)","Quick Restart","Shapeshifter Mod","StSLib"],"gold_per_floor":[118,118,131,131,131,164,164,194,194,213,248,248,263,283,283,283,283],"floor_reached":16,"language":"ENG","playtime":974,"items_purged":[],"score":145,"play_id":"6a05537a-2921-4824-9666-0f2b8cb2d73a","local_time":"20210218122905","is_ascension_mode":false,"campfire_choices":[{"data":"StSShapeShifter:AdaptiveStrikes","floor":7,"key":"SMITH"},{"data":"StSShapeShifter:Garden","floor":12,"key":"SMITH"},{"data":"StSShapeShifter:BurstingSpore","floor":15,"key":"SMITH"}],"circlet_count":0,"master_deck":["StSShapeShifter:ShapeShifter_Strike","StSShapeShifter:ShapeShifter_Strike","StSShapeShifter:ShapeShifter_Strike","StSShapeShifter:ShapeShifter_Strike+1","StSShapeShifter:ShapeShifter_Strike","StSShapeShifter:ShapeShifter_Defend","StSShapeShifter:ShapeShifter_Defend","StSShapeShifter:ShapeShifter_Defend+1","StSShapeShifter:ShapeShifter_Defend","StSShapeShifter:ShapeShifter_Defend","StSShapeShifter:Lynx_Form+1","StSShapeShifter:AdaptiveStrikes+1","StSShapeShifter:BloomingSlash","StSShapeShifter:UnicornForm","StSShapeShifter:Garden+1","StSShapeShifter:BurstingSpore+1","StSShapeShifter:Ensconce"],"relics":["StSShapeShifter:AnimalHeart","StSShapeShifter:TheShapeShiftersMagnolia","NeowsBlessing","Darkstone Periapt","Bag of Preparation","StSShapeShifter:Fertilizer","Bottled Tornado"],"acts_visited":["Exordium"],"potions_floor_usage":[8,11,16],"damage_taken":[{"damage":0,"enemies":"Jaw Worm","floor":1,"turns":1},{"damage":0,"enemies":"Small Slimes","floor":3,"turns":1},{"damage":0,"enemies":"3 Sentries","floor":6,"turns":2},{"damage":48,"enemies":"Gremlin Nob","floor":8,"turns":6},{"damage":0,"enemies":"Cultist","floor":10,"turns":3},{"damage":5,"enemies":"3 Sentries","floor":11,"turns":6},{"damage":3,"enemies":"2 Fungi Beasts","floor":13,"turns":3},{"damage":8,"enemies":"Lots of Slimes","floor":14,"turns":2},{"damage":17,"enemies":"The Guardian","floor":16,"turns":5}],"seed_played":"2064475299916277898","potions_obtained":[{"floor":1,"key":"BlessingOfTheForge"},{"floor":8,"key":"Regen Potion"},{"floor":11,"key":"DistilledChaos"}],"is_trial":false,"path_per_floor":["M","?","M","?","?","E","R","E","T","M","E","R","M","M","R","B"],"character_chosen":"SHAPESHIFTER","items_purchased":[],"campfire_rested":0,"item_purchase_floors":[],"current_hp_per_floor":[78,62,62,62,62,62,62,14,14,14,24,24,23,15,15,0,0],"gold":283,"neow_bonus":"THREE_ENEMY_KILL","is_daily":false,"chose_seed":false,"campfire_upgraded":3,"win_rate":0.0,"timestamp":1613647745,"path_taken":["M","?","M","?","?","E","R","E","T","M","E","R","M","?","R","BOSS"],"items_purchased_type":[],"build_version":"2020-12-22","purchased_purges":0,"victory":false,"max_hp_per_floor":[78,78,78,78,78,78,78,78,78,78,78,78,78,78,78,78,78],"card_choices":[{"not_picked":["StSShapeShifter:DeepWound","StSShapeShifter:TopazSkin"],"picked":"StSShapeShifter:AdaptiveStrikes","floor":1},{"not_picked":["StSShapeShifter:BladeOfGrass","StSShapeShifter:Guard"],"picked":"StSShapeShifter:BloomingSlash","floor":3},{"not_picked":["StSShapeShifter:Hunt","StSShapeShifter:DeerForm"],"picked":"StSShapeShifter:Garden","floor":6},{"not_picked":["StSShapeShifter:FallingLeaves","StSShapeShifter:OakBlade","StSShapeShifter:IntimidatingAura"],"picked":"SKIP","floor":8},{"not_picked":["StSShapeShifter:SquirrelForm","StSShapeShifter:Guard","StSShapeShifter:VineHandcuffs"],"picked":"SKIP","floor":10},{"not_picked":["StSShapeShifter:FruitBasket","StSShapeShifter:Rest"],"picked":"StSShapeShifter:BurstingSpore","floor":11},{"not_picked":["StSShapeShifter:AdaptiveStrikes","StSShapeShifter:Rabid","StSShapeShifter:SquirrelForm"],"picked":"SKIP","floor":13},{"not_picked":["StSShapeShifter:DeepWound","StSShapeShifter:BearForm"],"picked":"StSShapeShifter:Ensconce","floor":14}],"player_experience":1038889,"relics_obtained":[{"floor":6,"key":"Darkstone Periapt"},{"floor":8,"key":"Bag of Preparation"},{"floor":9,"key":"StSShapeShifter:Fertilizer"},{"floor":11,"key":"Bottled Tornado"}],"event_choices":[{"damage_healed":78,"gold_gain":0,"player_choice":"Upgrade","damage_taken":16,"max_hp_gain":0,"max_hp_loss":78,"event_name":"betterThird:BetterShining","floor":2,"gold_loss":0,"cards_upgraded":["StSShapeShifter:ShapeShifter_Strike","StSShapeShifter:ShapeShifter_Defend"]}],"is_beta":false,"boss_relics":[],"items_purged_floors":[],"is_endless":false,"potions_floor_spawned":[1,8,11],"killed_by":"The Guardian","ascension_level":0}}