{"host":"4kbqeuw4a1wt9r2z","time":1613643018,"event":{"mods":["Act Like it!","Aspiration","Astrologer","Bard","BaseMod","Chen","Conspire","Downfall","Duelist Mod","Gensokyo","GifTheSpireLib","Googly Eyes","Hallownest","Hermit","Hubris","Koishi","Lobotomy","LobotomyExtend","Marisa????????","Minty Spire (QoL Compilation)","Reimu??????","SOS???????","StSLib","The Administrix","The Bug Knight","The Construct","The Cursed","The Disciple","The Forsaken","The Gatherer","The Hierophant","The Marked","The Necromancer","The Runesmith","The Senshi","The Servant 0.9.4","The Wild Card","everything is the same but u backflip on backflip"],"gold_per_floor":[112,128,30,43,43,43,74,74,74,74,91,91,66,97,97,195,195,195,195],"floor_reached":18,"language":"ENG","playtime":711,"items_purged":[],"score":193,"play_id":"fae77006-af81-4ab8-a195-08b90fdec9c9","local_time":"20210218131018","is_ascension_mode":false,"campfire_choices":[{"data":"theWildCard:Providence","floor":6,"key":"SMITH"},{"data":"theWildCard:Patience","floor":8,"key":"SMITH"},{"data":"PanicButton","floor":10,"key":"SMITH"},{"data":"theWildCard:Unburden","floor":15,"key":"SMITH"}],"circlet_count":0,"master_deck":["theWildCard:BasicStrike","theWildCard:BasicStrike","theWildCard:BasicStrike","theWildCard:BasicDefend","theWildCard:BasicDefend","theWildCard:BasicDefend","theWildCard:BasicDefend","theWildCard:CallToAdventure","theWildCard:Arsene","theWildCard:Ruination+1","theWildCard:StingingStrike","theWildCard:Providence+1","PanicButton+1","theWildCard:Alice","theWildCard:Patience+1","theWildCard:Salvation","theWildCard:SacrificialStroke","theWildCard:Unburden+1","theWildCard:Desolation"],"relics":["theWildCard:VelvetContract","LetterFromLob","Akabeko","Mummified Hand","RuthlessExorcism:ReiMu","theWildCard:Wildcard"],"acts_visited":["Hallownest:Greenpath","Hallownest:CityofTears"],"potions_floor_usage":[14],"damage_taken":[{"damage":2,"enemies":"Hallownest:2_Baldur","floor":1,"turns":3},{"damage":1,"enemies":"Hallownest:2_MossCreeps","floor":2,"turns":4},{"damage":0,"enemies":"Hallownest:monsterHuskGuard","floor":4,"turns":3},{"damage":0,"enemies":"Hallownest:eliteCrystalGuardian","floor":7,"turns":5},{"damage":0,"enemies":"Hallownest:Wandering_and_Horned","floor":11,"turns":3},{"damage":12,"enemies":"Hallownest:eliteMossKnight","floor":14,"turns":5},{"damage":31,"enemies":"Hallownest:BossFalseKnight","floor":16,"turns":8},{"damage":110,"enemies":"Hallownest:3_Youths","floor":18,"turns":3}],"seed_played":"109336471114167366","potions_obtained":[{"floor":1,"key":"Regen Potion"},{"floor":2,"key":"SteroidPotion"},{"floor":16,"key":"Ancient Potion"}],"is_trial":false,"path_per_floor":["M","M","$","M","?","R","E","R","T","R","M","T","$","E","R","B",null,"M"],"character_chosen":"THE_WILD_CARD","items_purchased":["PanicButton","theWildCard:SacrificialStroke"],"campfire_rested":0,"item_purchase_floors":[3,13],"current_hp_per_floor":[58,57,57,58,58,58,60,60,60,60,60,60,60,50,50,25,60,0,0],"gold":195,"neow_bonus":"TRANSFORM_CARD","is_daily":false,"chose_seed":false,"campfire_upgraded":4,"win_rate":0.0,"timestamp":1613643018,"path_taken":["M","M","$","M","?","R","E","R","T","R","M","?","?","E","R","BOSS","M"],"items_purchased_type":["Card","Card"],"build_version":"2020-12-22","purchased_purges":0,"victory":false,"max_hp_per_floor":[60,60,60,60,60,60,60,60,60,60,60,60,60,60,60,60,60,60,60],"card_choices":[{"not_picked":["theWildCard:MagicMettle","theWildCard:ArchaicAssault"],"picked":"theWildCard:StingingStrike","floor":1},{"not_picked":["theWildCard:StingingStrike","theWildCard:CryOfAgony"],"picked":"theWildCard:Providence","floor":2},{"not_picked":["theWildCard:ArcaneArts","theWildCard:Loki"],"picked":"theWildCard:Alice","floor":4},{"not_picked":["theWildCard:Safeguard","theWildCard:TheUniverse"],"picked":"theWildCard:Patience","floor":7},{"not_picked":["theWildCard:IdentityTheft","theWildCard:StingingStrike"],"picked":"theWildCard:Salvation","floor":11},{"not_picked":["theWildCard:PaleRider","theWildCard:Patience"],"picked":"theWildCard:Unburden","floor":14},{"not_picked":["theWildCard:FinalHour","theWildCard:Overwhelm"],"picked":"theWildCard:Desolation","floor":16}],"player_experience":565526,"relics_obtained":[{"floor":1,"key":"LetterFromLob"},{"floor":7,"key":"Akabeko"},{"floor":12,"key":"Mummified Hand"},{"floor":14,"key":"RuthlessExorcism:ReiMu"}],"event_choices":[],"is_beta":false,"boss_relics":[{"not_picked":["conspire:SpecialSausage","Astrolabe"],"picked":"theWildCard:Wildcard"}],"items_purged_floors":[],"is_endless":false,"potions_floor_spawned":[1,2,16],"killed_by":"Hallownest:3_Youths","ascension_level":0}}