{"host":"7s0ipaqx8m4pdduf","time":1613659964,"event":{"mods":["BaseMod","BetterRewards","Colored Map","Infinite Spire","Minty Spire (QoL Compilation)","StSLib","SuperFastMode","The Animator"],"gold_per_floor":[111,161,173,190,43,43,76,76,99,134,154,171,16,50,50,124,124,139,139,139,152,167,167,178,178,178,190,204,204,204,234,246,258,258],"floor_reached":33,"language":"ENG","playtime":1122,"items_purged":["Strike_G","Strike_G"],"score":671,"play_id":"6856b216-4aa7-455f-bf89-6f7967619223","local_time":"20210218155244","is_ascension_mode":true,"campfire_choices":[{"data":"Infinite Blades","floor":6.0,"key":"SMITH"},{"data":"Bouncing Flask","floor":8,"key":"SMITH"},{"floor":15,"key":"REST"},{"floor":23,"key":"REST"},{"data":"infinitespire:Neurotoxin","floor":25,"key":"SMITH"},{"floor":29,"key":"REST"},{"data":"Neutralize","floor":32,"key":"SMITH"}],"circlet_count":0,"master_deck":["AscendersBane","Strike_G","Strike_G","Strike_G","Defend_G","Defend_G","Defend_G","Defend_G","Defend_G","Survivor","Neutralize+1","Infinite Blades+1","Dagger Spray","Bouncing Flask+1","Accuracy","Poisoned Stab","Phantasmal Killer","Cloak And Dagger","infinitespire:NeuralNetwork","infinitespire:NeuralNetwork","Blade Dance","infinitespire:Neurotoxin+1","Backstab","All Out Attack+1"],"relics":["Ring of the Snake","Singing Bowl","Snake Skull","Orichalcum","PreservedInsect","Bronze Scales","Calipers","Dream Catcher","WristBlade","infinitespire:Satchel","MawBank"],"acts_visited":["Exordium","TheCity"],"potions_floor_usage":[7,7,11,12,21,24,33],"damage_taken":[{"damage":2.0,"enemies":"Jaw Worm","floor":1.0,"turns":6.0},{"damage":0.0,"enemies":"Cultist","floor":3.0,"turns":4.0},{"damage":1.0,"enemies":"Small Slimes","floor":4.0,"turns":3.0},{"damage":10,"enemies":"Gremlin Nob","floor":7,"turns":3},{"damage":7,"enemies":"Lagavulin","floor":10,"turns":5},{"damage":0,"enemies":"Red Slaver","floor":11,"turns":3},{"damage":0,"enemies":"Gremlin Gang","floor":12,"turns":4},{"damage":6,"enemies":"3 Sentries","floor":14,"turns":4},{"damage":33,"enemies":"Slime Boss","floor":16,"turns":8},{"damage":16,"enemies":"Spheric Guardian","floor":18,"turns":5},{"damage":9,"enemies":"Shell Parasite","floor":21,"turns":5},{"damage":11,"enemies":"Centurion and Healer","floor":22,"turns":5},{"damage":6,"enemies":"3 Cultists","floor":24,"turns":4},{"damage":6,"enemies":"Cultist and Chosen","floor":27,"turns":4},{"damage":16,"enemies":"Snecko","floor":28,"turns":5},{"damage":13,"enemies":"Centurion and Healer","floor":31,"turns":4},{"damage":60,"enemies":"Champ","floor":33,"turns":7}],"seed_played":"4900779897605827822","potions_obtained":[{"floor":3.0,"key":"FearPotion"},{"floor":7,"key":"Fire Potion"},{"floor":10,"key":"EssenceOfSteel"},{"floor":14,"key":"Regen Potion"},{"floor":18,"key":"FearPotion"},{"floor":21,"key":"CunningPotion"},{"floor":31,"key":"AttackPotion"}],"is_trial":false,"path_per_floor":["M","?","M","M","$","R","E","R","T","E","M","M","$","E","R","B",null,"M","?","?","M","M","R","M","R","T","M","M","R","AVR","M","R","B"],"character_chosen":"THE_SILENT","items_purchased":["Singing Bowl","Infinite Blades","Snake Skull","PowerPotion","Orichalcum","Accuracy"],"campfire_rested":3,"item_purchase_floors":[0,0,0,0,5,13],"current_hp_per_floor":[40,40,40,41,41,41,33,33,33,28,30,32,32,28,51,18,63,47,28,28,33,24,48,44,44,44,38,24,51,51,38,38,0,0],"gold":258,"neow_bonus":"","is_daily":false,"chose_seed":false,"campfire_upgraded":4,"win_rate":0.0,"timestamp":1613659964,"path_taken":["M","?","M","?","?","R","E","R","T","E","M","M","$","E","R","BOSS","M","?","?","M","M","R","M","R","T","M","?","R","AVR","M","R","BOSS"],"items_purchased_type":["Relic","Card","Relic","Potion","Relic","Card"],"build_version":"2020-12-22","purchased_purges":2,"victory":false,"max_hp_per_floor":[66,66,66,68,68,68,70,70,70,72,74,76,76,78,78,78,78,78,78,78,78,80,80,82,82,82,82,84,86,86,86,86,86,86],"card_choices":[{"not_picked":["Deflect","Choke"],"picked":"Dagger Spray","floor":1.0},{"not_picked":["Flying Knee","Underhanded Strike"],"picked":"Bouncing Flask","floor":3.0},{"not_picked":["Quick Slash","Underhanded Strike","Acrobatics"],"picked":"Singing Bowl","floor":4.0},{"not_picked":["Slice","Escape Plan","Heel Hook"],"picked":"Singing Bowl","floor":7},{"not_picked":["Reflex","Blur","Dagger Spray"],"picked":"Singing Bowl","floor":10},{"not_picked":["Storm of Steel","Dagger Throw","Deadly Poison"],"picked":"Singing Bowl","floor":11},{"not_picked":["Dodge and Roll","Deflect","Dagger Spray"],"picked":"Singing Bowl","floor":12},{"not_picked":["Sucker Punch","Leg Sweep","Bouncing Flask"],"picked":"Singing Bowl","floor":14},{"not_picked":["Flechettes","Slice"],"picked":"Poisoned Stab","floor":15},{"not_picked":["Tools of the Trade","Storm of Steel"],"picked":"Phantasmal Killer","floor":16},{"not_picked":["PiercingWail","Bane"],"picked":"Cloak And Dagger","floor":18},{"not_picked":["infinitespire:FinalStrike","infinitespire:FutureSight"],"picked":"infinitespire:NeuralNetwork","floor":19},{"not_picked":["Catalyst","PiercingWail"],"picked":"Blade Dance","floor":21},{"not_picked":["Distraction","Underhanded Strike","Deflect+1"],"picked":"Singing Bowl","floor":22},{"not_picked":["Dagger Throw","PiercingWail"],"picked":"infinitespire:Neurotoxin","floor":23},{"not_picked":["Masterful Stab","Calculated Gamble","Riddle With Holes"],"picked":"Singing Bowl","floor":24},{"not_picked":["Acrobatics","Sucker Punch"],"picked":"Backstab","floor":27},{"not_picked":["Reflex","All Out Attack","Bane"],"picked":"Singing Bowl","floor":28},{"not_picked":["Acrobatics","Slice","Setup"],"picked":"Singing Bowl","floor":29},{"not_picked":["Underhanded Strike+1","Flying Knee"],"picked":"All Out Attack+1","floor":31}],"player_experience":2413351,"relics_obtained":[{"floor":7,"key":"PreservedInsect"},{"floor":9,"key":"Bronze Scales"},{"floor":10,"key":"Calipers"},{"floor":14,"key":"Dream Catcher"},{"floor":26,"key":"infinitespire:Satchel"}],"event_choices":[{"damage_healed":0.0,"max_hp_gain":0.0,"max_hp_loss":0.0,"gold_gain":50.0,"event_name":"Golden Shrine","player_choice":"Pray","floor":2.0,"gold_loss":0.0,"damage_taken":0.0},{"damage_healed":0,"gold_gain":0,"player_choice":"Copied","damage_taken":0,"max_hp_gain":0,"max_hp_loss":0,"event_name":"Duplicator","floor":20,"gold_loss":0,"cards_obtained":["infinitespire:NeuralNetwork"]}],"is_beta":false,"boss_relics":[{"not_picked":["Snecko Eye","Tiny House"],"picked":"WristBlade"}],"items_purged_floors":[13,30],"is_endless":false,"potions_floor_spawned":[3,7,10,14,18,21,31],"killed_by":"Champ","ascension_level":15}}