{"host":"0i8dz4ityulxi1rd","time":1613650974,"event":{"mods":["BaseMod","Colored Map","Colored Powertips","Custom Start","Highlight Path","Keyboard Shortcuts","Minty Spire (QoL Compilation)","StSLib","SuperFastMode"],"gold_per_floor":[117,117,267,192,38,38,81,81,105,145,165,205,42,56,56,145,145,168,168,189,203,221,221,121,121,170,197,197,197,213,254,254,254,254],"floor_reached":33,"language":"KOR","playtime":1455,"items_purged":["Defend_P","Strike_P"],"score":702,"play_id":"729193e2-f47a-436e-8071-6404bd8300e6","local_time":"20210218212254","is_ascension_mode":true,"campfire_choices":[{"data":"Eruption","floor":6.0,"key":"SMITH"},{"data":"ForeignInfluence","floor":15.0,"key":"SMITH"},{"floor":23.0,"key":"REST"},{"data":"MasterReality","floor":29.0,"key":"SMITH"},{"floor":32,"key":"REST"}],"circlet_count":0,"master_deck":["AscendersBane","Strike_P","Defend_P","Defend_P+1","Eruption+1","Vigilance","EmptyFist","BattleHymn","InnerPeace+1","Vengeance","TalkToTheHand","ForeignInfluence+1","Meditate","FlurryOfBlows","MasterReality+1","Brilliance+1","DeceiveReality+1","EmptyMind+1","FearNoEvil"],"relics":["PureWater","NeowsBlessing","Golden Idol","Bag of Preparation","War Paint","White Beast Statue","Tiny Chest","Orrery","Astrolabe","Regal Pillow","MealTicket","Smiling Mask","StoneCalendar"],"acts_visited":["Exordium","TheCity"],"potions_floor_usage":[30,31,33],"damage_taken":[{"damage":0.0,"enemies":"Jaw Worm","floor":1.0,"turns":1.0},{"damage":0.0,"enemies":"3 Sentries","floor":7.0,"turns":1.0},{"damage":0.0,"enemies":"Gremlin Nob","floor":10.0,"turns":1.0},{"damage":10.0,"enemies":"Small Slimes","floor":11.0,"turns":3.0},{"damage":25.0,"enemies":"3 Sentries","floor":12.0,"turns":4.0},{"damage":0.0,"enemies":"Cultist","floor":14.0,"turns":2.0},{"damage":14.0,"enemies":"Hexaghost","floor":16.0,"turns":7.0},{"damage":18.0,"enemies":"Shell Parasite","floor":18.0,"turns":5.0},{"damage":6.0,"enemies":"Chosen","floor":20.0,"turns":3.0},{"damage":18.0,"enemies":"Snecko","floor":21.0,"turns":3.0},{"damage":4.0,"enemies":"Sentry and Sphere","floor":22.0,"turns":4.0},{"damage":0.0,"enemies":"Book of Stabbing","floor":28.0,"turns":1.0},{"damage":0,"enemies":"Shelled Parasite and Fungi","floor":30,"turns":3},{"damage":29,"enemies":"Gremlin Leader","floor":31,"turns":4},{"damage":3,"enemies":"Collector","floor":33,"turns":5}],"seed_played":"2946895319535850564","potions_obtained":[{"floor":7.0,"key":"DuplicationPotion"},{"floor":10.0,"key":"Explosive Potion"},{"floor":12.0,"key":"Fire Potion"},{"floor":16.0,"key":"Weak Potion"},{"floor":18.0,"key":"SkillPotion"},{"floor":21.0,"key":"SmokeBomb"},{"floor":30,"key":"LiquidBronze"},{"floor":31,"key":"EssenceOfSteel"}],"is_trial":false,"path_per_floor":["M","?","?","?","$","R","E","$","T","E","M","E","$","M","R","B",null,"M","?","M","M","M","R","$","T","T","T","E","R","M","E","R","B"],"character_chosen":"WATCHER","items_purchased":["BattleHymn","Orrery"],"campfire_rested":2,"item_purchase_floors":[5,13],"current_hp_per_floor":[61,61,61,61,61,61,61,61,61,61,51,26,26,26,26,12,50,32,32,26,8,4,37,37,37,37,37,37,37,37,8,41,38,38],"gold":254,"neow_bonus":"THREE_ENEMY_KILL","is_daily":false,"chose_seed":false,"campfire_upgraded":3,"win_rate":0.0,"timestamp":1613650974,"path_taken":["M","?","?","?","$","R","E","?","T","E","?","E","$","M","R","BOSS","M","?","M","?","M","R","$","?","T","?","E","R","M","E","R","BOSS"],"items_purchased_type":["Card","Relic"],"build_version":"2020-12-22","purchased_purges":2,"victory":false,"max_hp_per_floor":[68,62,62,62,62,62,62,62,62,62,62,62,62,62,62,62,62,62,62,62,62,62,62,62,62,62,62,62,62,62,62,62,62,62],"card_choices":[{"not_picked":["CutThroughFate","Weave"],"picked":"EmptyFist","floor":1.0},{"not_picked":["ThirdEye","Fasting2"],"picked":"InnerPeace","floor":7.0},{"not_picked":["Indignation","CutThroughFate","FollowUp"],"picked":"SKIP","floor":10.0},{"not_picked":["Evaluate","PathToVictory"],"picked":"Vengeance","floor":11.0},{"not_picked":["LikeWater","Conclude"],"picked":"TalkToTheHand","floor":12.0},{"not_picked":["ThirdEye","PathToVictory"],"picked":"ForeignInfluence","floor":13.0},{"not_picked":["FollowUp","Omniscience"],"picked":"Meditate","floor":13.0},{"not_picked":["EmptyBody","FlyingSleeves"],"picked":"FlurryOfBlows","floor":13.0},{"not_picked":["FlurryOfBlows","WreathOfFlame","EmptyBody"],"picked":"SKIP","floor":14.0},{"not_picked":["DevaForm","DeusExMachina"],"picked":"MasterReality","floor":16.0},{"not_picked":["Consecrate","BowlingBash"],"picked":"EmptyMind+1","floor":18.0},{"not_picked":["SashWhip","WheelKick","PathToVictory"],"picked":"SKIP","floor":20.0},{"not_picked":["PathToVictory","Adaptation","FollowUp"],"picked":"SKIP","floor":21.0},{"not_picked":["Collect","FollowUp","InnerPeace"],"picked":"SKIP","floor":22.0},{"not_picked":["Adaptation","Protect","Halt+1"],"picked":"SKIP","floor":30},{"not_picked":["LikeWater+1","Halt"],"picked":"FearNoEvil","floor":31}],"player_experience":1324851,"relics_obtained":[{"floor":7.0,"key":"Bag of Preparation"},{"floor":9.0,"key":"War Paint"},{"floor":10.0,"key":"White Beast Statue"},{"floor":12.0,"key":"Tiny Chest"},{"floor":26.0,"key":"MealTicket"},{"floor":27.0,"key":"Smiling Mask"},{"floor":31,"key":"StoneCalendar"}],"event_choices":[{"damage_healed":0.0,"max_hp_gain":0.0,"max_hp_loss":6.0,"gold_gain":0.0,"event_name":"Golden Idol","player_choice":"Lose Max HP","floor":2.0,"gold_loss":0.0,"damage_taken":0.0,"relics_obtained":["Golden Idol"]},{"damage_healed":0.0,"max_hp_gain":0.0,"max_hp_loss":0.0,"gold_gain":150.0,"event_name":"Liars Game","player_choice":"AGREE","floor":3.0,"gold_loss":0.0,"damage_taken":0.0,"cards_obtained":["Doubt"]},{"cards_removed":["Doubt"],"damage_healed":0.0,"max_hp_gain":0.0,"max_hp_loss":0.0,"gold_gain":0.0,"event_name":"The Cleric","player_choice":"Card Removal","floor":4.0,"gold_loss":75.0,"damage_taken":0.0},{"cards_removed":["Weave"],"damage_healed":0.0,"max_hp_gain":0.0,"max_hp_loss":0.0,"gold_gain":0.0,"event_name":"WeMeetAgain","player_choice":"Gave Card","floor":19.0,"gold_loss":0.0,"damage_taken":0.0,"relics_obtained":["Regal Pillow"]}],"is_beta":false,"boss_relics":[{"not_picked":["Busted Crown","VioletLotus"],"picked":"Astrolabe"}],"items_purged_floors":[5,24],"is_endless":false,"potions_floor_spawned":[7,10,11,12,14,16,18,20,21,22,28,30,31],"killed_by":"Collector","ascension_level":20}}