{"host":"am0cr9xwekqmrere","time":1613664945,"event":{"mods":["AchievementEnabler","Act Like it!","BaseMod","Better Altar","Better Match","Better Note","Better Sensory Stone","Better Skull","Better Third Choice","BetterRewards","Conspire","Downfall","Hubris","Infinite Spire","Marisa????????","Minty Spire (QoL Compilation)","Rare Cards Sparkle","Spicy Shops","StSLib","The Servant 0.9.4","Unceasing Turn Reminder"],"gold_per_floor":[117,117,137,157,169,204,218,218,243,95,107,107,142,162,162,261,261,279,279,245,257,257,257],"floor_reached":22,"language":"ENG","playtime":1997,"items_purged":["Doubt"],"score":300,"play_id":"4749dd51-bef8-412d-b6f4-a7fb3b5b271a","local_time":"20210218101545","is_ascension_mode":false,"campfire_choices":[{"floor":8,"key":"REST"},{"floor":15,"key":"REST"}],"circlet_count":0,"master_deck":["Strike_S","Strike_S","Strike_S","Strike_S","Defend_S","Defend_S","Defend_S","Defend_S","KidneyShot","Exchange+1","SurpressingFire","Revamp","Luminosity","Hightail","Luminosity","Contraction","Snipe","GearUp","ShatteredReality","Parasite","Ricochet","RealityMarble+1","MurderousAura","Rewind","SpecialFormula","Defy","Barrier+1"],"relics":["Uniform","champ:Barbells","PreservedInsect","Bag of Marbles","Happy Flower","Chemical X","Incense Burner"],"acts_visited":["Exordium","TheCity"],"potions_floor_usage":[4,13,14,16,21],"damage_taken":[{"damage":6,"enemies":"Small Slimes","floor":1,"turns":5},{"damage":0,"enemies":"conspire:RoseBush","floor":3,"turns":5},{"damage":0,"enemies":"2 Louse","floor":4,"turns":3},{"damage":13,"enemies":"Exordium Wildlife","floor":5,"turns":10},{"damage":11,"enemies":"3 Sentries","floor":6,"turns":16},{"damage":0,"enemies":"conspire:2 RoseBushes","floor":7,"turns":10},{"damage":30,"enemies":"3 Louse","floor":11,"turns":8},{"damage":10,"enemies":"Lagavulin","floor":13,"turns":8},{"damage":2,"enemies":"Lots of Slimes","floor":14,"turns":3},{"damage":10,"enemies":"Hexaghost","floor":16,"turns":15},{"damage":16,"enemies":"3 Byrds","floor":18,"turns":7},{"damage":10,"enemies":"2 Thieves","floor":20,"turns":5},{"damage":0,"enemies":"conspire:HollyBat","floor":21,"turns":12},{"damage":55,"enemies":"Masked Bandits","floor":22,"turns":5}],"seed_played":"-6325917808333174875","potions_obtained":[{"floor":1,"key":"LiquidBronze"},{"floor":11,"key":"PowerPotion"},{"floor":13,"key":"LiquidBronze"},{"floor":14,"key":"AttackPotion"},{"floor":20,"key":"bronze:BurnAndBuffPotion"}],"is_trial":false,"path_per_floor":["M","?","M","M","M","E","M","R","T","$","M","?","E","M","R","B",null,"M","?","M","M","?"],"character_chosen":"THE_SERVANT","items_purchased":["champ:Barbells","PreservedInsect","SurpressingFire","Revamp","Chemical X"],"campfire_rested":2,"item_purchase_floors":[0,0,0,0,10],"current_hp_per_floor":[48,48,48,48,35,24,24,43,43,43,13,29,19,17,36,26,65,49,49,44,49,0,0],"gold":257,"neow_bonus":"","is_daily":false,"chose_seed":false,"campfire_upgraded":0,"win_rate":0.0,"timestamp":1613664945,"path_taken":["M","?","M","M","M","E","M","R","T","$","M","?","E","M","R","BOSS","M","?","M","M","?"],"items_purchased_type":["Relic","Relic","Card","Card","Relic"],"build_version":"2020-12-22","purchased_purges":1,"victory":false,"max_hp_per_floor":[65,65,65,65,65,65,65,65,65,65,65,65,65,65,65,65,65,65,65,65,65,65,65],"card_choices":[{"not_picked":["Rewind","Foresight"],"picked":"Luminosity","floor":1},{"not_picked":["Ricochet","Starlight"],"picked":"Hightail","floor":3},{"not_picked":["FastForward","Moonlight"],"picked":"Luminosity","floor":4},{"not_picked":["Revamp","DoubleEdge"],"picked":"Contraction","floor":5},{"not_picked":["LightFlow","FloweringNight"],"picked":"Snipe","floor":6},{"not_picked":["Gouge","Replace"],"picked":"GearUp","floor":7},{"not_picked":["Rewind","BottledTime"],"picked":"ShatteredReality","floor":11},{"not_picked":["Starlight","ShatteredReality"],"picked":"Ricochet","floor":13},{"not_picked":["FastForward","Shuttle"],"picked":"RealityMarble","floor":14},{"not_picked":["FloweringNight","Embodiment"],"picked":"MurderousAura","floor":16},{"not_picked":["ShatteredReality+1","DoubleEdge+1"],"picked":"Rewind","floor":18},{"not_picked":["Spin","StarChef"],"picked":"Defy","floor":20},{"not_picked":["Alleviate","Reset"],"picked":"Barrier+1","floor":21}],"player_experience":2820995,"relics_obtained":[{"floor":6,"key":"Bag of Marbles"},{"floor":9,"key":"Happy Flower"},{"floor":13,"key":"Incense Burner"}],"event_choices":[{"damage_healed":0,"gold_gain":0,"player_choice":"Ignored","damage_taken":0,"max_hp_gain":0,"max_hp_loss":0,"event_name":"Golden Wing","floor":2,"gold_loss":0},{"damage_healed":16,"gold_gain":0,"player_choice":"Healed and dodged fight","damage_taken":0,"max_hp_gain":0,"max_hp_loss":0,"event_name":"Mushrooms","floor":12,"gold_loss":0,"cards_obtained":["Parasite"]},{"cards_removed":["MurderousAura"],"damage_healed":0,"gold_gain":0,"player_choice":"Take \u0026 Give","damage_taken":0,"max_hp_gain":0,"max_hp_loss":0,"event_name":"betterNote:BetterNote","floor":19,"gold_loss":0,"cards_obtained":["SpecialFormula"]},{"damage_healed":0,"gold_gain":0,"player_choice":"Fought Bandits","damage_taken":0,"max_hp_gain":0,"max_hp_loss":0,"event_name":"Masked Bandits","floor":22,"gold_loss":0}],"is_beta":false,"boss_relics":[{"not_picked":["Empty Cage","Snecko Eye","Coffee Dripper"]}],"items_purged_floors":[0],"is_endless":false,"potions_floor_spawned":[1,11,13,14,20],"killed_by":"Masked Bandits","ascension_level":0}}