{"host":"tzwikg9s6mkzv6w0","time":1613651471,"event":{"mods":["BaseMod","Good Game Mod","Minty Spire (QoL Compilation)","Spicy Shops","StSLib"],"gold_per_floor":[112,131,131,306,88,118,118,152,205,233,248,273,273,273,273,373,373,391,391,409,4,454,454,468,494,494,530,548,548,574,605,605,714,777,793,539,562,562,207,235,251,286,310,199,219,258,278,300,300,300,300,300,126,152,152],"floor_reached":56,"language":"ZHS","playtime":2295,"items_purged":["Doubt","Strike_R","Infernal Blade","Dual Wield","Bash","Power Through","Flex","Hyperbeam+1"],"score":1783,"play_id":"ce44f0e1-5249-4e5c-9b3e-7d867cf6d594","local_time":"20210218203111","is_ascension_mode":true,"campfire_choices":[{"data":"Hyperbeam","floor":7.0,"key":"SMITH"},{"data":"Shockwave","floor":13.0,"key":"SMITH"},{"floor":15.0,"key":"RECALL"},{"floor":23.0,"key":"REST"},{"data":"Feel No Pain","floor":32.0,"key":"SMITH"},{"data":"Body Slam","floor":49,"key":"SMITH"},{"data":"Entrench","floor":52,"key":"SMITH"}],"circlet_count":0,"master_deck":["Dark Embrace+1","Ghostly Armor+1","Shrug It Off","Shockwave+1","Offering","Armaments+1","Feel No Pain+1","True Grit+1","Power Through","Reaper","Second Wind","Evolve","Shrug It Off","Pommel Strike+1","Entrench+1","Seeing Red+1","Body Slam+1","Bloodletting+1","Disarm+1","Second Wind+1"],"relics":["Burning Blood","REME:ComplimentaryCards","NeowsBlessing","OrangePellets","Regal Pillow","Gremlin Horn","Omamori","HornCleat","White Beast Statue","Black Star","Enchiridion","Calipers","War Paint","Smiling Mask","Meat on the Bone","Sundial","CeramicFish","MutagenicStrength","Dream Catcher","Eternal Feather","Pandora\u0027s Box","ClockworkSouvenir","Medical Kit","Nunchaku","Frozen Egg 2","Toxic Egg 2","Self Forming Clay","Bottled Flame","Prayer Wheel","MealTicket","Paper Frog","Bag of Preparation","Centennial Puzzle"],"acts_visited":["Exordium","TheCity","TheBeyond","TheEnding"],"potions_floor_usage":[42,42,55,55],"damage_taken":[{"damage":0.0,"enemies":"2 Louse","floor":1.0,"turns":1.0},{"damage":0.0,"enemies":"Jaw Worm","floor":2.0,"turns":1.0},{"damage":0.0,"enemies":"Gremlin Nob","floor":6.0,"turns":1.0},{"damage":10.0,"enemies":"3 Sentries","floor":8.0,"turns":3.0},{"damage":29.0,"enemies":"Lagavulin","floor":10.0,"turns":7.0},{"damage":0.0,"enemies":"Small Slimes","floor":11.0,"turns":1.0},{"damage":2.0,"enemies":"Gremlin Nob","floor":12.0,"turns":3.0},{"damage":20.0,"enemies":"Slime Boss","floor":16.0,"turns":6.0},{"damage":9.0,"enemies":"Chosen","floor":18.0,"turns":4.0},{"damage":8.0,"enemies":"2 Thieves","floor":20.0,"turns":3.0},{"damage":7.0,"enemies":"3 Cultists","floor":24.0,"turns":4.0},{"damage":9.0,"enemies":"Gremlin Leader","floor":25.0,"turns":4.0},{"damage":18.0,"enemies":"Book of Stabbing","floor":27.0,"turns":5.0},{"damage":16.0,"enemies":"Centurion and Healer","floor":28.0,"turns":10.0},{"damage":6.0,"enemies":"Sentry and Sphere","floor":30.0,"turns":4.0},{"damage":6.0,"enemies":"Slavers","floor":31.0,"turns":3.0},{"damage":50.0,"enemies":"Collector","floor":33.0,"turns":12.0},{"damage":16.0,"enemies":"3 Darklings","floor":35.0,"turns":3.0},{"damage":6.0,"enemies":"Orb Walker","floor":37.0,"turns":4.0},{"damage":16,"enemies":"Reptomancer","floor":40,"turns":4},{"damage":6,"enemies":"Maw","floor":41,"turns":6},{"damage":6,"enemies":"Nemesis","floor":42,"turns":9},{"damage":7,"enemies":"Jaw Worm Horde","floor":45,"turns":4},{"damage":6,"enemies":"Giant Head","floor":46,"turns":3},{"damage":9,"enemies":"Writhing Mass","floor":47,"turns":3},{"damage":11,"enemies":"3 Darklings","floor":48,"turns":3},{"damage":36,"enemies":"Time Eater","floor":50,"turns":10},{"damage":37,"enemies":"Shield and Spear","floor":54,"turns":3},{"damage":20,"enemies":"The Heart","floor":55,"turns":4}],"seed_played":"8501928451799763564","potions_obtained":[{"floor":10.0,"key":"EntropicBrew"},{"floor":11.0,"key":"ColorlessPotion"},{"floor":16.0,"key":"DistilledChaos"},{"floor":18.0,"key":"Block Potion"},{"floor":20.0,"key":"Swift Potion"},{"floor":25.0,"key":"PowerPotion"},{"floor":30.0,"key":"DistilledChaos"},{"floor":31.0,"key":"LiquidBronze"},{"floor":33.0,"key":"Swift Potion"},{"floor":35.0,"key":"Energy Potion"},{"floor":42,"key":"EssenceOfSteel"},{"floor":45,"key":"SkillPotion"},{"floor":46,"key":"BloodPotion"}],"is_trial":false,"path_per_floor":["M","M","?","?","$","E","R","E","T","E","M","E","R","?","R","B",null,"M","?","M","$","?","R","M","E","T","E","M","?","M","E","R","B",null,"M","$","M","?","$","E","M","E","T","$","M","E","M","M","R","B",null,"R","$","E","B",null],"character_chosen":"IRONCLAD","items_purchased":["OrangePellets","Calipers","ClockworkSouvenir","Medical Kit","Nunchaku","Entrench","Body Slam","Paper Frog"],"campfire_rested":1,"item_purchase_floors":[5,21,36,39,39,39,44,53],"current_hp_per_floor":[80,80,73,73,73,79,79,75,75,52,58,62,62,62,62,48,80,77,61,59,59,13,52,51,48,48,48,50,50,50,50,59,27,80,70,70,80,80,80,70,80,80,80,80,80,80,77,78,80,58,80,80,80,63,65],"gold":152,"neow_bonus":"THREE_ENEMY_KILL","is_daily":false,"chose_seed":false,"campfire_upgraded":5,"win_rate":0.0,"timestamp":1613651471,"path_taken":["M","M","?","?","$","E","R","E","T","E","M","E","R","?","R","BOSS","M","?","M","$","?","R","M","E","T","E","?","?","M","E","R","BOSS","M","$","M","?","$","E","M","E","T","$","M","E","?","M","R","BOSS","R","$","E","BOSS"],"items_purchased_type":["Relic","Relic","Relic","Relic","Relic","Card","Card","Relic"],"build_version":"2020-12-22","purchased_purges":8,"victory":true,"max_hp_per_floor":[80,80,80,80,80,80,80,80,80,80,80,80,80,80,80,80,80,80,80,80,80,80,80,80,80,80,80,80,80,80,80,80,80,80,80,80,80,80,80,80,80,80,80,80,80,80,80,80,80,80,80,80,80,80,80],"card_choices":[{"not_picked":["Ghostly Armor","Headbutt","Wild Strike"],"picked":"SKIP","floor":1.0},{"not_picked":["Warcry","Sever Soul"],"picked":"Dark Embrace","floor":2.0},{"not_picked":["Havoc","Dual Wield","Rampage"],"picked":"SKIP","floor":6.0},{"not_picked":["Twin Strike","Headbutt","Havoc"],"picked":"SKIP","floor":8.0},{"not_picked":["Rampage","Perfected Strike"],"picked":"Ghostly Armor","floor":10.0},{"not_picked":["Hemokinesis","Clothesline"],"picked":"Shrug It Off","floor":11.0},{"not_picked":["Hemokinesis","Infernal Blade"],"picked":"Shockwave","floor":12.0},{"not_picked":["Exhume","Brutality"],"picked":"Offering","floor":16.0},{"not_picked":["Havoc+1","Perfected Strike"],"picked":"Armaments+1","floor":18.0},{"not_picked":["True Grit","Clash"],"picked":"Feel No Pain","floor":20.0},{"not_picked":["Rupture","Combust","Clothesline+1"],"picked":"SKIP","floor":24.0},{"not_picked":["Dual Wield","Fire Breathing","Warcry"],"picked":"SKIP","floor":25.0},{"not_picked":["Pummel","Iron Wave"],"picked":"True Grit+1","floor":27.0},{"not_picked":["Iron Wave","Infernal Blade","Havoc+1"],"picked":"SKIP","floor":28.0},{"not_picked":["Blood for Blood","Inflame+1"],"picked":"Power Through","floor":30.0},{"not_picked":["Feel No Pain+1","Flex","Thunderclap"],"picked":"SKIP","floor":31.0},{"not_picked":["Brutality","Immolate"],"picked":"Reaper","floor":33.0},{"not_picked":["Heavy Blade+1","Havoc","Metallicize"],"picked":"SKIP","floor":35.0},{"not_picked":["Havoc+1","Armaments"],"picked":"Pommel Strike+1","floor":37.0},{"not_picked":["Inflame+1","Carnage","Power Through+1"],"picked":"SKIP","floor":40},{"not_picked":["True Grit+1","Headbutt","Clash"],"picked":"SKIP","floor":41},{"not_picked":["Reaper","Flex+1"],"picked":"Seeing Red+1","floor":42},{"not_picked":["True Grit+1","Headbutt","Perfected Strike"],"picked":"SKIP","floor":45},{"not_picked":["Dropkick+1","Shrug It Off+1"],"picked":"Bloodletting+1","floor":46},{"not_picked":["Ghostly Armor+1","Headbutt+1"],"picked":"Disarm+1","floor":47},{"not_picked":["Dropkick+1","Iron Wave","Headbutt+1"],"picked":"SKIP","floor":47},{"not_picked":["Havoc+1","Clothesline"],"picked":"Second Wind+1","floor":48},{"not_picked":["Dark Embrace+1","Whirlwind+1","Infernal Blade+1"],"picked":"SKIP","floor":48},{"not_picked":["Fiend Fire","Blood for Blood+1","Iron Wave"],"picked":"SKIP","floor":54}],"player_experience":147848,"relics_obtained":[{"floor":6.0,"key":"Regal Pillow"},{"floor":8.0,"key":"Gremlin Horn"},{"floor":9.0,"key":"Omamori"},{"floor":10.0,"key":"HornCleat"},{"floor":12.0,"key":"White Beast Statue"},{"floor":19.0,"key":"Enchiridion"},{"floor":25.0,"key":"War Paint"},{"floor":25.0,"key":"Smiling Mask"},{"floor":26.0,"key":"Meat on the Bone"},{"floor":27.0,"key":"Sundial"},{"floor":27.0,"key":"CeramicFish"},{"floor":31.0,"key":"Dream Catcher"},{"floor":31.0,"key":"Eternal Feather"},{"floor":40,"key":"Frozen Egg 2"},{"floor":40,"key":"Toxic Egg 2"},{"floor":42,"key":"Self Forming Clay"},{"floor":42,"key":"Bottled Flame"},{"floor":46,"key":"Prayer Wheel"},{"floor":46,"key":"MealTicket"},{"floor":54,"key":"Bag of Preparation"},{"floor":54,"key":"Centennial Puzzle"}],"event_choices":[{"cards_removed":["Strike_R"],"damage_healed":0.0,"max_hp_gain":0.0,"max_hp_loss":0.0,"gold_gain":0.0,"event_name":"Golden Wing","player_choice":"Card Removal","floor":3.0,"gold_loss":0.0,"damage_taken":7.0},{"damage_healed":0.0,"max_hp_gain":0.0,"max_hp_loss":0.0,"gold_gain":175.0,"event_name":"Liars Game","player_choice":"AGREE","floor":4.0,"gold_loss":0.0,"damage_taken":0.0,"cards_obtained":["Doubt"]},{"damage_healed":0.0,"max_hp_gain":0.0,"max_hp_loss":0.0,"gold_gain":0.0,"event_name":"Upgrade Shrine","player_choice":"Upgraded","floor":14.0,"gold_loss":0.0,"damage_taken":0.0,"cards_upgraded":["Dark Embrace"]},{"damage_healed":0.0,"max_hp_gain":0.0,"max_hp_loss":0.0,"gold_gain":0.0,"event_name":"Cursed Tome","player_choice":"Obtained Book","floor":19.0,"gold_loss":0.0,"damage_taken":16.0},{"damage_healed":0.0,"max_hp_gain":0.0,"max_hp_loss":0.0,"gold_gain":450.0,"event_name":"Knowing Skull","player_choice":"GOLD GOLD GOLD GOLD GOLD ","floor":22.0,"potions_obtained":[],"gold_loss":0.0,"damage_taken":46.0,"cards_obtained":[]},{"damage_healed":0.0,"max_hp_gain":0.0,"max_hp_loss":0.0,"gold_gain":0.0,"event_name":"Drug Dealer","player_choice":"Inject Mutagens","floor":29.0,"gold_loss":0.0,"damage_taken":0.0,"relics_obtained":["MutagenicStrength"]},{"damage_healed":0,"gold_gain":0,"player_choice":"Bought 0 Potions","damage_taken":0,"max_hp_gain":0,"max_hp_loss":0,"event_name":"The Woman in Blue","floor":38,"gold_loss":0}],"is_beta":false,"boss_relics":[{"not_picked":["Cursed Key","SlaversCollar"],"picked":"Black Star"},{"not_picked":["Coffee Dripper","Calling Bell"],"picked":"Pandora\u0027s Box"}],"items_purged_floors":[5,21,36,36,39,39,44,53],"is_endless":false,"potions_floor_spawned":[10,11,16,18,20,24,25,27,28,30,31,33,35,37,40,41,42,45,46,47,48,54],"ascension_level":4}}