{"host":"3jpcvpprzj9sjffh","time":1613656333,"event":{"mods":["AchievementEnabler","BaseMod","Colored Map","Minty Spire (QoL Compilation)","Rare Cards Sparkle","SuperFastMode","everything is the same but u backflip on backflip"],"gold_per_floor":[215,230,52,69,69,95,95,158,183,183,194,174,91,110,110,214,214,226,4,16,36,49,49,80,80,153,153,0,10,10,10,10,10,10],"floor_reached":33,"language":"KOR","playtime":1064,"items_purged":["Strike_R"],"score":290,"play_id":"8cd0fc3c-b0af-4372-b6c2-246f39cbaae0","local_time":"20210218225213","is_ascension_mode":false,"campfire_choices":[{"floor":7.0,"key":"REST"},{"floor":10.0,"key":"REST"},{"floor":15.0,"key":"REST"},{"floor":23,"key":"REST"},{"floor":27,"key":"REST"},{"floor":30,"key":"REST"},{"data":"Armaments","floor":32,"key":"SMITH"}],"circlet_count":0,"master_deck":["Defend_R","Defend_R","Defend_R","Defend_R","Bash","Flex","Twin Strike","Heavy Blade","Pommel Strike+1","Second Wind","Evolve","Perfected Strike","Wild Strike","Double Tap","Armaments+1","Ghostly Armor","Juggernaut","Flame Barrier","Battle Trance+1","Rage+1","Bite","Bite","Bite","Bite","Bite","Thunderclap+1"],"relics":["Burning Blood","Bag of Preparation","Happy Flower","Boot","Philosopher\u0027s Stone","Lantern","Strawberry","Toxic Egg 2","Centennial Puzzle"],"acts_visited":["Exordium","TheCity"],"potions_floor_usage":[16,18,24,24,33],"damage_taken":[{"damage":12.0,"enemies":"2 Louse","floor":1.0,"turns":3.0},{"damage":6.0,"enemies":"Jaw Worm","floor":2.0,"turns":3.0},{"damage":12.0,"enemies":"Small Slimes","floor":4.0,"turns":3.0},{"damage":31.0,"enemies":"Lagavulin","floor":6.0,"turns":5.0},{"damage":36.0,"enemies":"Lagavulin Event","floor":8.0,"turns":5.0},{"damage":26.0,"enemies":"Exordium Thugs","floor":11.0,"turns":4.0},{"damage":0.0,"enemies":"Looter","floor":14.0,"turns":2.0},{"damage":37,"enemies":"The Guardian","floor":16,"turns":10},{"damage":28,"enemies":"3 Byrds","floor":18,"turns":5},{"damage":6,"enemies":"Spheric Guardian","floor":20,"turns":3},{"damage":8,"enemies":"Centurion and Healer","floor":21,"turns":7},{"damage":40,"enemies":"Snake Plant","floor":22,"turns":5},{"damage":50,"enemies":"Slavers","floor":24,"turns":4},{"damage":28,"enemies":"3 Cultists","floor":29,"turns":6},{"damage":69,"enemies":"Automaton","floor":33,"turns":6}],"seed_played":"-7855094598819152496","potions_obtained":[{"floor":8.0,"key":"GamblersBrew"},{"floor":11.0,"key":"SkillPotion"},{"floor":12.0,"key":"Regen Potion"},{"floor":21,"key":"SkillPotion"},{"floor":22,"key":"LiquidBronze"},{"floor":24,"key":"SpeedPotion"}],"is_trial":false,"path_per_floor":["M","M","$","M","?","E","R","?","T","R","M","?","$","M","R","B",null,"M","$","M","M","M","R","E","?","T","R","$","M","R","$","R","B"],"character_chosen":"IRONCLAD","items_purchased":["Heavy Blade","Pommel Strike","Second Wind","Armaments","Ghostly Armor","Lantern","Centennial Puzzle"],"campfire_rested":6,"item_purchase_floors":[3,3,3,13,13,19,28],"current_hp_per_floor":[74,74,74,68,68,43,67,37,37,61,41,41,41,47,71,40,80,70,70,70,68,34,58,21,21,21,39,39,39,57,57,57,0,0],"gold":10,"neow_bonus":"HUNDRED_GOLD","is_daily":false,"chose_seed":false,"campfire_upgraded":1,"win_rate":0.0,"timestamp":1613656333,"path_taken":["M","M","$","M","?","E","R","?","T","R","M","?","$","M","R","BOSS","M","$","M","M","M","R","E","?","T","R","$","M","R","$","R","BOSS"],"items_purchased_type":["Card","Card","Card","Card","Card","Relic","Relic"],"build_version":"2020-12-22","purchased_purges":1,"victory":false,"max_hp_per_floor":[80,80,80,80,80,80,80,80,80,80,80,80,80,80,80,80,80,80,80,80,80,80,80,87,60,60,60,60,60,60,60,60,60,60],"card_choices":[{"not_picked":["Iron Wave","Clothesline"],"picked":"Flex","floor":1.0},{"not_picked":["Flex","Perfected Strike"],"picked":"Twin Strike","floor":2.0},{"not_picked":["Iron Wave","Headbutt"],"picked":"Evolve","floor":4.0},{"not_picked":["Wild Strike","Reckless Charge"],"picked":"Perfected Strike","floor":6.0},{"not_picked":["Flex","Whirlwind"],"picked":"Wild Strike","floor":8.0},{"not_picked":["Disarm","Anger"],"picked":"Double Tap","floor":11.0},{"not_picked":["Clash","Second Wind","Dark Embrace"],"picked":"SKIP","floor":14.0},{"not_picked":["Double Tap","Fiend Fire"],"picked":"Juggernaut","floor":16},{"not_picked":["Sentinel","Iron Wave"],"picked":"Flame Barrier","floor":18},{"not_picked":["Ghostly Armor+1","Havoc","Dropkick"],"picked":"SKIP","floor":20},{"not_picked":["Pummel","Wild Strike+1"],"picked":"Battle Trance+1","floor":21},{"not_picked":["Clothesline+1","Clash","Flex"],"picked":"SKIP","floor":22},{"not_picked":["Havoc","Dropkick"],"picked":"Rage+1","floor":24},{"not_picked":["Disarm+1","Reckless Charge"],"picked":"Thunderclap+1","floor":29}],"player_experience":338579,"relics_obtained":[{"floor":6.0,"key":"Bag of Preparation"},{"floor":8.0,"key":"Happy Flower"},{"floor":9.0,"key":"Boot"},{"floor":24,"key":"Strawberry"},{"floor":26,"key":"Toxic Egg 2"}],"event_choices":[{"damage_healed":0.0,"max_hp_gain":0.0,"max_hp_loss":0.0,"gold_gain":0.0,"event_name":"Living Wall","player_choice":"Grow","floor":5.0,"gold_loss":0.0,"damage_taken":0.0,"cards_upgraded":["Pommel Strike"]},{"damage_healed":0.0,"max_hp_gain":0.0,"max_hp_loss":0.0,"gold_gain":0.0,"event_name":"Dead Adventurer","player_choice":"Searched \u00272\u0027 times","floor":8.0,"gold_loss":0.0,"damage_taken":0.0},{"damage_healed":0.0,"max_hp_gain":0.0,"max_hp_loss":0.0,"gold_gain":0.0,"event_name":"The Woman in Blue","player_choice":"Bought 1 Potion","floor":12.0,"gold_loss":0.0,"damage_taken":0.0},{"damage_healed":0,"gold_gain":0,"player_choice":"Became a vampire","damage_taken":0,"max_hp_gain":0,"max_hp_loss":27,"event_name":"Vampires","floor":25,"gold_loss":0,"cards_obtained":["Bite","Bite","Bite","Bite","Bite"]}],"is_beta":false,"boss_relics":[{"not_picked":["Astrolabe","Runic Cube"],"picked":"Philosopher\u0027s Stone"}],"items_purged_floors":[19],"is_endless":false,"potions_floor_spawned":[8,11,21,22,24],"killed_by":"Automaton","ascension_level":0}}