{"host":"lsq35p0sdkx2xifo","time":1613626905,"event":{"mods":["AchievementEnabler","BaseMod","Highlight Path","Minty Spire (QoL Compilation)","StSLib"],"gold_per_floor":[112,127,127,142,160,160,175,203,271,271,306,322,322,342,342,418,418,418,332,121,61,61,61,61],"floor_reached":23,"language":"ENG","playtime":1182,"items_purged":["Defend_R"],"score":410,"play_id":"03955cb2-7893-4ebf-b1aa-686cdeb769fa","local_time":"20210217214145","is_ascension_mode":true,"campfire_choices":[{"data":"Infernal Blade","floor":6,"key":"SMITH"},{"floor":13,"key":"REST"},{"floor":15,"key":"REST"}],"circlet_count":0,"master_deck":["AscendersBane","Strike_R","Strike_R","Strike_R","Strike_R","Strike_R","Defend_R","Defend_R","Defend_R","Bash","Clash","Rage","Clothesline","Infernal Blade+1","Hemokinesis","Fire Breathing","Power Through","Metallicize","Second Wind","Double Tap","Blood for Blood","Wild Strike","Shrug It Off+1"],"relics":["Burning Blood","Torii","Boot","InkBottle","Ice Cream","Smiling Mask","Ectoplasm","Tiny Chest","Lantern"],"acts_visited":["TheCity"],"potions_floor_usage":[5,8,8,11,16,23],"damage_taken":[{"damage":7.0,"enemies":"Cultist","floor":1.0,"turns":4.0},{"damage":0,"enemies":"2 Louse","floor":2,"turns":2},{"damage":0,"enemies":"Small Slimes","floor":4,"turns":3},{"damage":3,"enemies":"Gremlin Gang","floor":5,"turns":5},{"damage":1,"enemies":"Looter","floor":7,"turns":3},{"damage":31,"enemies":"Gremlin Nob","floor":8,"turns":4},{"damage":27,"enemies":"Lagavulin","floor":11,"turns":4},{"damage":19,"enemies":"Exordium Thugs","floor":12,"turns":6},{"damage":11,"enemies":"Large Slime","floor":14,"turns":7},{"damage":40,"enemies":"The Guardian","floor":16,"turns":14},{"damage":13,"enemies":"Spheric Guardian","floor":18,"turns":4},{"damage":11,"enemies":"2 Thieves","floor":21,"turns":3},{"damage":27,"enemies":"Cultist and Chosen","floor":22,"turns":6},{"damage":28,"enemies":"Slavers","floor":23,"turns":2}],"seed_played":"4479262634749649010","potions_obtained":[{"floor":2,"key":"Strength Potion"},{"floor":5,"key":"ElixirPotion"},{"floor":7,"key":"Weak Potion"},{"floor":8,"key":"DistilledChaos"},{"floor":12,"key":"PowerPotion"},{"floor":22,"key":"SkillPotion"}],"is_trial":false,"path_per_floor":["M","M","?","M","M","R","M","E","T","?","E","M","R","M","R","B",null,"M","?","$","M","M","E"],"character_chosen":"IRONCLAD","items_purchased":["Lantern"],"campfire_rested":2,"item_purchase_floors":[20],"current_hp_per_floor":[67,68,68,68,68,68,68,43,43,43,22,9,29,24,44,10,54,47,47,47,42,21,0,0],"gold":61,"neow_bonus":"ONE_RARE_RELIC","is_daily":false,"chose_seed":false,"campfire_upgraded":1,"win_rate":0.0,"timestamp":1613626905,"path_taken":["M","?","?","M","M","R","M","E","T","?","E","M","R","M","R","BOSS","M","?","$","M","?","E"],"items_purchased_type":["Relic"],"build_version":"2020-12-22","purchased_purges":1,"victory":false,"max_hp_per_floor":[68,68,68,68,68,68,68,68,68,68,68,68,68,68,68,68,68,68,68,68,68,68,68,68],"card_choices":[{"not_picked":["Searing Blow","Warcry"],"picked":"Clash","floor":1},{"not_picked":["Thunderclap","Body Slam"],"picked":"Rage","floor":2},{"not_picked":["Shrug It Off","Infernal Blade"],"picked":"Clothesline","floor":4},{"not_picked":["True Grit","Cleave"],"picked":"Infernal Blade","floor":5},{"not_picked":["Sword Boomerang","Havoc"],"picked":"Hemokinesis","floor":7},{"not_picked":["Sword Boomerang","Headbutt"],"picked":"Fire Breathing","floor":8},{"not_picked":["Rupture","Combust"],"picked":"Power Through","floor":11},{"not_picked":["Armaments","Rupture"],"picked":"Metallicize","floor":12},{"not_picked":["Pommel Strike","Iron Wave"],"picked":"Second Wind","floor":14},{"not_picked":["Exhume","Bludgeon"],"picked":"Double Tap","floor":16},{"not_picked":["Dark Embrace","Armaments+1"],"picked":"Blood for Blood","floor":18},{"not_picked":["Disarm","Whirlwind"],"picked":"Wild Strike","floor":21},{"not_picked":["Thunderclap","Shockwave"],"picked":"Shrug It Off+1","floor":22}],"player_experience":1286570,"relics_obtained":[{"floor":8,"key":"Boot"},{"floor":9,"key":"InkBottle"},{"floor":11,"key":"Smiling Mask"}],"event_choices":[{"damage_healed":0,"gold_gain":0,"player_choice":"Ignored","damage_taken":0,"max_hp_gain":0,"max_hp_loss":0,"event_name":"Shining Light","floor":3,"gold_loss":0},{"damage_healed":0,"gold_gain":0,"player_choice":"Searched \u00272\u0027 times","damage_taken":0,"relics_obtained":["Ice Cream"],"max_hp_gain":0,"max_hp_loss":0,"event_name":"Dead Adventurer","floor":10,"gold_loss":0},{"damage_healed":0,"gold_gain":0,"player_choice":"Paid Gold","damage_taken":0,"relics_obtained":["Tiny Chest"],"max_hp_gain":0,"max_hp_loss":0,"event_name":"WeMeetAgain","floor":19,"gold_loss":86}],"is_beta":false,"boss_relics":[{"not_picked":["Coffee Dripper","Philosopher\u0027s Stone"],"picked":"Ectoplasm"}],"items_purged_floors":[20],"is_endless":false,"potions_floor_spawned":[2,5,7,8,12,22],"killed_by":"Slavers","ascension_level":20}}