{"host":"f6w7z8zvb0mi4wy9","time":1613624059,"event":{"mods":["BaseMod","Colored Map","Minty Spire (QoL Compilation)","READ ME - Guardian Mod","StSLib","SuperFastMode","The Jungle"],"gold_per_floor":[112,127,137,151,169,204,204,231,257,283,283,358,358,370,370,466,466,482,495,515,531,121,148,148,176,176,176,207,226,258,271,271,373,373,385,229,276,18,28,28,60,0,0,25,45,45,8,33,33,33,33,33,33,59,59],"floor_reached":56,"language":"KOR","playtime":2958,"items_purged":["Defend_B"],"score":1516,"play_id":"8f29d3e5-3eca-49b1-963a-e0c169625ece","local_time":"20210218135419","is_ascension_mode":true,"campfire_choices":[{"data":"Dualcast","floor":7.0,"key":"SMITH"},{"data":"Capacitor","floor":13.0,"key":"SMITH"},{"floor":15.0,"key":"RECALL"},{"floor":32.0,"key":"DIG"},{"data":"Defragment","floor":40.0,"key":"SMITH"},{"data":"Defragment","floor":46,"key":"SMITH"},{"floor":49,"key":"DIG"},{"floor":52,"key":"DIG"}],"circlet_count":0,"master_deck":["Strike_B","Strike_B","Strike_B","Strike_B","Defend_B","Defend_B","Defend_B","Zap+1","Dualcast+1","Cold Snap","Glacier","Hologram","Self Repair","Capacitor+1","Gash","Chill","Coolheaded+1","Reboot+1","Steam+1","Coolheaded+1","Beam Cell+1","Capacitor+1","Master of Strategy+1","Steam+1","White Noise+1","Chaos+1","Sweeping Beam+1","Barrage+1","Hologram+1","Meteor Strike+1","Compile Driver+1","Defragment+1","Panacea+1","Defragment+1","Steam+1","Defragment+1","Blizzard+1","BootSequence+1"],"relics":["Cracked Core","Centennial Puzzle","Bottled Lightning","Vajra","Bag of Preparation","Toxic Egg 2","Philosopher\u0027s Stone","DollysMirror","Pen Nib","Shovel","Ancient Tea Set","Molten Egg 2","theJungle:BirthdayCakeSlice","Toy Ornithopter","Du-Vu Doll","Nunchaku","Nuclear Battery","FossilizedHelix","Eternal Feather","Smiling Mask","Red Mask","DataDisk","Boot","TungstenRod","Shuriken","Letter Opener"],"acts_visited":["Exordium","Exordium","TheBeyond","TheEnding"],"potions_floor_usage":[50,55,55],"damage_taken":[{"damage":0.0,"enemies":"Cultist","floor":1.0,"turns":3.0},{"damage":11.0,"enemies":"Jaw Worm","floor":2.0,"turns":2.0},{"damage":5.0,"enemies":"Small Slimes","floor":3.0,"turns":3.0},{"damage":0.0,"enemies":"2 Fungi Beasts","floor":4.0,"turns":4.0},{"damage":0.0,"enemies":"3 Louse","floor":5.0,"turns":3.0},{"damage":14.0,"enemies":"Gremlin Nob","floor":6.0,"turns":3.0},{"damage":4.0,"enemies":"Lagavulin","floor":8.0,"turns":7.0},{"damage":11.0,"enemies":"3 Sentries","floor":10.0,"turns":9.0},{"damage":8.0,"enemies":"Exordium Wildlife","floor":14.0,"turns":6.0},{"damage":0.0,"enemies":"The Guardian","floor":16.0,"turns":13.0},{"damage":3.0,"enemies":"theJungle:GiantWrat","floor":18.0,"turns":5.0},{"damage":0.0,"enemies":"theJungle:MUSHROOMGANG","floor":19.0,"turns":8.0},{"damage":1.0,"enemies":"Snake Plant","floor":20.0,"turns":7.0},{"damage":7.0,"enemies":"theJungle:SlimyTreeVines","floor":21.0,"turns":12.0},{"damage":27.0,"enemies":"theJungle:MamaSnecko","floor":23.0,"turns":8.0},{"damage":17.0,"enemies":"theJungle:Cassacara","floor":25.0,"turns":9.0},{"damage":9.0,"enemies":"theJungle:2_Phrogs","floor":28.0,"turns":8.0},{"damage":5.0,"enemies":"theJungle:Lyon","floor":29.0,"turns":4.0},{"damage":11.0,"enemies":"theJungle:Cassacara","floor":30.0,"turns":4.0},{"damage":3.0,"enemies":"theJungle:Snecko_Cultist_And_Trap","floor":31.0,"turns":4.0},{"damage":17.0,"enemies":"theJungle:TotemBoss","floor":33.0,"turns":5.0},{"damage":0.0,"enemies":"3 Shapes","floor":35.0,"turns":3.0},{"damage":10.0,"enemies":"2 Orb Walkers","floor":37.0,"turns":5.0},{"damage":0.0,"enemies":"Orb Walker","floor":39.0,"turns":2.0},{"damage":0.0,"enemies":"Giant Head","floor":41.0,"turns":6.0},{"damage":13.0,"enemies":"Reptomancer","floor":44.0,"turns":6.0},{"damage":0.0,"enemies":"Writhing Mass","floor":45.0,"turns":5.0},{"damage":0,"enemies":"Giant Head","floor":48,"turns":2},{"damage":2,"enemies":"Time Eater","floor":50,"turns":11},{"damage":5,"enemies":"Shield and Spear","floor":54,"turns":3},{"damage":74,"enemies":"The Heart","floor":55,"turns":8}],"seed_played":"-6458797892071241032","potions_obtained":[{"floor":2.0,"key":"FocusPotion"},{"floor":4.0,"key":"LiquidMemories"},{"floor":5.0,"key":"Fire Potion"},{"floor":8.0,"key":"FocusPotion"},{"floor":14.0,"key":"DistilledChaos"},{"floor":16.0,"key":"Swift Potion"},{"floor":25.0,"key":"Dexterity Potion"},{"floor":29.0,"key":"SpeedPotion"},{"floor":30.0,"key":"AttackPotion"},{"floor":31.0,"key":"LiquidBronze"},{"floor":35.0,"key":"GamblersBrew"},{"floor":37.0,"key":"PowerPotion"},{"floor":44.0,"key":"SpeedPotion"}],"is_trial":false,"path_per_floor":["M","M","M","M","M","E","R","E","T","E","?","T","R","M","R","B",null,"M","M","M","M","$","E","?","E","T","?","E","M","E","M","R","B",null,"M","$","?","$","M","R","E","?","T","E","M","R","$","E","R","B",null,"R","$","E","B",null],"character_chosen":"DEFECT","items_purchased":["DollysMirror","Master of Strategy+1","Defragment","Panacea+1","Eternal Feather","Blizzard+1"],"campfire_rested":0,"item_purchase_floors":[22,22,36,36,38,47],"current_hp_per_floor":[75,64,59,59,66,59,59,62,62,58,63,63,63,62,62,69,80,80,80,80,80,80,60,42,32,32,37,28,35,31,35,35,35,85,85,85,82,82,85,85,85,85,85,79,85,85,85,85,85,85,85,85,85,85,18],"gold":59,"neow_bonus":"UPGRADE_CARD","is_daily":false,"chose_seed":false,"campfire_upgraded":4,"win_rate":0.0,"timestamp":1613624059,"path_taken":["M","M","M","M","M","E","R","E","T","E","?","?","R","?","R","BOSS","M","M","M","M","$","E","?","E","T","?","E","M","E","M","R","BOSS","M","$","?","$","M","R","E","?","T","E","M","R","?","E","R","BOSS","R","$","E","BOSS"],"items_purchased_type":["Relic","Card","Card","Card","Relic","Card"],"build_version":"2020-12-22","purchased_purges":1,"victory":true,"max_hp_per_floor":[75,75,75,75,75,75,75,75,75,75,80,80,80,80,80,80,80,80,80,80,80,80,80,80,80,80,85,85,85,85,85,85,85,85,85,85,85,85,85,85,85,85,85,85,85,85,85,85,85,85,85,85,85,85,85],"card_choices":[{"not_picked":["Turbo","Redo"],"picked":"Cold Snap","floor":1.0},{"not_picked":["Cold Snap","Coolheaded"],"picked":"Glacier","floor":2.0},{"not_picked":["Conserve Battery","Static Discharge"],"picked":"Hologram","floor":3.0},{"not_picked":["Consume","Hologram"],"picked":"Self Repair","floor":4.0},{"not_picked":["Force Field","Stack","Rebound"],"picked":"SKIP","floor":5.0},{"not_picked":["Loop","Gash"],"picked":"Capacitor","floor":6.0},{"not_picked":["Sweeping Beam","Steam"],"picked":"Gash","floor":8.0},{"not_picked":["Reboot","Thunder Strike"],"picked":"Chill","floor":10.0},{"not_picked":["Go for the Eyes","Streamline"],"picked":"Coolheaded+1","floor":14.0},{"not_picked":["Hyperbeam","Multi-Cast+1"],"picked":"Reboot+1","floor":16.0},{"not_picked":["Static Discharge+1","Sweeping Beam+1"],"picked":"Steam+1","floor":18.0},{"not_picked":["Cold Snap","Compile Driver+1","Reprogram+1"],"picked":"SKIP","floor":19.0},{"not_picked":["Genetic Algorithm+1","Biased Cognition"],"picked":"Coolheaded+1","floor":20.0},{"not_picked":["Ball Lightning+1","Recycle+1"],"picked":"Beam Cell+1","floor":21.0},{"not_picked":["Consume+1","Leap+1"],"picked":"Steam+1","floor":23.0},{"not_picked":["Buffer","Hologram+1"],"picked":"White Noise+1","floor":25.0},{"not_picked":["Leap+1","Lockon+1"],"picked":"Chaos+1","floor":28.0},{"not_picked":["Double Energy+1","Turbo+1"],"picked":"Sweeping Beam+1","floor":29.0},{"not_picked":["Loop","Turbo+1"],"picked":"Barrage+1","floor":30.0},{"not_picked":["Redo+1","Ball Lightning+1"],"picked":"Hologram+1","floor":31.0},{"not_picked":["Echo Form","Rainbow+1"],"picked":"Meteor Strike+1","floor":33.0},{"not_picked":["Hologram+1","Self Repair"],"picked":"Compile Driver+1","floor":35.0},{"not_picked":["Ball Lightning+1","Auto Shields+1"],"picked":"Defragment","floor":37.0},{"not_picked":["Hello World+1","Reinforced Body+1"],"picked":"Steam+1","floor":39.0},{"not_picked":["Hyperbeam+1","Cold Snap+1","Stack+1"],"picked":"SKIP","floor":41.0},{"not_picked":["Beam Cell+1","Streamline+1"],"picked":"Defragment+1","floor":44.0},{"not_picked":["Cold Snap+1","Streamline+1","Sunder+1"],"picked":"SKIP","floor":45.0},{"not_picked":["Streamline+1","Ball Lightning+1"],"picked":"BootSequence+1","floor":48},{"not_picked":["Leap+1","Sweeping Beam+1","Redo+1"],"picked":"SKIP","floor":54}],"player_experience":949232,"relics_obtained":[{"floor":6.0,"key":"Centennial Puzzle"},{"floor":8.0,"key":"Bottled Lightning"},{"floor":9.0,"key":"Vajra"},{"floor":10.0,"key":"Bag of Preparation"},{"floor":12.0,"key":"Toxic Egg 2"},{"floor":23.0,"key":"Pen Nib"},{"floor":25.0,"key":"Ancient Tea Set"},{"floor":26.0,"key":"Molten Egg 2"},{"floor":28.0,"key":"Toy Ornithopter"},{"floor":30.0,"key":"Du-Vu Doll"},{"floor":32.0,"key":"Nunchaku"},{"floor":37.0,"key":"FossilizedHelix"},{"floor":41.0,"key":"Smiling Mask"},{"floor":44.0,"key":"DataDisk"},{"floor":48,"key":"Boot"},{"floor":49,"key":"TungstenRod"},{"floor":52,"key":"Shuriken"},{"floor":54,"key":"Letter Opener"}],"event_choices":[{"damage_healed":0.0,"max_hp_gain":5.0,"max_hp_loss":0.0,"gold_gain":0.0,"event_name":"Big Fish","player_choice":"Donut","floor":11.0,"gold_loss":0.0,"damage_taken":0.0},{"damage_healed":0.0,"max_hp_gain":0.0,"max_hp_loss":0.0,"gold_gain":0.0,"event_name":"Mysterious Sphere","player_choice":"Fight","floor":37.0,"gold_loss":0.0,"damage_taken":0.0},{"damage_healed":0.0,"max_hp_gain":0.0,"max_hp_loss":0.0,"gold_gain":0.0,"event_name":"Tomb of Lord Red Mask","player_choice":"Paid","floor":42.0,"gold_loss":60.0,"damage_taken":0.0,"relics_obtained":["Red Mask"]}],"is_beta":false,"boss_relics":[{"not_picked":["SlaversCollar","Pandora\u0027s Box"],"picked":"Philosopher\u0027s Stone"},{"not_picked":["Runic Pyramid","Snecko Eye"],"picked":"Nuclear Battery"}],"items_purged_floors":[22],"is_endless":false,"potions_floor_spawned":[2,4,5,8,14,16,20,21,25,29,30,31,35,37,44],"ascension_level":1}}