{"host":"eutfwpehtd75iaf6","time":1613676291,"event":{"mods":["BaseMod","Hermit","Minty Spire (QoL Compilation)","StSLib"],"gold_per_floor":[115,115,290,305,318,346,366,366,366,393,393,393,393,169,169,270,270,282,262,274,287,301,328,328,33,33,48,67,67,78,88,88,258,258,286,297,307,340,360,395,413,413,413,483,483,497,517,517,517,517,517,517,19,49,49,49],"floor_reached":55,"language":"ENG","playtime":6591,"items_purged":["Doubt"],"score":790,"play_id":"4b585d72-9ed6-4f29-a26f-c3c0fb3595b1","local_time":"20210218142451","is_ascension_mode":false,"campfire_choices":[{"floor":8.0,"key":"REST"},{"floor":11.0,"key":"REST"},{"data":"hermit:PistolWhip","floor":15.0,"key":"SMITH"},{"data":"hermit:Dissolve","floor":24.0,"key":"SMITH"},{"floor":32.0,"key":"RECALL"},{"floor":42.0,"key":"REST"},{"floor":45.0,"key":"REST"},{"floor":49.0,"key":"REST"},{"floor":52.0,"key":"REST"}],"circlet_count":0,"master_deck":["hermit:Strike_Hermit","hermit:Strike_Hermit","hermit:Strike_Hermit+1","hermit:Strike_Hermit","hermit:Defend_Hermit","hermit:Defend_Hermit","hermit:Defend_Hermit","hermit:Defend_Hermit","hermit:Snapshot","hermit:Covet+1","Decay","hermit:Headshot","hermit:Feint","hermit:Spite","hermit:Enervate","hermit:FinalCanter","Pain","hermit:PistolWhip+1","hermit:Determination+1","hermit:Dissolve+1","hermit:HoleUp+1","hermit:Quickdraw+1","hermit:LowProfile+1","hermit:DeadOrAlive","hermit:Dive","hermit:Snipe","hermit:HeroicBravado","hermit:Glare","hermit:OverwhelmingPower+1","hermit:Brawl+1","hermit:GhostlyPresence","hermit:Coalescence","Parasite","hermit:CalledShot+1","hermit:ShadowCloak+1","Apotheosis"],"relics":["hermit:Momento","Torii","Art of War","Frozen Egg 2","CaptainsWheel","hermit:Horseshoe","WarpedTongs","Black Star","HornCleat","FossilizedHelix","Happy Flower","Sling","hermit:Spyglass","Orichalcum","Fusion Hammer","Juzu Bracelet","Oddly Smooth Stone","Blood Vial","Meat on the Bone","Strawberry","Vajra","Gremlin Horn","Boot"],"acts_visited":["Exordium","TheCity","TheBeyond","TheEnding"],"potions_floor_usage":[55],"damage_taken":[{"damage":0.0,"enemies":"Small Slimes","floor":1.0,"turns":4.0},{"damage":0.0,"enemies":"2 Louse","floor":4.0,"turns":2.0},{"damage":1.0,"enemies":"Jaw Worm","floor":5.0,"turns":4.0},{"damage":0.0,"enemies":"Gremlin Nob","floor":6.0,"turns":3.0},{"damage":28.0,"enemies":"Large Slime","floor":7.0,"turns":7.0},{"damage":21.0,"enemies":"3 Sentries","floor":10.0,"turns":8.0},{"damage":9.0,"enemies":"Hexaghost","floor":16.0,"turns":9.0},{"damage":3.0,"enemies":"Chosen","floor":18.0,"turns":5.0},{"damage":2.0,"enemies":"2 Thieves","floor":20.0,"turns":4.0},{"damage":4.0,"enemies":"Snake Plant","floor":21.0,"turns":4.0},{"damage":8.0,"enemies":"Chosen and Byrds","floor":22.0,"turns":6.0},{"damage":14.0,"enemies":"Slavers","floor":23.0,"turns":9.0},{"damage":0.0,"enemies":"Snecko","floor":27.0,"turns":6.0},{"damage":0.0,"enemies":"Cultist and Chosen","floor":28.0,"turns":8.0},{"damage":7.0,"enemies":"Centurion and Healer","floor":30.0,"turns":7.0},{"damage":0.0,"enemies":"Snecko","floor":31.0,"turns":5.0},{"damage":11.0,"enemies":"Collector","floor":33.0,"turns":11.0},{"damage":13.0,"enemies":"3 Shapes","floor":35.0,"turns":6.0},{"damage":2.0,"enemies":"3 Darklings","floor":36.0,"turns":6.0},{"damage":1.0,"enemies":"Writhing Mass","floor":37.0,"turns":7.0},{"damage":35.0,"enemies":"Sphere and 2 Shapes","floor":38.0,"turns":9.0},{"damage":1.0,"enemies":"Transient","floor":39.0,"turns":5.0},{"damage":6.0,"enemies":"Nemesis","floor":40.0,"turns":7.0},{"damage":1.0,"enemies":"Writhing Mass","floor":41.0,"turns":7.0},{"damage":19.0,"enemies":"Giant Head","floor":44.0,"turns":10.0},{"damage":15.0,"enemies":"Spire Growth","floor":46.0,"turns":7.0},{"damage":8.0,"enemies":"Maw","floor":47.0,"turns":7.0},{"damage":38.0,"enemies":"Time Eater","floor":50.0,"turns":15.0},{"damage":15.0,"enemies":"Shield and Spear","floor":54.0,"turns":9.0},{"damage":76,"enemies":"The Heart","floor":55,"turns":6}],"seed_played":"8802934836219815625","potions_obtained":[{"floor":1.0,"key":"SpeedPotion"},{"floor":5.0,"key":"SteroidPotion"},{"floor":10.0,"key":"hermit:Tonic"},{"floor":16.0,"key":"SkillPotion"},{"floor":19.0,"key":"DuplicationPotion"},{"floor":21.0,"key":"Regen Potion"},{"floor":23.0,"key":"CultistPotion"},{"floor":27.0,"key":"Explosive Potion"},{"floor":28.0,"key":"FearPotion"},{"floor":35.0,"key":"Strength Potion"},{"floor":36.0,"key":"EssenceOfSteel"},{"floor":44.0,"key":"DistilledChaos"}],"is_trial":false,"path_per_floor":["M","?","?","M","M","E","M","R","T","E","R","?","?","$","R","B",null,"M","?","M","M","M","E","R","$","T","M","M","?","M","M","R","B",null,"M","M","M","M","M","E","M","R","T","E","R","M","M","?","R","B",null,"R","$","E","B"],"character_chosen":"HERMIT","items_purchased":["hermit:PistolWhip","hermit:Determination+1","Happy Flower","Sling","Strawberry","Vajra","Apotheosis"],"campfire_rested":6,"item_purchase_floors":[14,14,25,25,53,53,53],"current_hp_per_floor":[75,60,60,60,59,59,31,53,53,32,54,42,42,42,42,33,75,72,72,70,66,58,59,59,59,59,59,59,59,52,52,52,41,75,62,60,59,24,23,17,16,38,38,19,41,40,46,46,68,44,75,75,82,67,0,0],"gold":49,"neow_bonus":"ONE_RARE_RELIC","is_daily":false,"chose_seed":false,"campfire_upgraded":2,"win_rate":0.0,"timestamp":1613676291,"path_taken":["M","?","?","M","M","E","M","R","T","E","R","?","?","$","R","BOSS","M","?","M","M","M","E","R","$","T","M","M","?","M","?","R","BOSS","M","M","M","M","M","E","M","R","T","E","R","M","M","?","R","BOSS","R","$","E","BOSS"],"items_purchased_type":["Card","Card","Relic","Relic","Relic","Relic","Card"],"build_version":"2020-12-22","purchased_purges":1,"victory":false,"max_hp_per_floor":[75,75,75,75,75,75,75,75,75,75,75,75,75,75,75,75,75,75,75,75,75,75,75,75,75,75,75,75,75,75,75,75,75,75,75,75,75,75,75,75,75,75,75,75,75,75,75,75,75,75,75,75,82,82,82,82],"card_choices":[{"not_picked":["hermit:Maintenance","hermit:FullyLoaded"],"picked":"hermit:Headshot","floor":1.0},{"not_picked":["hermit:Misfire","hermit:Desperado"],"picked":"hermit:Feint","floor":4.0},{"not_picked":["hermit:Roulette","hermit:SprayPray","hermit:LoneWolf"],"picked":"SKIP","floor":5.0},{"not_picked":["hermit:Desperado","hermit:Maintenance"],"picked":"hermit:Spite","floor":6.0},{"not_picked":["hermit:Horror","hermit:SprayPray"],"picked":"hermit:Enervate","floor":7.0},{"not_picked":["hermit:Misfire","hermit:FullyLoaded"],"picked":"hermit:FinalCanter","floor":10.0},{"not_picked":["hermit:FatalDesire+1","hermit:Roughhouse"],"picked":"hermit:Dissolve","floor":16.0},{"not_picked":["hermit:WideOpen","hermit:Midnight"],"picked":"hermit:HoleUp+1","floor":18.0},{"not_picked":["hermit:Midnight+1","hermit:LoneWolf","hermit:HighCaliber"],"picked":"SKIP","floor":20.0},{"not_picked":["hermit:ItchyTrigger+1","hermit:CalledShot","hermit:Quickdraw+1"],"picked":"SKIP","floor":21.0},{"not_picked":["hermit:ItchyTrigger+1","hermit:CalledShot"],"picked":"hermit:Quickdraw+1","floor":21.0},{"not_picked":["hermit:Combo+1","hermit:TakeCover+1"],"picked":"hermit:LowProfile+1","floor":22.0},{"not_picked":["hermit:Maintenance","hermit:WideOpen+1"],"picked":"hermit:DeadOrAlive","floor":23.0},{"not_picked":["hermit:Roulette","hermit:Coalescence"],"picked":"hermit:Dive","floor":27.0},{"not_picked":["hermit:Headshot+1","hermit:Misfire"],"picked":"hermit:Snipe","floor":28.0},{"not_picked":["hermit:SprayPray","hermit:Manifest","hermit:FullyLoaded+1"],"picked":"SKIP","floor":30.0},{"not_picked":["hermit:Vantage","hermit:Roulette","hermit:Manifest+1"],"picked":"SKIP","floor":31.0},{"not_picked":["hermit:FinalCanter","hermit:Roughhouse"],"picked":"hermit:HeroicBravado","floor":33.0},{"not_picked":["hermit:ItchyTrigger","hermit:Feint"],"picked":"hermit:Glare","floor":35.0},{"not_picked":["hermit:Feint","hermit:SprayPray","hermit:WideOpen"],"picked":"SKIP","floor":36.0},{"not_picked":["hermit:Headshot","hermit:Spite"],"picked":"hermit:OverwhelmingPower+1","floor":37.0},{"not_picked":["hermit:TrackingShot","hermit:Desperado+1"],"picked":"hermit:Brawl+1","floor":38.0},{"not_picked":["hermit:Grudge","hermit:BigShot+1"],"picked":"hermit:GhostlyPresence","floor":39.0},{"not_picked":["hermit:HighCaliber","hermit:Vantage+1"],"picked":"hermit:Coalescence","floor":40.0},{"not_picked":["hermit:Glare","hermit:Quickdraw","hermit:Headshot+1"],"picked":"SKIP","floor":41.0},{"not_picked":["hermit:LowProfile+1","hermit:EyeOfTheStorm"],"picked":"hermit:CalledShot+1","floor":44.0},{"not_picked":["hermit:Glare+1","hermit:CalledShot+1","hermit:Roulette+1"],"picked":"SKIP","floor":46.0},{"not_picked":["hermit:HoleUp+1","hermit:Ricochet"],"picked":"hermit:ShadowCloak+1","floor":47.0},{"not_picked":["hermit:Shortfuse","hermit:HighCaliber","hermit:Feint"],"picked":"SKIP","floor":54.0}],"player_experience":125219,"relics_obtained":[{"floor":6.0,"key":"Art of War"},{"floor":9.0,"key":"Frozen Egg 2"},{"floor":10.0,"key":"CaptainsWheel"},{"floor":23.0,"key":"HornCleat"},{"floor":23.0,"key":"FossilizedHelix"},{"floor":26.0,"key":"hermit:Spyglass"},{"floor":29.0,"key":"Orichalcum"},{"floor":40.0,"key":"Juzu Bracelet"},{"floor":40.0,"key":"Oddly Smooth Stone"},{"floor":44.0,"key":"Blood Vial"},{"floor":44.0,"key":"Meat on the Bone"},{"floor":54.0,"key":"Gremlin Horn"},{"floor":54.0,"key":"Boot"}],"event_choices":[{"damage_healed":0.0,"max_hp_gain":0.0,"max_hp_loss":0.0,"gold_gain":0.0,"event_name":"Shining Light","player_choice":"Entered Light","floor":2.0,"gold_loss":0.0,"damage_taken":15.0,"cards_upgraded":["hermit:Covet","hermit:Strike_Hermit"]},{"damage_healed":0.0,"max_hp_gain":0.0,"max_hp_loss":0.0,"gold_gain":175.0,"event_name":"Liars Game","player_choice":"AGREE","floor":3.0,"gold_loss":0.0,"damage_taken":0.0,"cards_obtained":["Doubt"]},{"damage_healed":0.0,"max_hp_gain":0.0,"max_hp_loss":0.0,"gold_gain":0.0,"event_name":"Scrap Ooze","player_choice":"Success","floor":12.0,"gold_loss":0.0,"damage_taken":12.0,"relics_obtained":["hermit:Horseshoe"]},{"damage_healed":0.0,"max_hp_gain":0.0,"max_hp_loss":0.0,"gold_gain":0.0,"event_name":"Accursed Blacksmith","player_choice":"Rummage","floor":13.0,"gold_loss":0.0,"damage_taken":0.0,"relics_obtained":["WarpedTongs"],"cards_obtained":["Pain"]},{"damage_healed":0.0,"max_hp_gain":0.0,"max_hp_loss":0.0,"gold_gain":0.0,"event_name":"The Woman in Blue","player_choice":"Bought 1 Potion","floor":19.0,"gold_loss":0.0,"damage_taken":0.0},{"damage_healed":0.0,"max_hp_gain":0.0,"max_hp_loss":0.0,"gold_gain":0.0,"event_name":"Wheel of Change","player_choice":"Relic","floor":29.0,"gold_loss":0.0,"damage_taken":0.0},{"damage_healed":0.0,"max_hp_gain":0.0,"max_hp_loss":0.0,"gold_gain":0.0,"event_name":"Fountain of Cleansing","player_choice":"Ignored","floor":48.0,"gold_loss":0.0,"damage_taken":0.0}],"is_beta":false,"boss_relics":[{"not_picked":["Coffee Dripper","Philosopher\u0027s Stone"],"picked":"Black Star"},{"not_picked":["Tiny House","Calling Bell"],"picked":"Fusion Hammer"}],"items_purged_floors":[14],"is_endless":false,"potions_floor_spawned":[1,5,10,16,21,23,27,28,30,35,36,37,44],"killed_by":"The Heart","ascension_level":0}}