{"host":"8t5dkgm85abdp22d","time":1613621139,"event":{"mods":["ATMod(阿瑾Mod)","Act Like it!","BaseMod","Colored Powertips","Conspire","Gensokyo","GungeonMod","Hallownest","Minty Spire (QoL Compilation)","MostiFishMod","Remilia（蕾米莉亚）","RumiaBox-露米娅的神秘盒子","Ryuuou龙王","StSLib","The Bug Knight","UnlockEverythingMod","Waifu the Spire","Yakumo Yukari mod"],"gold_per_floor":[-1290,-1277,-1277,-1250,-1250,-1250,-1222,-1202,-1202,-1173,-1173,-1139,-1139,-1126,-1126,-1049,-1049,-1035,16,66,66,84,111,127,162,162,77,77,139,231,20,20,123,173,217,309,349,259,259,361,472,524,549,584,623,681,717,775,775,825,950,950,950,701,785,810],"floor_reached":57,"language":"ZHS","playtime":1709,"items_purged":["Normality","Barricade"],"score":3698,"play_id":"f41957c4-96aa-4639-8714-f8f98cd18e54","local_time":"20210218120539","is_ascension_mode":true,"campfire_choices":[{"data":"Bash","floor":6.0,"key":"SMITH"},{"data":"AT_ShrugMaster","floor":11.0,"key":"SMITH"},{"data":"Rampage","floor":13.0,"key":"SMITH"},{"data":"Burning Pact","floor":15.0,"key":"SMITH"},{"data":"MostiFishMod:CullingBlade","floor":32.0,"key":"SMITH"},{"floor":49,"key":"RECALL"},{"data":"Barricade","floor":53,"key":"SMITH"}],"circlet_count":0,"master_deck":["AscendersBane","AT_ChampionStep","Warcry","Burning Pact+1","MostiFishMod:RainCloud","Rampage+1","Reaper","Pommel Strike","Pommel Strike+1","Pummel","Ghostly Armor+1","MostiFishMod:CullingBlade+1","Double Tap","AT_IchimonjiDouble","Warcry","Pommel Strike","Gensokyo:CustomPotion","Pommel Strike+1","MostiFishMod:CullingBlade+1","MostiFishMod:Chiaki+1","conspire:Purge","MostiFishMod:404NotFound","Barricade+1","Offering","Reaper","MostiFishMod:UltimateDefense","Seeing Red","Iron Wave","Dark Embrace+1","Battle Trance","AT_CaressingTears"],"relics":["AT_ATBox","DaveBox","SynthV:MejaisSoulstealer","conspire:SlowCooker","SynthV:TestCard","AT_PhaseBoots","DemoMod:WhiteGuonStone","AT_BellowingDragoncrestRing","FossilizedHelix","Tiny Chest","PatriotShield","AT_SunfireAegis","AT_LudenTempest","Smiling Mask","AT_MibuBalloonWealth","conspire:TreasureMap","Tiny House","Matryoshka","Magic Flower","conspire:TopHat","AT_ArchangelStaff","SumBook","Omamori","SynthV:C4","Strawberry"],"acts_visited":["Exordium","TheCity","TheCity","TheEnding"],"potions_floor_usage":[40,42,42,51,56,56],"damage_taken":[{"damage":4.0,"enemies":"Cultist","floor":1.0,"turns":4.0},{"damage":0.0,"enemies":"Small Slimes","floor":2.0,"turns":3.0},{"damage":8.0,"enemies":"3 Sentries","floor":7.0,"turns":11.0},{"damage":2.0,"enemies":"Jaw Worm","floor":8.0,"turns":2.0},{"damage":0.0,"enemies":"Gremlin Nob","floor":10.0,"turns":2.0},{"damage":0.0,"enemies":"Lagavulin","floor":12.0,"turns":3.0},{"damage":0.0,"enemies":"3 Louse","floor":14.0,"turns":2.0},{"damage":0.0,"enemies":"Slime Boss","floor":16.0,"turns":2.0},{"damage":0.0,"enemies":"Spheric Guardian","floor":18.0,"turns":2.0},{"damage":0.0,"enemies":"2 Thieves","floor":19.0,"turns":2.0},{"damage":0.0,"enemies":"3 Cultists","floor":22.0,"turns":4.0},{"damage":0.0,"enemies":"Book of Stabbing","floor":23.0,"turns":2.0},{"damage":0.0,"enemies":"Centurion and Healer","floor":24.0,"turns":2.0},{"damage":0.0,"enemies":"Gremlin Leader","floor":25.0,"turns":2.0},{"damage":0.0,"enemies":"Chosen and Byrds","floor":29.0,"turns":2.0},{"damage":0.0,"enemies":"3 Cultists","floor":30.0,"turns":2.0},{"damage":0.0,"enemies":"Champ","floor":33.0,"turns":2.0},{"damage":0.0,"enemies":"Gensokyo:AncientGuardian","floor":35.0,"turns":1.0},{"damage":0.0,"enemies":"Gensokyo:3_Boulders","floor":36.0,"turns":2.0},{"damage":0.0,"enemies":"Gensokyo:AtlasGolem","floor":37.0,"turns":2.0},{"damage":0,"enemies":"Gensokyo:Kasen","floor":40,"turns":2},{"damage":0,"enemies":"Gensokyo:4_Bats","floor":41,"turns":2},{"damage":0,"enemies":"Gensokyo:Marisa","floor":42,"turns":2},{"damage":0,"enemies":"Gensokyo:SeedOfUnknown","floor":44,"turns":2},{"damage":0,"enemies":"Gensokyo:Rafflesia","floor":45,"turns":2},{"damage":0,"enemies":"Gensokyo:Doremy","floor":46,"turns":2},{"damage":0,"enemies":"Gensokyo:AtlasGolem","floor":47,"turns":1},{"damage":0,"enemies":"Gensokyo:Marisa","floor":48,"turns":1},{"damage":0,"enemies":"Gensokyo:Shinki","floor":50,"turns":4},{"damage":0,"enemies":"Gensokyo:Yuyuko","floor":51,"turns":2},{"damage":0,"enemies":"Shield and Spear","floor":55,"turns":2},{"damage":25,"enemies":"The Heart","floor":56,"turns":5}],"seed_played":"-463008008828810511","potions_obtained":[{"floor":1.0,"key":"Block Potion"},{"floor":2.0,"key":"EssenceOfSteel"},{"floor":24.0,"key":"EntropicBrew"},{"floor":44,"key":"Block Potion"}],"is_trial":false,"path_per_floor":["M","M","$","T","?","R","E","M","T","E","R","E","R","M","R","B",null,"M","M","?","?","M","E","M","E","T","?","T","M","M","$","R","B",null,"M","M","M","?","?","E","M","E","T","M","M","E","M","E","R","B","B",null,"R","$","E","B",null],"character_chosen":"IRONCLAD","items_purchased":["conspire:TreasureMap","Battle Trance","SynthV:C4"],"campfire_rested":0,"item_purchase_floors":[31,54,54],"current_hp_per_floor":[64,64,64,64,64,64,56,54,54,54,54,54,54,54,54,54,70,70,70,70,70,75,75,75,75,75,75,75,75,75,75,75,75,80,80,80,80,80,80,80,80,80,80,80,80,80,80,80,80,80,80,80,80,80,87,87],"gold":810,"neow_bonus":"BOSS_RELIC","is_daily":false,"chose_seed":false,"campfire_upgraded":6,"win_rate":0.0,"timestamp":1613621139,"path_taken":["M","M","$","?","?","R","E","?","T","E","R","E","R","M","R","BOSS","M","M","?","?","M","E","M","E","T","?","?","M","M","$","R","BOSS","M","M","M","?","?","E","M","E","T","?","M","E","M","E","R","BOSS","BOSS","R","$","E","BOSS"],"items_purchased_type":["Relic","Card","Relic"],"build_version":"2020-12-22","purchased_purges":2,"victory":true,"max_hp_per_floor":[75,75,75,75,75,75,75,75,75,75,75,75,75,75,75,75,75,75,75,75,75,75,75,75,75,75,75,75,75,75,75,75,75,80,80,80,80,80,80,80,80,80,80,80,80,80,80,80,80,80,80,80,80,80,87,87],"card_choices":[{"not_picked":["Heavy Blade","Body Slam","Headbutt"],"picked":"SKIP","floor":1.0},{"not_picked":["Flex","Perfected Strike","Body Slam","Carnage"],"picked":"AT_ShrugMaster","floor":2.0},{"not_picked":["DemoMod:BlackBlade","Dual Wield","Thunderclap","Fire Breathing"],"picked":"Warcry","floor":7.0},{"not_picked":["Twin Strike","Sword Boomerang","Intimidate","Sentinel"],"picked":"Burning Pact","floor":8.0},{"not_picked":["Power Through","Wild Strike","Cleave","Flex"],"picked":"MostiFishMod:RainCloud","floor":10.0},{"not_picked":["Hemokinesis","Anger","Sentinel","AT_BodySlamDance"],"picked":"Rampage","floor":12.0},{"not_picked":["Ghostly Armor","Havoc","Twin Strike","Shrug It Off","Perfected Strike"],"picked":"SKIP","floor":14.0},{"not_picked":["Limit Break","MostiFishMod:DoubleSword","Immolate","Double Tap"],"picked":"Reaper","floor":16.0},{"not_picked":["Warcry","Thunderclap","MostiFishMod:BrandingRite","AT_BodySlamDance","Iron Wave"],"picked":"SKIP","floor":18.0},{"not_picked":["AT_BodySlamDance","Clothesline","Blood for Blood","Anger"],"picked":"Pommel Strike","floor":19.0},{"not_picked":["Havoc","MostiFishMod:TemporaryOutbreak","Iron Wave+1","Evolve"],"picked":"Pommel Strike+1","floor":22.0},{"not_picked":["Havoc","Armaments","Entrench","Reaper"],"picked":"Pummel","floor":23.0},{"not_picked":["Heavy Blade","MostiFishMod:BrandingRite","True Grit","Rage","Headbutt+1"],"picked":"SKIP","floor":24.0},{"not_picked":["Havoc","Heavy Blade","Flex","Perfected Strike","Carnage"],"picked":"SKIP","floor":25.0},{"not_picked":["Second Wind","Warcry+1","Wild Strike","Perfected Strike"],"picked":"Ghostly Armor+1","floor":29.0},{"not_picked":["Perfected Strike","True Grit","conspire:ExplosiveBarrier+1","Feel No Pain"],"picked":"MostiFishMod:CullingBlade","floor":30.0},{"not_picked":["MostiFishMod:RainCloud","MostiFishMod:Mania","Offering","conspire:Purge"],"picked":"Double Tap","floor":33.0},{"not_picked":["Shrug It Off+1","Thunderclap","Havoc","AT_CaressingTears"],"picked":"AT_IchimonjiDouble","floor":34.0},{"not_picked":["Infernal Blade","Twin Strike","Thunderclap","AT_IchimonjiDouble","Headbutt+1"],"picked":"SKIP","floor":35.0},{"not_picked":["Reckless Charge","Pommel Strike","AT_ManFootWork","Shrug It Off+1"],"picked":"Warcry","floor":36.0},{"not_picked":["Clash","AT_BodySlamDance","Anger","Body Slam+1"],"picked":"Pommel Strike","floor":37.0},{"not_picked":["MostiFishMod:404NotFound","Anger+1","Twin Strike","Burning Pact+1","Ghostly Armor"],"picked":"SKIP","floor":40},{"not_picked":["Evolve+1","Dual Wield","Havoc+1","Perfected Strike+1","Twin Strike"],"picked":"SKIP","floor":41},{"not_picked":["Havoc+1","Thunderclap+1","Perfected Strike+1","Flex","Body Slam"],"picked":"SKIP","floor":42},{"not_picked":["Body Slam","Rupture","Ghostly Armor","Bloodletting+1","Headbutt"],"picked":"SKIP","floor":44},{"not_picked":["Headbutt","Sword Boomerang","Fire Breathing","Pommel Strike+1","Feel No Pain"],"picked":"SKIP","floor":45},{"not_picked":["Headbutt","Sword Boomerang","Fire Breathing","Feel No Pain"],"picked":"Pommel Strike+1","floor":45},{"not_picked":["MostiFishMod:Mania","Clash","Feel No Pain","Shrug It Off"],"picked":"Seeing Red","floor":46},{"not_picked":["Entrench","conspire:ExplosiveBarrier","Anger","Body Slam+1"],"picked":"Iron Wave","floor":47},{"not_picked":["MostiFishMod:RainCloud","Flex+1","Shockwave+1","Shrug It Off"],"picked":"Dark Embrace+1","floor":48},{"not_picked":["Pummel","Heavy Blade+1","Feel No Pain","Sword Boomerang+1"],"picked":"AT_CaressingTears","floor":55}],"player_experience":95836,"relics_obtained":[{"floor":1.0,"key":"SynthV:TestCard"},{"floor":4.0,"key":"AT_SpeedBoots"},{"floor":7.0,"key":"DemoMod:WhiteGuonStone"},{"floor":9.0,"key":"AT_BellowingDragoncrestRing"},{"floor":10.0,"key":"FossilizedHelix"},{"floor":12.0,"key":"Tiny Chest"},{"floor":23.0,"key":"AT_SunfireAegis"},{"floor":25.0,"key":"AT_LudenTempest"},{"floor":28.0,"key":"AT_MibuBalloonWealth"},{"floor":40,"key":"Matryoshka"},{"floor":42,"key":"Magic Flower"},{"floor":43,"key":"conspire:TopHat"},{"floor":43,"key":"AT_ArchangelStaff"},{"floor":46,"key":"SumBook"},{"floor":48,"key":"Omamori"},{"floor":55,"key":"Strawberry"}],"event_choices":[{"cards_removed":["Defend_R"],"damage_healed":0.0,"max_hp_gain":0.0,"max_hp_loss":0.0,"gold_gain":0.0,"event_name":"Purifier","player_choice":"Purged","floor":5.0,"gold_loss":0.0,"damage_taken":0.0},{"damage_healed":0.0,"max_hp_gain":0.0,"max_hp_loss":0.0,"gold_gain":50.0,"event_name":"Nest","player_choice":"Stole From Cult","floor":20.0,"gold_loss":0.0,"damage_taken":0.0},{"damage_healed":0.0,"max_hp_gain":0.0,"max_hp_loss":0.0,"gold_gain":0.0,"event_name":"Addict","player_choice":"Obtained Relic","floor":27.0,"gold_loss":85.0,"damage_taken":0.0,"relics_obtained":["Smiling Mask"]}],"is_beta":false,"boss_relics":[{"not_picked":["Busted Crown","Runic Pyramid"],"picked":"PatriotShield"},{"not_picked":["Snecko Eye","GuanYuAspect"],"picked":"Tiny House"}],"items_purged_floors":[31,54],"is_endless":false,"potions_floor_spawned":[1,2,18,24,30,33,35,36,44,46,48],"ascension_level":20}}