{"host":"to2s10i0cynxbiqz","time":1613628846,"event":{"mods":["BaseMod","Colored Powertips","Minty Spire (QoL Compilation)","Quick Restart","StSLib"],"gold_per_floor":[118,136,211,136,236,271,271,305,305,319,335,355,355,373,373,472,472,486,505,522,370,387,387,398,497,497,528,528,563,563,574,574,676,676,696,711,676,676,607,607,636,636,660,114,163,163,192,192,192,192,192,192,41,69,69,69],"floor_reached":55,"language":"ZHS","playtime":2185,"items_purged":["Strike_G","Strike_G"],"score":1122,"play_id":"97314319-1bdf-429c-ac01-9d04092a75e1","local_time":"20210218141406","is_ascension_mode":true,"campfire_choices":[{"data":"Infinite Blades","floor":7.0,"key":"SMITH"},{"floor":13.0,"key":"REST"},{"data":"Choke","floor":15.0,"key":"SMITH"},{"floor":23.0,"key":"REST"},{"floor":28.0,"key":"REST"},{"floor":30.0,"key":"REST"},{"floor":32.0,"key":"REST"},{"floor":40,"key":"REST"},{"floor":42,"key":"REST"},{"floor":46,"key":"REST"},{"floor":49,"key":"RECALL"},{"floor":52,"key":"REST"}],"circlet_count":0,"master_deck":["Strike_G+1","Strike_G+1","Strike_G+1","Defend_G+1","Defend_G+1","Defend_G+1","Defend_G+1","Defend_G+1","Survivor+1","Neutralize+1","Infinite Blades+1","Well Laid Plans+1","Infinite Blades+1","Infinite Blades+1","Choke+1","Backstab+1","A Thousand Cuts+1","Accuracy+1","Blade Dance+1","Blade Dance+1","Backstab+1","Accuracy+1","Accuracy+1","Storm of Steel+1","Infinite Blades+1","Infinite Blades+1","Blade Dance+1","Backflip+1","Backstab+1","Cloak And Dagger+1","Storm of Steel","Adrenaline"],"relics":["Ring of the Snake","NeowsBlessing","Pear","Singing Bowl","Ornamental Fan","Fusion Hammer","Orrery","Boot","Dream Catcher","Sozu","Potion Belt","War Paint","Nunchaku","Gambling Chip","Unceasing Top","Pen Nib","Mark of the Bloom","Centennial Puzzle"],"acts_visited":["Exordium","TheCity","TheBeyond","TheEnding"],"potions_floor_usage":[33,35],"damage_taken":[{"damage":0.0,"enemies":"Small Slimes","floor":1.0,"turns":1.0},{"damage":0.0,"enemies":"2 Louse","floor":2.0,"turns":1.0},{"damage":0.0,"enemies":"Gremlin Nob","floor":6.0,"turns":1.0},{"damage":17.0,"enemies":"3 Sentries","floor":8.0,"turns":9.0},{"damage":1.0,"enemies":"Cultist","floor":10.0,"turns":4.0},{"damage":3.0,"enemies":"Blue Slaver","floor":11.0,"turns":4.0},{"damage":4.0,"enemies":"Exordium Wildlife","floor":12.0,"turns":5.0},{"damage":11.0,"enemies":"Large Slime","floor":14.0,"turns":6.0},{"damage":29.0,"enemies":"Slime Boss","floor":16.0,"turns":5.0},{"damage":20.0,"enemies":"Shell Parasite","floor":18.0,"turns":5.0},{"damage":4.0,"enemies":"3 Byrds","floor":19.0,"turns":5.0},{"damage":10.0,"enemies":"Cultist and Chosen","floor":20.0,"turns":4.0},{"damage":7.0,"enemies":"Centurion and Healer","floor":22.0,"turns":3.0},{"damage":9.0,"enemies":"Sentry and Sphere","floor":24.0,"turns":4.0},{"damage":34.0,"enemies":"Book of Stabbing","floor":27.0,"turns":5.0},{"damage":47.0,"enemies":"Gremlin Leader","floor":29.0,"turns":6.0},{"damage":0.0,"enemies":"3 Cultists","floor":31.0,"turns":3.0},{"damage":68,"enemies":"Collector","floor":33,"turns":7},{"damage":0,"enemies":"3 Shapes","floor":35,"turns":3},{"damage":33,"enemies":"3 Darklings","floor":36,"turns":4},{"damage":34,"enemies":"Reptomancer","floor":41,"turns":4},{"damage":14,"enemies":"2 Orb Walkers","floor":45,"turns":3},{"damage":7,"enemies":"Nemesis","floor":47,"turns":5},{"damage":71,"enemies":"Time Eater","floor":50,"turns":5},{"damage":1,"enemies":"Shield and Spear","floor":54,"turns":3},{"damage":7,"enemies":"The Heart","floor":55,"turns":2}],"seed_played":"3850649153269872611","potions_obtained":[{"floor":1.0,"key":"DistilledChaos"},{"floor":8.0,"key":"SkillPotion"},{"floor":12.0,"key":"CultistPotion"},{"floor":18.0,"key":"BlessingOfTheForge"},{"floor":20.0,"key":"Energy Potion"},{"floor":27.0,"key":"SpeedPotion"},{"floor":29.0,"key":"DistilledChaos"},{"floor":33,"key":"DuplicationPotion"}],"is_trial":false,"path_per_floor":["M","M","?","$","?","E","R","E","T","M","M","M","R","M","R","B",null,"M","M","M","$","M","R","M","?","T","E","R","E","R","M","R","B",null,"M","M","$","?","$","R","E","R","T","$","?","R","E","?","R","B",null,"R","$","E","B"],"character_chosen":"THE_SILENT","items_purchased":["Orrery","Infinite Blades","Infinite Blades","Nunchaku","Gambling Chip","Storm of Steel"],"campfire_rested":9,"item_purchase_floors":[21,37,39,44,44,53],"current_hp_per_floor":[63,63,52,52,52,62,62,45,45,44,43,41,66,55,55,26,70,50,46,38,44,39,67,60,60,60,28,57,10,39,41,73,5,78,80,49,49,49,49,80,46,79,79,79,65,97,92,92,92,21,21,21,21,20,13,13],"gold":69,"neow_bonus":"THREE_ENEMY_KILL","is_daily":false,"chose_seed":false,"campfire_upgraded":2,"win_rate":0.0,"timestamp":1613628846,"path_taken":["M","M","?","$","?","E","R","E","T","M","M","?","R","M","R","BOSS","M","M","M","$","M","R","M","?","T","E","R","E","R","M","R","BOSS","M","M","$","?","$","R","E","R","T","$","?","R","E","?","R","BOSS","R","$","E","BOSS"],"items_purchased_type":["Relic","Card","Card","Relic","Relic","Card"],"build_version":"2020-12-22","purchased_purges":2,"victory":false,"max_hp_per_floor":[70,70,70,70,70,80,80,80,80,80,82,84,84,84,84,84,84,84,84,86,92,94,94,96,96,96,98,98,98,98,100,102,102,102,104,106,106,106,106,106,106,108,108,108,108,108,110,110,110,110,110,112,112,112,112,112],"card_choices":[{"not_picked":["Blade Dance","Outmaneuver"],"picked":"Infinite Blades","floor":1.0},{"not_picked":["Flying Knee","Bane"],"picked":"Well Laid Plans","floor":2.0},{"not_picked":["All Out Attack","Blur"],"picked":"Infinite Blades","floor":6.0},{"not_picked":["Dagger Spray","Underhanded Strike"],"picked":"Infinite Blades","floor":8.0},{"not_picked":["PiercingWail","Flying Knee"],"picked":"Choke","floor":10.0},{"not_picked":["Outmaneuver","PiercingWail","Heel Hook"],"picked":"Singing Bowl","floor":11.0},{"not_picked":["Flying Knee","Outmaneuver","Poisoned Stab"],"picked":"Singing Bowl","floor":12.0},{"not_picked":["Deadly Poison","Deflect"],"picked":"Backstab","floor":14.0},{"not_picked":["Doppelganger","Unload"],"picked":"A Thousand Cuts","floor":16.0},{"not_picked":["Underhanded Strike","Dodge and Roll+1"],"picked":"Accuracy+1","floor":18.0},{"not_picked":["Skewer","Flechettes"],"picked":"Blade Dance","floor":19.0},{"not_picked":["Caltrops+1","Crippling Poison","PiercingWail"],"picked":"Singing Bowl","floor":20.0},{"not_picked":["Well Laid Plans","Tools of the Trade"],"picked":"Blade Dance","floor":21.0},{"not_picked":["Outmaneuver","Backflip+1","Cloak And Dagger"],"picked":"Singing Bowl","floor":21.0},{"not_picked":["Dagger Throw","Catalyst","Calculated Gamble"],"picked":"Singing Bowl","floor":21.0},{"not_picked":["Flying Knee","Burst"],"picked":"Backstab","floor":21.0},{"not_picked":["Outmaneuver+1","Bane+1","Poisoned Stab"],"picked":"Singing Bowl","floor":21.0},{"not_picked":["Tactician","Expertise","Flying Knee"],"picked":"Singing Bowl","floor":22.0},{"not_picked":["Bane","Eviscerate+1","Dodge and Roll"],"picked":"Singing Bowl","floor":24.0},{"not_picked":["Masterful Stab","Footwork","Bane"],"picked":"Singing Bowl","floor":27.0},{"not_picked":["Backflip","Prepared"],"picked":"Accuracy+1","floor":29.0},{"not_picked":["Outmaneuver","Deadly Poison"],"picked":"Accuracy","floor":30.0},{"not_picked":["Burst","Prepared","Outmaneuver+1"],"picked":"Singing Bowl","floor":31.0},{"not_picked":["Acrobatics","Bane","Deadly Poison"],"picked":"Singing Bowl","floor":32.0},{"not_picked":["Malaise","Corpse Explosion"],"picked":"Storm of Steel","floor":33},{"not_picked":["Dagger Spray+1","Dagger Throw","Footwork+1"],"picked":"Singing Bowl","floor":35},{"not_picked":["Flechettes","Dagger Spray+1","Riddle With Holes+1"],"picked":"Singing Bowl","floor":36},{"not_picked":["Outmaneuver+1","Dash+1"],"picked":"Blade Dance+1","floor":40},{"not_picked":["Venomology","Leg Sweep+1"],"picked":"Backflip+1","floor":41},{"not_picked":["Flying Knee+1","Backflip","Caltrops+1"],"picked":"Singing Bowl","floor":42},{"not_picked":["Dagger Spray","Dagger Throw"],"picked":"Backstab","floor":45},{"not_picked":["Dash+1","Bouncing Flask"],"picked":"Cloak And Dagger+1","floor":46},{"not_picked":["Dagger Spray+1","Dodge and Roll+1","Endless Agony+1"],"picked":"Singing Bowl","floor":47},{"not_picked":["PiercingWail+1","Poisoned Stab","All Out Attack"],"picked":"Singing Bowl","floor":52},{"not_picked":["Infinite Blades","Sucker Punch"],"picked":"Adrenaline","floor":54}],"player_experience":249133,"relics_obtained":[{"floor":6.0,"key":"Pear"},{"floor":8.0,"key":"Singing Bowl"},{"floor":9.0,"key":"Ornamental Fan"},{"floor":27.0,"key":"Boot"},{"floor":29.0,"key":"Dream Catcher"},{"floor":41,"key":"Potion Belt"},{"floor":43,"key":"War Paint"},{"floor":45,"key":"Unceasing Top"},{"floor":47,"key":"Pen Nib"},{"floor":54,"key":"Centennial Puzzle"}],"event_choices":[{"damage_healed":0.0,"max_hp_gain":0.0,"max_hp_loss":0.0,"gold_gain":75.0,"event_name":"World of Goop","player_choice":"Gather Gold","floor":3.0,"gold_loss":0.0,"damage_taken":11.0},{"damage_healed":0.0,"max_hp_gain":0.0,"max_hp_loss":0.0,"gold_gain":100.0,"event_name":"Golden Shrine","player_choice":"Pray","floor":5.0,"gold_loss":0.0,"damage_taken":0.0},{"damage_healed":0.0,"max_hp_gain":0.0,"max_hp_loss":0.0,"gold_gain":99.0,"event_name":"Nest","player_choice":"Stole From Cult","floor":25.0,"gold_loss":0.0,"damage_taken":0.0},{"damage_healed":0,"gold_gain":0,"player_choice":"Ignored","damage_taken":0,"max_hp_gain":0,"max_hp_loss":0,"event_name":"Tomb of Lord Red Mask","floor":38,"gold_loss":0},{"damage_healed":0,"gold_gain":0,"player_choice":"Fight","damage_taken":0,"max_hp_gain":0,"max_hp_loss":0,"event_name":"Mysterious Sphere","floor":45,"gold_loss":0},{"damage_healed":0,"gold_gain":0,"player_choice":"Upgrade","damage_taken":0,"relics_obtained":["Mark of the Bloom"],"max_hp_gain":0,"max_hp_loss":0,"event_name":"MindBloom","floor":48,"gold_loss":0,"cards_upgraded":["Strike_G","Strike_G","Strike_G","Defend_G","Defend_G","Defend_G","Defend_G","Survivor","Neutralize","Infinite Blades","Well Laid Plans","Infinite Blades","Backstab","A Thousand Cuts","Blade Dance","Blade Dance","Backstab","Accuracy","Infinite Blades","Infinite Blades","Backstab"]}],"is_beta":false,"boss_relics":[{"not_picked":["Busted Crown","SlaversCollar"],"picked":"Fusion Hammer"},{"not_picked":["Runic Dome","Calling Bell"],"picked":"Sozu"}],"items_purged_floors":[4,44],"is_endless":false,"potions_floor_spawned":[1,8,12,18,20,27,29,33,41,45,54],"killed_by":"The Heart","ascension_level":8}}