{"host":"6bsan6hkua32tfq7","time":1613672109,"event":{"mods":["BaseMod","Better Third Choice","Colored Map","Highlight Path","Minty Spire (QoL Compilation)","StSLib"],"gold_per_floor":[109,129,129,146,82,109,109,34,80,93,93,113,113,113,113,204,204,224,224,243,243,143,143,18,34,34,67,67,105,126,149,149,149,149],"floor_reached":33,"language":"ENG","playtime":809,"items_purged":["Strike_P","Defend_P","Strike_P"],"score":570,"play_id":"da8727ac-2a43-472b-8d02-a2ed217289cf","local_time":"20210218191509","is_ascension_mode":true,"campfire_choices":[{"floor":7,"key":"REST"},{"data":"Eruption","floor":11,"key":"SMITH"},{"data":"PathToVictory","floor":13,"key":"SMITH"},{"data":"Crescendo","floor":15,"key":"SMITH"},{"floor":23,"key":"REST"},{"floor":28,"key":"REST"},{"data":"Ghostly","floor":32,"key":"SMITH"}],"circlet_count":0,"master_deck":["AscendersBane","Strike_P","Strike_P","Defend_P","Defend_P","Defend_P","Eruption+1","Vigilance","SignatureMove","Crescendo+1","FlurryOfBlows","FlurryOfBlows","PathToVictory+1","Brilliance","PathToVictory","Ghostly+1","Ghostly","Ghostly","RitualDagger","Perseverance+1","LikeWater"],"relics":["PureWater","NeowsBlessing","betterThird:SlimedRelic","Regal Pillow","Bag of Marbles","Golden Idol","Sozu","Toxic Egg 2","InkBottle","StoneCalendar"],"acts_visited":["Exordium","TheCity"],"potions_floor_usage":[27,33],"damage_taken":[{"damage":0,"enemies":"2 Louse","floor":1,"turns":2},{"damage":0,"enemies":"Small Slimes","floor":2,"turns":1},{"damage":0,"enemies":"Jaw Worm","floor":4,"turns":1},{"damage":22,"enemies":"Lagavulin","floor":6,"turns":7},{"damage":7,"enemies":"Large Slime","floor":10,"turns":3},{"damage":6,"enemies":"Red Slaver","floor":12,"turns":2},{"damage":32,"enemies":"The Guardian","floor":16,"turns":13},{"damage":32,"enemies":"Shell Parasite","floor":18,"turns":3},{"damage":1,"enemies":"2 Thieves","floor":20,"turns":3},{"damage":5,"enemies":"Snecko","floor":25,"turns":6},{"damage":13,"enemies":"Book of Stabbing","floor":27,"turns":4},{"damage":13,"enemies":"Slavers","floor":29,"turns":5},{"damage":0,"enemies":"Shelled Parasite and Fungi","floor":30,"turns":3},{"damage":1,"enemies":"Cultist and Chosen","floor":31,"turns":7},{"damage":20,"enemies":"Champ","floor":33,"turns":10}],"seed_played":"-8140691952977981802","potions_obtained":[{"floor":2,"key":"ColorlessPotion"},{"floor":4,"key":"LiquidBronze"}],"is_trial":false,"path_per_floor":["M","M","?","M","?","E","R","$","T","M","R","M","R","?","R","B",null,"M","?","M","?","$","R","$","M","T","E","R","E","M","M","R","B"],"character_chosen":"WATCHER","items_purchased":[],"campfire_rested":3,"item_purchase_floors":[],"current_hp_per_floor":[61,61,61,61,50,28,63,63,63,56,56,50,50,50,50,18,51,19,19,18,12,12,31,31,26,26,13,31,18,18,17,17,0,0],"gold":149,"neow_bonus":"THREE_ENEMY_KILL","is_daily":false,"chose_seed":false,"campfire_upgraded":4,"win_rate":0.0,"timestamp":1613672109,"path_taken":["M","M","?","M","?","E","R","$","T","M","R","M","R","?","R","BOSS","M","?","M","?","$","R","$","M","T","E","R","E","M","M","R","BOSS"],"items_purchased_type":[],"build_version":"2020-12-22","purchased_purges":3,"victory":false,"max_hp_per_floor":[68,68,68,68,68,68,68,68,68,68,68,68,68,62,62,62,62,62,31,31,31,31,31,31,31,31,31,31,31,31,31,31,31,31],"card_choices":[{"not_picked":["Protect","FlurryOfBlows"],"picked":"SignatureMove","floor":1},{"not_picked":["BowlingBash","FollowUp","ThirdEye"],"picked":"SKIP","floor":2},{"not_picked":["CrushJoints","Pray"],"picked":"Crescendo","floor":4},{"not_picked":["InnerPeace","Swivel"],"picked":"FlurryOfBlows","floor":6},{"not_picked":["Protect","TalkToTheHand"],"picked":"FlurryOfBlows","floor":10},{"not_picked":["FollowUp","Collect"],"picked":"PathToVictory","floor":12},{"not_picked":["Omniscience","Ragnarok"],"picked":"Brilliance","floor":16},{"not_picked":["ForeignInfluence","Conclude+1"],"picked":"PathToVictory","floor":18},{"not_picked":["ReachHeaven","FlyingSleeves","Evaluate"],"picked":"SKIP","floor":20},{"not_picked":["Crescendo","Fasting2","SashWhip"],"picked":"SKIP","floor":25},{"not_picked":["ClearTheMind+1","SpiritShield+1"],"picked":"Perseverance+1","floor":27},{"not_picked":["CrushJoints","Halt+1","Consecrate"],"picked":"SKIP","floor":29},{"not_picked":["MentalFortress","CutThroughFate"],"picked":"LikeWater","floor":30},{"not_picked":["EmptyFist","SashWhip","FlurryOfBlows"],"picked":"SKIP","floor":31}],"player_experience":5430891,"relics_obtained":[{"floor":6,"key":"Regal Pillow"},{"floor":9,"key":"Bag of Marbles"},{"floor":26,"key":"Toxic Egg 2"},{"floor":27,"key":"InkBottle"},{"floor":29,"key":"StoneCalendar"}],"event_choices":[{"damage_healed":0,"gold_gain":0,"player_choice":"Ignored","damage_taken":129,"max_hp_gain":0,"max_hp_loss":0,"event_name":"betterThird:BetterSerpent","floor":3,"gold_loss":0},{"damage_healed":0,"gold_gain":0,"player_choice":"Slimed","damage_taken":11,"max_hp_gain":0,"max_hp_loss":0,"event_name":"betterThird:BetterGoop","floor":5,"gold_loss":64},{"damage_healed":0,"gold_gain":0,"player_choice":"Lose Max HP","damage_taken":0,"relics_obtained":["Golden Idol"],"max_hp_gain":0,"max_hp_loss":6,"event_name":"Golden Idol","floor":14,"gold_loss":0},{"damage_healed":0,"gold_gain":0,"player_choice":"Became a Ghost","damage_taken":0,"max_hp_gain":0,"max_hp_loss":31,"event_name":"Ghosts","floor":19,"gold_loss":0,"cards_obtained":["Ghostly","Ghostly","Ghostly"]},{"damage_healed":0,"gold_gain":0,"player_choice":"Dagger","damage_taken":6,"max_hp_gain":0,"max_hp_loss":0,"event_name":"betterThird:BetterNest","floor":21,"gold_loss":0,"cards_obtained":["RitualDagger"]}],"is_beta":false,"boss_relics":[{"not_picked":["Snecko Eye","Cursed Key"],"picked":"Sozu"}],"items_purged_floors":[8,22,24],"is_endless":false,"potions_floor_spawned":[2,4,20,29,30],"killed_by":"Champ","ascension_level":20}}