{"host":"vhifjdba66khcqwn","time":1613682201,"event":{"mods":["AchievementEnabler","BaseMod","Bestiary","Energized Spire","Minty Spire (QoL Compilation)","Practice Mode","Relic Stats","Spicy Shops","StSLib","slay the spire mod where everything is the same but ironclad has a cowboy hat"],"gold_per_floor":[219,232,11,11,22,52,52,72,72,72,104,104,104,104,104,121,121,195,195,195,268,268,286,310,310,320,320,320,320],"floor_reached":28,"language":"ENG","playtime":1597,"items_purged":[],"score":576,"play_id":"f4da55f8-3513-4109-96dd-ad9d9abd3586","local_time":"20210218130321","is_ascension_mode":true,"campfire_choices":[{"floor":7,"key":"REST"},{"floor":15,"key":"REST"},{"floor":17,"key":"REST"},{"floor":20,"key":"REST"}],"circlet_count":0,"master_deck":["AscendersBane","Strike_G","Strike_G","Strike_G","Strike_G","Defend_G","Defend_G","Defend_G","Defend_G","Defend_G","Survivor","Neutralize","Cloak And Dagger","Bouncing Flask","Dagger Throw","Slice","Terror","Poisoned Stab","Dagger Spray","Leg Sweep","Crippling Poison","Adrenaline","Blur","Envenom","PiercingWail"],"relics":["Ring of the Snake","Toy Ornithopter","Sling","Dream Catcher","Bottled Lightning","Ancient Tea Set","Mango","Boot","energizedSpire:RedRose","Sozu","Smiling Mask","Enchiridion"],"acts_visited":["Exordium","TheCity"],"potions_floor_usage":[11,14,18,18],"damage_taken":[{"damage":6,"enemies":"Cultist","floor":1,"turns":5},{"damage":2,"enemies":"2 Louse","floor":2,"turns":3},{"damage":11,"enemies":"Small Slimes","floor":5,"turns":4},{"damage":32,"enemies":"3 Sentries","floor":6,"turns":10},{"damage":1,"enemies":"Looter","floor":8,"turns":3},{"damage":4,"enemies":"Gremlin Nob","floor":11,"turns":3},{"damage":0,"enemies":"Red Slaver","floor":16,"turns":2},{"damage":56,"enemies":"Slime Boss","floor":18,"turns":15},{"damage":46,"enemies":"Slime Boss","floor":21,"turns":11},{"damage":8,"enemies":"Shell Parasite","floor":23,"turns":5},{"damage":15,"enemies":"3 Byrds","floor":26,"turns":5},{"damage":32,"enemies":"Gremlin Leader","floor":28,"turns":5}],"seed_played":"-3035867141845471240","potions_obtained":[{"floor":8,"key":"Block Potion"},{"floor":11,"key":"ColorlessPotion"},{"floor":14,"key":"Fruit Juice"},{"floor":14,"key":"LiquidMemories"},{"floor":16,"key":"GhostInAJar"}],"is_trial":false,"path_per_floor":["M","M","$","?","M","E","R","M","T","T","E","?","$","?","R","M","R","B",null,"R","B",null,"M","T","$","M","?","E"],"character_chosen":"THE_SILENT","items_purchased":["Toy Ornithopter","Sling"],"campfire_rested":4,"item_purchase_floors":[3,3],"current_hp_per_floor":[53,51,51,51,40,8,27,26,26,26,41,8,8,18,43,43,68,22,22,47,1,64,56,56,56,41,25,0,0],"gold":320,"neow_bonus":"HUNDRED_GOLD","is_daily":false,"chose_seed":false,"campfire_upgraded":0,"win_rate":0.0,"timestamp":1613682201,"path_taken":["M","?","$","?","?","E","R","M","T","T","E","?","$","?","R","M","R","BOSS","R","BOSS","M","?","?","M","?","E"],"items_purchased_type":["Relic","Relic"],"build_version":"2020-12-22","purchased_purges":0,"victory":false,"max_hp_per_floor":[66,66,66,66,66,66,66,66,66,66,80,80,80,85,85,85,85,85,85,85,85,85,85,85,85,85,85,85,85],"relic_stats":{"Sozu":1,"Dream Catcher":4,"counters":[12,71],"Boot":[107],"Smiling Mask":0,"obtain_stats":[{"energizedSpire:RedRose":19,"Sozu":22,"Dream Catcher":6,"Enchiridion":27,"Mango":11,"Bottled Lightning":9,"Sling":3,"Ancient Tea Set":10,"Boot":12,"Smiling Mask":24,"Toy Ornithopter":3,"Ring of the Snake":0},{"energizedSpire:RedRose":8,"Sozu":9,"Dream Catcher":4,"Enchiridion":11,"Mango":6,"Bottled Lightning":5,"Sling":2,"Ancient Tea Set":5,"Boot":6,"Smiling Mask":10,"Toy Ornithopter":2,"Ring of the Snake":0},{"energizedSpire:RedRose":45,"Sozu":56,"Dream Catcher":22,"Enchiridion":66,"Mango":28,"Bottled Lightning":25,"Sling":8,"Ancient Tea Set":25,"Boot":28,"Smiling Mask":61,"Toy Ornithopter":8,"Ring of the Snake":0}],"Toy Ornithopter":20,"Ring of the Snake":[24]},"card_choices":[{"not_picked":["Deflect","Reflex"],"picked":"Cloak And Dagger","floor":1},{"not_picked":["Flying Knee","Outmaneuver"],"picked":"Bouncing Flask","floor":2},{"not_picked":["Reflex","Calculated Gamble"],"picked":"Dagger Throw","floor":5},{"not_picked":["Distraction","Eviscerate"],"picked":"Slice","floor":6},{"not_picked":["Acrobatics","Bane"],"picked":"Terror","floor":7},{"not_picked":["Riddle With Holes","Escape Plan"],"picked":"Poisoned Stab","floor":8},{"not_picked":["Quick Slash","Poisoned Stab"],"picked":"Dagger Spray","floor":11},{"not_picked":["Deadly Poison","Flying Knee"],"picked":"Leg Sweep","floor":15},{"not_picked":["Masterful Stab","Flying Knee","Deadly Poison"],"picked":"SKIP","floor":16},{"not_picked":["Sucker Punch","Deadly Poison"],"picked":"Crippling Poison","floor":17},{"not_picked":["Glass Knife","Phantasmal Killer"],"picked":"Adrenaline","floor":18},{"not_picked":["Slice","Riddle With Holes"],"picked":"Blur","floor":20},{"not_picked":["Storm of Steel","Unload"],"picked":"Envenom","floor":21},{"not_picked":["Calculated Gamble","Poisoned Stab"],"picked":"PiercingWail","floor":23},{"not_picked":["Flying Knee","Poisoned Stab","Underhanded Strike"],"picked":"SKIP","floor":26}],"player_experience":1210813,"relics_obtained":[{"floor":6,"key":"Dream Catcher"},{"floor":9,"key":"Bottled Lightning"},{"floor":10,"key":"Ancient Tea Set"},{"floor":11,"key":"Mango"},{"floor":24,"key":"Smiling Mask"},{"floor":27,"key":"Enchiridion"}],"event_choices":[{"cards_removed":["Strike_G"],"damage_healed":0,"gold_gain":0,"player_choice":"Card Removal","damage_taken":0,"max_hp_gain":0,"max_hp_loss":0,"event_name":"Wheel of Change","floor":4,"gold_loss":0},{"damage_healed":0,"gold_gain":0,"player_choice":"Success","damage_taken":33,"relics_obtained":["Boot"],"max_hp_gain":0,"max_hp_loss":0,"event_name":"Scrap Ooze","floor":12,"gold_loss":0},{"damage_healed":0,"gold_gain":0,"player_choice":"Got Potions","damage_taken":0,"max_hp_gain":0,"max_hp_loss":0,"event_name":"Lab","floor":14,"gold_loss":0},{"damage_healed":0,"gold_gain":0,"player_choice":"Obtained Book","damage_taken":16,"max_hp_gain":0,"max_hp_loss":0,"event_name":"Cursed Tome","floor":27,"gold_loss":0}],"is_beta":false,"boss_relics":[{"not_picked":["Velvet Choker","SacredBark"],"picked":"energizedSpire:RedRose"},{"not_picked":["Ectoplasm","Fusion Hammer"],"picked":"Sozu"}],"items_purged_floors":[],"is_endless":false,"potions_floor_spawned":[8,11,16,26],"killed_by":"Gremlin Leader","ascension_level":14}}