{"host":"5xkp6lbjk85sl3i7","time":1613609435,"event":{"mods":["BaseMod","Better Match","Better Note","Colored Powertips","Hermit","Highlight Path","Minty Spire (QoL Compilation)","Quick Restart","Replay The Spire","StSLib","The Disciple"],"gold_per_floor":[117,117,168,168,119,119,150,160,160,194,205,260,33,98,98,197,197,213,313,313,313,330,359,90,118,118,118,137,170,170,188,188,289,289,305,355,355,366,382,382,382,382,382,408,28,42,58,75,75,75,75],"floor_reached":50,"language":"ENG","playtime":7058,"items_purged":["Strike_Br"],"score":611,"play_id":"aa9928d8-d1b9-4a29-9d1b-6ca9da8c8031","local_time":"20210217195035","is_ascension_mode":false,"campfire_choices":[{"floor":6,"key":"REST"},{"floor":15,"key":"REST"},{"floor":27,"key":"REST"},{"floor":32,"key":"REST"},{"data":"LockedFlame","floor":40,"key":"SMITH"},{"data":"LockedPlans","floor":42,"key":"SMITH"},{"data":"Fragmentalize","floor":49,"key":"SMITH"}],"circlet_count":0,"master_deck":["Strike_Br","Strike_Br","Strike_Br+1","Defend_Br+1","Defend_Br","Defend_Br","SecondHand","PatternShift+1","LockedTornado+1","BiteCommand","EscortCommand","LockedScales","BlueShift","HandsUpC","LockedCalendar","ReapSow","LockedWarPaint","BackFourSeconds","LockedBlood","Backlash+1","Allargando+1","Break+1","LockedMedicine","PrimeTime","Echoward","LockedUrn","LockedScales","LockedFlame+1","LockedPlans+1","BlueShift","LockedUrn+1","LockedScales+1","LockedAnchor+1","LockedPlans","ExoVibe+2","LockedAnchor+1","Fragmentalize+1"],"relics":["Chronograph","NeowsBlessing","Quantum Egg","Ancient Tea Set","Mercury Hourglass","Pocketwatch","Bag of Preparation","Vajra","Iron Hammer","Mummified Hand","ReplayTheSpireMod:TigerMarble","Pear","MealTicket","Ornamental Fan","Painkiller Herb","Peace Pipe","War Paint","Smiling Mask","Sundial"],"acts_visited":["Exordium","TheCity","TheBeyond"],"potions_floor_usage":[10,16,23,29,36,36,41,41,41,47],"damage_taken":[{"damage":0,"enemies":"Small Slimes","floor":1,"turns":1},{"damage":0,"enemies":"Lagavulin","floor":7,"turns":1},{"damage":0,"enemies":"Jaw Worm","floor":8,"turns":1},{"damage":17,"enemies":"Replay:BlueRogue","floor":10,"turns":7},{"damage":3,"enemies":"Cultist","floor":11,"turns":4},{"damage":2,"enemies":"Fading Forest","floor":16,"turns":11},{"damage":8,"enemies":"Spheric Guardian","floor":18,"turns":7},{"damage":7,"enemies":"Chosen","floor":22,"turns":6},{"damage":38,"enemies":"Book of Stabbing","floor":23,"turns":7},{"damage":25,"enemies":"Replay:Snechameleon","floor":25,"turns":6},{"damage":7,"enemies":"Shelled Parasite and Fungi","floor":28,"turns":4},{"damage":10,"enemies":"Gremlin Leader","floor":29,"turns":7},{"damage":11,"enemies":"Snake Plant","floor":31,"turns":3},{"damage":48,"enemies":"Champ","floor":33,"turns":9},{"damage":22,"enemies":"3 Shapes","floor":35,"turns":4},{"damage":0,"enemies":"Mind Bloom Boss Battle","floor":36,"turns":6},{"damage":3,"enemies":"3 Darklings","floor":38,"turns":5},{"damage":13,"enemies":"Maw","floor":39,"turns":9},{"damage":3,"enemies":"2 Orb Walkers","floor":41,"turns":3},{"damage":93,"enemies":"Reptomancer","floor":44,"turns":6},{"damage":38,"enemies":"Transient","floor":46,"turns":5},{"damage":23,"enemies":"Sphere and 2 Shapes","floor":47,"turns":3},{"damage":23,"enemies":"3 Darklings","floor":48,"turns":5},{"damage":80,"enemies":"Time Eater","floor":50,"turns":6}],"seed_played":"3639848068667653295","potions_obtained":[{"floor":1,"key":"PowerPotion"},{"floor":7,"key":"GamblersBrew"},{"floor":8,"key":"SmokeBomb"},{"floor":10,"key":"Ancient Potion"},{"floor":16,"key":"ColorlessPotion"},{"floor":28,"key":"Venom Potion"},{"floor":29,"key":"LiquidMemories"},{"floor":36,"key":"Energy Potion"},{"floor":38,"key":"ColorlessPotion"},{"floor":46,"key":"AttackPotion"}],"is_trial":false,"path_per_floor":["M","?","?","?","$","R","E","M","T","E","M","T","$","?","R","B",null,"M","?","?","?","M","E","$","E","T","R","M","E","T","M","R","B",null,"?","?","?","?","?","T","?","T","T","E","T","?","?","?","T","B"],"character_chosen":"CHRONO_CLASS","items_purchased":["LockedScales","LockedWarPaint","Vajra","Mummified Hand","LockedMedicine","Sundial","LockedPlans"],"campfire_rested":4,"item_purchase_floors":[5,13,13,24,24,45,45],"current_hp_per_floor":[65,52,26,26,26,45,45,45,45,28,25,25,25,25,44,52,65,57,57,57,57,56,30,30,14,24,46,46,45,45,48,70,45,75,75,75,75,75,75,75,75,75,75,21,36,56,44,61,61,0,0],"gold":75,"neow_bonus":"THREE_ENEMY_KILL","is_daily":false,"chose_seed":false,"campfire_upgraded":3,"win_rate":0.0,"timestamp":1613609435,"path_taken":["M","?","?","?","?","R","E","?","T","E","M","?","$","?","R","BOSS","M","?","?","?","M","E","?","E","T","R","M","E","?","M","R","BOSS","?","?","?","?","?","T","?","T","T","E","T","?","?","?","T","BOSS"],"items_purchased_type":["Card","Card","Relic","Relic","Card","Relic","Card"],"build_version":"2020-12-22","purchased_purges":1,"victory":false,"max_hp_per_floor":[65,65,65,65,65,65,65,65,65,65,65,65,65,65,65,65,65,65,65,65,65,65,65,65,65,75,75,75,75,75,75,75,75,75,75,75,75,75,75,75,75,75,75,75,75,75,75,75,75,75,75],"card_choices":[{"not_picked":["LockedTurtyl","LockedBlood"],"picked":"LockedTornado","floor":1},{"not_picked":["TickedOff","Keepsakes"],"picked":"BiteCommand","floor":3},{"not_picked":["Analog","PrimeTime"],"picked":"EscortCommand","floor":3},{"not_picked":["Recurrance","AlternateTimeline"],"picked":"BlueShift","floor":7},{"not_picked":["PrimeTime","LockedTornado"],"picked":"HandsUpC","floor":8},{"not_picked":["AlternateTimeline","LockedMedicine"],"picked":"LockedCalendar","floor":10},{"not_picked":["LockedScales","AlternateTimeline"],"picked":"ReapSow","floor":11},{"not_picked":["Flay","Echonomics"],"picked":"BackFourSeconds","floor":16},{"not_picked":["BeatsPerMinute","LockedTornado"],"picked":"LockedBlood","floor":18},{"not_picked":["WindUp","EscortCommand+1"],"picked":"Backlash+1","floor":22},{"not_picked":["FormalWear+1","Engulf"],"picked":"Break","floor":23},{"not_picked":["ShortSighted","BeatsPerMinute"],"picked":"PrimeTime","floor":25},{"not_picked":["TiringSlam+1","BiteCommand"],"picked":"Echoward","floor":28},{"not_picked":["MasterKey","LockedMedicine"],"picked":"LockedUrn","floor":29},{"not_picked":["Engulf","LockedTornado"],"picked":"LockedScales","floor":31},{"not_picked":["BackFourSeconds","OracleForm"],"picked":"LockedFlame","floor":33},{"not_picked":["BiteCommand+1","HandsUpC+1"],"picked":"LockedPlans","floor":35},{"not_picked":["AlternateTimeline","Tempo"],"picked":"BlueShift","floor":36},{"not_picked":["Engulf","LockedMedicine+1"],"picked":"LockedUrn+1","floor":38},{"not_picked":["LockedBlood","Cuckoo"],"picked":"LockedScales+1","floor":39},{"not_picked":["Echoward","Backlash"],"picked":"LockedAnchor+1","floor":44},{"not_picked":["WindUp","HandsUpC+1"],"picked":"ExoVibe+1","floor":46},{"not_picked":["PrimeTime","CrunchTime"],"picked":"LockedAnchor+1","floor":47},{"not_picked":["Engulf+1","LockedBlood+1"],"picked":"Fragmentalize","floor":48}],"player_experience":726900,"relics_obtained":[{"floor":3,"key":"Quantum Egg"},{"floor":7,"key":"Ancient Tea Set"},{"floor":9,"key":"Mercury Hourglass"},{"floor":10,"key":"Pocketwatch"},{"floor":12,"key":"Bag of Preparation"},{"floor":23,"key":"Iron Hammer"},{"floor":25,"key":"ReplayTheSpireMod:TigerMarble"},{"floor":26,"key":"Pear"},{"floor":29,"key":"MealTicket"},{"floor":30,"key":"Ornamental Fan"},{"floor":36,"key":"Peace Pipe"},{"floor":43,"key":"War Paint"},{"floor":44,"key":"Smiling Mask"}],"event_choices":[{"damage_healed":0,"gold_gain":0,"player_choice":"Entered Light","damage_taken":13,"max_hp_gain":0,"max_hp_loss":0,"event_name":"Shining Light","floor":2,"gold_loss":0,"cards_upgraded":["Defend_Br","Strike_Br"]},{"damage_healed":0,"gold_gain":65,"player_choice":"Gained Gold","damage_taken":0,"max_hp_gain":0,"max_hp_loss":0,"event_name":"Golden Wing","floor":14,"gold_loss":0},{"damage_healed":0,"gold_gain":100,"player_choice":"Pray","damage_taken":0,"max_hp_gain":0,"max_hp_loss":0,"event_name":"Golden Shrine","floor":19,"gold_loss":0},{"damage_healed":0,"gold_gain":0,"player_choice":"Upgraded","damage_taken":0,"max_hp_gain":0,"max_hp_loss":0,"event_name":"Upgrade Shrine","floor":20,"gold_loss":0,"cards_upgraded":["LockedTornado"]},{"cards_removed":["Strike_Br"],"damage_healed":0,"gold_gain":0,"player_choice":"Give","damage_taken":0,"max_hp_gain":0,"max_hp_loss":0,"event_name":"betterNote:BetterNote","floor":21,"gold_loss":0,"cards_obtained":["hermit:Defend_Hermit"]},{"damage_healed":0,"gold_gain":0,"player_choice":"Fight","damage_taken":0,"max_hp_gain":0,"max_hp_loss":0,"event_name":"MindBloom","floor":36,"gold_loss":0},{"damage_healed":0,"gold_gain":0,"player_choice":"Ignored","damage_taken":0,"max_hp_gain":0,"max_hp_loss":0,"event_name":"Tomb of Lord Red Mask","floor":37,"gold_loss":0},{"damage_healed":0,"gold_gain":0,"player_choice":"Fight","damage_taken":0,"max_hp_gain":0,"max_hp_loss":0,"event_name":"Mysterious Sphere","floor":41,"gold_loss":0}],"is_beta":false,"boss_relics":[{"not_picked":["Replay:Wanted Poster","Empty Cage"],"picked":"Chronograph"},{"not_picked":["Tiny House","Velvet Choker"],"picked":"Painkiller Herb"}],"items_purged_floors":[45],"is_endless":false,"potions_floor_spawned":[1,7,8,10,16,18,28,29,36,38,46],"killed_by":"Time Eater","ascension_level":0}}