{"host":"qc268ltokmxwqyrx","time":1613692468,"event":{"mods":["BaseMod","Colored Map","Minty Spire (QoL Compilation)","Relic Stats","Slay the Relics Exporter","StSLib","ojb\u0027s Info Mod"],"gold_per_floor":[117,130,150,150,169,169,169,169],"floor_reached":7,"language":"ENG","playtime":304,"items_purged":[],"score":86,"play_id":"5e8057c4-9454-4b73-b80e-20009da8bc36","local_time":"20210218175428","is_ascension_mode":true,"campfire_choices":[{"floor":6,"key":"REST"}],"circlet_count":0,"master_deck":["AscendersBane","Strike_G","Strike_G","Strike_G","Strike_G","Strike_G","Defend_G","Defend_G","Defend_G","Defend_G","Defend_G","Survivor","Neutralize","PiercingWail","Dash","Underhanded Strike","Malaise","Quick Slash"],"relics":["Black Star"],"acts_visited":["Exordium"],"potions_floor_usage":[5,7],"damage_taken":[{"damage":5.0,"enemies":"Small Slimes","floor":1.0,"turns":5.0},{"damage":5.0,"enemies":"Cultist","floor":2.0,"turns":6.0},{"damage":2.0,"enemies":"2 Louse","floor":3.0,"turns":4.0},{"damage":33,"enemies":"Exordium Thugs","floor":5,"turns":11},{"damage":44,"enemies":"Gremlin Nob","floor":7,"turns":4}],"seed_played":"3004264661768921556","potions_obtained":[{"floor":1.0,"key":"Swift Potion"},{"floor":3.0,"key":"FearPotion"}],"is_trial":false,"path_per_floor":["M","M","M","?","M","R","E"],"character_chosen":"THE_SILENT","items_purchased":[],"campfire_rested":1,"item_purchase_floors":[],"current_hp_per_floor":[54,49,47,47,14,33,0,0],"gold":169,"neow_bonus":"BOSS_RELIC","is_daily":false,"chose_seed":false,"campfire_upgraded":0,"win_rate":0.0,"timestamp":1613692468,"path_taken":["M","M","M","?","M","R","E"],"items_purchased_type":[],"build_version":"2020-12-22","purchased_purges":0,"victory":false,"max_hp_per_floor":[66,66,66,66,66,66,66,66],"relic_stats":{"counters":[5,30],"Black Star":0,"obtain_stats":[{"Black Star":0,"Ring of the Snake":0},{"Black Star":0,"Ring of the Snake":0},{"Black Star":0,"Ring of the Snake":0}]},"card_choices":[{"not_picked":["Finisher","Underhanded Strike"],"picked":"PiercingWail","floor":1.0},{"not_picked":["Masterful Stab","Poisoned Stab"],"picked":"Dash","floor":2.0},{"not_picked":["Concentrate","Endless Agony"],"picked":"Underhanded Strike","floor":3.0},{"not_picked":["Heel Hook","Dodge and Roll"],"picked":"Quick Slash","floor":5}],"player_experience":1871353,"relics_obtained":[],"event_choices":[{"damage_healed":0,"gold_gain":0,"player_choice":"1 cards matched","damage_taken":0,"max_hp_gain":0,"max_hp_loss":0,"event_name":"Match and Keep!","floor":4,"gold_loss":0,"cards_obtained":["Malaise"]}],"is_beta":false,"boss_relics":[],"items_purged_floors":[],"is_endless":false,"potions_floor_spawned":[1,3],"killed_by":"Gremlin Nob","ascension_level":20}}