{"host":"g2yp6paluzgljz05","time":1613615940,"event":{"mods":["BaseMod","Bestiary","Colored Powertips","DeckTracker","Highlight Path","Minty Spire (QoL Compilation)","Quick Restart"],"gold_per_floor":[110,110,0,14,14,47,47,59,59,91,91,91,112,76,76,76,76],"floor_reached":16,"language":"ENG","playtime":772,"items_purged":["Strike_B"],"score":135,"play_id":"fa6bee71-9b87-4b98-bd16-4115bb18a6a6","local_time":"20210218133900","is_ascension_mode":true,"campfire_choices":[{"floor":15,"key":"REST"}],"circlet_count":0,"master_deck":["Strike_B","Strike_B","Strike_B","Defend_B","Defend_B","Defend_B","Defend_B","Zap","Dualcast","The Bomb","Defragment","Glacier","Chill","Self Repair","BootSequence","Coolheaded","Loop+1"],"relics":["Cracked Core","Cables","Unceasing Top","Frozen Egg 2","Centennial Puzzle","Golden Idol"],"acts_visited":["Exordium"],"potions_floor_usage":[],"damage_taken":[{"damage":1,"enemies":"Cultist","floor":1,"turns":3},{"damage":8,"enemies":"Jaw Worm","floor":4,"turns":4},{"damage":8,"enemies":"Lagavulin","floor":6,"turns":6},{"damage":9,"enemies":"Small Slimes","floor":8,"turns":3},{"damage":38,"enemies":"Gremlin Nob","floor":10,"turns":6},{"damage":7,"enemies":"3 Louse","floor":13,"turns":3},{"damage":30,"enemies":"Hexaghost","floor":16,"turns":16}],"seed_played":"1020986904648927489","potions_obtained":[{"floor":6,"key":"Weak Potion"},{"floor":8,"key":"PowerPotion"}],"is_trial":false,"path_per_floor":["M","$","$","M","T","E","$","M","T","E","?","?","M","$","R","B"],"character_chosen":"DEFECT","items_purchased":["Defragment","Loop+1"],"campfire_rested":1,"item_purchase_floors":[3,14],"current_hp_per_floor":[67,67,67,59,59,51,51,42,42,11,11,11,11,11,29,0,0],"gold":76,"neow_bonus":"RANDOM_COLORLESS_2","is_daily":false,"chose_seed":false,"campfire_upgraded":0,"win_rate":0.0,"timestamp":1613615940,"path_taken":["M","?","$","M","?","E","?","?","T","E","?","?","M","$","R","BOSS"],"items_purchased_type":["Card","Card"],"build_version":"2020-12-22","purchased_purges":1,"victory":false,"max_hp_per_floor":[68,68,68,68,68,68,68,68,68,68,68,63,63,63,63,63,63],"card_choices":[{"not_picked":["Secret Weapon","Magnetism"],"picked":"The Bomb","floor":0},{"not_picked":["Leap","Steam","Gash"],"picked":"SKIP","floor":1},{"not_picked":["Sweeping Beam","Steam"],"picked":"Glacier","floor":4},{"not_picked":["Turbo","Conserve Battery"],"picked":"Chill","floor":6},{"not_picked":["Go for the Eyes","Steam"],"picked":"Self Repair","floor":8},{"not_picked":["Streamline","Multi-Cast"],"picked":"BootSequence","floor":10},{"not_picked":["Aggregate","Melter"],"picked":"Coolheaded","floor":13}],"player_experience":384816,"relics_obtained":[{"floor":5,"key":"Cables"},{"floor":6,"key":"Unceasing Top"},{"floor":9,"key":"Frozen Egg 2"},{"floor":10,"key":"Centennial Puzzle"}],"event_choices":[{"damage_healed":0,"gold_gain":0,"player_choice":"Ignored","damage_taken":0,"max_hp_gain":0,"max_hp_loss":0,"event_name":"Liars Game","floor":11,"gold_loss":0},{"damage_healed":0,"gold_gain":0,"player_choice":"Lose Max HP","damage_taken":0,"relics_obtained":["Golden Idol"],"max_hp_gain":0,"max_hp_loss":5,"event_name":"Golden Idol","floor":12,"gold_loss":0}],"is_beta":false,"boss_relics":[],"items_purged_floors":[3],"is_endless":false,"potions_floor_spawned":[6,8],"killed_by":"Hexaghost","ascension_level":5}}