{"host":"kvo7eymyd21g9abd","time":1613679085,"event":{"mods":["AchievementEnabler","BaseMod","Bestiary","Colored Map","Minty Spire (QoL Compilation)","StSLib"],"gold_per_floor":[115,95,115,133,188,215,226,226,226,236,256,256,271,300,300,395,395,411,428,35,53,73,73,73,105,129,148,148,164,198,208,208,208,208],"floor_reached":33,"language":"ENG","playtime":1529,"items_purged":["Body Slam"],"score":459,"play_id":"ce930309-4f01-429b-b52f-b33aa86e6324","local_time":"20210218151125","is_ascension_mode":true,"campfire_choices":[{"floor":8,"key":"REST"},{"floor":12,"key":"RECALL"},{"floor":15,"key":"REST"},{"floor":23,"key":"REST"},{"floor":32,"key":"REST"}],"circlet_count":0,"master_deck":["Strike_R+1","Strike_R+1","Strike_R+1","Strike_R+1","Strike_R+1","Defend_R+1","Defend_R+1","Defend_R+1","Defend_R+1","Bash","Clothesline","Cleave","Ghostly Armor","Metallicize","Metallicize","Metallicize","Feed","Whirlwind","Power Through+1","Impervious","Metallicize","Fire Breathing+1","Armaments","Uppercut","Ghostly Armor","Armaments","Iron Wave","Entrench"],"relics":["Burning Blood","Calipers","Regal Pillow","InkBottle","Question Card","Fusion Hammer","Orichalcum","Centennial Puzzle","Toy Ornithopter","Prayer Wheel"],"acts_visited":["Exordium","TheCity"],"potions_floor_usage":[16,29,30,30],"damage_taken":[{"damage":5,"enemies":"Small Slimes","floor":1,"turns":3},{"damage":8,"enemies":"Cultist","floor":3,"turns":4},{"damage":11,"enemies":"Jaw Worm","floor":4,"turns":4},{"damage":35,"enemies":"3 Sentries","floor":6,"turns":13},{"damage":8,"enemies":"Looter","floor":7,"turns":3},{"damage":10,"enemies":"Lots of Slimes","floor":10,"turns":4},{"damage":8,"enemies":"Blue Slaver","floor":11,"turns":4},{"damage":9,"enemies":"3 Louse","floor":13,"turns":4},{"damage":26,"enemies":"Gremlin Nob","floor":14,"turns":7},{"damage":49,"enemies":"The Guardian","floor":16,"turns":16},{"damage":17,"enemies":"Chosen","floor":18,"turns":8},{"damage":13,"enemies":"Shell Parasite","floor":19,"turns":9},{"damage":11,"enemies":"Shelled Parasite and Fungi","floor":21,"turns":11},{"damage":25,"enemies":"Snake Plant","floor":22,"turns":9},{"damage":39,"enemies":"Slavers","floor":25,"turns":7},{"damage":11,"enemies":"3 Cultists","floor":27,"turns":7},{"damage":14,"enemies":"Sentry and Sphere","floor":29,"turns":8},{"damage":38,"enemies":"Book of Stabbing","floor":30,"turns":9},{"damage":2,"enemies":"Snecko","floor":31,"turns":8},{"damage":77,"enemies":"Collector","floor":33,"turns":5}],"seed_played":"-7314330557603906318","potions_obtained":[{"floor":2,"key":"Weak Potion"},{"floor":6,"key":"SkillPotion"},{"floor":7,"key":"EntropicBrew"},{"floor":10,"key":"DuplicationPotion"},{"floor":25,"key":"Swift Potion"},{"floor":30,"key":"LiquidBronze"}],"is_trial":false,"path_per_floor":["M","?","M","M","T","E","M","R","T","M","M","R","M","E","R","B",null,"M","M","$","M","M","R","?","E","T","M","?","M","E","M","R","B"],"character_chosen":"IRONCLAD","items_purchased":["Orichalcum","Impervious","Metallicize"],"campfire_rested":4,"item_purchase_floors":[20,20,20],"current_hp_per_floor":[52,52,50,45,45,16,14,53,53,49,47,47,44,24,63,20,65,57,53,53,51,35,77,77,44,44,39,39,39,17,21,64,0,0],"gold":208,"neow_bonus":"ONE_RARE_RELIC","is_daily":false,"chose_seed":false,"campfire_upgraded":0,"win_rate":0.0,"timestamp":1613679085,"path_taken":["M","?","M","?","?","E","M","R","T","?","M","R","M","E","R","BOSS","M","M","$","M","?","R","?","E","T","M","?","M","E","M","R","BOSS"],"items_purchased_type":["Relic","Card","Card"],"build_version":"2020-12-22","purchased_purges":1,"victory":false,"max_hp_per_floor":[80,80,80,80,80,80,80,80,80,80,80,80,80,80,80,80,80,83,86,86,89,92,92,92,92,92,92,92,95,95,95,95,95,95],"card_choices":[{"not_picked":["Heavy Blade","Battle Trance"],"picked":"Clothesline","floor":1},{"not_picked":["Pommel Strike","Second Wind"],"picked":"Cleave","floor":3},{"not_picked":["Spot Weakness","Cleave"],"picked":"Ghostly Armor","floor":4},{"not_picked":["Second Wind","Clash"],"picked":"Metallicize","floor":6},{"not_picked":["Seeing Red","Body Slam"],"picked":"Metallicize","floor":7},{"not_picked":["Clothesline","Searing Blow","Bloodletting"],"picked":"SKIP","floor":10},{"not_picked":["Wild Strike","Limit Break","Clash"],"picked":"SKIP","floor":11},{"not_picked":["Headbutt","Heavy Blade"],"picked":"Metallicize","floor":13},{"not_picked":["Iron Wave","Clash"],"picked":"Body Slam","floor":14},{"not_picked":["Bludgeon","Reaper","Brutality"],"picked":"Feed","floor":16},{"not_picked":["Sword Boomerang","Pommel Strike","Carnage"],"picked":"Whirlwind","floor":18},{"not_picked":["Anger+1","Heavy Blade","Wild Strike"],"picked":"Power Through+1","floor":19},{"not_picked":["Second Wind","Inflame","Headbutt"],"picked":"Fire Breathing+1","floor":21},{"not_picked":["Twin Strike","Clothesline","Headbutt"],"picked":"Armaments","floor":22},{"not_picked":["Flex","Barricade","Clothesline"],"picked":"Uppercut","floor":25},{"not_picked":["Bloodletting","Sword Boomerang","Pommel Strike"],"picked":"Ghostly Armor","floor":27},{"not_picked":["Twin Strike+1","Havoc+1","Inflame"],"picked":"Armaments","floor":29},{"not_picked":["True Grit","Hemokinesis+1","Clothesline","Heavy Blade+1"],"picked":"SKIP","floor":30},{"not_picked":["Thunderclap+1","Twin Strike","Evolve"],"picked":"Iron Wave","floor":31},{"not_picked":["Heavy Blade","Havoc","Sword Boomerang+1"],"picked":"Entrench","floor":31}],"player_experience":466874,"relics_obtained":[{"floor":6,"key":"Regal Pillow"},{"floor":9,"key":"InkBottle"},{"floor":14,"key":"Question Card"},{"floor":25,"key":"Centennial Puzzle"},{"floor":26,"key":"Toy Ornithopter"},{"floor":30,"key":"Prayer Wheel"}],"event_choices":[{"damage_healed":0,"gold_gain":0,"player_choice":"Bought 1 Potion","damage_taken":0,"max_hp_gain":0,"max_hp_loss":0,"event_name":"The Woman in Blue","floor":2,"gold_loss":0},{"damage_healed":0,"gold_gain":0,"player_choice":"Simplicity","damage_taken":0,"max_hp_gain":0,"max_hp_loss":0,"event_name":"Back to Basics","floor":24,"gold_loss":0,"cards_upgraded":["Strike_R","Strike_R","Strike_R","Strike_R","Strike_R","Defend_R","Defend_R","Defend_R","Defend_R"]},{"damage_healed":0,"gold_gain":0,"player_choice":"Ignored","damage_taken":0,"max_hp_gain":0,"max_hp_loss":0,"event_name":"Ghosts","floor":28,"gold_loss":0}],"is_beta":false,"boss_relics":[{"not_picked":["Calling Bell","Pandora\u0027s Box"],"picked":"Fusion Hammer"}],"items_purged_floors":[20],"is_endless":false,"potions_floor_spawned":[6,7,10,11,13,25,27,30],"killed_by":"Collector","ascension_level":7}}