{"host":"h5acbxt0wmjo1kpm","time":1613644847,"event":{"mods":["2.2 Compatiblity","Act Like it!","AlwaysNeverKeys","Aspiration","Bard","Bartender","BaseMod","Better Third Choice","Colored Map","Elementarium","Gensokyo","GifTheSpireLib","Hallownest","Marisa????????","Menagerie","Minty Spire (QoL Compilation)","Permanent Neow","Potionbrewer","Quick Restart","Relic Filter","Reliquary","Robot Space Explorer","Ruina","RumiaBox-????????","Shade Mod","Spicy Shops","StSLib","Strawberry Spire","The Blackbeard","The Dragon Tamer","The Gatherer","The Hayseed","The Problem Sleuth","The Servant 0.9.4","Wandering Minibosses","Wide Potions"],"gold_per_floor":[111,168,178,1,0,25,25,50,104,117,136,169,181,212,224,335,347,363,373,253,253,253,253,285,245,245,197,209,15,15,15,15],"floor_reached":31,"language":"ENG","playtime":1896,"items_purged":[],"score":450,"play_id":"84e233aa-14fb-4a43-8f4d-a3588862509d","local_time":"20210218024047","is_ascension_mode":true,"campfire_choices":[{"data":"potionbrewer:LeftoverSpecimen","floor":7.0,"key":"SMITH"},{"data":"potionbrewer:EmptyBottle","floor":15.0,"key":"SMITH"},{"data":"potionbrewer:ChemicalSpill","floor":23.0,"key":"SMITH"}],"circlet_count":0,"master_deck":["AscendersBane","potionbrewer:PotionbrewerStrike","potionbrewer:PotionbrewerStrike","potionbrewer:PotionbrewerStrike","potionbrewer:PotionbrewerStrike","potionbrewer:PotionbrewerDefend","potionbrewer:PotionbrewerDefend","potionbrewer:PotionbrewerDefend","potionbrewer:PotionbrewerDefend","potionbrewer:Collect+1","potionbrewer:ChemicalSpill+1","potionbrewer:Transmute","potionbrewer:Backhand","potionbrewer:WizBang","potionbrewer:CausticBarrier","Enlightenment","potionbrewer:LeftoverSpecimen+1","potionbrewer:EmptyBottle+1","potionbrewer:Prototype","potionbrewer:QuickStep","potionbrewer:Transmute","potionbrewer:HazardousWaste","potionbrewer:Prototype","potionbrewer:EmptyBottle+1","potionbrewer:ChemicalRage+1","potionbrewer:Prototype","potionbrewer:Catalyze","Gensokyo:ScrapIron","Gensokyo:ScrapIron","Gensokyo:ScrapIron","Gensokyo:ScrapIron","Gensokyo:ScrapIron","Gensokyo:ScrapIron"],"relics":["potionbrewer:PotionKit","reliquary:TatteredRug","aspiration:ChemicalBlood","strawberrySpire:DirtyLipstick","reliquary:RedPaperclip","Gensokyo:SpiderMask","Gensokyo:DirgeOfMelancholy","reliquary:Firecrackers","potionbrewer:PaperSwan","strawberrySpire:BrokenPrinter","Gensokyo:UndefinedDarkness"],"acts_visited":["Exordium","Gensokyo:Gensokyoer"],"potions_floor_usage":[31],"damage_taken":[{"damage":16.0,"enemies":"Jaw Worm","floor":1.0,"turns":6.0},{"damage":0.0,"enemies":"Small Slimes","floor":3.0,"turns":2.0},{"damage":2.0,"enemies":"Lagavulin","floor":6.0,"turns":6.0},{"damage":19.0,"enemies":"3 Sentries","floor":8.0,"turns":14.0},{"damage":0.0,"enemies":"2 Louse","floor":10.0,"turns":3.0},{"damage":0.0,"enemies":"2 Fungi Beasts","floor":11.0,"turns":2.0},{"damage":1.0,"enemies":"Lagavulin","floor":12.0,"turns":6.0},{"damage":4.0,"enemies":"3 Louse","floor":14.0,"turns":2.0},{"damage":31.0,"enemies":"Slime Boss","floor":16.0,"turns":6.0},{"damage":8.0,"enemies":"Gensokyo:AngelMirror","floor":18.0,"turns":4.0},{"damage":0.0,"enemies":"Gensokyo:Chomper","floor":19.0,"turns":4.0},{"damage":8.0,"enemies":"Gensokyo:Tenshi","floor":24.0,"turns":2.0},{"damage":24.0,"enemies":"Gensokyo:3_Gloops","floor":27.0,"turns":7.0},{"damage":0.0,"enemies":"Gensokyo:Swordslinger","floor":28.0,"turns":1.0},{"damage":0,"enemies":"Gensokyo:Mirror_and_Dog","floor":31,"turns":1}],"seed_played":"-6949134691721052115","potions_obtained":[{"floor":3.0,"key":"BlessingOfTheForge"},{"floor":10.0,"key":"potionbrewer:BlacksmithPotion"},{"floor":12.0,"key":"FearPotion"},{"floor":14.0,"key":"potionbrewer:FreezingPotion"},{"floor":16.0,"key":"Dexterity Potion"},{"floor":28.0,"key":"potionbrewer:AcidPotion"}],"is_trial":false,"path_per_floor":["M","?","M","$","?","E","R","E","T","M","M","E","T","M","R","B",null,"M","M","?","?","?","R","E","?","T","M","M","COS","?","M"],"character_chosen":"POTIONBREWER","items_purchased":["reliquary:TatteredRug","potionbrewer:CausticBarrier"],"campfire_rested":0,"item_purchase_floors":[4,4],"current_hp_per_floor":[52,52,52,52,58,56,56,37,37,37,37,36,36,32,32,1,56,48,48,48,48,48,48,40,40,40,16,16,16,16,16,16],"gold":15,"neow_bonus":"THREE_RARE_CARDS","is_daily":false,"chose_seed":false,"campfire_upgraded":3,"win_rate":0.0,"timestamp":1613644847,"path_taken":["M","?","M","$","?","E","R","E","T","M","M","E","?","M","R","BOSS","M","M","?","?","?","R","E","?","T","M","M","COS","?","M"],"items_purchased_type":["Relic","Card"],"build_version":"2020-12-22","purchased_purges":0,"victory":false,"max_hp_per_floor":[68,68,68,68,74,74,74,74,74,74,74,74,74,74,74,74,74,74,74,74,74,74,74,74,74,74,74,74,74,74,74,74],"card_choices":[{"not_picked":["potionbrewer:AlchemistForm","potionbrewer:Hoarder"],"picked":"potionbrewer:Transmute","floor":0.0},{"not_picked":["potionbrewer:Smack","potionbrewer:BlindingSpray"],"picked":"potionbrewer:Backhand","floor":1.0},{"not_picked":["potionbrewer:HazardousMaterials","potionbrewer:UnstableFormula"],"picked":"potionbrewer:WizBang","floor":3.0},{"not_picked":["potionbrewer:CrossReference","potionbrewer:Refill"],"picked":"potionbrewer:LeftoverSpecimen","floor":6.0},{"not_picked":["potionbrewer:Spark","potionbrewer:TestFormula"],"picked":"potionbrewer:EmptyBottle","floor":8.0},{"not_picked":["potionbrewer:BlindingMist","potionbrewer:DigDeep","potionbrewer:ChemicalShroud"],"picked":"SKIP","floor":10.0},{"not_picked":["potionbrewer:TimeBomb","potionbrewer:OneTwoPunch","potionbrewer:CrossReference"],"picked":"potionbrewer:Prototype","floor":11.0},{"not_picked":["potionbrewer:UnstableFormula","potionbrewer:Brandish"],"picked":"potionbrewer:QuickStep","floor":12.0},{"not_picked":["potionbrewer:Spark","potionbrewer:AnotherRound"],"picked":"potionbrewer:Transmute","floor":14.0},{"not_picked":["potionbrewer:AlchemistForm","potionbrewer:Hoarder"],"picked":"potionbrewer:HazardousWaste","floor":16.0},{"not_picked":["potionbrewer:Toxicity","potionbrewer:PrivateReserves","potionbrewer:MicrobeSpray"],"picked":"potionbrewer:Prototype","floor":18.0},{"not_picked":["potionbrewer:UnstableFormula","potionbrewer:TimeBomb"],"picked":"potionbrewer:EmptyBottle+1","floor":19.0},{"not_picked":["potionbrewer:PortableLab","potionbrewer:BlindingSpray","potionbrewer:HazardousMaterials"],"picked":"SKIP","floor":24.0},{"not_picked":["potionbrewer:Spark","potionbrewer:FuelCell","potionbrewer:Shovel"],"picked":"potionbrewer:Prototype","floor":27.0},{"not_picked":["potionbrewer:FortifiedSerum","potionbrewer:QuickStep"],"picked":"potionbrewer:Catalyze","floor":28.0}],"player_experience":2276858,"relics_obtained":[{"floor":6.0,"key":"aspiration:ChemicalBlood"},{"floor":8.0,"key":"strawberrySpire:DirtyLipstick"},{"floor":12.0,"key":"MawBank"},{"floor":13.0,"key":"reliquary:HotPoker"},{"floor":24.0,"key":"reliquary:Firecrackers"},{"floor":26.0,"key":"potionbrewer:PaperSwan"}],"event_choices":[{"damage_healed":0.0,"max_hp_gain":0.0,"max_hp_loss":0.0,"gold_gain":57.0,"event_name":"Golden Wing","player_choice":"Gained Gold","floor":2.0,"gold_loss":0.0,"damage_taken":0.0},{"damage_healed":0.0,"max_hp_gain":0.0,"max_hp_loss":0.0,"gold_gain":0.0,"event_name":"betterThird:BetterSerpent","player_choice":"RENOUNCE","floor":5.0,"gold_loss":1.0,"damage_taken":1.0,"cards_obtained":["Enlightenment"]}],"is_beta":false,"boss_relics":[{"not_picked":["Pandora\u0027s Box","reliquary:KinkedSpring"],"picked":"reliquary:RedPaperclip"}],"items_purged_floors":[],"is_endless":false,"potions_floor_spawned":[3,10,12,14,19,28],"killed_by":"Gensokyo:Mirror_and_Dog","ascension_level":12}}