{"host":"3zmssa4s99zhxek5","time":1613645917,"event":{"mods":["AchievementEnabler","BaseMod","Minty Spire (QoL Compilation)","Permanent Neow","Relic Stats"],"gold_per_floor":[110,120,140,157,174,174,202,202,256,273,290,325,325,336,336,411,411,431,13,63,75,93,122,122,137,137,154,182,26,26,40,40,114,114,125,15,25,45,45,45,57,57,57,71,87,9,0,16,16,16,16],"floor_reached":50,"language":"KOR","playtime":2415,"items_purged":["Strike_R","Strike_R"],"score":1054,"play_id":"0ef47d02-ef96-4c48-af03-b670bfaddf96","local_time":"20210218195837","is_ascension_mode":true,"campfire_choices":[{"floor":8.0,"key":"REST"},{"floor":13.0,"key":"REST"},{"data":"Limit Break","floor":15.0,"key":"SMITH"},{"floor":24.0,"key":"REST"},{"data":"Demon Form","floor":32.0,"key":"SMITH"},{"floor":40,"key":"REST"},{"data":"Armaments","floor":42,"key":"SMITH"},{"floor":49,"key":"REST"}],"circlet_count":0,"master_deck":["AscendersBane","Strike_R+1","Defend_R","Defend_R","Defend_R","Bash","Pummel","Limit Break+1","Disarm","Twin Strike+1","Cleave","Heavy Blade","Blood for Blood","Shrug It Off","Thunderclap","Rage","Shockwave","Flame Barrier","Double Tap+1","Flex","Spot Weakness","Reaper","Ghostly Armor","Armaments+1","Inflame","Disarm","Fiend Fire","Metallicize","Demon Form+1","Feed","Feel No Pain+1","Ghostly Armor","True Grit","Burning Pact"],"relics":["Black Blood","Potion Belt","Red Skull","Kunai","Philosopher\u0027s Stone","Tiny Chest","Akabeko","Gremlin Horn","Bag of Preparation","StoneCalendar","Red Mask"],"acts_visited":["TheCity","TheBeyond"],"potions_floor_usage":[38,41,45,50],"damage_taken":[{"damage":2.0,"enemies":"Cultist","floor":1.0,"turns":4.0},{"damage":3.0,"enemies":"2 Louse","floor":2.0,"turns":4.0},{"damage":12.0,"enemies":"Small Slimes","floor":3.0,"turns":3.0},{"damage":6.0,"enemies":"Exordium Wildlife","floor":4.0,"turns":3.0},{"damage":11.0,"enemies":"Red Slaver","floor":5.0,"turns":4.0},{"damage":35.0,"enemies":"3 Sentries","floor":7.0,"turns":8.0},{"damage":11.0,"enemies":"Looter","floor":10.0,"turns":3.0},{"damage":0.0,"enemies":"3 Louse","floor":11.0,"turns":2.0},{"damage":18.0,"enemies":"Lagavulin","floor":12.0,"turns":5.0},{"damage":11.0,"enemies":"Exordium Wildlife","floor":14.0,"turns":5.0},{"damage":21.0,"enemies":"The Guardian","floor":16.0,"turns":10.0},{"damage":23.0,"enemies":"Shell Parasite","floor":18.0,"turns":6.0},{"damage":13.0,"enemies":"Chosen","floor":21.0,"turns":5.0},{"damage":18.0,"enemies":"Snake Plant","floor":22.0,"turns":3.0},{"damage":7.0,"enemies":"Slavers","floor":23.0,"turns":3.0},{"damage":7.0,"enemies":"Snecko","floor":25.0,"turns":3.0},{"damage":29.0,"enemies":"3 Cultists","floor":27.0,"turns":5.0},{"damage":22.0,"enemies":"Book of Stabbing","floor":28.0,"turns":4.0},{"damage":0.0,"enemies":"Cultist and Chosen","floor":31.0,"turns":3.0},{"damage":53.0,"enemies":"Automaton","floor":33.0,"turns":8.0},{"damage":78,"enemies":"3 Darklings","floor":35,"turns":4},{"damage":9,"enemies":"Orb Walker","floor":37,"turns":2},{"damage":69,"enemies":"Spire Growth","floor":38,"turns":6},{"damage":32,"enemies":"3 Darklings","floor":41,"turns":9},{"damage":39,"enemies":"Sphere and 2 Shapes","floor":44,"turns":7},{"damage":37,"enemies":"Maw","floor":45,"turns":6},{"damage":17,"enemies":"Jaw Worm Horde","floor":48,"turns":6},{"damage":45,"enemies":"Time Eater","floor":50,"turns":3}],"seed_played":"-7358460723122985142","potions_obtained":[{"floor":1.0,"key":"BlessingOfTheForge"},{"floor":2.0,"key":"GamblersBrew"},{"floor":5.0,"key":"LiquidMemories"},{"floor":11.0,"key":"SpeedPotion"},{"floor":16.0,"key":"DistilledChaos"},{"floor":21.0,"key":"FairyPotion"},{"floor":27.0,"key":"SneckoOil"},{"floor":28.0,"key":"Regen Potion"},{"floor":31.0,"key":"Block Potion"},{"floor":33.0,"key":"BloodPotion"},{"floor":35,"key":"AttackPotion"},{"floor":41,"key":"AttackPotion"},{"floor":45,"key":"SteroidPotion"},{"floor":48,"key":"PowerPotion"}],"is_trial":false,"path_per_floor":["M","M","M","M","M","?","E","R","T","M","M","E","R","M","R","B",null,"M","$","?","M","M","E","R","M","T","M","E","$","?","M","R","B",null,"M","?","M","M","T","R","M","R","T","M","M","$","?","M","R","B"],"character_chosen":"IRONCLAD","items_purchased":["Spot Weakness","Reaper","Ghostly Armor","Strength Potion","LiquidBronze"],"campfire_rested":5,"item_purchase_floors":[19,19,19,29,46],"current_hp_per_floor":[68,68,62,62,57,37,8,28,28,23,29,17,37,32,32,17,55,38,38,38,31,19,18,38,37,37,41,25,25,25,41,41,61,66,59,59,62,18,18,38,56,56,56,29,25,25,25,20,40,0,0],"gold":16,"neow_bonus":"TRANSFORM_TWO_CARDS","is_daily":false,"chose_seed":false,"campfire_upgraded":3,"win_rate":0.0,"timestamp":1613645917,"path_taken":["M","M","?","M","M","?","E","R","T","M","M","E","R","M","R","BOSS","M","$","?","M","M","E","R","M","T","M","E","$","?","M","R","BOSS","M","?","M","?","?","R","M","R","T","M","M","$","?","M","R","BOSS"],"items_purchased_type":["Card","Card","Card","Potion","Potion"],"build_version":"2020-12-22","purchased_purges":2,"victory":false,"max_hp_per_floor":[68,68,68,68,68,68,68,68,68,68,68,68,68,68,68,68,68,68,68,68,68,68,68,68,68,68,68,68,68,68,68,68,68,68,68,68,68,68,68,68,68,68,68,68,68,68,68,68,68,68,68],"relic_stats":{"Gremlin Horn":[15,15],"counters":[27,130],"Black Blood":195,"Tiny Chest":1,"StoneCalendar":[20],"Bag of Preparation":[10],"Kunai":[10],"obtain_stats":[{"Potion Belt":7,"Gremlin Horn":28,"Black Blood":34,"Philosopher\u0027s Stone":17,"Tiny Chest":23,"StoneCalendar":43,"Bag of Preparation":39,"Red Mask":47,"Kunai":12,"Burning Blood":0,"Red Skull":9,"Akabeko":26},{"Potion Belt":5,"Gremlin Horn":17,"Black Blood":19,"Philosopher\u0027s Stone":10,"Tiny Chest":14,"StoneCalendar":23,"Bag of Preparation":22,"Red Mask":25,"Kunai":8,"Burning Blood":0,"Red Skull":5,"Akabeko":15},{"Potion Belt":22,"Gremlin Horn":76,"Black Blood":87,"Philosopher\u0027s Stone":47,"Tiny Chest":64,"StoneCalendar":108,"Bag of Preparation":99,"Red Mask":121,"Kunai":32,"Burning Blood":0,"Red Skull":22,"Akabeko":67}]},"card_choices":[{"not_picked":["Evolve","Armaments"],"picked":"Disarm","floor":1.0},{"not_picked":["Intimidate","Clash"],"picked":"Twin Strike","floor":2.0},{"not_picked":["Carnage","Entrench"],"picked":"Cleave","floor":3.0},{"not_picked":["Armaments","Cleave"],"picked":"Heavy Blade","floor":4.0},{"not_picked":["Cleave","Blood for Blood","Reckless Charge"],"picked":"SKIP","floor":5.0},{"not_picked":["Cleave","Reckless Charge"],"picked":"Blood for Blood","floor":5.0},{"not_picked":["Anger","Clothesline"],"picked":"Shrug It Off","floor":7.0},{"not_picked":["Uppercut","Anger"],"picked":"Thunderclap","floor":10.0},{"not_picked":["Body Slam","Iron Wave"],"picked":"Rage","floor":11.0},{"not_picked":["Wild Strike","Rupture"],"picked":"Shockwave","floor":12.0},{"not_picked":["Flex","Carnage"],"picked":"Flame Barrier","floor":14.0},{"not_picked":["Brutality","Immolate"],"picked":"Double Tap","floor":16.0},{"not_picked":["Wild Strike","Reckless Charge"],"picked":"Flex","floor":18.0},{"not_picked":["Anger","Uppercut"],"picked":"Armaments","floor":21.0},{"not_picked":["Clothesline","Pummel"],"picked":"Inflame","floor":22.0},{"not_picked":["Combust","Sever Soul"],"picked":"Disarm","floor":23.0},{"not_picked":["Armaments","Bloodletting"],"picked":"Fiend Fire","floor":25.0},{"not_picked":["Wild Strike","Disarm"],"picked":"Metallicize","floor":27.0},{"not_picked":["Evolve","Feel No Pain"],"picked":"Demon Form","floor":28.0},{"not_picked":["Flex","Twin Strike","Whirlwind"],"picked":"SKIP","floor":31.0},{"not_picked":["Double Tap","Impervious"],"picked":"Feed","floor":33.0},{"not_picked":["Wild Strike+1","Twin Strike","Feel No Pain"],"picked":"SKIP","floor":35},{"not_picked":["Havoc","Iron Wave"],"picked":"Feel No Pain+1","floor":37},{"not_picked":["Clothesline","Heavy Blade+1","Sever Soul+1"],"picked":"SKIP","floor":38},{"not_picked":["Dropkick+1","Cleave"],"picked":"Ghostly Armor","floor":41},{"not_picked":["Spot Weakness","Thunderclap","Hemokinesis+1"],"picked":"SKIP","floor":44},{"not_picked":["Heavy Blade","Battle Trance"],"picked":"True Grit","floor":45},{"not_picked":["Combust+1","Armaments"],"picked":"Burning Pact","floor":48}],"player_experience":1669245,"relics_obtained":[{"floor":7.0,"key":"Potion Belt"},{"floor":9.0,"key":"Red Skull"},{"floor":12.0,"key":"Kunai"},{"floor":23.0,"key":"Tiny Chest"},{"floor":26.0,"key":"Akabeko"},{"floor":28.0,"key":"Gremlin Horn"},{"floor":39,"key":"Bag of Preparation"},{"floor":43,"key":"StoneCalendar"}],"event_choices":[{"damage_healed":0.0,"max_hp_gain":0.0,"max_hp_loss":0.0,"gold_gain":0.0,"event_name":"Shining Light","player_choice":"Entered Light","floor":6.0,"gold_loss":0.0,"damage_taken":20.0,"cards_upgraded":["Strike_R","Twin Strike"]},{"damage_healed":0.0,"max_hp_gain":0.0,"max_hp_loss":0.0,"gold_gain":50.0,"event_name":"Nest","player_choice":"Stole From Cult","floor":20.0,"gold_loss":0.0,"damage_taken":0.0},{"damage_healed":0.0,"max_hp_gain":0.0,"max_hp_loss":0.0,"gold_gain":0.0,"event_name":"Cursed Tome","player_choice":"Ignored","floor":30.0,"gold_loss":0.0,"damage_taken":0.0},{"cards_removed":["Strike_R"],"damage_healed":0,"gold_gain":0,"player_choice":"Upgrade and Remove","damage_taken":0,"max_hp_gain":0,"max_hp_loss":0,"event_name":"Designer","floor":36,"gold_loss":110,"cards_upgraded":["Double Tap"]},{"damage_healed":0,"gold_gain":0,"player_choice":"Paid","damage_taken":0,"relics_obtained":["Red Mask"],"max_hp_gain":0,"max_hp_loss":0,"event_name":"Tomb of Lord Red Mask","floor":47,"gold_loss":9}],"is_beta":false,"boss_relics":[{"not_picked":["Astrolabe","Runic Dome"],"picked":"Philosopher\u0027s Stone"},{"not_picked":["Runic Cube","Pandora\u0027s Box"],"picked":"Black Blood"}],"items_purged_floors":[19,29],"is_endless":false,"potions_floor_spawned":[1,2,5,11,16,21,27,28,31,33,35,41,45,48],"killed_by":"Time Eater","ascension_level":20}}