{"host":"tzwikg9s6mkzv6w0","time":1613647389,"event":{"mods":["BaseMod","Good Game Mod","Minty Spire (QoL Compilation)","Spicy Shops","StSLib"],"gold_per_floor":[109,35,35,35,35,35,66,86,109,142,165,165,190,221,221,351,351,369,393,418,418,418],"floor_reached":21,"language":"ZHS","playtime":571,"items_purged":[],"score":324,"play_id":"95e859d0-0128-4884-a7cc-4f4c97776a95","local_time":"20210218192309","is_ascension_mode":true,"campfire_choices":[{"data":"Rupture","floor":6.0,"key":"SMITH"},{"data":"Rupture","floor":12.0,"key":"SMITH"},{"data":"Pommel Strike","floor":15.0,"key":"SMITH"}],"circlet_count":0,"master_deck":["Strike_R","Strike_R","Strike_R","Strike_R","Defend_R","Defend_R","Defend_R","Defend_R","Bash","Rupture+1","Bloodletting","Shockwave","Pommel Strike+1","Rupture+1","Sword Boomerang","Flex","Second Wind","Limit Break","CurseOfTheBell"],"relics":["Burning Blood","REME:ComplimentaryCards","NeowsBlessing","Golden Idol","Regal Pillow","Torii","Bottled Flame","Calling Bell","Oddly Smooth Stone","Pear","Mango"],"acts_visited":["Exordium","TheCity"],"potions_floor_usage":[21,21],"damage_taken":[{"damage":0.0,"enemies":"Jaw Worm","floor":1.0,"turns":1.0},{"damage":0.0,"enemies":"3 Sentries","floor":7.0,"turns":3.0},{"damage":0.0,"enemies":"Small Slimes","floor":8.0,"turns":1.0},{"damage":24.0,"enemies":"Lagavulin","floor":10.0,"turns":7.0},{"damage":3.0,"enemies":"2 Louse","floor":11.0,"turns":3.0},{"damage":16.0,"enemies":"Red Slaver","floor":13.0,"turns":4.0},{"damage":3.0,"enemies":"Gremlin Nob","floor":14.0,"turns":2.0},{"damage":17.0,"enemies":"Hexaghost","floor":16.0,"turns":7.0},{"damage":30.0,"enemies":"Chosen","floor":18.0,"turns":5.0},{"damage":44.0,"enemies":"Spheric Guardian","floor":19.0,"turns":6.0},{"damage":21.0,"enemies":"Snake Plant","floor":20.0,"turns":4.0},{"damage":23,"enemies":"Shelled Parasite and Fungi","floor":21,"turns":4}],"seed_played":"5981909212112695734","potions_obtained":[{"floor":8.0,"key":"ColorlessPotion"},{"floor":11.0,"key":"LiquidMemories"},{"floor":13.0,"key":"SteroidPotion"},{"floor":16.0,"key":"Strength Potion"},{"floor":19.0,"key":"DistilledChaos"},{"floor":20.0,"key":"Ancient Potion"}],"is_trial":false,"path_per_floor":["M","$","?","?","?","R","E","M","T","E","M","R","M","E","R","B",null,"M","M","M","M"],"character_chosen":"IRONCLAD","items_purchased":["Bloodletting"],"campfire_rested":0,"item_purchase_floors":[2],"current_hp_per_floor":[80,80,80,74,74,74,74,74,74,56,59,59,49,52,52,41,98,74,36,21,0,0],"gold":418,"neow_bonus":"THREE_ENEMY_KILL","is_daily":false,"chose_seed":false,"campfire_upgraded":3,"win_rate":0.0,"timestamp":1613647389,"path_taken":["M","$","?","?","?","R","E","M","T","E","M","R","M","E","R","BOSS","M","M","M","M"],"items_purchased_type":["Card"],"build_version":"2020-12-22","purchased_purges":0,"victory":false,"max_hp_per_floor":[80,80,80,74,74,74,74,74,74,74,74,74,74,74,74,74,98,98,98,98,98,98],"card_choices":[{"not_picked":["Warcry","Headbutt","Heavy Blade"],"picked":"SKIP","floor":1.0},{"not_picked":["True Grit","Inflame"],"picked":"Pommel Strike","floor":7.0},{"not_picked":["Hemokinesis","Disarm"],"picked":"Rupture","floor":8.0},{"not_picked":["Dropkick","Sever Soul"],"picked":"Sword Boomerang","floor":10.0},{"not_picked":["Intimidate","Clothesline"],"picked":"Flex","floor":11.0},{"not_picked":["Clothesline","Havoc"],"picked":"Second Wind","floor":13.0},{"not_picked":["Flame Barrier","Havoc","Flex"],"picked":"SKIP","floor":14.0},{"not_picked":["Demon Form","Berserk"],"picked":"Limit Break","floor":16.0},{"not_picked":["Uppercut+1","Pommel Strike","Evolve"],"picked":"SKIP","floor":18.0},{"not_picked":["Cleave","Sever Soul","Thunderclap+1"],"picked":"SKIP","floor":19.0},{"not_picked":["Metallicize","Blood for Blood","Twin Strike+1"],"picked":"SKIP","floor":20.0}],"player_experience":146132,"relics_obtained":[{"floor":7.0,"key":"Regal Pillow"},{"floor":10.0,"key":"Torii"},{"floor":14.0,"key":"Bottled Flame"},{"floor":17.0,"key":"Oddly Smooth Stone"},{"floor":17.0,"key":"Pear"},{"floor":17.0,"key":"Mango"}],"event_choices":[{"damage_healed":0.0,"max_hp_gain":0.0,"max_hp_loss":0.0,"gold_gain":0.0,"cards_transformed":["Strike_R"],"event_name":"Living Wall","player_choice":"Change","floor":3.0,"gold_loss":0.0,"damage_taken":0.0,"cards_obtained":["Shockwave"]},{"damage_healed":0.0,"max_hp_gain":0.0,"max_hp_loss":6.0,"gold_gain":0.0,"event_name":"Golden Idol","player_choice":"Lose Max HP","floor":4.0,"gold_loss":0.0,"damage_taken":0.0,"relics_obtained":["Golden Idol"]},{"damage_healed":0.0,"max_hp_gain":0.0,"max_hp_loss":0.0,"gold_gain":0.0,"event_name":"The Cleric","player_choice":"Leave","floor":5.0,"gold_loss":0.0,"damage_taken":0.0}],"is_beta":false,"boss_relics":[{"not_picked":["Cursed Key","Snecko Eye"],"picked":"Calling Bell"}],"items_purged_floors":[],"is_endless":false,"potions_floor_spawned":[8,11,13,16,19,20],"killed_by":"Shelled Parasite and Fungi","ascension_level":4}}