{"host":"t9zjxed0utvsfjwc","time":1613625805,"event":{"mods":["2.2 Compatiblity","Act Like it!","Aspiration","BaseMod","Better Altar","Better Match","Better Note","Better Sensory Stone","Better Skull","Better Third Choice","Block Reminder","Colored Map","Colored Powertips","Conspire","Defuse TimeMaze Blight","Energized Spire","GifTheSpireLib","Hermit","Highlight Path","Hubris","Infinite Spire","Marked Mod","Minty Spire (QoL Compilation)","Quick Restart","Rare Cards Sparkle","Relic Sorter","Relic Stats","Reliquary","Replay The Spire","Ruina","StSLib","Stuff the Spire","The Blue Laboratory","The Jungle","The Marked","Unceasing Turn Reminder","Wandering Minibosses","everything is the same but u backflip on backflip"],"gold_per_floor":[119,219,237,312,166,214,242,271,271,303,303,333,352,377,377,391,391],"floor_reached":16,"language":"ENG","playtime":762,"items_purged":[],"score":111,"play_id":"fbf34580-0c7a-4584-a6a8-6e5d51357b13","local_time":"20210218052325","is_ascension_mode":true,"campfire_choices":[{"floor":15,"key":"REST"}],"circlet_count":0,"master_deck":["hermit:Strike_Hermit","hermit:Strike_Hermit","hermit:Strike_Hermit","hermit:Strike_Hermit","hermit:Defend_Hermit","hermit:Defend_Hermit","hermit:Defend_Hermit","hermit:Defend_Hermit","hermit:Snapshot","hermit:Covet"],"relics":["hubris:Backtick","StuffTheSpire:DarkSteelAnvil","Replay:Bandana","Oddly Smooth Stone"],"acts_visited":["Exordium"],"potions_floor_usage":[10,16,16],"damage_taken":[{"damage":0,"enemies":"Small Slimes","floor":1,"turns":2},{"damage":1,"enemies":"Cultist","floor":3,"turns":4},{"damage":32,"enemies":"Gremlin Nob","floor":6,"turns":5},{"damage":1,"enemies":"2 Louse","floor":7,"turns":5},{"damage":12,"enemies":"Large Slime","floor":8,"turns":7},{"damage":13,"enemies":"Exordium Thugs","floor":10,"turns":6},{"damage":0,"enemies":"2 Fungi Beasts","floor":12,"turns":4},{"damage":4,"enemies":"Lots of Slimes","floor":13,"turns":6},{"damage":0,"enemies":"3 Louse","floor":14,"turns":4},{"damage":25,"enemies":"Slime Boss","floor":16,"turns":6}],"seed_played":"-5781699041215204224","potions_obtained":[{"floor":8,"key":"Adrenaline Potion"},{"floor":13,"key":"Weak Potion"},{"floor":14,"key":"blueLaboratory:BubblePotion"}],"is_trial":false,"path_per_floor":["M","?","M","?","$","E","M","M","T","M","$","M","M","M","R","B"],"character_chosen":"HERMIT","items_purchased":["Replay:Bandana"],"campfire_rested":1,"item_purchase_floors":[5],"current_hp_per_floor":[75,75,74,63,63,31,30,18,18,5,5,5,1,1,23,0,0],"gold":391,"neow_bonus":"BOSS_RELIC","is_daily":false,"chose_seed":false,"campfire_upgraded":0,"win_rate":0.0,"timestamp":1613625805,"path_taken":["M","?","?","?","$","E","M","M","T","M","$","M","M","M","R","BOSS"],"items_purchased_type":["Relic"],"build_version":"2020-12-22","purchased_purges":0,"victory":false,"max_hp_per_floor":[75,75,75,75,75,75,75,75,75,75,75,75,75,75,75,75,75],"relic_stats":{"counters":[10,49],"obtain_stats":[{"Replay:Bandana":5,"hubris:Backtick":0,"Oddly Smooth Stone":6,"StuffTheSpire:DarkSteelAnvil":0,"hermit:Momento":0},{"Replay:Bandana":2,"hubris:Backtick":0,"Oddly Smooth Stone":3,"StuffTheSpire:DarkSteelAnvil":0,"hermit:Momento":0},{"Replay:Bandana":6,"hubris:Backtick":0,"Oddly Smooth Stone":11,"StuffTheSpire:DarkSteelAnvil":0,"hermit:Momento":0}]},"card_choices":[{"not_picked":["hermit:ItchyTrigger","hermit:HighCaliber","hermit:BodyArmor"],"picked":"SKIP","floor":1},{"not_picked":["hermit:Ricochet","hermit:Quickdraw","hermit:LoneWolf"],"picked":"SKIP","floor":3},{"not_picked":["hermit:GoldenBullet","hermit:CursedWeapon","hermit:FlashPowder"],"picked":"SKIP","floor":6},{"not_picked":["hermit:Quickdraw","hermit:Cheat","hermit:Headshot"],"picked":"SKIP","floor":7},{"not_picked":["hermit:Quickdraw","hermit:Scavenge","hermit:GhostlyPresence"],"picked":"SKIP","floor":8},{"not_picked":["hermit:Glare","hermit:Coalescence","hermit:Vantage"],"picked":"SKIP","floor":10},{"not_picked":["hermit:NoHoldsBarred","hermit:DeadMansHand","hermit:Combo"],"picked":"SKIP","floor":12},{"not_picked":["hermit:Determination","hermit:TrackingShot","hermit:Manifest"],"picked":"SKIP","floor":13},{"not_picked":["hermit:Vantage","hermit:GoldenBullet","hermit:BodyArmor"],"picked":"SKIP","floor":14}],"player_experience":489047,"relics_obtained":[{"floor":6,"key":"Oddly Smooth Stone"}],"event_choices":[{"damage_healed":0,"gold_gain":100,"player_choice":"Gold","damage_taken":0,"max_hp_gain":0,"max_hp_loss":0,"event_name":"Wheel of Change","floor":2,"gold_loss":0},{"damage_healed":0,"gold_gain":75,"player_choice":"Gold","damage_taken":11,"max_hp_gain":0,"max_hp_loss":0,"event_name":"betterThird:BetterGoop","floor":4,"gold_loss":0}],"is_beta":false,"boss_relics":[],"items_purged_floors":[],"is_endless":false,"potions_floor_spawned":[8,13,14],"killed_by":"Slime Boss","ascension_level":1}}