{"host":"6r9t33axn0fzb9aq","time":1613684089,"event":{"mods":["Aspiration","BaseMod","Better Altar","Better Match","Better Note","Better Third Choice","Bossed Relics","CatGirl Mod","Clockwork Mod","Colored Map","Colored Powertips","Conspire","Curses Come First","Custom Start","Energized Spire","Halation","Hubris","Infinite Spire","Koishi","Marisa????????","Minty Spire (QoL Compilation)","Onozuka Komachi Mod","Poor People Problems","Reliquary","Remilia??????","Replay The Spire","Reworked Bosses","Shade Mod","Spicy Shops","Spire Arcade","StSLib","The Blue Laboratory","The Cursed","The Death Knight","The Hierophant","The Marked","The Necromancer","The Servant 0.9.4","TheHero","Trackpad","Waifu the Spire","Wandering Minibosses"],"gold_per_floor":[119,199,199,211,211,211,161,161,187,221,239,258,182,195,195,293,293,310,44,44,56,75,109,109,139,166,193,205,0,0,0,0],"floor_reached":31,"language":"ENG","playtime":1784,"items_purged":[],"score":385,"play_id":"c0262dad-3c8a-47bb-b2ce-0323f2b96a5a","local_time":"20210218213449","is_ascension_mode":true,"campfire_choices":[{"data":"Replay:Poison Smokescreen","floor":6.0,"key":"SMITH"},{"data":"Catalyst","floor":8.0,"key":"SMITH"},{"data":"hubris:Sniper","floor":15.0,"key":"PURGE"}],"circlet_count":0,"master_deck":["Strike_G","Strike_G","Strike_G","Strike_G","Defend_G","Defend_G","Defend_G","Defend_G","Survivor","Neutralize","Replay:Poison Smokescreen+1","Catalyst+1","Deadly Poison","Deadly Poison","Footwork","Poisoned Stab","Terror","Night Terror","AbeCurse","Deadly Poison+1","Catalyst+1","Deadly Poison+1","Noxious Fumes","Crippling Poison"],"relics":["Ring of the Snake","Tiny Chest","Bag of Preparation","HandDrill","Abe\u0027s Treasure","reliquary:TatteredRug","DollysMirror","Chameleon Ring","reliquary:Aerogel","reliquary:SharkskinSheath","reliquary:RoseTintedGlasses","Strange Spoon"],"acts_visited":["Exordium","TheCity"],"potions_floor_usage":[25,31,31],"damage_taken":[{"damage":0.0,"enemies":"2 Louse","floor":1.0,"turns":4.0},{"damage":0.0,"enemies":"Small Slimes","floor":4.0,"turns":5.0},{"damage":25.0,"enemies":"Lagavulin","floor":10.0,"turns":5.0},{"damage":0.0,"enemies":"Cultist","floor":11.0,"turns":2.0},{"damage":1.0,"enemies":"Exordium Thugs","floor":12.0,"turns":3.0},{"damage":1.0,"enemies":"Looter","floor":14.0,"turns":2.0},{"damage":14.0,"enemies":"The Guardian","floor":16.0,"turns":7.0},{"damage":0.0,"enemies":"conspire:FuzzyDice","floor":18.0,"turns":4.0},{"damage":0.0,"enemies":"Chosen","floor":21.0,"turns":4.0},{"damage":0.0,"enemies":"Snecko","floor":22.0,"turns":2.0},{"damage":26.0,"enemies":"conspire:SneckoGhost","floor":23.0,"turns":3.0},{"damage":17,"enemies":"Book of Stabbing","floor":25,"turns":4},{"damage":0,"enemies":"Nightmare","floor":27,"turns":2},{"damage":20,"enemies":"Shelled Parasite and Fungi","floor":28,"turns":3},{"damage":11,"enemies":"Slavers","floor":31,"turns":2}],"seed_played":"-1868668686203013621","potions_obtained":[{"floor":4.0,"key":"FearPotion"},{"floor":11.0,"key":"AttackPotion"},{"floor":14.0,"key":"Milkshake"},{"floor":23.0,"key":"AttackPotion"}],"is_trial":false,"path_per_floor":["M","?","?","M","?","R","$","R","T","E","M","M","$","M","R_BF","B",null,"M","$","$","M","M","E","$","E","T","NM","M","$","?","E"],"character_chosen":"THE_SILENT","items_purchased":["Deadly Poison","HandDrill","reliquary:TatteredRug","DollysMirror","Strange Spoon","Fire Potion"],"campfire_rested":0,"item_purchase_floors":[7,13,19,19,29,29],"current_hp_per_floor":[63,63,68,68,68,68,68,68,68,43,43,42,42,41,41,27,68,68,68,68,68,68,42,42,25,25,25,5,5,5,0,0],"gold":0,"neow_bonus":"TRANSFORM_TWO_CARDS","is_daily":false,"chose_seed":false,"campfire_upgraded":2,"win_rate":0.0,"timestamp":1613684089,"path_taken":["M","?","?","M","?","R","?","R","T","E","M","M","$","M","R_BF","BOSS","M","?","$","M","M","E","?","E","T","NM","M","$","?","E"],"items_purchased_type":["Card","Relic","Relic","Relic","Relic","Potion"],"build_version":"2020-12-22","purchased_purges":0,"victory":false,"max_hp_per_floor":[63,63,68,68,68,68,68,68,68,68,68,68,68,68,68,68,68,68,68,68,68,68,68,68,68,68,68,68,68,68,68,68],"card_choices":[{"not_picked":["ReplayTheSpireMod:Tripwire","Accuracy"],"picked":"Catalyst","floor":1.0},{"not_picked":["Well Laid Plans","Eviscerate","Flying Knee"],"picked":"SKIP","floor":4.0},{"not_picked":["hubris:SlightOfHand","Finisher","Hidden Blade"],"picked":"SKIP","floor":10.0},{"not_picked":["Backflip","Choke"],"picked":"Footwork","floor":11.0},{"not_picked":["Quick Slash","Prepared"],"picked":"Poisoned Stab","floor":12.0},{"not_picked":["Storm of Steel","hubris:Counter"],"picked":"Terror","floor":14.0},{"not_picked":["Storm of Steel","ReplayTheSpireMod:From All Sides"],"picked":"Night Terror","floor":16.0},{"not_picked":["Backstab","ReplayTheSpireMod:Scrap Shanks"],"picked":"Deadly Poison+1","floor":18.0},{"not_picked":["Deflect","Finisher+1"],"picked":"Deadly Poison+1","floor":21.0},{"not_picked":["Quick Slash","hubris:SlightOfHand+1","hubris:Counter+1"],"picked":"SKIP","floor":22.0},{"not_picked":["Malaise","Storm of Steel","Dagger Spray"],"picked":"SKIP","floor":23.0},{"not_picked":["Dash","Underhanded Strike","All Out Attack"],"picked":"SKIP","floor":25},{"not_picked":["Dash","Underhanded Strike","All Out Attack"],"picked":"SKIP","floor":25},{"not_picked":["Blur","All Out Attack+1"],"picked":"Noxious Fumes","floor":27},{"not_picked":["Underhanded Strike","Sucker Punch+1"],"picked":"Crippling Poison","floor":28}],"player_experience":472624,"relics_obtained":[{"floor":9.0,"key":"Tiny Chest"},{"floor":10.0,"key":"Bag of Preparation"},{"floor":23.0,"key":"Chameleon Ring"},{"floor":25,"key":"reliquary:Aerogel"},{"floor":26,"key":"reliquary:SharkskinSheath"},{"floor":27,"key":"reliquary:RoseTintedGlasses"}],"event_choices":[{"damage_healed":0.0,"max_hp_gain":5.0,"max_hp_loss":0.0,"gold_gain":0.0,"event_name":"Big Fish","player_choice":"Donut","floor":3.0,"gold_loss":0.0,"damage_taken":0.0},{"damage_healed":0,"gold_gain":0,"player_choice":"Ignored","damage_taken":0,"max_hp_gain":0,"max_hp_loss":0,"event_name":"Cursed Tome","floor":30,"gold_loss":0}],"is_beta":false,"boss_relics":[{"not_picked":["hubris:BlackHole","energizedSpire:PogoStick"],"picked":"Abe\u0027s Treasure"}],"items_purged_floors":[],"is_endless":true,"potions_floor_spawned":[4,11,14,16,23],"killed_by":"Slavers","ascension_level":1}}