{"host":"HostiL","time":1613687717,"event":{"mods":["BaseMod","Bestiary","Colored Powertips","Highlight Path","Minty Spire (QoL Compilation)","Relic Stats","Slay the Relics Exporter"],"gold_per_floor":[116,116,116,134,149,184,184,218,218,218,174,174,198,198,198,329,329,329,329,269,269,269,269,269,269,269,269,32,32,32,32,32,32,32,32,32,32,32,32,32,32,32,32,32,32,32,32,32,32,32],"floor_reached":51,"language":"FRA","playtime":4652,"items_purged":["Decay"],"score":786,"play_id":"2817bf09-a9b2-46f8-86eb-0c49bc62a7b3","local_time":"20210218233517","is_ascension_mode":true,"campfire_choices":[{"floor":10,"key":"REST"},{"data":"WindmillStrike","floor":12,"key":"SMITH"},{"floor":15,"key":"REST"},{"data":"Ragnarok","floor":24,"key":"SMITH"},{"floor":32,"key":"REST"},{"floor":40,"key":"REST"},{"floor":42,"key":"REST"},{"floor":47,"key":"REST"},{"floor":49,"key":"REST"}],"circlet_count":0,"master_deck":["Eruption","Vigilance","Protect","CutThroughFate","WindmillStrike+1","Evaluate+1","SpiritShield","Pray+1","ConjureBlade+1","Indignation+1","ConjureBlade+1","SandsOfTime","WreathOfFlame+1","ReachHeaven+1","Ragnarok+1","Devotion+1","Protect+1","WaveOfTheHand+1","DeusExMachina+1","DevaForm+1","Crescendo+1","ConjureBlade+1","Scrawl+1","SpiritShield+1","InnerPeace+1","FollowUp+1"],"relics":["PureWater","Centennial Puzzle","Golden Idol","Du-Vu Doll","Sundial","Toxic Egg 2","Ectoplasm","Question Card","Tiny Chest","Singing Bowl","Frozen Egg 2","Pandora\u0027s Box","Gambling Chip","Ginger","Pen Nib","Gremlin Horn","CaptainsWheel"],"acts_visited":["Exordium","TheCity","TheBeyond"],"potions_floor_usage":[6,8,25,25,30,33,41,45,50],"damage_taken":[{"damage":0.0,"enemies":"Small Slimes","floor":1.0,"turns":3.0},{"damage":0.0,"enemies":"Jaw Worm","floor":4.0,"turns":3.0},{"damage":1.0,"enemies":"2 Louse","floor":5.0,"turns":2.0},{"damage":15,"enemies":"3 Sentries","floor":6,"turns":12},{"damage":2,"enemies":"Lagavulin","floor":8,"turns":6},{"damage":9,"enemies":"Lots of Slimes","floor":13,"turns":7},{"damage":15,"enemies":"The Guardian","floor":16,"turns":15},{"damage":13,"enemies":"Spheric Guardian","floor":18,"turns":10},{"damage":5,"enemies":"2 Thieves","floor":20,"turns":3},{"damage":1,"enemies":"Centurion and Healer","floor":22,"turns":4},{"damage":10,"enemies":"Gremlin Leader","floor":23,"turns":4},{"damage":8,"enemies":"Slavers","floor":25,"turns":5},{"damage":21,"enemies":"Book of Stabbing","floor":27,"turns":4},{"damage":0,"enemies":"Cultist and Chosen","floor":29,"turns":3},{"damage":6,"enemies":"Snake Plant","floor":30,"turns":4},{"damage":2,"enemies":"Centurion and Healer","floor":31,"turns":5},{"damage":4,"enemies":"Automaton","floor":33,"turns":5},{"damage":0,"enemies":"3 Darklings","floor":35,"turns":3},{"damage":40,"enemies":"2 Orb Walkers","floor":36,"turns":4},{"damage":0,"enemies":"Mind Bloom Boss Battle","floor":37,"turns":8},{"damage":26,"enemies":"Orb Walker","floor":39,"turns":4},{"damage":58,"enemies":"Reptomancer","floor":41,"turns":8},{"damage":37,"enemies":"Nemesis","floor":44,"turns":5},{"damage":0,"enemies":"Jaw Worm Horde","floor":45,"turns":4},{"damage":15,"enemies":"Writhing Mass","floor":46,"turns":4},{"damage":6,"enemies":"Spire Growth","floor":48,"turns":3},{"damage":47,"enemies":"Awakened One","floor":50,"turns":12}],"seed_played":"6971132963109638459","potions_obtained":[{"floor":4.0,"key":"Dexterity Potion"},{"floor":6,"key":"PowerPotion"},{"floor":13,"key":"FearPotion"},{"floor":16,"key":"SkillPotion"},{"floor":20,"key":"FairyPotion"},{"floor":27,"key":"SkillPotion"},{"floor":29,"key":"AttackPotion"},{"floor":33,"key":"SteroidPotion"},{"floor":36,"key":"Strength Potion"},{"floor":45,"key":"FairyPotion"},{"floor":46,"key":"EssenceOfSteel"}],"is_trial":false,"path_per_floor":["M","?","?","M","M","E","?","E","T","R","?","R","M","?","R","B",null,"M","?","M","?","M","E","R","E","T","E","$","M","M","M","R","B",null,"M","?","?","$","M","R","E","R","T","E","M","M","R","M","R","B",null],"character_chosen":"WATCHER","items_purchased":["Devotion+1"],"campfire_rested":7,"item_purchase_floors":[28],"current_hp_per_floor":[72,54,54,54,53,38,31,29,29,50,50,50,41,27,48,33,72,59,59,54,54,53,43,43,35,35,16,16,16,10,8,30,26,74,76,38,40,40,16,40,13,38,38,3,3,27,53,49,76,29],"gold":32,"neow_bonus":"RANDOM_COMMON_RELIC","is_daily":false,"chose_seed":false,"campfire_upgraded":2,"win_rate":0.0,"timestamp":1613687717,"path_taken":["M","?","?","M","M","E","?","E","T","R","?","R","M","?","R","BOSS","M","?","M","?","?","E","R","E","T","E","$","M","M","M","R","BOSS","M","?","?","$","M","R","E","R","T","E","M","M","R","M","R","BOSS"],"items_purchased_type":["Card"],"build_version":"2020-12-18","purchased_purges":1,"victory":true,"max_hp_per_floor":[72,72,72,72,72,72,72,72,72,72,72,72,72,72,72,72,72,72,72,72,72,72,72,72,72,72,74,74,74,74,74,74,74,74,76,78,80,80,82,82,84,84,84,86,86,88,88,90,90,90],"relic_stats":{"Singing Bowl":18,"Gremlin Horn":[5,5],"counters":[27,150],"Golden Idol":208,"Pen Nib":[2],"Ginger":[7],"Question Card":15,"Centennial Puzzle":[63],"Sundial":[18],"Gambling Chip":[36],"Tiny Chest":0,"Pandora\u0027s Box":["Crescendo","ConjureBlade","Scrawl","SpiritShield","InnerPeace"],"Ectoplasm":777,"obtain_stats":[{"Singing Bowl":26,"Gremlin Horn":43,"Golden Idol":2,"Pen Nib":41,"Ginger":37,"Frozen Egg 2":27,"Question Card":23,"Du-Vu Doll":6,"Centennial Puzzle":0,"CaptainsWheel":44,"Sundial":8,"Gambling Chip":36,"Tiny Chest":25,"Pandora\u0027s Box":34,"Ectoplasm":17,"PureWater":0,"Toxic Egg 2":9},{"Singing Bowl":12,"Gremlin Horn":22,"Golden Idol":1,"Pen Nib":22,"Ginger":20,"Frozen Egg 2":13,"Question Card":11,"Du-Vu Doll":4,"Centennial Puzzle":0,"CaptainsWheel":23,"Sundial":5,"Gambling Chip":19,"Tiny Chest":12,"Pandora\u0027s Box":17,"Ectoplasm":7,"PureWater":0,"Toxic Egg 2":5},{"Singing Bowl":74,"Gremlin Horn":122,"Golden Idol":3,"Pen Nib":122,"Ginger":110,"Frozen Egg 2":78,"Question Card":69,"Du-Vu Doll":20,"Centennial Puzzle":0,"CaptainsWheel":127,"Sundial":26,"Gambling Chip":102,"Tiny Chest":74,"Pandora\u0027s Box":95,"Ectoplasm":48,"PureWater":0,"Toxic Egg 2":26}]},"card_choices":[{"not_picked":["EmptyFist","Evaluate"],"picked":"Protect","floor":1.0},{"not_picked":["Consecrate","JustLucky"],"picked":"CutThroughFate","floor":4.0},{"not_picked":["SashWhip","Adaptation"],"picked":"WindmillStrike","floor":5.0},{"not_picked":["FlurryOfBlows","Indignation"],"picked":"Evaluate","floor":6},{"not_picked":["ThirdEye","ClearTheMind"],"picked":"SpiritShield","floor":8},{"not_picked":["EmptyFist","Study"],"picked":"Pray+1","floor":13},{"not_picked":["Ragnarok","LessonLearned"],"picked":"ConjureBlade+1","floor":16},{"not_picked":["Halt+1","Tantrum"],"picked":"Indignation+1","floor":18},{"not_picked":["ThirdEye+1","Fasting2"],"picked":"WreathOfFlame+1","floor":20},{"not_picked":["EmptyFist","SashWhip"],"picked":"ReachHeaven+1","floor":22},{"not_picked":["CrushJoints","Nirvana"],"picked":"Ragnarok","floor":23},{"not_picked":["BowlingBash","Adaptation+1","FlyingSleeves","EmptyFist"],"picked":"SKIP","floor":25},{"not_picked":["TalkToTheHand","FlurryOfBlows","EmptyBody+1","ThirdEye+1"],"picked":"Singing Bowl","floor":27},{"not_picked":["BowlingBash+1","WreathOfFlame+1","WheelKick"],"picked":"Protect+1","floor":29},{"not_picked":["BowlingBash","Worship+1","ThirdEye+1"],"picked":"WaveOfTheHand+1","floor":30},{"not_picked":["BowlingBash","EmptyFist+1","FollowUp"],"picked":"DeusExMachina+1","floor":31},{"not_picked":["SpiritShield+1","Omniscience+1","Judgement+1"],"picked":"DevaForm+1","floor":33},{"not_picked":["Evaluate+1","Indignation+1","CarveReality","Conclude+1"],"picked":"Singing Bowl","floor":35},{"not_picked":["Worship+1","FlyingSleeves","InnerPeace+1","Conclude+1"],"picked":"Singing Bowl","floor":36},{"not_picked":["EmptyMind+1","Protect+1","CarveReality","PathToVictory+1"],"picked":"Singing Bowl","floor":37},{"not_picked":["FollowUp","BowlingBash","Alpha+1","Evaluate+1"],"picked":"Singing Bowl","floor":39},{"not_picked":["Protect+1","FlurryOfBlows","EmptyFist+1","BowlingBash"],"picked":"Singing Bowl","floor":41},{"not_picked":["DeceiveReality+1","BowlingBash","Perseverance+1","Worship+1"],"picked":"Singing Bowl","floor":44},{"not_picked":["WaveOfTheHand+1","Indignation+1","Study+1"],"picked":"FollowUp+1","floor":45},{"not_picked":["SashWhip","WaveOfTheHand+1","FlurryOfBlows","WheelKick"],"picked":"Singing Bowl","floor":46},{"not_picked":["WindmillStrike+1","EmptyMind+1","CutThroughFate","Consecrate+1"],"picked":"Singing Bowl","floor":48}],"player_experience":647469,"relics_obtained":[{"floor":6,"key":"Du-Vu Doll"},{"floor":8,"key":"Sundial"},{"floor":9,"key":"Toxic Egg 2"},{"floor":23,"key":"Question Card"},{"floor":25,"key":"Tiny Chest"},{"floor":26,"key":"Singing Bowl"},{"floor":27,"key":"Frozen Egg 2"},{"floor":36,"key":"Gambling Chip"},{"floor":37,"key":"Ginger"},{"floor":41,"key":"Pen Nib"},{"floor":43,"key":"Gremlin Horn"},{"floor":44,"key":"CaptainsWheel"}],"event_choices":[{"damage_healed":0.0,"max_hp_gain":0.0,"max_hp_loss":0.0,"gold_gain":0.0,"event_name":"Golden Idol","player_choice":"Take Damage","floor":2.0,"gold_loss":0.0,"damage_taken":18.0,"relics_obtained":["Golden Idol"]},{"damage_healed":0.0,"max_hp_gain":0.0,"max_hp_loss":0.0,"gold_gain":0.0,"event_name":"Liars Game","player_choice":"Ignored","floor":3.0,"gold_loss":0.0,"damage_taken":0.0},{"cards_removed":["Strike_P"],"damage_healed":0,"gold_gain":0,"player_choice":"Card Removal","damage_taken":7,"max_hp_gain":0,"max_hp_loss":0,"event_name":"Golden Wing","floor":7,"gold_loss":0},{"damage_healed":0,"gold_gain":0,"player_choice":"Left Gold","damage_taken":0,"max_hp_gain":0,"max_hp_loss":0,"event_name":"World of Goop","floor":11,"gold_loss":44},{"damage_healed":0,"gold_gain":0,"player_choice":"Entered Light","damage_taken":14,"max_hp_gain":0,"max_hp_loss":0,"event_name":"Shining Light","floor":14,"gold_loss":0,"cards_upgraded":["Evaluate","Defend_P"]},{"damage_healed":0,"gold_gain":0,"cards_transformed":["Strike_P","Defend_P"],"player_choice":"Became Test Subject","damage_taken":0,"max_hp_gain":0,"max_hp_loss":0,"event_name":"Drug Dealer","floor":19,"gold_loss":0,"cards_obtained":["ConjureBlade","SandsOfTime"]},{"damage_healed":0,"gold_gain":0,"player_choice":"Cursed","damage_taken":0,"max_hp_gain":0,"max_hp_loss":0,"event_name":"Wheel of Change","floor":21,"gold_loss":0,"cards_obtained":["Decay"]},{"damage_healed":0,"gold_gain":0,"player_choice":"Fight","damage_taken":0,"max_hp_gain":0,"max_hp_loss":0,"event_name":"Mysterious Sphere","floor":36,"gold_loss":0},{"damage_healed":0,"gold_gain":0,"player_choice":"Fight","damage_taken":0,"max_hp_gain":0,"max_hp_loss":0,"event_name":"MindBloom","floor":37,"gold_loss":0}],"is_beta":true,"boss_relics":[{"not_picked":["Coffee Dripper","Runic Dome"],"picked":"Ectoplasm"},{"not_picked":["Tiny House","SlaversCollar"],"picked":"Pandora\u0027s Box"}],"items_purged_floors":[28],"is_endless":false,"potions_floor_spawned":[4,6,13,16,20,23,27,29,33,36,37,45,46],"ascension_level":1}}