{"host":"tzz1a4lp7gkxiavd","time":1613650856,"event":{"mods":["BaseMod","KomeijiMod","Minty Spire (QoL Compilation)","Youmu£¨»êÆÇÑýÃÎ£©","¡¾¹¦ÄÜMod¡¿Neow½±Àø"],"gold_per_floor":[112,125,2,22,22,50,61,61,114,39,39,59,59,59,59,185,185,198,198,113,137,137,0,40,93,93,93,93,109,9,28,28,147,147,160,160,216,229,229,229,272,272,298,298,322,322,336,374,374,374,374,374,51,82,82,82],"floor_reached":55,"language":"ZHS","playtime":2338,"items_purged":["Strike_B","Strike_B+1","Strike_B+1"],"score":1039,"play_id":"2a40c9d7-e732-4130-b6c7-ef96a74c69ce","local_time":"20210218202056","is_ascension_mode":true,"campfire_choices":[{"floor":8.0,"key":"REST"},{"data":"Zap","floor":11.0,"key":"SMITH"},{"data":"Redo","floor":13.0,"key":"SMITH"},{"floor":15.0,"key":"REST"},{"floor":28.0,"key":"REST"},{"floor":32.0,"key":"REST"},{"floor":40.0,"key":"REST"},{"floor":42.0,"key":"DIG"},{"floor":44.0,"key":"RECALL"},{"floor":46.0,"key":"DIG"},{"floor":49.0,"key":"DIG"},{"data":"Reboot","floor":52.0,"key":"SMITH"}],"circlet_count":0,"master_deck":["Defend_B+1","Defend_B+1","Defend_B+1","Defend_B+1","Zap+1","Dualcast","Redo+1","Gash","Gash","Rainbow+1","Gash","Gash","Gash+1","Recycle+1","Defragment+1","All For One","Gash+1","Electrodynamics","BootSequence+1","White Noise+1","Reboot+1","Scrape"],"relics":["Runic Pyramid","GoodDreamPillow","Eternal Feather","Golden Idol","SlaversCollar","Dream Catcher","Pen Nib","Mercury Hourglass","Bag of Preparation","Lantern","Black Star","InkBottle","Shovel","Nunchaku","Pantograph","Gambling Chip","War Paint","Bottled Lightning","Smiling Mask","PreservedInsect","Art of War","Strawberry","Symbiotic Virus","Vajra"],"acts_visited":["Exordium","TheCity","TheBeyond","TheEnding"],"potions_floor_usage":[55,55],"damage_taken":[{"damage":4.0,"enemies":"Jaw Worm","floor":1.0,"turns":5.0},{"damage":0.0,"enemies":"2 Louse","floor":2.0,"turns":3.0},{"damage":1.0,"enemies":"Cultist","floor":4.0,"turns":4.0},{"damage":47.0,"enemies":"Gremlin Nob","floor":6.0,"turns":5.0},{"damage":2.0,"enemies":"2 Fungi Beasts","floor":7.0,"turns":5.0},{"damage":1.0,"enemies":"Large Slime","floor":12.0,"turns":5.0},{"damage":55.0,"enemies":"Hexaghost","floor":16.0,"turns":10.0},{"damage":9.0,"enemies":"2 Thieves","floor":18.0,"turns":3.0},{"damage":1.0,"enemies":"Spheric Guardian","floor":21.0,"turns":3.0},{"damage":23.0,"enemies":"Book of Stabbing","floor":24.0,"turns":5.0},{"damage":0.0,"enemies":"Snecko","floor":29.0,"turns":3.0},{"damage":9.0,"enemies":"Sentry and Sphere","floor":31.0,"turns":5.0},{"damage":0.0,"enemies":"Automaton","floor":33.0,"turns":5.0},{"damage":6.0,"enemies":"3 Darklings","floor":35.0,"turns":2.0},{"damage":51.0,"enemies":"2 Orb Walkers","floor":37.0,"turns":4.0},{"damage":8.0,"enemies":"3 Shapes","floor":38.0,"turns":2.0},{"damage":0.0,"enemies":"Giant Head","floor":41.0,"turns":5.0},{"damage":0.0,"enemies":"3 Darklings","floor":45.0,"turns":3.0},{"damage":3.0,"enemies":"Writhing Mass","floor":47.0,"turns":3.0},{"damage":1.0,"enemies":"Nemesis","floor":48.0,"turns":3.0},{"damage":23.0,"enemies":"Donu and Deca","floor":50.0,"turns":6.0},{"damage":0.0,"enemies":"Shield and Spear","floor":54.0,"turns":2.0},{"damage":109,"enemies":"The Heart","floor":55,"turns":5}],"seed_played":"-1902868705298553022","potions_obtained":[{"floor":1.0,"key":"Explosive Potion"},{"floor":7.0,"key":"SteroidPotion"},{"floor":12.0,"key":"AttackPotion"},{"floor":18.0,"key":"Dexterity Potion"},{"floor":23.0,"key":"Fire Potion"},{"floor":29.0,"key":"Energy Potion"},{"floor":35.0,"key":"RedTea"},{"floor":37.0,"key":"PowerPotion"},{"floor":47.0,"key":"Energy Potion"},{"floor":54.0,"key":"Fire Potion"}],"is_trial":false,"path_per_floor":["M","M","?","M","?","E","M","R","T","$","R","M","R","?","R","B",null,"M","?","?","M","?","?","E","T","T","?","R","M","$","M","R","B",null,"M","T","?","M","?","R","E","R","T","R","M","R","M","E","R","B",null,"R","$","E","B"],"character_chosen":"DEFECT","items_purchased":["Scrape","Strawberry","Fire Potion"],"campfire_rested":5,"item_purchase_floors":[53,53,53],"current_hp_per_floor":[71,71,71,70,70,23,21,49,49,49,55,54,60,42,70,15,60,51,51,51,50,50,50,27,27,27,21,52,52,52,43,74,74,75,69,69,18,10,10,41,41,53,53,65,65,75,72,71,75,52,69,75,82,82,0,0],"gold":82,"neow_bonus":"BOSS_RELIC","is_daily":false,"chose_seed":false,"campfire_upgraded":3,"win_rate":0.0,"timestamp":1613650856,"path_taken":["M","M","?","M","?","E","M","R","T","$","R","?","R","?","R","BOSS","M","?","?","?","?","?","E","?","T","?","R","?","?","M","R","BOSS","M","?","?","?","?","R","E","R","T","R","M","R","M","E","R","BOSS","R","$","E","BOSS"],"items_purchased_type":["Card","Relic","Potion"],"build_version":"2020-12-22","purchased_purges":3,"victory":false,"max_hp_per_floor":[75,75,75,75,75,75,75,75,75,75,75,75,75,75,75,75,75,75,75,75,75,75,75,75,75,75,75,75,75,75,75,75,75,75,75,75,75,75,75,75,75,75,75,75,75,75,75,75,75,75,75,75,82,82,82,82],"card_choices":[{"not_picked":["Doom and Gloom","Streamline","Hologram"],"picked":"SKIP","floor":1.0},{"not_picked":["Chaos","Darkness"],"picked":"Redo","floor":2.0},{"not_picked":["Stack","Darkness","Sunder"],"picked":"SKIP","floor":4.0},{"not_picked":["Steam","Storm","Go for the Eyes"],"picked":"SKIP","floor":6.0},{"not_picked":["Blizzard","Chill"],"picked":"Gash","floor":7.0},{"not_picked":["Reboot","Turbo"],"picked":"Gash","floor":12.0},{"not_picked":["Hyperbeam","Meteor Strike"],"picked":"Rainbow","floor":16.0},{"not_picked":["Leap+1","Steam"],"picked":"Gash","floor":18.0},{"not_picked":["Hologram","Heatsinks","Beam Cell"],"picked":"SKIP","floor":21.0},{"not_picked":["Buffer","FTL"],"picked":"Gash+1","floor":24.0},{"not_picked":["Turbo+1","Genetic Algorithm"],"picked":"Recycle+1","floor":28.0},{"not_picked":["Turbo","Storm"],"picked":"Defragment","floor":29.0},{"not_picked":["Compile Driver","Barrage"],"picked":"All For One","floor":31.0},{"not_picked":["Conserve Battery","Steam+1"],"picked":"Gash+1","floor":32.0},{"not_picked":["Buffer","Creative AI"],"picked":"Electrodynamics","floor":33.0},{"not_picked":["Heatsinks+1","Rebound","Glacier+1"],"picked":"SKIP","floor":35.0},{"not_picked":["Sweeping Beam+1","Hologram","Turbo+1"],"picked":"SKIP","floor":38.0},{"not_picked":["Beam Cell","Redo+1"],"picked":"BootSequence","floor":40.0},{"not_picked":["Cold Snap","Static Discharge+1","Lockon"],"picked":"SKIP","floor":41.0},{"not_picked":["Aggregate","Fusion+1"],"picked":"White Noise+1","floor":45.0},{"not_picked":["Leap","Steam Power+1"],"picked":"Reboot","floor":47.0},{"not_picked":["Redo+1","Turbo","Echo Form"],"picked":"SKIP","floor":48.0},{"not_picked":["Melter+1","Hologram+1","Sweeping Beam+1"],"picked":"SKIP","floor":54.0}],"player_experience":123832,"relics_obtained":[{"floor":6.0,"key":"Eternal Feather"},{"floor":23.0,"key":"Pen Nib"},{"floor":24.0,"key":"Mercury Hourglass"},{"floor":25.0,"key":"Bag of Preparation"},{"floor":26.0,"key":"Lantern"},{"floor":36.0,"key":"InkBottle"},{"floor":37.0,"key":"Shovel"},{"floor":41.0,"key":"Nunchaku"},{"floor":41.0,"key":"Pantograph"},{"floor":42.0,"key":"Gambling Chip"},{"floor":43.0,"key":"War Paint"},{"floor":46.0,"key":"Bottled Lightning"},{"floor":48.0,"key":"Smiling Mask"},{"floor":48.0,"key":"PreservedInsect"},{"floor":49.0,"key":"Art of War"},{"floor":54.0,"key":"Symbiotic Virus"},{"floor":54.0,"key":"Vajra"}],"event_choices":[{"cards_removed":["Strike_B"],"damage_healed":0.0,"max_hp_gain":0.0,"max_hp_loss":0.0,"gold_gain":0.0,"event_name":"Purifier","player_choice":"Purged","floor":5.0,"gold_loss":0.0,"damage_taken":0.0},{"damage_healed":0.0,"max_hp_gain":0.0,"max_hp_loss":0.0,"gold_gain":0.0,"event_name":"Golden Idol","player_choice":"Take Damage","floor":14.0,"gold_loss":0.0,"damage_taken":18.0,"relics_obtained":["Golden Idol"]},{"damage_healed":0.0,"max_hp_gain":0.0,"max_hp_loss":0.0,"gold_gain":0.0,"event_name":"Back to Basics","player_choice":"Simplicity","floor":19.0,"gold_loss":0.0,"damage_taken":0.0,"cards_upgraded":["Strike_B","Strike_B","Defend_B","Defend_B","Defend_B","Defend_B"]},{"damage_healed":0.0,"max_hp_gain":0.0,"max_hp_loss":0.0,"gold_gain":0.0,"event_name":"Addict","player_choice":"Obtained Relic","floor":20.0,"gold_loss":85.0,"damage_taken":0.0,"relics_obtained":["Dream Catcher"]},{"damage_healed":0.0,"max_hp_gain":0.0,"max_hp_loss":0.0,"gold_gain":0.0,"event_name":"The Library","player_choice":"Read","floor":22.0,"gold_loss":0.0,"damage_taken":0.0,"cards_obtained":["Gash"]},{"damage_healed":0.0,"max_hp_gain":0.0,"max_hp_loss":0.0,"gold_gain":0.0,"event_name":"Knowing Skull","player_choice":"","floor":27.0,"potions_obtained":[],"gold_loss":0.0,"damage_taken":6.0,"cards_obtained":[]},{"damage_healed":0.0,"max_hp_gain":0.0,"max_hp_loss":0.0,"gold_gain":0.0,"event_name":"Mysterious Sphere","player_choice":"Fight","floor":37.0,"gold_loss":0.0,"damage_taken":0.0},{"damage_healed":0.0,"max_hp_gain":0.0,"max_hp_loss":0.0,"gold_gain":0.0,"event_name":"Accursed Blacksmith","player_choice":"Forge","floor":39.0,"gold_loss":0.0,"damage_taken":0.0,"cards_upgraded":["Defragment"]}],"is_beta":false,"boss_relics":[{"not_picked":["SacredBark","Fusion Hammer"],"picked":"SlaversCollar"},{"not_picked":["Inserter","Sozu"],"picked":"Black Star"}],"items_purged_floors":[10,30,53],"is_endless":false,"potions_floor_spawned":[1,7,12,18,29,31,33,35,37,45,47,54],"killed_by":"The Heart","ascension_level":5}}