{"host":"tm3ghj8mno6gwywm","time":1613620823,"event":{"mods":["2.2 Compatiblity","AchievementEnabler","Bard","BaseMod","Beaked The Cultist","Better Third Choice","Colored Map","Colored Powertips","Conspire","Downfall","Glutton Mod","GungeonMod","Halation","Hermit","Hubris","Infinite Spire","Jorbs\u0027s Wanderer Trilogy","Mad Scientist","Marisa????????","Marked Mod","Mimic Mod","Minty Spire (QoL Compilation)","Potionbrewer","Quick Restart","Replay The Spire","Shade Mod","Shop Mod","Somnambulant","Spicy Shops","StSLib","SuperFastMode","The Bug Knight","The Construct","The Cursed","The Disciple","The Hierophant","The IronCluck","The Judge","The Jungle","The Necromancer","The Runesmith","The Servant 0.9.4","egg"],"gold_per_floor":[419,419,437,454,76,109,147,159,242,269,292,317,329,341,353,465,477,508,520,561,573,600,624,636,166,206,233,246,246,246,246],"floor_reached":30,"language":"ENG","playtime":980,"items_purged":[],"score":385,"play_id":"03bd4f9f-7cf8-44e5-a5a2-16f277c70539","local_time":"20210217230023","is_ascension_mode":false,"campfire_choices":[{"floor":13,"key":"REST"},{"floor":15,"key":"REST"},{"floor":24,"key":"REST"}],"circlet_count":0,"master_deck":["Mayhem+1","Strike_G","Strike_G","Strike_G","Strike_G","Strike_G","Defend_G","Defend_G","Defend_G","Defend_G","Defend_G","Survivor","Neutralize","Reflex+1","ReplayTheSpireMod:Scrap Shanks+1","Decay","Choke+1","ReplayTheSpireMod:Shiv Toss+1","Unload+1","Mayhem+1","Hidden Blade+1","Prepared+1","Expertise+1","ReplayTheSpireMod:From All Sides+1","Deflect+1","ReplayTheSpireMod:Haul+1","hubris:Lust","Dagger Spray+1","Accuracy+1","Acrobatics+1","Reflex+1","All Out Attack+1","Dagger Throw+1","Slice+1","Blade Dance+1","hubris:SlightOfHand+1","Underhanded Strike+1","Decay"],"relics":["Ring of the Snake","Membership Card","Quantum Egg","Frozen Egg 2","Toxic Egg 2","Molten Egg 2","Black Star","Mummified Hand","Lizard Tail","WingedGreaves","Old Coin","MawBank","DemoMod:ClearGuonStone","halation:SelfBoilingWater","Replay:Bottled Steam","SlaversCollar","Toolbox","Red Mask","conspire:Flyswatter","Tingsha","DemoMod:MemoryAlloy","conspire:BottledYoYo","Orrery","beaked:ShinyBauble","MealTicket","bronze:DecasWashers","hubris:Zylophone","DemoMod:GlassGuonStoneRelic"],"acts_visited":["Exordium","TheCity"],"potions_floor_usage":[11,16,16,16,20,22],"damage_taken":[{"damage":0,"enemies":"Jaw Worm","floor":1,"turns":5},{"damage":3,"enemies":"Cultist","floor":3,"turns":4},{"damage":0,"enemies":"2 Louse","floor":4,"turns":4},{"damage":0,"enemies":"HollowMod:MossKnight","floor":6,"turns":3},{"damage":19,"enemies":"Gremlin Nob","floor":7,"turns":4},{"damage":4,"enemies":"Blue Slaver","floor":10,"turns":3},{"damage":3,"enemies":"Lots of Slimes","floor":11,"turns":4},{"damage":14,"enemies":"3 Louse","floor":12,"turns":4},{"damage":37,"enemies":"The Guardian","floor":16,"turns":8},{"damage":27,"enemies":"conspire:FuzzyDice","floor":18,"turns":4},{"damage":11,"enemies":"Masked Bandits","floor":20,"turns":3},{"damage":23,"enemies":"3 Byrds","floor":22,"turns":4},{"damage":7,"enemies":"conspire:HollyBat","floor":23,"turns":8},{"damage":3,"enemies":"Snecko","floor":26,"turns":4},{"damage":23,"enemies":"Gremlin Leader","floor":27,"turns":4},{"damage":32,"enemies":"Snecko","floor":28,"turns":6},{"damage":6,"enemies":"Centurion and Healer","floor":30,"turns":1}],"seed_played":"-3008863584411918458","potions_obtained":[{"floor":4,"key":"hexamod:SoulburnPotion"},{"floor":10,"key":"Fire Potion"},{"floor":11,"key":"AttackPotion"},{"floor":12,"key":"Milkshake"},{"floor":18,"key":"Fire Potion"},{"floor":20,"key":"champ:CounterPotion"}],"is_trial":false,"path_per_floor":["M","?","M","M","$","E","E","$","T","M","M","M","R","?","R","B",null,"M","AVR","?","?","M","M","R","$","MIM","E","M","?","M"],"character_chosen":"THE_SILENT","items_purchased":["ReplayTheSpireMod:Shiv Toss+1","Unload+1","Mayhem+1","Tingsha","DemoMod:MemoryAlloy","conspire:BottledYoYo","Orrery","Slice+1"],"campfire_rested":3,"item_purchase_floors":[5,5,5,25,25,25,25,25],"current_hp_per_floor":[70,70,67,67,67,67,48,48,48,44,41,27,48,48,69,32,70,43,43,32,32,9,2,23,23,20,35,3,3,0,0],"gold":246,"neow_bonus":"THREE_CARDS","is_daily":false,"chose_seed":false,"campfire_upgraded":0,"win_rate":0.0,"timestamp":1613620823,"path_taken":["M","?","M","M","$","E","E","$","T","M","M","?","R","?","R","BOSS","M","AVR","?","?","?","M","R","$","MIM","E","?","?","M"],"items_purchased_type":["Card","Card","Card","Relic","Relic","Relic","Relic","Card"],"build_version":"2020-12-22","purchased_purges":0,"victory":false,"max_hp_per_floor":[70,70,70,70,70,70,70,70,70,70,70,70,70,70,70,70,70,70,70,70,70,70,70,70,70,70,70,70,70,70,70],"card_choices":[{"not_picked":["Dagger Throw","conspire:DoublingDagger"],"picked":"Reflex","floor":0},{"not_picked":["ReplayTheSpireMod:Shiv Toss+1","Prepared+1"],"picked":"ReplayTheSpireMod:Scrap Shanks+1","floor":1},{"not_picked":["Outmaneuver+1","Bane+1","Backflip+1"],"picked":"SKIP","floor":3},{"not_picked":["Dagger Spray+1","Dodge and Roll+1"],"picked":"Choke+1","floor":4},{"not_picked":["Noxious Fumes+1","Dash+1"],"picked":"Hidden Blade+1","floor":6},{"not_picked":["Sucker Punch+1","PiercingWail+1","Flechettes+1"],"picked":"SKIP","floor":7},{"not_picked":["Leg Sweep+1","Dagger Spray+1","Bane+1"],"picked":"SKIP","floor":10},{"not_picked":["conspire:PoisonWeapons+1","Draining Mist+1"],"picked":"Prepared+1","floor":11},{"not_picked":["Deadly Poison+1","PiercingWail+1"],"picked":"Expertise+1","floor":12},{"not_picked":["Night Terror+1","infinitespire:Neurotoxin+1"],"picked":"ReplayTheSpireMod:From All Sides+1","floor":16},{"not_picked":["Sucker Punch+1","Choke+1"],"picked":"Deflect+1","floor":18},{"not_picked":["ReplayTheSpireMod:Exploit Weakness+1","Quick Slash+1","Deadly Poison+1"],"picked":"SKIP","floor":22},{"not_picked":["Phantasmal Killer+1","Cloak And Dagger+1"],"picked":"Dagger Spray+1","floor":23},{"not_picked":["PiercingWail+1","Flying Knee+1"],"picked":"Accuracy+1","floor":25},{"not_picked":["Toxin Wave+1","Sucker Punch+1"],"picked":"Acrobatics+1","floor":25},{"not_picked":["Blade Dance+1","Prepared+1"],"picked":"Reflex+1","floor":25},{"not_picked":["Quick Slash+1","Hidden Blade+1"],"picked":"All Out Attack+1","floor":25},{"not_picked":["Die Die Die+1","Outmaneuver+1"],"picked":"Dagger Throw+1","floor":25},{"not_picked":["Dagger Spray+1","Sucker Punch+1"],"picked":"Blade Dance+1","floor":26},{"not_picked":["Masterful Stab+1","Distraction+1"],"picked":"hubris:SlightOfHand+1","floor":27},{"not_picked":["Heel Hook+1","Slice+1"],"picked":"Underhanded Strike+1","floor":28}],"player_experience":882102,"relics_obtained":[{"floor":6,"key":"MawBank"},{"floor":6,"key":"DemoMod:ClearGuonStone"},{"floor":7,"key":"halation:SelfBoilingWater"},{"floor":7,"key":"Replay:Bottled Steam"},{"floor":20,"key":"Red Mask"},{"floor":26,"key":"beaked:ShinyBauble"},{"floor":26,"key":"MealTicket"},{"floor":27,"key":"bronze:DecasWashers"},{"floor":27,"key":"hubris:Zylophone"}],"event_choices":[{"damage_healed":0,"gold_gain":0,"player_choice":"Cursed","damage_taken":0,"max_hp_gain":0,"max_hp_loss":0,"event_name":"Wheel of Change","floor":2,"gold_loss":0,"cards_obtained":["Decay"]},{"damage_healed":0,"gold_gain":0,"player_choice":"Fought Bandits","damage_taken":0,"max_hp_gain":0,"max_hp_loss":0,"event_name":"Masked Bandits","floor":20,"gold_loss":0},{"damage_healed":0,"gold_gain":0,"player_choice":"Smashed Altar","damage_taken":0,"max_hp_gain":0,"max_hp_loss":0,"event_name":"Forgotten Altar","floor":29,"gold_loss":0,"cards_obtained":["Decay"]}],"is_beta":false,"boss_relics":[{"not_picked":["halation:HeavySnake","halation:ForbiddenBikini","Empty Cage"]}],"items_purged_floors":[],"is_endless":false,"potions_floor_spawned":[4,10,11,12,18,20],"killed_by":"Centurion and Healer","ascension_level":0}}