{"host":"u8gwyxapu65l7nuk","time":1613642393,"event":{"mods":["BaseMod","Custom Start","Minty Spire (QoL Compilation)","StSLib"],"gold_per_floor":[114,127,127,142,142,142,174,174,174,204,234,267,294,358,358,461,461,481,496,528,528,538,570,570,601,626,638,638,652,671,690,690,788,788,805,905,762,772,790,817,832,843,843,860,860,860,886,913,913,913],"floor_reached":51,"language":"ENG","playtime":579,"items_purged":[],"score":1396,"play_id":"569b1499-330e-4987-8dfa-d1cf867c244f","local_time":"20210218175953","is_ascension_mode":true,"campfire_choices":[{"data":"Ragnarok","floor":6,"key":"SMITH"},{"data":"WreathOfFlame","floor":8,"key":"SMITH"},{"floor":15,"key":"REST"},{"floor":24,"key":"REST"},{"floor":28,"key":"REST"},{"floor":32,"key":"REST"}],"circlet_count":0,"master_deck":["WreathOfFlame+1","Ragnarok+1","Blasphemy+1","Wish+1"],"relics":["PureWater","Akabeko","StoneCalendar","Ginger","Mummified Hand","WingedGreaves","Vajra","Bottled Lightning","Regal Pillow","Mercury Hourglass","Fusion Hammer","Red Mask","Toxic Egg 2","Boot","Bronze Scales","Coffee Dripper","PreservedInsect","Matryoshka","Damaru","Pen Nib","Bag of Marbles","Orichalcum","InkBottle"],"acts_visited":["Exordium","TheCity","TheBeyond"],"potions_floor_usage":[50,50,50],"damage_taken":[{"damage":0,"enemies":"Cultist","floor":1,"turns":1},{"damage":0,"enemies":"2 Louse","floor":2,"turns":1},{"damage":0,"enemies":"Small Slimes","floor":4,"turns":1},{"damage":0,"enemies":"Gremlin Nob","floor":7,"turns":1},{"damage":0,"enemies":"Lagavulin","floor":10,"turns":1},{"damage":0,"enemies":"3 Sentries","floor":11,"turns":1},{"damage":0,"enemies":"Lagavulin","floor":12,"turns":1},{"damage":0,"enemies":"3 Sentries","floor":13,"turns":1},{"damage":0,"enemies":"Gremlin Nob","floor":14,"turns":1},{"damage":0,"enemies":"The Guardian","floor":16,"turns":1},{"damage":0,"enemies":"Spheric Guardian","floor":18,"turns":1},{"damage":0,"enemies":"Shell Parasite","floor":19,"turns":1},{"damage":0,"enemies":"Masked Bandits","floor":20,"turns":1},{"damage":0,"enemies":"Snake Plant","floor":22,"turns":1},{"damage":0,"enemies":"Book of Stabbing","floor":23,"turns":1},{"damage":0,"enemies":"Slavers","floor":25,"turns":1},{"damage":0,"enemies":"Sentry and Sphere","floor":27,"turns":1},{"damage":0,"enemies":"Chosen and Byrds","floor":29,"turns":1},{"damage":0,"enemies":"Centurion and Healer","floor":30,"turns":1},{"damage":0,"enemies":"Snecko","floor":31,"turns":1},{"damage":0,"enemies":"Collector","floor":33,"turns":1},{"damage":0,"enemies":"Orb Walker","floor":35,"turns":1},{"damage":3,"enemies":"3 Shapes","floor":38,"turns":1},{"damage":0,"enemies":"Spire Growth","floor":39,"turns":1},{"damage":0,"enemies":"Reptomancer","floor":40,"turns":1},{"damage":0,"enemies":"Maw","floor":41,"turns":1},{"damage":3,"enemies":"4 Shapes","floor":42,"turns":1},{"damage":3,"enemies":"Sphere and 2 Shapes","floor":44,"turns":1},{"damage":0,"enemies":"Giant Head","floor":48,"turns":1},{"damage":0,"enemies":"Donu and Deca","floor":50,"turns":1}],"seed_played":"6687750213540819791","potions_obtained":[{"floor":4,"key":"SteroidPotion"},{"floor":10,"key":"GamblersBrew"},{"floor":11,"key":"Ancient Potion"},{"floor":12,"key":"DuplicationPotion"}],"is_trial":true,"path_per_floor":["M","M","?","M","?","R","E","R","T","E","E","E","E","?","R","B",null,"M","M","?","?","M","E","R","E","T","M","R","M","M","M","R","B",null,"M","?","$","M","M","E","M","M","T","M","$","?","T","E","R","B",null],"character_chosen":"WATCHER","items_purchased":["PreservedInsect"],"campfire_rested":4,"item_purchase_floors":[37],"current_hp_per_floor":[72,72,72,72,58,58,58,58,58,58,58,58,58,58,72,72,72,72,72,72,72,72,72,72,72,72,72,72,72,72,72,72,72,72,72,72,72,69,69,69,69,66,66,63,63,63,63,63,63,63],"gold":913,"neow_bonus":"","is_daily":false,"chose_seed":false,"campfire_upgraded":2,"win_rate":0.0,"timestamp":1613642393,"path_taken":["M","?","?","M","?","R","E","R","T","E","E","E","E","?","R","BOSS","M","M","?","?","M","E","R","E","T","M","R","M","?","M","R","BOSS","M","?","?","M","M","E","M","?","T","M","?","?","?","E","R","BOSS"],"items_purchased_type":["Relic"],"build_version":"2020-12-22","purchased_purges":0,"victory":true,"max_hp_per_floor":[72,72,72,72,72,72,72,72,72,72,72,72,72,72,72,72,72,72,72,72,72,72,72,72,72,72,72,72,72,72,72,72,72,72,72,72,72,72,72,72,72,72,72,72,72,72,72,72,72,72],"card_choices":[{"not_picked":["Halt","EmptyMind","SignatureMove"],"picked":"SKIP","floor":1},{"not_picked":["Consecrate","Halt","Vengeance"],"picked":"SKIP","floor":2},{"not_picked":["Worship","EmptyBody","Consecrate"],"picked":"SKIP","floor":4},{"not_picked":["FearNoEvil","JustLucky","DeusExMachina"],"picked":"SKIP","floor":7},{"not_picked":["EmptyMind","FearNoEvil","Alpha"],"picked":"SKIP","floor":10},{"not_picked":["ThirdEye","SashWhip","Protect"],"picked":"SKIP","floor":11},{"not_picked":["Vengeance","Consecrate","FlyingSleeves"],"picked":"SKIP","floor":12},{"not_picked":["LessonLearned","FollowUp","SashWhip"],"picked":"SKIP","floor":13},{"not_picked":["JustLucky","Protect","CrushJoints+1"],"picked":"SKIP","floor":18},{"not_picked":["Meditate","JustLucky","SashWhip"],"picked":"SKIP","floor":19},{"not_picked":["BowlingBash+1","CutThroughFate","ClearTheMind"],"picked":"SKIP","floor":22},{"not_picked":["FlurryOfBlows","Perseverance+1","InnerPeace+1"],"picked":"SKIP","floor":23},{"not_picked":["Vault+1","FlurryOfBlows","JustLucky+1"],"picked":"SKIP","floor":25},{"not_picked":["Perseverance+1","Worship+1","DeceiveReality+1"],"picked":"SKIP","floor":27},{"not_picked":["WheelKick","Sanctity+1","MentalFortress+1"],"picked":"SKIP","floor":29},{"not_picked":["EmptyBody+1","ForeignInfluence+1","Crescendo+1"],"picked":"SKIP","floor":30},{"not_picked":["SashWhip","FlurryOfBlows+1","FearNoEvil+1"],"picked":"SKIP","floor":31},{"not_picked":["EmptyBody+1","Sanctity+1","Weave+1"],"picked":"SKIP","floor":35},{"not_picked":["CutThroughFate","PathToVictory+1","Collect+1"],"picked":"SKIP","floor":38},{"not_picked":["EmptyBody+1","ThirdEye+1","CutThroughFate+1"],"picked":"SKIP","floor":39},{"not_picked":["CrushJoints+1","Evaluate+1","Judgement+1"],"picked":"SKIP","floor":40},{"not_picked":["FlyingSleeves","Vengeance+1","WindmillStrike"],"picked":"SKIP","floor":41},{"not_picked":["Crescendo+1","SignatureMove","SashWhip+1"],"picked":"SKIP","floor":42},{"not_picked":["FlurryOfBlows","CutThroughFate","Protect+1"],"picked":"SKIP","floor":44},{"not_picked":["FlurryOfBlows+1","Nirvana","Wish+1"],"picked":"SKIP","floor":48},{"not_picked":["FlurryOfBlows+1","Nirvana"],"picked":"Wish+1","floor":48}],"player_experience":287810,"relics_obtained":[{"floor":7,"key":"Ginger"},{"floor":9,"key":"Mummified Hand"},{"floor":10,"key":"WingedGreaves"},{"floor":11,"key":"Vajra"},{"floor":12,"key":"Bottled Lightning"},{"floor":13,"key":"Regal Pillow"},{"floor":14,"key":"Mercury Hourglass"},{"floor":20,"key":"Red Mask"},{"floor":23,"key":"Toxic Egg 2"},{"floor":25,"key":"Boot"},{"floor":26,"key":"Bronze Scales"},{"floor":40,"key":"Matryoshka"},{"floor":43,"key":"Damaru"},{"floor":43,"key":"Pen Nib"},{"floor":47,"key":"Bag of Marbles"},{"floor":47,"key":"Orichalcum"},{"floor":48,"key":"InkBottle"}],"event_choices":[{"damage_healed":0,"gold_gain":0,"player_choice":"Box","damage_taken":0,"relics_obtained":["StoneCalendar"],"max_hp_gain":0,"max_hp_loss":0,"event_name":"Big Fish","floor":3,"gold_loss":0,"cards_obtained":["Regret"]},{"damage_healed":0,"gold_gain":0,"player_choice":"Entered Light","damage_taken":14,"max_hp_gain":0,"max_hp_loss":0,"event_name":"Shining Light","floor":5,"gold_loss":0,"cards_upgraded":["WreathOfFlame","Blasphemy"]},{"damage_healed":0,"gold_gain":0,"player_choice":"Searched \u00271\u0027 times","damage_taken":0,"max_hp_gain":0,"max_hp_loss":0,"event_name":"Dead Adventurer","floor":14,"gold_loss":0},{"damage_healed":0,"gold_gain":0,"player_choice":"Fought Bandits","damage_taken":0,"max_hp_gain":0,"max_hp_loss":0,"event_name":"Masked Bandits","floor":20,"gold_loss":0},{"cards_removed":["Regret"],"damage_healed":0,"gold_gain":0,"player_choice":"Purged","damage_taken":0,"max_hp_gain":0,"max_hp_loss":0,"event_name":"Purifier","floor":21,"gold_loss":0},{"damage_healed":0,"gold_gain":100,"player_choice":"Pray","damage_taken":0,"max_hp_gain":0,"max_hp_loss":0,"event_name":"Golden Shrine","floor":36,"gold_loss":0},{"cards_removed":["WreathOfFlame"],"damage_healed":0,"gold_gain":0,"player_choice":"Removed Skill","damage_taken":0,"max_hp_gain":0,"max_hp_loss":0,"event_name":"Falling","floor":46,"gold_loss":0}],"is_beta":false,"boss_relics":[{"not_picked":["Astrolabe","Cursed Key"],"picked":"Fusion Hammer"},{"not_picked":["Velvet Choker","Busted Crown"],"picked":"Coffee Dripper"}],"items_purged_floors":[],"is_endless":false,"potions_floor_spawned":[4,10,11,12,22,23,27,29,30,40,41,42,48],"ascension_level":1}}