{"host":"np4f5reu8f2vit8r","time":1613637452,"event":{"mods":["BaseMod","Bestiary","Curses Come First","Minty Spire (QoL Compilation)","Permanent Neow","Relic Stats","StSLib"],"gold_per_floor":[111,125,125,142,159,159,159,186,262,262,280,299,319,319,319],"floor_reached":14,"language":"ENG","playtime":467,"items_purged":[],"score":188,"play_id":"97f2f480-b467-4dae-8bdc-5ea8d3455485","local_time":"20210218213732","is_ascension_mode":true,"campfire_choices":[{"data":"Bash","floor":6.0,"key":"SMITH"},{"floor":10,"key":"REST"}],"circlet_count":0,"master_deck":["AscendersBane","Strike_R","Strike_R","Strike_R","Strike_R","Strike_R","Defend_R","Defend_R","Defend_R","Defend_R","Bash+1","Anger","Headbutt","Combust","Limit Break","Metallicize","Uppercut"],"relics":["Velvet Choker","FaceOfCleric","Calipers"],"acts_visited":["Exordium"],"potions_floor_usage":[13,14,14],"damage_taken":[{"damage":7.0,"enemies":"Small Slimes","floor":1.0,"turns":4.0},{"damage":2.0,"enemies":"Jaw Worm","floor":2.0,"turns":3.0},{"damage":0.0,"enemies":"Cultist","floor":4.0,"turns":2.0},{"damage":11.0,"enemies":"Blue Slaver","floor":5.0,"turns":4.0},{"damage":30,"enemies":"Lagavulin","floor":8,"turns":6},{"damage":9,"enemies":"Looter","floor":11,"turns":3},{"damage":15,"enemies":"Red Slaver","floor":12,"turns":2},{"damage":13,"enemies":"Lots of Slimes","floor":13,"turns":4},{"damage":23,"enemies":"Gremlin Nob","floor":14,"turns":4}],"seed_played":"-2546799364153857618","potions_obtained":[{"floor":4.0,"key":"LiquidMemories"},{"floor":12,"key":"SpeedPotion"},{"floor":13,"key":"Ancient Potion"}],"is_trial":false,"path_per_floor":["M","M","?","M","M","R","?","E","T","R","M","M","M","E"],"character_chosen":"IRONCLAD","items_purchased":[],"campfire_rested":1,"item_purchase_floors":[],"current_hp_per_floor":[61,59,64,64,53,53,53,24,24,48,40,26,14,0,0],"gold":319,"neow_bonus":"BOSS_RELIC","is_daily":false,"chose_seed":false,"campfire_upgraded":1,"win_rate":0.0,"timestamp":1613637452,"path_taken":["M","M","?","M","M","R","?","E","T","R","M","M","M","E"],"items_purchased_type":[],"build_version":"2020-12-22","purchased_purges":0,"victory":false,"max_hp_per_floor":[75,75,80,80,80,80,80,81,81,81,82,83,84,84,84],"relic_stats":{"FaceOfCleric":4,"counters":[9,32],"obtain_stats":[{"Calipers":8,"FaceOfCleric":7,"Velvet Choker":0,"Burning Blood":0},{"Calipers":5,"FaceOfCleric":4,"Velvet Choker":0,"Burning Blood":0},{"Calipers":19,"FaceOfCleric":13,"Velvet Choker":0,"Burning Blood":0}]},"card_choices":[{"not_picked":["Clash","Intimidate"],"picked":"Anger","floor":1.0},{"not_picked":["Entrench","Iron Wave"],"picked":"Headbutt","floor":2.0},{"not_picked":["Pommel Strike","Blood for Blood"],"picked":"Combust","floor":4.0},{"not_picked":["Searing Blow","Armaments","Combust"],"picked":"SKIP","floor":5.0},{"not_picked":["Perfected Strike","Sentinel"],"picked":"Limit Break","floor":8},{"not_picked":["Clash","Searing Blow"],"picked":"Metallicize","floor":11},{"not_picked":["Shrug It Off","Feel No Pain"],"picked":"Uppercut","floor":12},{"not_picked":["Armaments","Perfected Strike","Body Slam"],"picked":"SKIP","floor":13}],"player_experience":954977,"relics_obtained":[{"floor":8,"key":"Calipers"}],"event_choices":[{"damage_healed":0.0,"max_hp_gain":5.0,"max_hp_loss":0.0,"gold_gain":0.0,"event_name":"Big Fish","player_choice":"Donut","floor":3.0,"gold_loss":0.0,"damage_taken":0.0},{"damage_healed":0,"gold_gain":0,"player_choice":"Trade","damage_taken":0,"relics_obtained":["FaceOfCleric"],"max_hp_gain":0,"max_hp_loss":0,"event_name":"FaceTrader","floor":7,"gold_loss":0}],"is_beta":false,"boss_relics":[],"items_purged_floors":[],"is_endless":false,"potions_floor_spawned":[4,12,13],"killed_by":"Gremlin Nob","ascension_level":20}}