{"host":"i0avyit1s6jb1siw","time":1613658867,"event":{"mods":["BaseMod","DeckTracker","Dota2Spire","Highlight Path","Minty Spire (QoL Compilation)","Quick Restart","StSLib","SuperFastMode"],"gold_per_floor":[117,117,192,68,68,95,95,127,180,193,218,228,57,75,75,154,154,165,165,180,95,114,139,156,184,184,184,216,80,113,133,133,209,209,221,233,233,281,5,31,31,59,110,110,121,121,121,146,162,162,162,162,162,14,44,44],"floor_reached":57,"language":"ENG","playtime":1706,"items_purged":["Strike_B","Strike_B","Strike_B"],"score":2944,"play_id":"77ea3648-53ea-4650-8b0c-c17e487eb247","local_time":"20210218153427","is_ascension_mode":true,"campfire_choices":[{"data":"Corruption","floor":7,"key":"SMITH"},{"data":"Magnetism","floor":15,"key":"SMITH"},{"floor":27,"key":"RECALL"},{"data":"Buffer","floor":32,"key":"SMITH"},{"data":"Fusion","floor":41,"key":"SMITH"},{"data":"1","floor":46,"key":"LIFT"},{"data":"2","floor":50,"key":"LIFT"},{"data":"3","floor":53,"key":"LIFT"}],"circlet_count":0,"master_deck":["AscendersBane","Defend_B","Defend_B","Defend_B","Defend_B","Zap","Dualcast","Corruption+1","Double Energy","Conserve Battery","Consume","Darkness","BootSequence","Magnetism+1","Genetic Algorithm","Buffer+1","Chill","Glacier","Turbo+1","Fusion+1","Chill","Capacitor","Echo Form","Heatsinks+1","White Noise+1","Chaos+1","Cloak And Dagger","DeceiveReality+1","Shrug It Off"],"relics":["Dead Branch","Bottled Tornado","Nuclear Battery","Akabeko","Pantograph","Dota2Spire:OrchidMalevolence","Inserter","Dota2Spire:UrnOfShadows","Shuriken","Tiny Chest","Calipers","Pen Nib","Toy Ornithopter","Dota2Spire:Bloodstone","Emotion Chip","PrismaticShard","Molten Egg 2","Girya","Strawberry","White Beast Statue","Dota2Spire:LinkenSphere","Bag of Preparation","Unceasing Top"],"acts_visited":["Exordium","TheCity","TheBeyond","TheEnding"],"potions_floor_usage":[],"damage_taken":[{"damage":1,"enemies":"Small Slimes","floor":1,"turns":2},{"damage":0,"enemies":"Gremlin Nob","floor":6,"turns":4},{"damage":0,"enemies":"3 Sentries","floor":8,"turns":2},{"damage":0,"enemies":"Jaw Worm","floor":10,"turns":2},{"damage":0,"enemies":"Gremlin Nob","floor":11,"turns":2},{"damage":0,"enemies":"2 Louse","floor":12,"turns":1},{"damage":0,"enemies":"Blue Slaver","floor":14,"turns":1},{"damage":0,"enemies":"Hexaghost","floor":16,"turns":4},{"damage":0,"enemies":"Spheric Guardian","floor":18,"turns":5},{"damage":0,"enemies":"2 Thieves","floor":20,"turns":2},{"damage":0,"enemies":"Shelled Parasite and Fungi","floor":22,"turns":4},{"damage":6,"enemies":"Slavers","floor":23,"turns":4},{"damage":0,"enemies":"Snake Plant","floor":24,"turns":3},{"damage":0,"enemies":"Gremlin Leader","floor":25,"turns":2},{"damage":0,"enemies":"Slavers","floor":28,"turns":4},{"damage":0,"enemies":"Gremlin Leader","floor":30,"turns":5},{"damage":0,"enemies":"Centurion and Healer","floor":31,"turns":2},{"damage":0,"enemies":"Automaton","floor":33,"turns":7},{"damage":0,"enemies":"Orb Walker","floor":35,"turns":2},{"damage":0,"enemies":"3 Darklings","floor":36,"turns":4},{"damage":0,"enemies":"2 Orb Walkers","floor":38,"turns":3},{"damage":0,"enemies":"Reptomancer","floor":40,"turns":2},{"damage":0,"enemies":"Giant Head","floor":42,"turns":3},{"damage":0,"enemies":"Spire Growth","floor":45,"turns":3},{"damage":0,"enemies":"Reptomancer","floor":48,"turns":1},{"damage":0,"enemies":"4 Shapes","floor":49,"turns":1},{"damage":11,"enemies":"Time Eater","floor":51,"turns":7},{"damage":0,"enemies":"Shield and Spear","floor":55,"turns":1},{"damage":0,"enemies":"The Heart","floor":56,"turns":4}],"seed_played":"-8084930753000528956","potions_obtained":[{"floor":10,"key":"Regen Potion"},{"floor":14,"key":"FocusPotion"},{"floor":16,"key":"EntropicBrew"},{"floor":22,"key":"FairyPotion"}],"is_trial":false,"path_per_floor":["M","?","?","$","?","E","R","E","T","M","E","M","$","M","R","B",null,"M","?","M","?","M","E","M","E","T","R","E","$","E","M","R","B",null,"M","M","?","?","$","E","R","E","T","T","M","R","?","E","M","R","B",null,"R","$","E","B",null],"character_chosen":"DEFECT","items_purchased":["Conserve Battery","Magnetism","Chill","PrismaticShard","Bag of Preparation"],"campfire_rested":0,"item_purchase_floors":[4,13,29,39,54],"current_hp_per_floor":[63,56,45,45,45,45,45,45,45,45,45,45,45,45,45,70,71,71,71,71,71,71,65,65,65,65,65,65,65,65,65,65,71,71,71,71,71,71,71,71,71,71,78,78,78,78,74,74,74,74,63,71,71,71,71,74],"gold":44,"neow_bonus":"BOSS_RELIC","is_daily":false,"chose_seed":false,"campfire_upgraded":4,"win_rate":0.0,"timestamp":1613658867,"path_taken":["M","?","?","$","?","E","R","E","T","M","E","M","?","M","R","BOSS","M","?","M","?","M","E","M","E","T","R","E","$","E","M","R","BOSS","M","M","?","?","$","E","R","E","T","T","M","R","?","E","M","R","BOSS","R","$","E","BOSS"],"items_purchased_type":["Card","Card","Card","Relic","Relic"],"build_version":"2020-12-22","purchased_purges":3,"victory":true,"max_hp_per_floor":[71,71,71,71,71,71,71,71,71,71,71,71,71,71,71,71,71,71,71,71,71,71,71,71,71,71,71,71,71,71,71,71,71,71,71,71,71,71,71,71,71,71,78,78,78,78,74,74,74,74,74,74,74,74,74,74],"card_choices":[{"not_picked":["Rebound","Redo"],"picked":"Double Energy","floor":1},{"not_picked":["Redo","Hologram","Barrage"],"picked":"SKIP","floor":6},{"not_picked":["Gash","Redo","Rebound"],"picked":"SKIP","floor":8},{"not_picked":["Recycle","Stack"],"picked":"Consume","floor":10},{"not_picked":["All For One","Rebound"],"picked":"Darkness","floor":11},{"not_picked":["Steam","Blizzard"],"picked":"BootSequence","floor":12},{"not_picked":["Scrape","Redo"],"picked":"Genetic Algorithm","floor":14},{"not_picked":["Amplify","Meteor Strike"],"picked":"Buffer","floor":16},{"not_picked":["Barrage","Compile Driver"],"picked":"Chill","floor":18},{"not_picked":["Auto Shields","Coolheaded"],"picked":"Glacier","floor":20},{"not_picked":["Redo","Barrage","Beam Cell"],"picked":"SKIP","floor":22},{"not_picked":["Reboot","Steam"],"picked":"Turbo+1","floor":23},{"not_picked":["Streamline","Gash","Cold Snap+1"],"picked":"SKIP","floor":24},{"not_picked":["Barrage","Amplify","Compile Driver"],"picked":"SKIP","floor":25},{"not_picked":["Ball Lightning+1","Auto Shields"],"picked":"Fusion","floor":28},{"not_picked":["FTL","Ball Lightning"],"picked":"Capacitor","floor":30},{"not_picked":["Sweeping Beam","Hologram","Go for the Eyes"],"picked":"SKIP","floor":31},{"not_picked":["Core Surge","Creative AI"],"picked":"Echo Form","floor":33},{"not_picked":["Self Repair","Ball Lightning"],"picked":"Heatsinks+1","floor":35},{"not_picked":["Consume","Compile Driver+1"],"picked":"White Noise+1","floor":36},{"not_picked":["Ball Lightning","Gash"],"picked":"Chaos+1","floor":38},{"not_picked":["ClearTheMind+1","Vengeance+1"],"picked":"Cloak And Dagger","floor":40},{"not_picked":["JustLucky+1","Dagger Throw+1"],"picked":"DeceiveReality+1","floor":42},{"not_picked":["CutThroughFate+1","Bullet Time","Capacitor"],"picked":"SKIP","floor":45},{"not_picked":["Dagger Throw+1","Clash+1","FlurryOfBlows+1"],"picked":"SKIP","floor":48},{"not_picked":["Perfected Strike+1","Sweeping Beam+1"],"picked":"Shrug It Off","floor":49},{"not_picked":["Fission","Poisoned Stab+1","Evaluate"],"picked":"SKIP","floor":55}],"player_experience":2457188,"relics_obtained":[{"floor":6,"key":"Akabeko"},{"floor":8,"key":"Pantograph"},{"floor":11,"key":"Dota2Spire:OrchidMalevolence"},{"floor":23,"key":"Shuriken"},{"floor":25,"key":"Tiny Chest"},{"floor":26,"key":"Calipers"},{"floor":28,"key":"Pen Nib"},{"floor":30,"key":"Toy Ornithopter"},{"floor":38,"key":"Emotion Chip"},{"floor":40,"key":"Molten Egg 2"},{"floor":42,"key":"Girya"},{"floor":43,"key":"Strawberry"},{"floor":44,"key":"White Beast Statue"},{"floor":48,"key":"Dota2Spire:LinkenSphere"},{"floor":55,"key":"Unceasing Top"}],"event_choices":[{"cards_removed":["Strike_B"],"damage_healed":0,"gold_gain":0,"player_choice":"Card Removal","damage_taken":7,"max_hp_gain":0,"max_hp_loss":0,"event_name":"Golden Wing","floor":2,"gold_loss":0},{"damage_healed":0,"gold_gain":75,"player_choice":"Gather Gold","damage_taken":11,"max_hp_gain":0,"max_hp_loss":0,"event_name":"World of Goop","floor":3,"gold_loss":0},{"damage_healed":0,"gold_gain":0,"player_choice":"Ignored","damage_taken":0,"max_hp_gain":0,"max_hp_loss":0,"event_name":"Liars Game","floor":5,"gold_loss":0},{"damage_healed":0,"gold_gain":0,"player_choice":"Ignored","damage_taken":0,"max_hp_gain":0,"max_hp_loss":0,"event_name":"Vampires","floor":19,"gold_loss":0},{"damage_healed":0,"gold_gain":0,"player_choice":"Obtained Relic","damage_taken":0,"relics_obtained":["Dota2Spire:UrnOfShadows"],"max_hp_gain":0,"max_hp_loss":0,"event_name":"Addict","floor":21,"gold_loss":85},{"damage_healed":0,"gold_gain":0,"player_choice":"Ignored","damage_taken":0,"max_hp_gain":0,"max_hp_loss":0,"event_name":"Tomb of Lord Red Mask","floor":37,"gold_loss":0},{"damage_healed":0,"gold_gain":0,"player_choice":"Fight","damage_taken":0,"max_hp_gain":0,"max_hp_loss":0,"event_name":"Mysterious Sphere","floor":38,"gold_loss":0},{"damage_healed":0,"gold_gain":0,"player_choice":"Max HP","damage_taken":0,"max_hp_gain":0,"max_hp_loss":4,"event_name":"Winding Halls","floor":47,"gold_loss":0}],"is_beta":false,"boss_relics":[{"not_picked":["Tiny House","Busted Crown"],"picked":"Inserter"},{"not_picked":["Black Star","Philosopher\u0027s Stone"],"picked":"Dota2Spire:Bloodstone"}],"items_purged_floors":[4,29,39],"is_endless":false,"potions_floor_spawned":[10,14,16,18,22,25,28,36,40,42,45,48,49,55],"ascension_level":15}}