{"host":"a3gu5zu37ht99mpa","time":1613624731,"event":{"mods":["100% Spire Juice","Act Like it!","BaseMod","Better Silent Start","Better Third Choice","BetterRewards","Conspire","Downfall","Energized Spire","Friendly Minions","GifTheSpireLib","Gold Saver","Gremlin Mod","Halation","Hallownest","Hermit","JesterMod","Koishi","Lobotomy","LobotomyExtend","Luminous","Minty Spire (QoL Compilation)","Reliquary","StSLib","Stuff the Spire","The Administrix","The Animator","The Bug Knight","The Hayseed","The Necromancer","The Runesmith","The Saiyan","The Senshi","The Showman","The Wild Card","Virulent Crown","Wandering Minibosses","WarShipGirlsR/????R mod","Yohane!","Yuyuko","yUi","??????REMEMod"],"gold_per_floor":[331,331,350,381,381,408,418,463,486,486,512,523,523,540,540,540,540],"floor_reached":16,"language":"ENG","playtime":829,"items_purged":[],"score":137,"play_id":"4ec08c1b-eecc-43d7-9103-c5c6e0ba6b68","local_time":"20210218000531","is_ascension_mode":false,"campfire_choices":[{"data":"Koishi:Whimsy","floor":13,"key":"SMITH"},{"floor":15,"key":"RECALL"}],"circlet_count":0,"master_deck":["Koishi:BasicStrike","Koishi:BasicStrike","Koishi:BasicStrike","Koishi:BasicStrike","Koishi:BasicDefend","Koishi:BasicDefend","Koishi:BasicDefend","Koishi:BasicDefend","Koishi:Provoke","Koishi:HauntingSlash","rmod:acesubmarine","MHz","Koishi:EmbryosDream","Koishi:SubterraneanRose","FairyFestival","Koishi:BramblyRoseGarden","Koishi:BramblyRoseGarden","Koishi:HeartAttack","Koishi:Whimsy+1","Koishi:FidgetySnatcher","Koishi:Prune","Koishi:LastRemote","Koishi:FreudianInstinct"],"relics":["Koishi:ImaginaryFriend","REME_ComplimentaryCards","CogitoBucket","LetterFromLob","Hallownest:DreamNailRelic","Happy Flower","reliquary:ExpiredCoupon","REME_IWantAll","reliquary:Firecrackers","reliquary:Aerogel"],"acts_visited":["Hallownest:Greenpath"],"potions_floor_usage":[8,8,16],"damage_taken":[{"damage":10,"enemies":"Hallownest:monsterHuskGuard","floor":1,"turns":4},{"damage":2,"enemies":"Hallownest:2_Tiktiks_and_1_Crawlid","floor":3,"turns":7},{"damage":10,"enemies":"conspire:MimicChest","floor":4,"turns":7},{"damage":11,"enemies":"Hallownest:eliteVengeflyKing","floor":6,"turns":9},{"damage":2,"enemies":"Hallownest:2_MossCreeps","floor":7,"turns":4},{"damage":19,"enemies":"Hallownest:2_Tiktiks_1_Baldur_1_Crawlid","floor":8,"turns":2},{"damage":0,"enemies":"Hallownest:eliteCrystalGuardian","floor":11,"turns":7},{"damage":7,"enemies":"Hallownest:1_Baldur_1_Crawlid_1_Warrior","floor":12,"turns":4},{"damage":3,"enemies":"Hallownest:monsterMossCharger","floor":14,"turns":4},{"damage":28,"enemies":"Hallownest:BossHornet","floor":16,"turns":3}],"seed_played":"-3484284673311930179","potions_obtained":[{"floor":4,"key":"Regen Potion"},{"floor":6,"key":"REME_GoldPotion"},{"floor":8,"key":"Strength Potion"},{"floor":11,"key":"SkillPotion"}],"is_trial":false,"path_per_floor":["M","?","M","?","?","E","M","M","T","$","E","M","R","M","R","B"],"character_chosen":"KOISHI","items_purchased":[],"campfire_rested":0,"item_purchase_floors":[],"current_hp_per_floor":[52,52,51,44,26,31,30,19,19,19,25,23,23,22,22,0,0],"gold":540,"neow_bonus":"","is_daily":false,"chose_seed":false,"campfire_upgraded":1,"win_rate":0.0,"timestamp":1613624731,"path_taken":["M","?","?","?","?","E","M","?","T","?","E","M","R","M","R","BOSS"],"items_purchased_type":[],"build_version":"2020-12-22","purchased_purges":0,"victory":false,"max_hp_per_floor":[60,60,60,60,60,63,63,63,63,63,63,63,63,63,63,63,63],"card_choices":[{"not_picked":["PunishingBird","SpiderBud"],"picked":"MHz","floor":1},{"not_picked":["Koishi:SpiritedAway","Koishi:UnansweredLove"],"picked":"Koishi:EmbryosDream","floor":1},{"not_picked":["Koishi:ReflexRadar","Koishi:FleetingPhantom"],"picked":"Koishi:SubterraneanRose","floor":3},{"not_picked":["BeautyBeast","Murderer"],"picked":"FairyFestival","floor":4},{"not_picked":["Koishi:PerfectMindControl","Koishi:IdleWhim"],"picked":"Koishi:BramblyRoseGarden","floor":4},{"not_picked":["Koishi:BramblyRoseGarden","Koishi:HeartAttack","Koishi:Whimsy"],"picked":"Singing Bowl","floor":6},{"not_picked":["Koishi:StrangeCloudFist","Koishi:Bloodlust"],"picked":"Koishi:FidgetySnatcher","floor":7},{"not_picked":["Koishi:BloodcurdlingScream","Koishi:MindNumbingTerror"],"picked":"Koishi:Prune","floor":8},{"not_picked":["Koishi:UnconsciousUrges","Koishi:BramblyRoseGarden"],"picked":"Koishi:LastRemote","floor":11},{"not_picked":["Koishi:Vanish","Koishi:FleetingPhantom","Koishi:SpiritedAway"],"picked":"SKIP","floor":12},{"not_picked":["Koishi:CatchAndRose","Koishi:Prune"],"picked":"Koishi:FreudianInstinct","floor":14}],"player_experience":123091,"relics_obtained":[{"floor":1,"key":"LetterFromLob"},{"floor":4,"key":"Happy Flower"},{"floor":6,"key":"reliquary:Firecrackers"},{"floor":11,"key":"reliquary:Aerogel"}],"event_choices":[],"is_beta":false,"boss_relics":[],"items_purged_floors":[],"is_endless":false,"potions_floor_spawned":[4,6,8,11],"killed_by":"Hallownest:BossHornet","ascension_level":0}}