{"host":"rdkn868dy8jmb7gs","time":1613650076,"event":{"mods":["Act Like it!","Arknights","BaseMod","BetterRewards","Colored Map","Colored Powertips","Custom Start","Gensokyo","Hubris","Marisa£®ÏF”Í°°ƒß¿Ì…≥£©","Minty Spire (QoL Compilation)","Reimu£®≤©¿ˆ¡È√Œ£©","Remilia£®¿Ÿ√◊¿Ú—«£©","Replay The Spire","Spicy Shops","StSLib","The Servant 0.9.4","Youmu£®ªÍ∆«—˝√Œ£©","°æ“≈ŒÔø®≈∆°øREMEMod","ÛÙª÷∏ƒœ"],"gold_per_floor":[114,134,134,134,134,163,163,195,195,195,195,195,229,249,249,353,353,371,371,6,6,21,56,56,85,85,22,22,54,69,82,82,182,182,197,215,215,215,231,260,260,289,315,335,335,366,381,409,409,409,409,409,16,48,48],"floor_reached":56,"language":"ZHS","playtime":3384,"items_purged":["ats:Strike C","ats:Strike S","ats:Defend"],"score":2320,"play_id":"f49782b7-d3a5-474a-8214-03165229a506","local_time":"20210218200756","is_ascension_mode":true,"campfire_choices":[{"data":"ats:Soul Absorption","floor":7.0,"key":"SMITH"},{"data":"ats:Literary Storm","floor":10.0,"key":"SMITH"},{"data":"ats:Emotion Absorption","floor":15.0,"key":"SMITH"},{"data":"ats:Disruption Kick","floor":24.0,"key":"SMITH"},{"data":"ats:Dogmatic Field","floor":32.0,"key":"SMITH"},{"data":"ats:Durian","floor":41.0,"key":"SMITH"},{"floor":49,"key":"RECALL"},{"data":"ats:Rat Pack","floor":52,"key":"SMITH"}],"circlet_count":0,"master_deck":["Vault+1","ats:Strike G","ats:Armor Crushing Shot","ats:Defend","ats:Defend","ats:Defend","ats:Emotion Absorption+1","PendulumOfEternity+1","ats:True Silver Slash+1","ats:Thermite Blade","Flash of Steel","REME_HeartOfCthun+1","ats:Literary Storm+1","ats:Wolf Pack","ats:Assault Order","ats:Collapsing Strike","ats:Soul Absorption+1","ats:Apocalypse","ats:Healing Drone","ats:Soul Rend+1","Clumsy","ats:Closed Bolt Burst Fire","ats:Wolf Pack","ats:Wolf Pack","ats:Disruption Kick+1","ats:Thorns+1","Midas Touch","hubris:EnhanceAbility","Writhe","ats:Dogmatic Field+1","ats:Shadow Raid","ats:Durian+1","ats:Demon Strength+1","REME_AllRoundStrike","ats:Rat Pack+1","ats:True Silver Slash+1","ats:LN2 Cannon+1"],"relics":["ats:Sanity","REME_ComplimentaryCards","BargainBundle","Juzu Bracelet","Anchor","ats:Spiritual Recovery","hubris:SphereOfDissonance","Guide Book","Simple Rune","Orrery","Gensokyo:NagashiBinaDoll","Gensokyo:LunaticRedEyes","ats:Originium","Bag of Marbles","ReplayTheSpireMod:TigerMarble","White Beast Statue","Gremlin Food","Coffee Dripper","hubris:BottledRain","Dream Catcher","Replay:Kaleidoscope","Bottled Lightning","ReplayTheSpireMod:ShopPack","ReplayTheSpireMod:Shallot","REME_ChargedStone","Mummified Hand","hubris:Towel","ats:Hidden Killer","Mirror","Bronze Scales","Mastiff:ReiMu","Eternal Feather","Blue Doll","Bottled Tornado","DollysMirror","Ginger"],"acts_visited":["Exordium","Gensokyo:Gensokyo","Gensokyo:Gensokyoer","TheEnding"],"potions_floor_usage":[55,55],"damage_taken":[{"damage":0.0,"enemies":"Gensokyo:3_Fairies","floor":1.0,"turns":4.0},{"damage":3.0,"enemies":"Gensokyo:Gryphon","floor":2.0,"turns":6.0},{"damage":2.0,"enemies":"Gensokyo:Aya","floor":6.0,"turns":7.0},{"damage":23.0,"enemies":"Gensokyo:Cirno","floor":8.0,"turns":8.0},{"damage":1.0,"enemies":"Gensokyo:Aya","floor":13.0,"turns":3.0},{"damage":0.0,"enemies":"Gensokyo:2_Kodama","floor":14.0,"turns":1.0},{"damage":9.0,"enemies":"Gensokyo:Reimu","floor":16.0,"turns":10.0},{"damage":0.0,"enemies":"Gensokyo:AngelMirror","floor":18.0,"turns":2.0},{"damage":0.0,"enemies":"Gensokyo:CosmicMonolith","floor":22.0,"turns":1.0},{"damage":5.0,"enemies":"Gensokyo:Tenshi","floor":23.0,"turns":4.0},{"damage":22.0,"enemies":"Gensokyo:Koishi","floor":25.0,"turns":6.0},{"damage":0.0,"enemies":"Gensokyo:Reisen","floor":29.0,"turns":8.0},{"damage":30.0,"enemies":"Gensokyo:Slime_Group","floor":30.0,"turns":7.0},{"damage":0.0,"enemies":"Gensokyo:Wraith","floor":31.0,"turns":3.0},{"damage":42.0,"enemies":"Gensokyo:Eiki","floor":33.0,"turns":9.0},{"damage":20.0,"enemies":"Gensokyo:AncientGuardian","floor":35.0,"turns":6.0},{"damage":18.0,"enemies":"Gensokyo:3_Boulders","floor":36.0,"turns":7.0},{"damage":0.0,"enemies":"Gensokyo:4_Bats","floor":39.0,"turns":2.0},{"damage":24.0,"enemies":"Gensokyo:Doremy","floor":40.0,"turns":7.0},{"damage":5.0,"enemies":"Gensokyo:Marisa","floor":42.0,"turns":6.0},{"damage":27.0,"enemies":"Gensokyo:Sharpion","floor":44.0,"turns":6.0},{"damage":12,"enemies":"Gensokyo:Kasen","floor":46,"turns":6},{"damage":5,"enemies":"Gensokyo:AtlasGolem","floor":47,"turns":4},{"damage":5,"enemies":"Gensokyo:Doremy","floor":48,"turns":7},{"damage":10,"enemies":"Gensokyo:Yuyuko","floor":50,"turns":7},{"damage":5,"enemies":"Shield and Spear","floor":54,"turns":4},{"damage":72,"enemies":"The Heart","floor":55,"turns":7}],"seed_played":"5690320555532276816","potions_obtained":[{"floor":1.0,"key":"Dexterity Potion"},{"floor":13.0,"key":"FairyPotion"},{"floor":14.0,"key":"SkillPotion"},{"floor":16.0,"key":"Death Potion"},{"floor":18.0,"key":"ats:Emergency Sanity Potion"},{"floor":22.0,"key":"Weak Potion"},{"floor":25.0,"key":"Explosive Potion"},{"floor":30.0,"key":"Dexterity Potion"},{"floor":31.0,"key":"Elixir"},{"floor":35.0,"key":"ats:Burn Big Potion"},{"floor":40.0,"key":"Cursed Concoction"},{"floor":42.0,"key":"Swift Potion"},{"floor":54,"key":"DistilledChaos"}],"is_trial":false,"path_per_floor":["M","M","?","?","?","E","R","E","T","R","?","?","E","M","R","B",null,"M","?","$","T","M","E","R","E","T","$","?","E","M","M","R","B",null,"M","M","T","?","M","E","R","E","T","M","?","E","M","E","R","B",null,"R","$","E","B",null],"character_chosen":"DOCTOR_CLASS","items_purchased":["BargainBundle","ats:True Silver Slash","Juzu Bracelet","Anchor","ats:Spiritual Recovery","Reflective Coating","EssenceOfSteel","LiquidBronze","hubris:SphereOfDissonance","Guide Book","Simple Rune","ats:Thermite Blade","Flash of Steel","REME_HeartOfCthun","Orrery","hubris:BottledRain","ReplayTheSpireMod:ShopPack","Bottled Tornado","DollysMirror"],"campfire_rested":0,"item_purchase_floors":[0,0,0,0,0,0,0,0,0,0,0,0,0,0,0,20,27,53,53],"current_hp_per_floor":[23,28,31,34,37,61,61,71,71,71,72,72,71,71,71,72,72,72,72,72,72,72,72,72,53,53,56,59,72,66,72,72,72,72,62,72,72,72,72,65,65,72,72,52,55,72,67,71,72,72,72,72,72,67,50],"gold":48,"neow_bonus":"","is_daily":false,"chose_seed":false,"campfire_upgraded":7,"win_rate":0.0,"timestamp":1613650076,"path_taken":["M","M","?","?","?","E","R","E","T","R","?","?","E","M","R","BOSS","M","?","$","?","M","E","R","E","T","?","?","E","M","M","R","BOSS","M","M","?","?","M","E","R","E","T","M","?","E","M","E","R","BOSS","R","$","E","BOSS"],"items_purchased_type":["Relic","Card","Relic","Relic","Relic","Potion","Potion","Potion","Relic","Relic","Relic","Card","Card","Card","Relic","Relic","Relic","Relic","Relic"],"build_version":"2020-12-22","purchased_purges":3,"victory":true,"max_hp_per_floor":[72,72,72,72,72,72,72,72,72,72,72,72,72,72,72,72,72,72,72,72,72,72,72,72,72,72,72,72,72,72,72,72,72,72,72,72,72,72,72,72,72,72,72,72,72,72,72,72,72,72,72,72,72,72,72],"card_choices":[{"not_picked":["ats:Guard Mode","ats:Assault Order"],"picked":"ats:Literary Storm","floor":0.0},{"not_picked":["ats:Guard Mode","ats:Blood Oath"],"picked":"ats:Wolf Pack","floor":0.0},{"not_picked":["ats:Leaping Hammer","ats:Hammer On"],"picked":"ats:Assault Order","floor":0.0},{"not_picked":["ats:Soul Rend","ats:Serious Mode"],"picked":"ats:Collapsing Strike","floor":0.0},{"not_picked":["ats:Consecutive Shot Auto","ats:Magnetic Hammer"],"picked":"ats:Soul Absorption","floor":0.0},{"not_picked":["ats:Defend Order","ats:Composite Medical Shells"],"picked":"ats:Apocalypse","floor":1.0},{"not_picked":["ats:Consecutive Shot Auto","ats:Absolute Focus"],"picked":"ats:Healing Drone","floor":2.0},{"not_picked":["ats:Mental Burst","ats:Sword Rain","ats:Explosion Area Strengthen"],"picked":"SKIP","floor":6.0},{"not_picked":["ats:Shell Defense","ats:Absolute Focus","ats:Curse Doll"],"picked":"SKIP","floor":8.0},{"not_picked":["ats:Flexible Camouflage","ats:Revitalization"],"picked":"ats:Closed Bolt Burst Fire","floor":11.0},{"not_picked":["ats:Poison Spread","ats:Apocalypse"],"picked":"ats:Wolf Pack","floor":11.0},{"not_picked":["ats:Assault Order","ats:Leaping Hammer","ats:Volcano"],"picked":"SKIP","floor":13.0},{"not_picked":["ats:Literary Storm","ats:Blood Oath","ats:Consecutive Shot Auto"],"picked":"SKIP","floor":14.0},{"not_picked":["ats:Fractured Body","ats:Ambush"],"picked":"ats:Wolf Pack","floor":16.0},{"not_picked":["ats:Spore Proliferation+1","ats:Guard Mode","ats:Apocalypse"],"picked":"SKIP","floor":18.0},{"not_picked":["ats:Mental Burst+1","ats:Very Hot Blade","ats:Ignite"],"picked":"SKIP","floor":22.0},{"not_picked":["ats:Mental Burst+1","ats:Very Hot Blade","ats:Ignite"],"picked":"SKIP","floor":22.0},{"not_picked":["ats:Rapid Magazine","ats:Consecutive Shot Auto+1"],"picked":"ats:Disruption Kick","floor":23.0},{"not_picked":["ats:Charging Defense","ats:Apocalypse"],"picked":"ats:Thorns+1","floor":25.0},{"not_picked":["REME_BuildACard","Secret Weapon"],"picked":"Midas Touch","floor":27.0},{"not_picked":["Panacea","Mayhem"],"picked":"hubris:EnhanceAbility","floor":27.0},{"not_picked":["Purity","REME_PuzzleBox"],"picked":"REME_AllRoundStrike","floor":27.0},{"not_picked":["ats:Support Order","ats:Apocalypse"],"picked":"ats:Dogmatic Field","floor":29.0},{"not_picked":["ats:Revitalization","ats:Song Of Battle+1","ats:Assault Order+1"],"picked":"SKIP","floor":30.0},{"not_picked":["ats:Sword Rain+1","ats:Soul Absorption+1"],"picked":"ats:Shadow Raid","floor":31.0},{"not_picked":["ats:Calcification","ats:Disruption Kick"],"picked":"ats:Durian","floor":33.0},{"not_picked":["ats:Hammer On+1","ats:Sunburst+1","ats:Curse Doll"],"picked":"SKIP","floor":35.0},{"not_picked":["ats:Hammer On+1","ats:Support Order"],"picked":"ats:Demon Strength+1","floor":36.0},{"not_picked":["ats:Curse Doll+1","ats:Counter Healing Mode","ats:Consecutive Shot Auto+1"],"picked":"SKIP","floor":39.0},{"not_picked":["ats:Revitalization+1","ats:Consecutive Shot Auto+1","ats:Very Hot Blade"],"picked":"SKIP","floor":40.0},{"not_picked":["ats:Fractured Body","ats:Apocalypse+1","ats:Assault Order+1"],"picked":"SKIP","floor":42.0},{"not_picked":["ats:Absolute Focus","ats:Chain Hook+1","ats:Dogmatic Field"],"picked":"SKIP","floor":44.0},{"not_picked":["ats:Powerful Strike+1","ats:Revitalization+1","ats:Volcano"],"picked":"SKIP","floor":46},{"not_picked":["ats:Serious Mode+1","ats:Closed Bolt Burst Fire","ats:Assault Order+1"],"picked":"SKIP","floor":47},{"not_picked":["ats:Serious Mode+1","ats:Closed Bolt Burst Fire","ats:Assault Order+1"],"picked":"SKIP","floor":47},{"not_picked":["ats:Steam Pump+1","ats:Poison Spread"],"picked":"ats:Rat Pack","floor":48},{"not_picked":["ats:Magnetic Hammer","ats:Neurotoxin+1"],"picked":"ats:LN2 Cannon+1","floor":54}],"player_experience":477377,"relics_obtained":[{"floor":6.0,"key":"ats:Originium"},{"floor":6.0,"key":"Bag of Marbles"},{"floor":8.0,"key":"ats:Originium"},{"floor":8.0,"key":"ReplayTheSpireMod:TigerMarble"},{"floor":9.0,"key":"White Beast Statue"},{"floor":13.0,"key":"ats:Originium"},{"floor":13.0,"key":"Gremlin Food"},{"floor":23.0,"key":"ats:Originium"},{"floor":23.0,"key":"Dream Catcher"},{"floor":25.0,"key":"Replay:Kaleidoscope"},{"floor":26.0,"key":"Bottled Lightning"},{"floor":29.0,"key":"ReplayTheSpireMod:Shallot"},{"floor":37.0,"key":"Mummified Hand"},{"floor":40.0,"key":"ats:Hidden Killer"},{"floor":42.0,"key":"Mirror"},{"floor":43.0,"key":"Bronze Scales"},{"floor":46,"key":"Eternal Feather"},{"floor":48,"key":"Blue Doll"},{"floor":54,"key":"Ginger"}],"event_choices":[],"is_beta":false,"boss_relics":[{"not_picked":["Abe\u0027s Treasure","Astrolabe"],"picked":"Coffee Dripper"},{"not_picked":["ReplayTheSpireMod:DimensionalGlitch","hubris:TerracottaHorce"],"picked":"REME_ChargedStone"}],"items_purged_floors":[0,0,20],"is_endless":false,"potions_floor_spawned":[1,2,13,14,16,18,22,23,25,29,30,31,33,35,36,39,40,42,44,46,47,48,54],"ascension_level":7}}