{"host":"f7915vm1ahl7kex1","time":1613686798,"event":{"mods":["BaseMod","Colored Map","Downfall","Minty Spire (QoL Compilation)","Quick Restart","StSLib"],"gold_per_floor":[99,99,99,99,9,9,32,32,32,43,43,28,40,74,85,85,85,85],"floor_reached":16,"language":"ENG","playtime":615,"items_purged":["bronze:Strike"],"score":96,"play_id":"95bc0ad1-9cff-494e-b00f-0f0ce89bbd68","local_time":"20210218161958","is_ascension_mode":false,"campfire_choices":[{"floor":1,"key":"RECALL"},{"data":"bronze:NullPointer","floor":9,"key":"SMITH"},{"data":"bronze:Invalidate","floor":11,"key":"SMITH"}],"circlet_count":0,"master_deck":["bronze:Strike","bronze:Defend","bronze:Defend","bronze:Replicate","bronze:Goto","bronze:NullPointer+1","bronze:ChosenStrike","bronze:Invalidate+1","Doubt","bronze:CutThrough","bronze:Branch","bronze:ForceShield","bronze:BitShift"],"relics":["bronze:BronzeCore","downfall:HeartsMalice","bronze:ProtectiveGoggles","Tiny Chest"],"acts_visited":["Exordium"],"potions_floor_usage":[14],"damage_taken":[{"damage":0,"enemies":"2 Louse","floor":2,"turns":1},{"damage":0,"enemies":"Small Slimes","floor":3,"turns":1},{"damage":0,"enemies":"Cultist","floor":4,"turns":1},{"damage":0,"enemies":"downfall:FleeingMerchant","floor":5,"turns":4},{"damage":11,"enemies":"Exordium Thugs","floor":10,"turns":10},{"damage":0,"enemies":"downfall:FleeingMerchant","floor":12,"turns":4},{"damage":0,"enemies":"Lots of Slimes","floor":13,"turns":3},{"damage":7,"enemies":"Gremlin Nob","floor":14,"turns":3},{"damage":0,"enemies":"downfall:LooterAlt","floor":15,"turns":2},{"damage":72,"enemies":"IC_STATUS_ARCHETYPE","floor":16,"turns":10}],"seed_played":"7045329361384328248","potions_obtained":[{"floor":13,"key":"EssenceOfSteel"},{"floor":14,"key":"Fire Potion"}],"is_trial":false,"path_per_floor":["R","M","M","M","$","?","T","?","R","M","R","$","M","E","M","B"],"character_chosen":"THE_AUTOMATON","items_purchased":[],"campfire_rested":0,"item_purchase_floors":[],"current_hp_per_floor":[70,70,70,70,70,70,70,70,70,59,59,59,59,52,52,0,0,0],"gold":85,"neow_bonus":"THREE_ENEMY_KILL","is_daily":false,"chose_seed":false,"campfire_upgraded":2,"win_rate":0.0,"timestamp":1613686798,"path_taken":["R","M","M","M","$","?","T","?","R","?","R","?","?","E","M","BOSS"],"items_purchased_type":[],"build_version":"2020-12-22","purchased_purges":1,"victory":false,"max_hp_per_floor":[70,70,70,70,70,70,70,70,70,70,70,70,70,70,70,70,70,70],"card_choices":[{"not_picked":["bronze:BronzeArmor","bronze:Return"],"picked":"bronze:NullPointer","floor":2},{"not_picked":["bronze:Allocate","bronze:WildBeam","bronze:MaxOutput"],"picked":"SKIP","floor":3},{"not_picked":["bronze:Turbo","bronze:WhirlingStrike"],"picked":"bronze:ChosenStrike","floor":4},{"not_picked":["bronze:FineTuning","bronze:DelayedGuard"],"picked":"bronze:Invalidate","floor":5},{"not_picked":["bronze:Fortify","bronze:CloningBeam","bronze:OilSpill"],"picked":"SKIP","floor":10},{"not_picked":["bronze:Shield","bronze:ShipIt"],"picked":"bronze:CutThrough","floor":12},{"not_picked":["bronze:DelayedGuard","bronze:DelayedSlice"],"picked":"bronze:Branch","floor":13},{"not_picked":["bronze:BugBarrage","bronze:Overheat"],"picked":"bronze:ForceShield","floor":14},{"not_picked":["bronze:OilSpill","bronze:BugBarrage"],"picked":"bronze:BitShift","floor":15}],"player_experience":1203816,"relics_obtained":[{"floor":7,"key":"bronze:ProtectiveGoggles"},{"floor":14,"key":"Tiny Chest"}],"event_choices":[{"cards_removed":["bronze:Strike"],"damage_healed":0,"gold_gain":0,"player_choice":"Card Removal","damage_taken":0,"max_hp_gain":0,"max_hp_loss":0,"event_name":"The Cleric","floor":6,"gold_loss":0}],"is_beta":false,"boss_relics":[],"items_purged_floors":[5],"is_endless":false,"potions_floor_spawned":[13,14],"killed_by":"IC_STATUS_ARCHETYPE","ascension_level":0}}