{"host":"swc5gdc7cm0k0g7l","time":1613687532,"event":{"mods":["AchievementEnabler","Act Like it!","Aspiration","BaseMod","BetterRewards","Colored Map","Colored Powertips","Downfall","Duelist Mod","Hermit","Highlight Path","Hubris","Infinite Spire","Jorbs\u0027s Wanderer Trilogy","Koishi","Minty Spire (QoL Compilation)","Quick Restart","Remilia??????","Shop Mod","StSLib","SuperFastMode","The Animator"],"gold_per_floor":[143,143,143,58,75,107,18,18,18,44,60,89,89,107,107,107,107],"floor_reached":16,"language":"ENG","playtime":402,"items_purged":[],"score":241,"play_id":"50fe1a22-47ae-468e-9548-380cd61a9e0b","local_time":"20210218173212","is_ascension_mode":true,"campfire_choices":[{"data":"theDuelist:ShallowGrave","floor":8,"key":"SMITH"},{"data":"theDuelist:GhostrickVanish","floor":15,"key":"SMITH"}],"circlet_count":0,"master_deck":["theDuelist:Polymerization","theDuelist:TutanMask","theDuelist:ShallowGrave+1","theDuelist:GhostrickYeti","theDuelist:FireReaper","theDuelist:ShiranuiSpiritmaster","theDuelist:ShiranuiSpectralsword","theDuelist:WightLady","theDuelist:GhostrickJackfrost","theDuelist:GhostrickJiangshi+1","theDuelist:GhostrickJackfrost","theDuelist:Zombina","theDuelist:ShiranuiSwordsaga","theDuelist:DespairFromDark","theDuelist:GhostrickVanish+1","theDuelist:Chewbone","theDuelist:DespairFromDark"],"relics":["theDuelist:MillenniumPuzzle","theDuelist:CardPoolRelic","theDuelist:CardPoolBasicRelic","theDuelist:BoosterPackPoolRelic","theDuelist:CardPoolAddRelic","theDuelist:CardPoolMinusRelic","theDuelist:CardPoolSaveRelic","theDuelist:CardPoolOptionsRelic","NeowsBlessing","theDuelist:NamelessWarRelicB","Happy Flower","theDuelist:MerchantPendant","theDuelist:Monsterbox","hubris:TenFootPole","theDuelist:GraveToken","Gambling Chip","theDuelist:ResummonerMight"],"acts_visited":["Exordium"],"potions_floor_usage":[],"damage_taken":[{"damage":0,"enemies":"Jaw Worm","floor":1,"turns":1},{"damage":0,"enemies":"Small Slimes","floor":5,"turns":1},{"damage":0,"enemies":"Gremlin Nob","floor":6,"turns":1},{"damage":0,"enemies":"Lagavulin","floor":10,"turns":2},{"damage":0,"enemies":"2 Louse","floor":11,"turns":1},{"damage":0,"enemies":"Gremlin Nob","floor":12,"turns":1},{"damage":0,"enemies":"Large Slime","floor":14,"turns":1},{"damage":84,"enemies":"Hexaghost","floor":16,"turns":2}],"seed_played":"7612881241829269785","potions_obtained":[{"floor":6,"key":"Block Potion"},{"floor":11,"key":"theDuelist:SolderPotionB"},{"floor":12,"key":"FearPotion"},{"floor":14,"key":"theDuelist:BurningPotion"}],"is_trial":false,"path_per_floor":["M","?","$","?","M","E","$","R","T","E","M","E","?","M","R","B"],"character_chosen":"THE_DUELIST","items_purchased":["theDuelist:MerchantPendant","theDuelist:Monsterbox","hubris:TenFootPole"],"campfire_rested":0,"item_purchase_floors":[7,7,7],"current_hp_per_floor":[80,80,80,80,80,80,80,80,80,80,80,80,80,80,80,0,0],"gold":107,"neow_bonus":"THREE_ENEMY_KILL","is_daily":false,"chose_seed":false,"campfire_upgraded":2,"win_rate":0.0,"timestamp":1613687532,"path_taken":["M","?","$","?","M","E","?","R","T","E","M","E","?","?","R","BOSS"],"items_purchased_type":["Relic","Relic","Relic"],"build_version":"2020-12-22","purchased_purges":0,"victory":false,"max_hp_per_floor":[80,80,80,80,80,80,80,80,80,80,80,80,80,80,80,80,80],"card_choices":[{"not_picked":["theDuelist:Yoko","theDuelist:Tengu","theDuelist:Hajun","theDuelist:Gashadokuro"],"picked":"theDuelist:YukiOnnaIce","floor":1},{"not_picked":["theDuelist:GoblinZombie","theDuelist:Hajun","theDuelist:PhantomGhost","theDuelist:MechMoleZombie"],"picked":"theDuelist:Polymerization","floor":5},{"not_picked":["theDuelist:VampireBaby","theDuelist:GoblinZombie","theDuelist:BattleFusion","theDuelist:VampireFamiliar"],"picked":"theDuelist:GhostrickYeti","floor":6},{"not_picked":["theDuelist:SpiritPharaoh","theDuelist:SuperPolymerization","theDuelist:SpiritReaper","theDuelist:SoulRelease"],"picked":"theDuelist:DespairFromDark","floor":10},{"not_picked":["theDuelist:VampireGrimson","theDuelist:AvendreadSavior","theDuelist:FusionWeapon","theDuelist:OboroGuruma"],"picked":"theDuelist:GhostrickVanish","floor":11},{"not_picked":["theDuelist:NecroworldBanshee","theDuelist:VampireDesire","theDuelist:MechMoleZombie","theDuelist:CrimsonKnightVampire"],"picked":"theDuelist:Chewbone","floor":12},{"not_picked":["theDuelist:ShiranuiSpectralsword","theDuelist:GhostrickJackfrost","theDuelist:Zombina"],"picked":"theDuelist:DespairFromDark","floor":14}],"player_experience":106416,"relics_obtained":[{"floor":6,"key":"Happy Flower"},{"floor":9,"key":"theDuelist:GraveToken"},{"floor":10,"key":"Gambling Chip"},{"floor":12,"key":"theDuelist:ResummonerMight"}],"event_choices":[{"damage_healed":0,"gold_gain":0,"player_choice":"Leave","duelist":true,"damage_taken":0,"max_hp_gain":0,"max_hp_loss":0,"event_name":"Card Trader","floor":2,"gold_loss":0},{"total_magic_score":30,"gold_gain":0,"duelist":true,"damage_taken":0,"relics_obtained":["theDuelist:NamelessWarRelicB"],"points":14,"war_reward":2,"max_hp_gain":0,"max_hp_loss":0,"spent_points":{"magic":0,"greed":0,"war":2,"power":4,"hunger":0},"event_name":"Nameless Tomb","floor":4,"gold_loss":85,"cards_obtained":[]},{"damage_healed":0,"gold_gain":0,"player_choice":"Upgraded","damage_taken":0,"max_hp_gain":0,"max_hp_loss":0,"event_name":"Upgrade Shrine","floor":13,"gold_loss":0,"cards_upgraded":["theDuelist:GhostrickJiangshi"]}],"is_beta":false,"boss_relics":[],"items_purged_floors":[],"is_endless":false,"potions_floor_spawned":[6,11,12,14],"killed_by":"Hexaghost","ascension_level":5}}