{"host":"kiehjq3lc4w5t4uc","time":1613655223,"event":{"mods":["AchievementEnabler","BaseMod","BetterRewards","Colored Map","Colored Powertips","DeckTracker","Good Game Mod","Infinite Spire","Keyboard Shortcuts","Minty Spire (QoL Compilation)","Permanent Neow","Quick Restart","Rare Cards Sparkle","Relic Stats","StSLib","SuperFastMode"],"gold_per_floor":[110,110,125,144,155,181,181,210,261,261,261,296,310,15,15,136,136,161,161,161,177,27,63,63,79,79,122,135,135,135,135,135,264,264,288,94,94,157,177,220,220,251,251,264,264,283,321,321,321,440,440,448,148,159,159,154,151,152,152,152,152,166,168,168,162,162,104,104,91,91,86,71,71,71,65,46,71,62,62,47,34,56,56,142,142,132,121,116,116,89,83,83,101,124,115,115,113,113,95,95,167,167,175,175,176,186,188,188,188,188,214,224,224,248,247,251,251,370,370,375,375,474,471,462,462,483,483,483,483,504,504,504,516,516,378,378],"floor_reached":135,"language":"KOR","playtime":8975,"items_purged":["Defend_B","Strike_B","Defend_B","Defend_B","Strike_B","Defend_B","FTL+1","Fusion","FTL"],"score":4555,"play_id":"b7da6554-274c-4ce3-920e-2f1c7d57bfa9","local_time":"20210218223343","is_ascension_mode":true,"campfire_choices":[{"data":"Apotheosis","floor":7.0,"key":"SMITH"},{"data":"Coolheaded","floor":15.0,"key":"SMITH"},{"floor":24.0,"key":"RECALL"},{"data":"Heatsinks","floor":30.0,"key":"SMITH"},{"data":"FTL","floor":32.0,"key":"SMITH"},{"data":"Master of Strategy","floor":41.0,"key":"SMITH"},{"data":"Rainbow","floor":45.0,"key":"SMITH"},{"floor":49.0,"key":"REST"},{"data":"Flash of Steel","floor":66.0,"key":"SMITH"},{"data":"Flash of Steel","floor":74.0,"key":"SMITH"},{"data":"infinitespire:Collect","floor":79.0,"key":"SMITH"},{"data":"Genetic Algorithm","floor":83.0,"key":"SMITH"},{"data":"Madness","floor":92,"key":"SMITH"},{"data":"infinitespire:Oblivion","floor":100,"key":"SMITH"},{"data":"Biased Cognition","floor":108,"key":"SMITH"},{"data":"Electrodynamics","floor":110,"key":"SMITH"},{"data":"Defragment","floor":117,"key":"SMITH"},{"data":"Echo Form","floor":125,"key":"SMITH"},{"data":"Meteor Strike","floor":127,"key":"SMITH"},{"data":"Genetic Algorithm","floor":129,"key":"SMITH"},{"data":"Defragment","floor":134,"key":"SMITH"}],"circlet_count":1,"master_deck":["Barricade","Finesse","Genetic Algorithm+1","Apotheosis+1","Heatsinks+1","Loop","Genetic Algorithm+1","Madness+1","Defragment+1","Coolheaded+1","Compile Driver+1","Biased Cognition+1","Defragment+1","Rainbow+1","Finesse","All For One","Lockon+1","Master of Strategy+1","Enlightenment","Flash of Steel+1","Flash of Steel+1","Electrodynamics+1","infinitespire:Collect+1","Meteor Strike+1","infinitespire:Oblivion+1","Echo Form+1","Echo Form+1"],"relics":["Cracked Core","REME:ComplimentaryCards","DataDisk","ClockworkSouvenir","TungstenRod","Art of War","infinitespire:Satchel","Runic Capacitor","Meat on the Bone","Cables","Mercury Hourglass","Golden Idol","Dead Branch","Omamori","infinitespire:Joker Card","Nuclear Battery","Nilry\u0027s Codex","Blood Vial","Bird Faced Urn","Turnip","Question Card","Empty Cage","Sozu","StoneCalendar","Orichalcum","Smiling Mask","infinitespire:CheckeredPen","infinitespire:Lychee Nut","Bottled Lightning","Lizard Tail","Mummified Hand","Sundial","TheAbacus","Inserter","infinitespire:FocusingShard","Calipers","MealTicket","PreservedInsect","infinitespire:Cupcake","Darkstone Periapt","Happy Flower","Pocketwatch","infinitespire:Freezer","Coffee Dripper","Tiny Chest","Circlet","CeramicFish","Kunai","Calling Bell","Vajra","infinitespire:SolderingIron","Unceasing Top","infinitespire:Beetle Shell","Incense Burner","Bag of Preparation","Frozen Egg 2","Dream Catcher"],"acts_visited":["Exordium","TheCity","TheBeyond","Exordium","TheCity","TheBeyond","Exordium","TheCity"],"potions_floor_usage":[135],"damage_taken":[{"damage":2.0,"enemies":"Small Slimes","floor":1.0,"turns":3.0},{"damage":0.0,"enemies":"Cultist","floor":3.0,"turns":4.0},{"damage":1.0,"enemies":"Jaw Worm","floor":4.0,"turns":3.0},{"damage":3.0,"enemies":"2 Fungi Beasts","floor":5.0,"turns":3.0},{"damage":9.0,"enemies":"3 Sentries","floor":6.0,"turns":5.0},{"damage":0.0,"enemies":"Lagavulin","floor":8.0,"turns":4.0},{"damage":0.0,"enemies":"Gremlin Nob","floor":12.0,"turns":3.0},{"damage":0.0,"enemies":"Red Slaver","floor":13.0,"turns":2.0},{"damage":0.0,"enemies":"Slime Boss","floor":16.0,"turns":7.0},{"damage":3.0,"enemies":"3 Byrds","floor":18.0,"turns":3.0},{"damage":7.0,"enemies":"Shell Parasite","floor":21.0,"turns":3.0},{"damage":0.0,"enemies":"Slavers","floor":23.0,"turns":4.0},{"damage":0.0,"enemies":"Sentry and Sphere","floor":25.0,"turns":3.0},{"damage":0.0,"enemies":"Book of Stabbing","floor":27.0,"turns":4.0},{"damage":14.0,"enemies":"Centurion and Healer","floor":28.0,"turns":4.0},{"damage":0.0,"enemies":"Champ","floor":33.0,"turns":6.0},{"damage":0.0,"enemies":"3 Darklings","floor":35.0,"turns":3.0},{"damage":3.0,"enemies":"Mind Bloom Boss Battle","floor":38.0,"turns":4.0},{"damage":6.0,"enemies":"Orb Walker","floor":39.0,"turns":2.0},{"damage":0.0,"enemies":"Nemesis","floor":40.0,"turns":3.0},{"damage":11.0,"enemies":"Reptomancer","floor":42.0,"turns":3.0},{"damage":0.0,"enemies":"Spire Growth","floor":44.0,"turns":3.0},{"damage":0.0,"enemies":"Jaw Worm Horde","floor":46.0,"turns":3.0},{"damage":16.0,"enemies":"Nightmare","floor":47.0,"turns":6.0},{"damage":16.0,"enemies":"Donu and Deca","floor":50.0,"turns":5.0},{"damage":0.0,"enemies":"2 Louse","floor":52.0,"turns":1.0},{"damage":0.0,"enemies":"Jaw Worm","floor":54.0,"turns":2.0},{"damage":0.0,"enemies":"Cultist","floor":56.0,"turns":2.0},{"damage":0.0,"enemies":"Nightmare","floor":57.0,"turns":4.0},{"damage":0.0,"enemies":"Exordium Wildlife","floor":58.0,"turns":2.0},{"damage":0.0,"enemies":"Gremlin Nob","floor":62.0,"turns":2.0},{"damage":0.0,"enemies":"Looter","floor":63.0,"turns":1.0},{"damage":0.0,"enemies":"Large Slime","floor":65.0,"turns":2.0},{"damage":0.0,"enemies":"Hexaghost","floor":67.0,"turns":2.0},{"damage":0.0,"enemies":"2 Thieves","floor":69.0,"turns":1.0},{"damage":0.0,"enemies":"Spheric Guardian","floor":71.0,"turns":1.0},{"damage":0.0,"enemies":"Centurion and Healer","floor":72.0,"turns":2.0},{"damage":0.0,"enemies":"Cultist and Chosen","floor":75.0,"turns":2.0},{"damage":0.0,"enemies":"Nightmare","floor":76.0,"turns":4.0},{"damage":0.0,"enemies":"Snecko","floor":78.0,"turns":2.0},{"damage":0.0,"enemies":"3 Cultists","floor":80.0,"turns":2.0},{"damage":0.0,"enemies":"Chosen and Byrds","floor":81.0,"turns":1.0},{"damage":0.0,"enemies":"Gremlin Leader","floor":82.0,"turns":2.0},{"damage":0.0,"enemies":"Collector","floor":84.0,"turns":3.0},{"damage":0.0,"enemies":"3 Shapes","floor":86.0,"turns":2.0},{"damage":15.0,"enemies":"Orb Walker","floor":87.0,"turns":2.0},{"damage":0.0,"enemies":"Sphere and 2 Shapes","floor":88.0,"turns":2.0},{"damage":0.0,"enemies":"Maw","floor":90.0,"turns":1.0},{"damage":10.0,"enemies":"Giant Head","floor":91.0,"turns":3.0},{"damage":0,"enemies":"Reptomancer","floor":93,"turns":1},{"damage":17,"enemies":"Spire Growth","floor":95,"turns":2},{"damage":0,"enemies":"4 Shapes","floor":97,"turns":1},{"damage":0,"enemies":"Maw","floor":99,"turns":1},{"damage":0,"enemies":"Awakened One","floor":101,"turns":2},{"damage":0,"enemies":"Small Slimes","floor":103,"turns":1},{"damage":0,"enemies":"Cultist","floor":105,"turns":2},{"damage":0,"enemies":"2 Louse","floor":106,"turns":1},{"damage":0,"enemies":"Looter","floor":107,"turns":1},{"damage":0,"enemies":"3 Louse","floor":112,"turns":1},{"damage":0,"enemies":"3 Sentries","floor":114,"turns":2},{"damage":0,"enemies":"2 Fungi Beasts","floor":115,"turns":1},{"damage":0,"enemies":"Nightmare","floor":116,"turns":4},{"damage":0,"enemies":"Slime Boss","floor":118,"turns":2},{"damage":0,"enemies":"3 Byrds","floor":120,"turns":1},{"damage":0,"enemies":"Shell Parasite","floor":123,"turns":2},{"damage":0,"enemies":"3 Cultists","floor":124,"turns":2},{"damage":0,"enemies":"Gremlin Leader","floor":126,"turns":2},{"damage":0,"enemies":"Book of Stabbing","floor":130,"turns":2},{"damage":0,"enemies":"Nightmare","floor":133,"turns":4},{"damage":232,"enemies":"infinitespire:LordOfFortification","floor":135,"turns":29}],"seed_played":"2460954602986731752","potions_obtained":[{"floor":1.0,"key":"Ancient Potion"},{"floor":4.0,"key":"infinitespire:BlackPotion"},{"floor":5.0,"key":"PowerPotion"}],"is_trial":false,"path_per_floor":["M","?","M","M","M","E","R","E","T","?","T","E","M","$","R","B",null,"M","?","?","M","$","E","R","M","T","E","M","?","R","AVR","R","B",null,"M","$","?","?","M","E","R","E","T","M","R","M","NM","?","R","B",null,"M","$","M","?","M","NM","M","?","T","?","E","M","AVR","M","R","B",null,"M","?","M","M","AVR","R","M","NM","T","M","R","M","M","E","R","B",null,"M","M","M","AVR","M","E","R","E","T","M","$","M","?","M","R","B",null,"M","?","M","M","M","R","AVR","R","T","M","?","E","M","NM","R","B",null,"M","?","?","M","M","R","E","R","T","R","E","AVR","T","NM","R","B"],"character_chosen":"DEFECT","items_purchased":["DataDisk","ClockworkSouvenir","Finesse","Genetic Algorithm","Apotheosis","Heatsinks","TungstenRod","FTL","Art of War","Gash","Loop","Genetic Algorithm","Madness","infinitespire:Satchel","Defragment","Runic Capacitor","Meat on the Bone","Go for the Eyes","infinitespire:Joker Card","Master of Strategy","Bottled Lightning"],"campfire_rested":1,"item_purchase_floors":[0,0,0,0,0,0,0,0,0,0,0,0,0,0,0,0,0,0,14,36,53],"current_hp_per_floor":[73,73,73,72,69,60,60,60,60,43,43,43,43,43,43,43,67,64,52,52,45,45,45,45,47,47,59,61,61,61,61,61,75,75,75,75,75,72,71,75,75,72,72,75,75,75,56,47,56,56,56,56,56,56,46,56,56,56,61,61,61,61,61,61,61,61,61,61,61,61,61,61,61,61,61,61,61,61,61,61,61,61,61,61,61,61,54,61,61,61,61,61,61,61,54,61,61,61,61,61,61,61,61,61,61,61,61,61,61,61,61,61,47,60,61,61,61,61,61,61,52,52,65,66,66,66,66,66,66,66,66,66,66,66,0,0],"gold":378,"neow_bonus":"","is_daily":false,"chose_seed":false,"campfire_upgraded":19,"win_rate":0.0,"timestamp":1613655223,"path_taken":["M","?","M","?","M","E","R","E","T","?","?","E","M","$","R","BOSS","M","?","?","M","$","E","R","?","T","E","M","?","R","AVR","R","BOSS","M","$","?","?","M","E","R","E","T","M","R","M","NM","?","R","BOSS","M","$","M","?","M","NM","M","?","T","?","E","?","AVR","M","R","BOSS","M","?","M","M","AVR","R","M","NM","T","M","R","M","M","E","R","BOSS","M","M","M","AVR","M","E","R","E","T","?","?","M","?","M","R","BOSS","M","?","M","?","M","R","AVR","R","T","M","?","E","M","NM","R","BOSS","M","?","?","M","M","R","E","R","T","R","E","AVR","?","NM","R","BOSS"],"items_purchased_type":["Relic","Relic","Card","Card","Card","Card","Relic","Card","Relic","Card","Card","Card","Card","Relic","Card","Relic","Relic","Card","Relic","Card","Relic"],"build_version":"2020-12-22","purchased_purges":9,"victory":false,"max_hp_per_floor":[75,75,75,75,75,75,75,75,75,75,75,75,75,75,75,75,75,75,75,75,75,75,75,75,75,75,75,75,75,75,75,75,75,75,75,75,75,75,75,75,75,75,75,75,75,75,56,56,56,56,56,56,56,56,56,56,56,56,61,61,61,61,61,61,61,61,61,61,61,61,61,61,61,61,61,61,61,61,61,61,61,61,61,61,61,61,61,61,61,61,61,61,61,61,61,61,61,61,61,61,61,61,61,61,61,61,61,61,61,61,61,61,61,61,61,61,61,61,61,61,66,66,66,66,66,66,66,66,66,66,66,66,66,66,66,66],"relic_stats":{"Darkstone Periapt":0,"CeramicFish":342,"StoneCalendar":[0],"Bag of Preparation":[4],"Smiling Mask":105,"Blood Vial":24,"Sozu":19,"Lizard Tail":33,"Dream Catcher":1,"TheAbacus":[348],"Mummified Hand":[578],"Sundial":[44],"MealTicket":7,"Tiny Chest":1,"Kunai":[30],"Inserter":[32],"Happy Flower":[33],"counters":[91,273],"Golden Idol":645,"Dead Branch":[270],"PreservedInsect":853,"Orichalcum":[48],"Question Card":102,"Cables":[162,108,25,9,20],"Mercury Hourglass":[608],"Bird Faced Urn":[126],"Turnip":[24],"Art of War":[25],"obtain_stats":[{"Ice Cream":23,"Calipers":76,"Nilry\u0027s Codex":19,"CeramicFish":0,"Vajra":44,"Runic Capacitor":4,"Bottled Tornado":42,"Boot":22,"Old Coin":11,"Blood Vial":42,"Sozu":34,"Lizard Tail":57,"HornCleat":48,"infinitespire:SolderingIron":119,"Sundial":31,"DollysMirror":37,"Strawberry":31,"MealTicket":77,"Kunai":116,"Toxic Egg 2":48,"Girya":45,"Happy Flower":22,"Dead Branch":11,"Oddly Smooth Stone":27,"infinitespire:Beetle Shell":126,"War Paint":26,"Question Card":4,"Cables":21,"OrangePellets":31,"infinitespire:Lychee Nut":47,"Bronze Scales":11,"Bird Faced Urn":26,"Molten Egg 2":44,"Black Star":8,"StrikeDummy":28,"Symbiotic Virus":43,"Unceasing Top":37,"Meat on the Bone":0,"infinitespire:Cupcake":85,"Pocketwatch":93,"Darkstone Periapt":47,"Lantern":4,"Singing Bowl":47,"StoneCalendar":38,"Incense Burner":13,"Bag of Preparation":130,"Smiling Mask":0,"Ancient Tea Set":13,"Empty Cage":17,"ClockworkSouvenir":4,"Dream Catcher":23,"TheAbacus":64,"Mummified Hand":31,"Pantograph":27,"Tiny Chest":111,"Red Mask":39,"Cracked Core":0,"Runic Pyramid":51,"Inserter":68,"Golden Idol":0,"Circlet":113,"The Courier":0,"infinitespire:Joker Card":14,"infinitespire:FocusingShard":73,"PreservedInsect":82,"Omamori":12,"infinitespire:CheckeredPen":43,"Frozen Egg 2":9,"Orichalcum":40,"MawBank":40,"Mercury Hourglass":8,"Nuclear Battery":17,"Calling Bell":119,"REME:ComplimentaryCards":0,"DataDisk":31,"Orrery":22,"infinitespire:Satchel":0,"Turnip":27,"Art of War":31,"Coffee Dripper":34,"Bag of Marbles":37,"Membership Card":0,"Bottled Lightning":28,"FossilizedHelix":0,"Toy Ornithopter":40,"TungstenRod":45,"infinitespire:Freezer":94},{"Ice Cream":9,"Calipers":60,"Nilry\u0027s Codex":31,"CeramicFish":0,"Vajra":17,"Runic Capacitor":2,"Bottled Tornado":16,"Boot":8,"Old Coin":4,"Blood Vial":16,"Sozu":37,"Lizard Tail":50,"HornCleat":19,"infinitespire:SolderingIron":84,"Sundial":11,"DollysMirror":14,"Strawberry":11,"MealTicket":60,"Kunai":83,"Toxic Egg 2":19,"Girya":18,"Happy Flower":8,"Dead Branch":27,"Oddly Smooth Stone":10,"infinitespire:Beetle Shell":88,"War Paint":9,"Question Card":2,"Cables":8,"OrangePellets":11,"infinitespire:Lychee Nut":45,"Bronze Scales":4,"Bird Faced Urn":34,"Molten Egg 2":17,"Black Star":3,"StrikeDummy":11,"Symbiotic Virus":16,"Unceasing Top":14,"Meat on the Bone":21,"infinitespire:Cupcake":65,"Pocketwatch":71,"Darkstone Periapt":19,"Lantern":2,"Singing Bowl":19,"StoneCalendar":39,"Incense Burner":5,"Bag of Preparation":89,"Smiling Mask":0,"Ancient Tea Set":5,"Empty Cage":6,"ClockworkSouvenir":2,"Dream Catcher":9,"TheAbacus":53,"Mummified Hand":11,"Pantograph":10,"Tiny Chest":79,"Red Mask":14,"Cracked Core":0,"Runic Pyramid":46,"Inserter":55,"Golden Idol":0,"Circlet":80,"The Courier":0,"infinitespire:Joker Card":29,"infinitespire:FocusingShard":58,"PreservedInsect":64,"Omamori":28,"infinitespire:CheckeredPen":42,"Frozen Egg 2":3,"Orichalcum":41,"MawBank":15,"Mercury Hourglass":27,"Nuclear Battery":30,"Calling Bell":84,"REME:ComplimentaryCards":0,"DataDisk":11,"Orrery":8,"infinitespire:Satchel":21,"Turnip":35,"Art of War":11,"Coffee Dripper":12,"Bag of Marbles":14,"Membership Card":0,"Bottled Lightning":11,"FossilizedHelix":0,"Toy Ornithopter":15,"TungstenRod":18,"infinitespire:Freezer":71},{"Ice Cream":39,"Calipers":190,"Nilry\u0027s Codex":107,"CeramicFish":0,"Vajra":64,"Runic Capacitor":6,"Bottled Tornado":62,"Boot":34,"Old Coin":13,"Blood Vial":62,"Sozu":131,"Lizard Tail":172,"HornCleat":66,"infinitespire:SolderingIron":231,"Sundial":49,"DollysMirror":59,"Strawberry":49,"MealTicket":190,"Kunai":229,"Toxic Egg 2":66,"Girya":65,"Happy Flower":34,"Dead Branch":92,"Oddly Smooth Stone":44,"infinitespire:Beetle Shell":238,"War Paint":39,"Question Card":6,"Cables":34,"OrangePellets":49,"infinitespire:Lychee Nut":158,"Bronze Scales":13,"Bird Faced Urn":117,"Molten Egg 2":64,"Black Star":8,"StrikeDummy":49,"Symbiotic Virus":62,"Unceasing Top":59,"Meat on the Bone":71,"infinitespire:Cupcake":200,"Pocketwatch":211,"Darkstone Periapt":66,"Lantern":6,"Singing Bowl":66,"StoneCalendar":138,"Incense Burner":16,"Bag of Preparation":240,"Smiling Mask":0,"Ancient Tea Set":16,"Empty Cage":25,"ClockworkSouvenir":6,"Dream Catcher":39,"TheAbacus":176,"Mummified Hand":49,"Pantograph":44,"Tiny Chest":222,"Red Mask":59,"Cracked Core":0,"Runic Pyramid":163,"Inserter":180,"Golden Idol":0,"Circlet":223,"The Courier":0,"infinitespire:Joker Card":97,"infinitespire:FocusingShard":184,"PreservedInsect":197,"Omamori":95,"infinitespire:CheckeredPen":146,"Frozen Egg 2":8,"Orichalcum":143,"MawBank":60,"Mercury Hourglass":92,"Nuclear Battery":104,"Calling Bell":231,"REME:ComplimentaryCards":0,"DataDisk":49,"Orrery":34,"infinitespire:Satchel":71,"Turnip":121,"Art of War":49,"Coffee Dripper":54,"Bag of Marbles":59,"Membership Card":0,"Bottled Lightning":49,"FossilizedHelix":0,"Toy Ornithopter":60,"TungstenRod":65,"infinitespire:Freezer":211}],"TungstenRod":34,"Unceasing Top":[6],"Meat on the Bone":0,"Pocketwatch":[34]},"card_choices":[{"not_picked":["Leap","Gash"],"picked":"Coolheaded","floor":1.0},{"not_picked":["Heatsinks","Cold Snap","Conserve Battery"],"picked":"SKIP","floor":3.0},{"not_picked":["Conserve Battery","Steam Power"],"picked":"Compile Driver","floor":4.0},{"not_picked":["Cold Snap","Redo"],"picked":"Biased Cognition","floor":5.0},{"not_picked":["Chill","Conserve Battery","Stack"],"picked":"SKIP","floor":6.0},{"not_picked":["Sunder","Sweeping Beam"],"picked":"Defragment","floor":8.0},{"not_picked":["Streamline","Compile Driver","Redo"],"picked":"SKIP","floor":12.0},{"not_picked":["Blizzard","Hologram","Cold Snap"],"picked":"SKIP","floor":13.0},{"not_picked":["Multi-Cast","Reboot"],"picked":"Rainbow","floor":16.0},{"not_picked":["Compile Driver","Stack","Barrage"],"picked":"SKIP","floor":18.0},{"not_picked":["White Noise","Darkness","Barrage"],"picked":"SKIP","floor":21.0},{"not_picked":["Rip and Tear","Rebound","Hyperbeam"],"picked":"SKIP","floor":23.0},{"not_picked":["Gash+1","Turbo","Self Repair"],"picked":"SKIP","floor":25.0},{"not_picked":["Chill+1","Beam Cell","Compile Driver"],"picked":"SKIP","floor":27.0},{"not_picked":["Turbo+1","Chill","Streamline"],"picked":"SKIP","floor":28.0},{"not_picked":["Hyperbeam","Creative AI","Rainbow"],"picked":"All For One","floor":33.0},{"not_picked":["Tempest","Aggregate","Cold Snap+1"],"picked":"Lockon","floor":35.0},{"not_picked":["Redo+1","Compile Driver","Gash","Static Discharge+1"],"picked":"SKIP","floor":39.0},{"not_picked":["Rebound+1","Reprogram+1","FTL+1","Storm"],"picked":"SKIP","floor":40.0},{"not_picked":["Sweeping Beam+1","Stack+1","Cold Snap+1","Go for the Eyes+1"],"picked":"SKIP","floor":42.0},{"not_picked":["Compile Driver","Reboot","Leap+1","Storm"],"picked":"SKIP","floor":44.0},{"not_picked":["Leap+1","Rebound","Ball Lightning","Undo"],"picked":"SKIP","floor":46.0},{"not_picked":["Hologram","Blizzard","All For One","Cold Snap+1"],"picked":"SKIP","floor":47.0},{"not_picked":["Secret Weapon","Apotheosis","Panache"],"picked":"Enlightenment","floor":48.0},{"not_picked":["Forethought","Apotheosis","Enlightenment"],"picked":"Flash of Steel","floor":48.0},{"not_picked":["Dramatic Entrance","Panacea","Enlightenment"],"picked":"Flash of Steel","floor":48.0},{"not_picked":["Hologram","Recycle","Genetic Algorithm","Static Discharge"],"picked":"SKIP","floor":52.0},{"not_picked":["Sweeping Beam","Storm","Beam Cell","Gash"],"picked":"SKIP","floor":54.0},{"not_picked":["Coolheaded","Barrage","Force Field","Darkness"],"picked":"SKIP","floor":56.0},{"not_picked":["Darkness","Ball Lightning","Skim","Blizzard"],"picked":"SKIP","floor":57.0},{"not_picked":["Cold Snap","Steam","FTL","Go for the Eyes"],"picked":"SKIP","floor":58.0},{"not_picked":["Go for the Eyes","Barrage","Leap","Recycle"],"picked":"SKIP","floor":62.0},{"not_picked":["Steam Power","Doom and Gloom","Streamline","Conserve Battery"],"picked":"SKIP","floor":63.0},{"not_picked":["Turbo","Creative AI","Redo","Compile Driver"],"picked":"SKIP","floor":65.0},{"not_picked":["Multi-Cast","Buffer","Amplify"],"picked":"Electrodynamics","floor":67.0},{"not_picked":["Consume+1","Storm","Capacitor+1","Steam"],"picked":"SKIP","floor":69.0},{"not_picked":["Cold Snap","Steam","Glacier","Sweeping Beam"],"picked":"SKIP","floor":71.0},{"not_picked":["Sweeping Beam","Barrage+1","Glacier+1","Chill"],"picked":"SKIP","floor":72.0},{"not_picked":["Turbo","Static Discharge","Buffer","White Noise+1"],"picked":"SKIP","floor":75.0},{"not_picked":["infinitespire:SevenWalls","infinitespire:UltimateForm"],"picked":"infinitespire:Collect","floor":76.0},{"not_picked":["Redo+1","Multi-Cast","Cold Snap+1","Consume"],"picked":"SKIP","floor":76.0},{"not_picked":["Barrage","Steam","Streamline","Blizzard"],"picked":"SKIP","floor":78.0},{"not_picked":["Go for the Eyes","Stack","Beam Cell"],"picked":"Fusion","floor":80.0},{"not_picked":["Sunder","Chaos","Streamline","Turbo"],"picked":"SKIP","floor":81.0},{"not_picked":["Coolheaded","Darkness","Buffer","Compile Driver+1"],"picked":"SKIP","floor":82.0},{"not_picked":["Hyperbeam","Creative AI","Thunder Strike"],"picked":"Meteor Strike","floor":84.0},{"not_picked":["Tempest","Hologram","Consume+1","Beam Cell"],"picked":"SKIP","floor":86.0},{"not_picked":["Beam Cell+1","Stack","Genetic Algorithm","Double Energy+1"],"picked":"SKIP","floor":87.0},{"not_picked":["Sweeping Beam+1","Turbo","Hologram+1","Stack+1"],"picked":"SKIP","floor":88.0},{"not_picked":["infinitespire:Menacing","infinitespire:TheBestDefense"],"picked":"infinitespire:Oblivion","floor":89.0},{"not_picked":["Ball Lightning","Recycle+1","Multi-Cast","Leap"],"picked":"SKIP","floor":90.0},{"not_picked":["Self Repair+1","Cold Snap","Genetic Algorithm","Blizzard"],"picked":"SKIP","floor":91.0},{"not_picked":["Self Repair+1","Gash+1","Core Surge","Auto Shields+1"],"picked":"SKIP","floor":93},{"not_picked":["Self Repair+1","Gash+1","Core Surge","Auto Shields+1"],"picked":"SKIP","floor":93},{"not_picked":["Hologram","White Noise","FTL","Cold Snap+1"],"picked":"SKIP","floor":95},{"not_picked":["Redo","Steam","Leap+1","Tempest"],"picked":"SKIP","floor":97},{"not_picked":["Streamline","Cold Snap","BootSequence+1","Steam+1"],"picked":"SKIP","floor":99},{"not_picked":["Redo","Hologram","Glacier","Steam"],"picked":"SKIP","floor":103},{"not_picked":["Leap","Stack","Gash","Aggregate"],"picked":"SKIP","floor":105},{"not_picked":["Cold Snap","Hologram","Rebound","Force Field"],"picked":"SKIP","floor":106},{"not_picked":["Cold Snap","Defragment","Creative AI","Chaos"],"picked":"SKIP","floor":107},{"not_picked":["Turbo","Lockon","Heatsinks","Ball Lightning"],"picked":"SKIP","floor":112},{"not_picked":["Lockon","Gash","Rebound","BootSequence"],"picked":"SKIP","floor":114},{"not_picked":["Redo","Capacitor","Defragment","Barrage"],"picked":"SKIP","floor":115},{"not_picked":["Cold Snap","FTL","Static Discharge","Gash"],"picked":"SKIP","floor":116},{"not_picked":["Fission","Multi-Cast","All For One"],"picked":"Echo Form","floor":118},{"not_picked":["Stack","Scrape+1","Conserve Battery","Beam Cell"],"picked":"SKIP","floor":120},{"not_picked":["Leap","Rebound","Streamline","Barrage"],"picked":"SKIP","floor":123},{"not_picked":["Aggregate","Streamline","Glacier","Beam Cell+1"],"picked":"SKIP","floor":124},{"not_picked":["Cold Snap","Ball Lightning","Aggregate","Gash"],"picked":"SKIP","floor":126},{"not_picked":["Melter","Amplify","Streamline","Gash"],"picked":"SKIP","floor":130},{"not_picked":["Blizzard+1","Turbo","Glacier"],"picked":"Echo Form+1","floor":133}],"player_experience":193299,"relics_obtained":[{"floor":6.0,"key":"Cables"},{"floor":8.0,"key":"Mercury Hourglass"},{"floor":11.0,"key":"Dead Branch"},{"floor":12.0,"key":"Omamori"},{"floor":19.0,"key":"Nilry\u0027s Codex"},{"floor":23.0,"key":"Blood Vial"},{"floor":26.0,"key":"Bird Faced Urn"},{"floor":27.0,"key":"Turnip"},{"floor":38.0,"key":"StoneCalendar"},{"floor":40.0,"key":"Orichalcum"},{"floor":42.0,"key":"Smiling Mask"},{"floor":43.0,"key":"infinitespire:CheckeredPen"},{"floor":47.0,"key":"infinitespire:Lychee Nut"},{"floor":57.0,"key":"Lizard Tail"},{"floor":60.0,"key":"Mummified Hand"},{"floor":62.0,"key":"Sundial"},{"floor":76.0,"key":"Calipers"},{"floor":77.0,"key":"MealTicket"},{"floor":82.0,"key":"PreservedInsect"},{"floor":91.0,"key":"Happy Flower"},{"floor":93,"key":"Pocketwatch"},{"floor":94,"key":"infinitespire:Freezer"},{"floor":111,"key":"Tiny Chest"},{"floor":114,"key":"CeramicFish"},{"floor":116,"key":"Kunai"},{"floor":119,"key":"Vajra"},{"floor":119,"key":"infinitespire:SolderingIron"},{"floor":119,"key":"Unceasing Top"},{"floor":126,"key":"infinitespire:Beetle Shell"},{"floor":128,"key":"Incense Burner"},{"floor":130,"key":"Bag of Preparation"},{"floor":132,"key":"Frozen Egg 2"},{"floor":133,"key":"Dream Catcher"}],"event_choices":[{"damage_healed":0.0,"max_hp_gain":0.0,"max_hp_loss":0.0,"gold_gain":0.0,"event_name":"The Woman in Blue","player_choice":"Bought 0 Potions","floor":2.0,"gold_loss":0.0,"damage_taken":0.0},{"damage_healed":0.0,"max_hp_gain":0.0,"max_hp_loss":0.0,"gold_gain":0.0,"event_name":"Golden Idol","player_choice":"Take Damage","floor":10.0,"gold_loss":0.0,"damage_taken":18.0,"relics_obtained":["Golden Idol"]},{"damage_healed":0.0,"max_hp_gain":0.0,"max_hp_loss":0.0,"gold_gain":0.0,"event_name":"Cursed Tome","player_choice":"Obtained Book","floor":19.0,"gold_loss":0.0,"damage_taken":16.0},{"damage_healed":0.0,"max_hp_gain":0.0,"max_hp_loss":0.0,"gold_gain":0.0,"event_name":"Duplicator","player_choice":"Copied","floor":20.0,"gold_loss":0.0,"damage_taken":0.0,"cards_obtained":["Finesse"]},{"damage_healed":0.0,"max_hp_gain":0.0,"max_hp_loss":0.0,"gold_gain":0.0,"event_name":"The Mausoleum","player_choice":"Opened","floor":29.0,"gold_loss":0.0,"damage_taken":0.0,"relics_obtained":["Question Card"],"cards_obtained":["Writhe"]},{"damage_healed":0.0,"max_hp_gain":0.0,"max_hp_loss":0.0,"gold_gain":0.0,"event_name":"Tomb of Lord Red Mask","player_choice":"Ignored","floor":37.0,"gold_loss":0.0,"damage_taken":0.0},{"damage_healed":0.0,"max_hp_gain":0.0,"max_hp_loss":0.0,"gold_gain":0.0,"event_name":"MindBloom","player_choice":"Fight","floor":38.0,"gold_loss":0.0,"damage_taken":0.0},{"damage_healed":0.0,"max_hp_gain":0.0,"max_hp_loss":0.0,"gold_gain":0.0,"event_name":"SensoryStone","player_choice":"Memory 3","floor":48.0,"gold_loss":0.0,"damage_taken":10.0},{"damage_healed":0.0,"max_hp_gain":0.0,"max_hp_loss":0.0,"gold_gain":0.0,"event_name":"Shining Light","player_choice":"Entered Light","floor":55.0,"gold_loss":0.0,"damage_taken":11.0,"cards_upgraded":["Compile Driver","Lockon"]},{"damage_healed":0.0,"max_hp_gain":5.0,"max_hp_loss":0.0,"gold_gain":0.0,"event_name":"Big Fish","player_choice":"Donut","floor":59.0,"gold_loss":0.0,"damage_taken":0.0},{"cards_removed":["Zap"],"damage_healed":0.0,"max_hp_gain":0.0,"max_hp_loss":0.0,"gold_gain":0.0,"event_name":"Living Wall","player_choice":"Forget","floor":61.0,"gold_loss":0.0,"damage_taken":0.0},{"cards_removed":["Gash"],"damage_healed":0.0,"max_hp_gain":0.0,"max_hp_loss":0.0,"gold_gain":0.0,"event_name":"Purifier","player_choice":"Purged","floor":70.0,"gold_loss":0.0,"damage_taken":0.0},{"cards_removed":["Go for the Eyes"],"damage_healed":5,"gold_gain":0,"player_choice":"Offered Common","damage_taken":0,"max_hp_gain":0,"max_hp_loss":0,"event_name":"Bonfire Elementals","floor":98,"gold_loss":0},{"cards_removed":["Go for the Eyes"],"damage_healed":5,"gold_gain":0,"player_choice":"Offered Special","damage_taken":0,"max_hp_gain":0,"max_hp_loss":0,"event_name":"Bonfire Elementals","floor":98,"gold_loss":0},{"damage_healed":0,"gold_gain":0,"cards_transformed":["Dualcast"],"player_choice":"Transformed","damage_taken":0,"max_hp_gain":0,"max_hp_loss":0,"event_name":"Transmorgrifier","floor":104,"gold_loss":0,"cards_obtained":["FTL"]},{"damage_healed":0,"gold_gain":0,"player_choice":"Take Damage","damage_taken":15,"relics_obtained":["Circlet"],"max_hp_gain":0,"max_hp_loss":0,"event_name":"Golden Idol","floor":113,"gold_loss":0},{"damage_healed":0,"gold_gain":0,"player_choice":"Shed Blood","damage_taken":15,"max_hp_gain":5,"max_hp_loss":0,"event_name":"Forgotten Altar","floor":121,"gold_loss":0},{"damage_healed":0,"gold_gain":99,"player_choice":"Stole From Cult","damage_taken":0,"max_hp_gain":0,"max_hp_loss":0,"event_name":"Nest","floor":122,"gold_loss":0}],"is_beta":false,"boss_relics":[{"not_picked":["Velvet Choker","Inserter"],"picked":"Nuclear Battery"},{"not_picked":["SacredBark","Busted Crown"],"picked":"Sozu"},{"not_picked":["Black Star","Snecko Eye"],"picked":"Runic Pyramid"},{"not_picked":["Astrolabe","SlaversCollar"],"picked":"Inserter"},{"not_picked":["Black Star","Snecko Eye"],"picked":"infinitespire:Cupcake"},{"not_picked":["Velvet Choker","Runic Dome"],"picked":"Coffee Dripper"},{"not_picked":["Velvet Choker","Fusion Hammer"],"picked":"Calling Bell"}],"items_purged_floors":[0,0,0,22,31,53,73,89,109],"is_endless":true,"potions_floor_spawned":[1,4,5,8,21,25,35,38,42,46,52,56,58,65,72,75,76,80,81,86,91,99,101,103,106,114,115,120,124,126,130],"killed_by":"infinitespire:LordOfFortification","ascension_level":5}}