{"host":"2820e8i2y38gm4bp","time":1613688455,"event":{"mods":["2.2 Compatiblity","Act Like it!","BaseMod","Better Note","BetterRewards","Downfall","Elementarium","Gensokyo","GungeonMod","Hermit","Hubris","Marisa????????","Minty Spire (QoL Compilation)","Rare Cards Sparkle","Replay The Spire","StSLib","The Cursed","The Jungle","The Servant 0.9.4"],"gold_per_floor":[116,129,129,141,151,151,186,186,186,212,212,238,249,37,37,163,163,176,7,7,17,17,17,116,144,144,157,169,169,17,28,28,28,28],"floor_reached":33,"language":"ENG","playtime":1752,"items_purged":["Defend_MRS","Strike_MRS"],"score":299,"play_id":"074f4f42-f57d-434f-a710-03ed376e53fa","local_time":"20210218174734","is_ascension_mode":true,"campfire_choices":[{"floor":6.0,"key":"REST"},{"floor":8.0,"key":"REST"},{"floor":15.0,"key":"REST"},{"floor":23.0,"key":"REST"},{"floor":29.0,"key":"REST"},{"floor":32,"key":"REST"}],"circlet_count":0,"master_deck":["Strike_MRS","Strike_MRS","Defend_MRS","Defend_MRS","Defend_MRS","MasterSpark+1","UpSweep","SuperNova","DC","DemoMod:Deposit","6A","GalacticHalo","GrandCross","BlazeAway","UltimateShortwave","OortCloud","Parasite","MagicAbsorber","WitchLeyline","EscapeVelocity+1","EscapeVelocity+1","UltimateShortwave","SprinkleStarSeal+1","SuperPerseids","Finesse","WitchLeyline","Languid","OpenUniverse+1","ManaRampage"],"relics":["MiniHakkero","DemoMod:GnawedKey","Medical Kit","Kunai","Ice Cream","Mirror","Frozen Egg 2","hubris:Backtick","Charon\u0027s Ashes","hubris:Reverence","DemoMod:DecoyRelic","Chameleon Ring","Simple Rune"],"acts_visited":["Exordium","TheCity"],"potions_floor_usage":[33],"damage_taken":[{"damage":0.0,"enemies":"Small Slimes","floor":1.0,"turns":3.0},{"damage":6.0,"enemies":"Jaw Worm","floor":2.0,"turns":3.0},{"damage":0.0,"enemies":"Cultist","floor":4.0,"turns":3.0},{"damage":12.0,"enemies":"Gremlin Gang","floor":5.0,"turns":4.0},{"damage":19.0,"enemies":"Lagavulin","floor":7.0,"turns":6.0},{"damage":16.0,"enemies":"Gremlin Nob","floor":10.0,"turns":3.0},{"damage":9.0,"enemies":"3 Sentries","floor":12.0,"turns":7.0},{"damage":7.0,"enemies":"Large Slime","floor":13.0,"turns":3.0},{"damage":34.0,"enemies":"Fading Forest","floor":16.0,"turns":11.0},{"damage":29.0,"enemies":"Shell Parasite","floor":18.0,"turns":4.0},{"damage":20.0,"enemies":"2 Thieves","floor":21.0,"turns":4.0},{"damage":29.0,"enemies":"Slavers","floor":25.0,"turns":5.0},{"damage":8.0,"enemies":"Snecko","floor":27.0,"turns":4.0},{"damage":6.0,"enemies":"Centurion and Healer","floor":28.0,"turns":4.0},{"damage":23,"enemies":"Shelled Parasite and Fungi","floor":31,"turns":5},{"damage":29,"enemies":"Automaton","floor":33,"turns":4}],"seed_played":"2448465762153817726","potions_obtained":[{"floor":1.0,"key":"DuplicationPotion"},{"floor":7.0,"key":"DemoMod:LeadSkinPotion"},{"floor":10.0,"key":"Reflective Coating"},{"floor":16.0,"key":"Strength Potion"},{"floor":21.0,"key":"SpeedPotion"},{"floor":28.0,"key":"Languid Potion"}],"is_trial":false,"path_per_floor":["M","M","?","M","M","R","E","R","T","E","?","E","M","$","R","B",null,"M","$","?","M","?","R","?","E","T","M","M","R","$","M","R","B"],"character_chosen":"MARISA","items_purchased":["DemoMod:GnawedKey","Medical Kit","DC","DemoMod:Deposit","6A","EscapeVelocity+1","SuperPerseids","Finesse","Simple Rune"],"campfire_rested":6,"item_purchase_floors":[0,0,0,0,0,14,19,19,30],"current_hp_per_floor":[40,34,34,34,22,44,25,47,47,31,49,40,33,33,55,31,75,46,46,46,26,26,48,48,19,19,11,5,27,27,4,26,0,0],"gold":28,"neow_bonus":"","is_daily":false,"chose_seed":false,"campfire_upgraded":0,"win_rate":0.0,"timestamp":1613688454,"path_taken":["M","M","?","M","M","R","E","R","T","E","?","E","M","$","R","BOSS","M","$","?","?","?","R","?","E","T","?","M","R","?","M","R","BOSS"],"items_purchased_type":["Relic","Relic","Card","Card","Card","Card","Card","Card","Relic"],"build_version":"2020-12-22","purchased_purges":2,"victory":false,"max_hp_per_floor":[75,75,75,75,75,75,75,75,75,75,75,75,75,75,75,75,75,75,75,75,75,75,75,75,75,75,75,75,75,75,75,75,75,75],"card_choices":[{"not_picked":["IllusionStar","LuminesStrike"],"picked":"GalacticHalo","floor":1.0},{"not_picked":["6A","AlicesGift"],"picked":"GrandCross","floor":2.0},{"not_picked":["Acceleration","GravityBeat"],"picked":"BlazeAway","floor":4.0},{"not_picked":["MilkyWay","DoubleSpark"],"picked":"UltimateShortwave","floor":5.0},{"not_picked":["LuminesStrike","Orbital","OpenUniverse"],"picked":"SKIP","floor":7.0},{"not_picked":["StarBarrage","IllusionStar"],"picked":"OortCloud","floor":10.0},{"not_picked":["ShootTheMoon","UnstableBomb"],"picked":"MagicAbsorber","floor":12.0},{"not_picked":["ShootingEcho","StarlightTyphoon"],"picked":"WitchLeyline","floor":13.0},{"not_picked":["SuperNova+1","CollectingQuirk"],"picked":"UltimateShortwave","floor":16.0},{"not_picked":["UnstableBomb+1","ChargingUp"],"picked":"SprinkleStarSeal+1","floor":18.0},{"not_picked":["PropBag+1","WitchOfGreed+1"],"picked":"WitchLeyline","floor":21.0},{"not_picked":["WitchOfGreed+1","PowerUp"],"picked":"OpenUniverse+1","floor":25.0},{"not_picked":["StarlightTyphoon","AsteroidBelt+1"],"picked":"ManaRampage","floor":27.0},{"not_picked":["GrandCross","ShootingEcho","NonDirectionalLaser"],"picked":"SKIP","floor":28.0},{"not_picked":["AlicesGift+1","Orbital","Acceleration"],"picked":"SKIP","floor":31}],"player_experience":563759,"relics_obtained":[{"floor":7.0,"key":"Kunai"},{"floor":9.0,"key":"Ice Cream"},{"floor":10.0,"key":"Mirror"},{"floor":12.0,"key":"Frozen Egg 2"},{"floor":25.0,"key":"DemoMod:DecoyRelic"},{"floor":26.0,"key":"Chameleon Ring"}],"event_choices":[{"damage_healed":18.0,"max_hp_gain":0.0,"max_hp_loss":0.0,"gold_gain":0.0,"event_name":"Mushrooms_MRS","player_choice":"Healed and dodged fight","floor":11.0,"gold_loss":0.0,"damage_taken":0.0,"cards_obtained":["Parasite"]},{"cards_removed":["Strike_MRS"],"damage_healed":0.0,"max_hp_gain":0.0,"max_hp_loss":0.0,"gold_gain":0.0,"event_name":"betterNote:BetterNote","player_choice":"Give","floor":20.0,"gold_loss":0.0,"damage_taken":0.0,"cards_obtained":["Strike_R"]},{"damage_healed":0.0,"max_hp_gain":0.0,"max_hp_loss":0.0,"gold_gain":99.0,"event_name":"Nest","player_choice":"Stole From Cult","floor":24.0,"gold_loss":0.0,"damage_taken":0.0}],"is_beta":false,"boss_relics":[{"not_picked":["Replay:Wanted Poster","hubris:BlackHole"],"picked":"hubris:Backtick"}],"items_purged_floors":[0,14],"is_endless":false,"potions_floor_spawned":[1,7,10,16,21,28],"killed_by":"Automaton","ascension_level":1}}