{"host":"vzx23wlhlhnhmsyc","time":1613642261,"event":{"mods":["100% Spire Juice","Act Like it!","Arknights","Aspiration","BaseMod","Friendly Minions","Gensokyo","Minty Spire (QoL Compilation)","Remilia（蕾米莉亚）","Replay The Spire","RumiaBox-露米娅的神秘盒子","StSLib","The Alterego","【功能Mod】混沌之环修复补丁"],"gold_per_floor":[109,121,14,31,42,72,84,118,118,118,118,118,16,34,34,132,132,152,172,172,52,52,52,86,86,86,105,119,149,109,127,127,230,230,129,129,129,149,149,175,100,100,100,100,100,114,143,155,155,155,155,155,35,62,62],"floor_reached":56,"language":"ZHS","playtime":6239,"items_purged":["Moonworks:Flamethrower"],"score":1359,"play_id":"23de0b41-e933-4683-9039-c5c47563a30d","local_time":"20210218175741","is_ascension_mode":false,"campfire_choices":[{"floor":10.0,"key":"REST"},{"data":"Moonworks:UnpaidWork","floor":15.0,"key":"SMITH"},{"data":"Moonworks:WeAreWaruda","floor":23.0,"key":"SMITH"},{"data":"Moonworks:Accelerator","floor":25.0,"key":"SMITH"},{"floor":32.0,"key":"REST"},{"floor":45.0,"key":"RECALL"},{"data":"Moonworks:Blazing","floor":49.0,"key":"SMITH"},{"data":"Moonworks:ScrambledEve","floor":52,"key":"SMITH"}],"circlet_count":0,"master_deck":["Moonworks:LulusLuckyEgg","Moonworks:UnpaidWork+1","Moonworks:HolyNight","Moonworks:Blazing+1","Moonworks:RocketCannon","Moonworks:SinkOrSwim","Moonworks:Wanted","Moonworks:GoAway","Moonworks:ReflectiveShell","Moonworks:Accelerator+1","Moonworks:WeAreWaruda","Moonworks:WeAreWaruda+1","Moonworks:ScrambledEve+1","Moonworks:ForcedRevival","Moonworks:SakisCookie","Moonworks:StarBlastingFuse","Moonworks:AwakeningOfTalent","Moonworks:SinkOrSwim","Moonworks:x16BigRocket+2","Moonworks:Encore","Gensokyo:HouraiInAPot+1","Moonworks:OutOfAmmo","Moonworks:Encore"],"relics":["Moonworks:SBBomb","Moonworks:Homemark","SecretRecord","SumBook","aspiration:SeaSaltIceCream","aspiration:RitualStick","Pear","Gensokyo:DirgeOfMelancholy","Letter Opener","Chameleon Ring","Sozu","MagicDraw1","Gensokyo:EmptyGrave","Du-Vu Doll","Mummified Hand","Ccalipers"],"acts_visited":["Exordium","Gensokyo:Gensokyo","Gensokyo:Gensokyoer","TheEnding"],"potions_floor_usage":[54],"damage_taken":[{"damage":0.0,"enemies":"Gensokyo:3_Fairies","floor":1.0,"turns":4.0},{"damage":6.0,"enemies":"Gensokyo:Gryphon","floor":2.0,"turns":7.0},{"damage":0.0,"enemies":"Gensokyo:2_Kodama","floor":3.0,"turns":3.0},{"damage":7.0,"enemies":"Gensokyo:Kitsune","floor":4.0,"turns":4.0},{"damage":3.0,"enemies":"Gensokyo:VengefulSpirit","floor":5.0,"turns":4.0},{"damage":14.0,"enemies":"Gensokyo:Mamizou","floor":6.0,"turns":11.0},{"damage":12.0,"enemies":"Gensokyo:CorruptedTreant","floor":7.0,"turns":3.0},{"damage":13.0,"enemies":"Gensokyo:Aya","floor":8.0,"turns":5.0},{"damage":6.0,"enemies":"Gensokyo:5_Fairies","floor":13.0,"turns":5.0},{"damage":5.0,"enemies":"Gensokyo:2_Rabbits","floor":14.0,"turns":3.0},{"damage":0.0,"enemies":"Gensokyo:Reimu","floor":16.0,"turns":5.0},{"damage":0.0,"enemies":"Gensokyo:CosmicMonolith","floor":18.0,"turns":3.0},{"damage":0.0,"enemies":"Gensokyo:2_Gloops","floor":19.0,"turns":4.0},{"damage":21.0,"enemies":"Gensokyo:Tenshi","floor":24.0,"turns":4.0},{"damage":5.0,"enemies":"Gensokyo:Mirror_and_Dog","floor":27.0,"turns":3.0},{"damage":19.0,"enemies":"Gensokyo:Slime_Group","floor":28.0,"turns":4.0},{"damage":6.0,"enemies":"Gensokyo:Reisen","floor":29.0,"turns":4.0},{"damage":7.0,"enemies":"Gensokyo:Wraith","floor":31.0,"turns":5.0},{"damage":0.0,"enemies":"Gensokyo:Eternal_Rivals","floor":33.0,"turns":7.0},{"damage":0.0,"enemies":"Gensokyo:AncientGuardian","floor":35.0,"turns":4.0},{"damage":0.0,"enemies":"Gensokyo:AncientGuardian","floor":37.0,"turns":7.0},{"damage":12.0,"enemies":"Gensokyo:3_Bats","floor":38.0,"turns":4.0},{"damage":0.0,"enemies":"Gensokyo:Doremy","floor":40.0,"turns":5.0},{"damage":18.0,"enemies":"Gensokyo:3_Boulders","floor":46.0,"turns":4.0},{"damage":6.0,"enemies":"Gensokyo:Kasen","floor":47.0,"turns":4.0},{"damage":12.0,"enemies":"Gensokyo:4_Bats","floor":48.0,"turns":2.0},{"damage":18,"enemies":"Gensokyo:Yuyuko","floor":50,"turns":2},{"damage":0,"enemies":"Shield and Spear","floor":54,"turns":3},{"damage":18,"enemies":"The Heart","floor":55,"turns":6}],"seed_played":"-5175187089772428707","potions_obtained":[{"floor":2.0,"key":"ColorlessPotion"},{"floor":6.0,"key":"CultistPotion"},{"floor":7.0,"key":"Swift Potion"},{"floor":16.0,"key":"EssenceOfSteel"},{"floor":24.0,"key":"SpeedPotion"},{"floor":29.0,"key":"Energy Potion"},{"floor":31.0,"key":"Energy Potion"}],"is_trial":false,"path_per_floor":["M","M","M","M","M","E","M","E","T","R","?","?","M","M","R","B",null,"M","M","?","?","$","R","E","R","T","M","M","E","?","M","R","B",null,"M","?","?","M","?","E","$","?","T","$","R","M","E","M","R","B",null,"R","$","E","B",null],"character_chosen":"THE_STARBREAKER","items_purchased":[],"campfire_rested":2,"item_purchase_floors":[],"current_hp_per_floor":[66,60,60,53,50,36,24,11,11,30,25,25,19,20,20,26,76,76,76,76,76,76,76,55,55,55,56,37,40,40,36,58,64,76,76,76,76,64,64,70,70,70,70,70,70,58,58,52,52,52,70,70,70,70,64],"gold":62,"neow_bonus":"TEN_PERCENT_HP_BONUS","is_daily":false,"chose_seed":false,"campfire_upgraded":5,"win_rate":0.0,"timestamp":1613642261,"path_taken":["M","M","M","M","M","E","?","E","T","R","?","?","M","M","R","BOSS","M","M","?","?","?","R","E","R","T","?","M","E","?","M","R","BOSS","M","?","?","M","?","E","?","?","T","$","R","M","E","M","R","BOSS","R","$","E","BOSS"],"items_purchased_type":[],"build_version":"2020-12-22","purchased_purges":1,"victory":true,"max_hp_per_floor":[66,66,66,66,66,66,66,66,66,66,76,76,76,76,76,76,76,76,76,76,76,76,76,76,76,76,76,76,76,76,76,76,76,76,76,76,76,76,76,76,76,70,70,70,70,70,70,70,70,70,70,70,70,70,70],"card_choices":[{"not_picked":["Moonworks:UnluckyCharm","Moonworks:CloudOfSeagulls"],"picked":"Moonworks:LulusLuckyEgg","floor":1.0},{"not_picked":["Moonworks:BigMagnum","Moonworks:NicePresent"],"picked":"Moonworks:Flamethrower","floor":2.0},{"not_picked":["Moonworks:CloudOfSeagulls","Moonworks:NicePresent","Moonworks:EvilSpyWorkPreparation"],"picked":"SKIP","floor":3.0},{"not_picked":["Moonworks:LulusLuckyEgg","Moonworks:ImOnFire","Moonworks:Assault"],"picked":"SKIP","floor":4.0},{"not_picked":["Moonworks:DevilHand","Moonworks:BeyondHell"],"picked":"Moonworks:UnpaidWork","floor":5.0},{"not_picked":["Moonworks:Blazing","Moonworks:FullSpeedAlicianrone"],"picked":"Moonworks:RagingMadness","floor":6.0},{"not_picked":["Moonworks:IndiscriminateFireSupport","Moonworks:EvilSpyWorkPreparation","Moonworks:JonathanRush"],"picked":"SKIP","floor":7.0},{"not_picked":["Moonworks:IntelligenceOfficer","Moonworks:EvilSpyWorkPreparation"],"picked":"Moonworks:ScrambledEve","floor":8.0},{"not_picked":["Moonworks:DevilHand","Moonworks:BackdoorTrade"],"picked":"Moonworks:ForcedRevival","floor":13.0},{"not_picked":["Moonworks:LulusLuckyEgg","Moonworks:NicePresent"],"picked":"Moonworks:SakisCookie","floor":14.0},{"not_picked":["Moonworks:FinalBattle","Moonworks:WeAreWaruda"],"picked":"Moonworks:StarBlastingFuse","floor":16.0},{"not_picked":["Moonworks:Assault","Moonworks:ScrambledEve","Moonworks:NicePresent"],"picked":"SKIP","floor":18.0},{"not_picked":["Moonworks:SakisCookie","Moonworks:Assault"],"picked":"Moonworks:AwakeningOfTalent","floor":19.0},{"not_picked":["Moonworks:JonathanRush+1","Moonworks:Assault+1","Moonworks:BigMagnum"],"picked":"SKIP","floor":24.0},{"not_picked":["Moonworks:NicePresent","Moonworks:IndiscriminateFireSupport","Moonworks:Assault+1"],"picked":"SKIP","floor":27.0},{"not_picked":["Moonworks:EvilSpyWorkPreparation","Moonworks:CloudOfSeagulls+1"],"picked":"Moonworks:SinkOrSwim","floor":28.0},{"not_picked":["Moonworks:Assault+1","Moonworks:ImOnFire"],"picked":"Moonworks:x16BigRocket+1","floor":29.0},{"not_picked":["Moonworks:NicePresent","Moonworks:CompletionReward","Moonworks:Assault"],"picked":"SKIP","floor":31.0},{"not_picked":["Moonworks:ShieldCounter","Moonworks:RocketCannon"],"picked":"Moonworks:Encore","floor":33.0},{"not_picked":["Moonworks:NicePresent","Moonworks:BigMagnum+1","Moonworks:Flamethrower"],"picked":"SKIP","floor":35.0},{"not_picked":["Gensokyo:LifeSpringInfinity+1","Gensokyo:DreamlikeParadise+1"],"picked":"Gensokyo:HouraiInAPot+1","floor":37.0},{"not_picked":["Moonworks:StiffCrystal","Moonworks:ImOnFire","Moonworks:DeployBits"],"picked":"SKIP","floor":38.0},{"not_picked":["Moonworks:StiffCrystal+1","Moonworks:JonathanRush","Moonworks:EvilSpyWorkPreparation+1"],"picked":"SKIP","floor":40.0},{"not_picked":["Moonworks:JonathanRush+1","Moonworks:Assault","Moonworks:LulusLuckyEgg"],"picked":"SKIP","floor":46.0},{"not_picked":["Moonworks:NicePresent+1","Moonworks:CloudOfSeagulls+1"],"picked":"Moonworks:OutOfAmmo","floor":47.0},{"not_picked":["Moonworks:Dinner+1","Moonworks:CloudOfSeagulls+1","Moonworks:FullSpeedAlicianrone"],"picked":"SKIP","floor":48.0},{"not_picked":["Moonworks:JonathanRush","Moonworks:NicePresent+1"],"picked":"Moonworks:Encore","floor":54}],"player_experience":195883,"relics_obtained":[{"floor":6.0,"key":"SecretRecord"},{"floor":8.0,"key":"SumBook"},{"floor":9.0,"key":"aspiration:SeaSaltIceCream"},{"floor":24.0,"key":"Letter Opener"},{"floor":29.0,"key":"Chameleon Ring"},{"floor":40.0,"key":"MagicDraw1"},{"floor":43.0,"key":"Du-Vu Doll"},{"floor":47.0,"key":"Mummified Hand"},{"floor":54,"key":"Ccalipers"}],"event_choices":[],"is_beta":false,"boss_relics":[{"not_picked":["aspiration:SecretTechniqueScroll","Kintsugi"],"picked":"Moonworks:SBBomb"},{"not_picked":["Runic Dome","ReplayTheSpireMod:DimensionalGlitch"],"picked":"Sozu"}],"items_purged_floors":[41],"is_endless":false,"potions_floor_spawned":[2,6,7,16,24,29,31,46,47],"ascension_level":0}}