{"host":"a3gu5zu37ht99mpa","time":1613611134,"event":{"mods":["100% Spire Juice","Act Like it!","BaseMod","Better Silent Start","Better Third Choice","BetterRewards","Conspire","Downfall","Energized Spire","GifTheSpireLib","Gold Saver","Halation","JesterMod","Lobotomy","LobotomyExtend","Luminous","Minty Spire (QoL Compilation)","Reliquary","StSLib","Stuff the Spire","The Animator","The Necromancer","The Runesmith","The Saiyan","Virulent Crown","Wandering Minibosses","yUi","??????REMEMod"],"gold_per_floor":[122,147,159,234,234,234,251,216,268,268,328,72,72,83,83,83,83],"floor_reached":16,"language":"ENG","playtime":1157,"items_purged":[],"score":98,"play_id":"d1f9312f-7c85-4456-9397-71ce5c4ec6d0","local_time":"20210217201854","is_ascension_mode":false,"campfire_choices":[{"floor":6,"key":"REST"},{"data":"Saiyan:KaioKen","floor":10,"key":"SMITH"},{"data":"Saiyan:LastResort","floor":15,"key":"SMITH"}],"circlet_count":0,"master_deck":["Saiyan:SAIYA_Strike","Saiyan:SAIYA_Strike","Saiyan:SAIYA_Strike+1","Saiyan:SAIYA_Strike","Saiyan:SAIYA_Defend","Saiyan:SAIYA_Defend","Saiyan:SAIYA_Defend","Saiyan:SAIYA_Defend+1","Saiyan:EnergyBlast","Saiyan:KaioKen+1","Saiyan:RuthlessBlow","animator:Gilgamesh+4","CherryBlossoms","Saiyan:AugmentedBlast","Rudolta","Saiyan:LastResort+1","ShyLook","Saiyan:Planning","Bloodbath","Saiyan:TurtleShell","Saiyan:GhostAttack","Saiyan:TurtleShell","HappyTeddy","Saiyan:Scouter"],"relics":["SaiyanSoul","SaiyanHeart","REME_ComplimentaryCards","CogitoBucket","LetterFromLob","Pantograph","halation:LettersToHer","StuffTheSpire:RubySignet","Membership Card"],"acts_visited":["Exordium"],"potions_floor_usage":[11],"damage_taken":[{"damage":2,"enemies":"Jaw Worm","floor":1,"turns":4},{"damage":6,"enemies":"2 Louse","floor":3,"turns":2},{"damage":17,"enemies":"conspire:RoseBush","floor":7,"turns":6},{"damage":13,"enemies":"3 Sentries","floor":11,"turns":3},{"damage":16,"enemies":"2 Fungi Beasts","floor":14,"turns":4},{"damage":42,"enemies":"Hexaghost","floor":16,"turns":9}],"seed_played":"-2418835266302164399","potions_obtained":[{"floor":3,"key":"champ:CounterPotion"}],"is_trial":false,"path_per_floor":["M","?","M","?","?","R","M","?","T","R","E","$","?","M","R","B"],"character_chosen":"SAIYAJIN","items_purchased":["Membership Card","Saiyan:GhostAttack","Saiyan:TurtleShell"],"campfire_rested":1,"item_purchase_floors":[12,12,12],"current_hp_per_floor":[59,42,37,26,14,32,17,33,33,33,21,21,21,12,12,0,0],"gold":83,"neow_bonus":"","is_daily":false,"chose_seed":false,"campfire_upgraded":2,"win_rate":0.0,"timestamp":1613611134,"path_taken":["M","?","M","?","?","R","?","?","T","R","E","$","?","?","R","BOSS"],"items_purchased_type":["Relic","Card","Card"],"build_version":"2020-12-22","purchased_purges":0,"victory":false,"max_hp_per_floor":[61,61,62,62,62,62,64,64,64,64,65,65,65,67,67,68,68],"card_choices":[{"not_picked":["NakedNest","MeatLantern"],"picked":"CherryBlossoms","floor":1},{"not_picked":["Saiyan:ExpandingShockwave","Saiyan:DoubleMasenko"],"picked":"Saiyan:AugmentedBlast","floor":1},{"not_picked":["PunishingBird","MeatLantern"],"picked":"Rudolta","floor":3},{"not_picked":["Saiyan:RemoveWeights","Saiyan:MeteorDash"],"picked":"Saiyan:LastResort","floor":3},{"not_picked":["BigBird","CrumblingArmor"],"picked":"ShyLook","floor":7},{"not_picked":["Saiyan:KiExplosion","Saiyan:FinalFlash"],"picked":"Saiyan:Planning","floor":7},{"not_picked":["SpiderBud","Scorched"],"picked":"Bloodbath","floor":11},{"not_picked":["Saiyan:FinalFlash","Saiyan:Makankosappo"],"picked":"Saiyan:TurtleShell","floor":11},{"not_picked":["Murderer","BlackArmy"],"picked":"HappyTeddy","floor":14},{"not_picked":["Saiyan:PowerStance","Saiyan:SaiyanHubris"],"picked":"Saiyan:Scouter","floor":14}],"player_experience":109890,"relics_obtained":[{"floor":1,"key":"LetterFromLob"},{"floor":9,"key":"halation:LettersToHer"},{"floor":11,"key":"StuffTheSpire:RubySignet"}],"event_choices":[{"damage_healed":0,"gold_gain":0,"player_choice":"Relic ","damage_taken":17,"max_hp_gain":0,"max_hp_loss":0,"event_name":"betterThird:BetterScrap","floor":2,"gold_loss":0,"cards_obtained":["Second Wind"]},{"damage_healed":0,"gold_gain":75,"player_choice":"Gold","damage_taken":11,"max_hp_gain":0,"max_hp_loss":0,"event_name":"betterThird:BetterGoop","floor":4,"gold_loss":0},{"damage_healed":26,"gold_gain":0,"player_choice":"Upgrade","damage_taken":12,"max_hp_gain":0,"max_hp_loss":62,"event_name":"betterThird:BetterShining","floor":5,"gold_loss":0,"cards_upgraded":["Saiyan:SAIYA_Defend","Saiyan:SAIYA_Strike"]},{"damage_healed":16,"gold_gain":0,"player_choice":"Healed","damage_taken":0,"max_hp_gain":0,"max_hp_loss":0,"event_name":"The Cleric","floor":8,"gold_loss":35},{"damage_healed":0,"gold_gain":0,"player_choice":"Bought 0 Potions","damage_taken":0,"max_hp_gain":0,"max_hp_loss":0,"event_name":"The Woman in Blue","floor":13,"gold_loss":0}],"is_beta":false,"boss_relics":[],"items_purged_floors":[],"is_endless":false,"potions_floor_spawned":[3],"killed_by":"Hexaghost","ascension_level":0}}