{"host":"6tclm4iu2bb2z3rt","time":1613676718,"event":{"mods":["BaseMod","Downfall","Minty Spire (QoL Compilation)","Quick Restart","Reliquary","StSLib"],"gold_per_floor":[119,44,56,56,75,75,86,36,36,36,36,52,33,52,52,52,52],"floor_reached":16,"language":"ZHS","playtime":599,"items_purged":["Strike_R"],"score":150,"play_id":"7eecf903-657a-40aa-9f79-2687f984a1fb","local_time":"20210219033158","is_ascension_mode":true,"campfire_choices":[{"data":"Iron Wave","floor":6.0,"key":"SMITH"},{"data":"Power Through","floor":10.0,"key":"SMITH"},{"data":"Power Through","floor":15.0,"key":"SMITH"}],"circlet_count":0,"master_deck":["AscendersBane","Strike_R","Strike_R","Strike_R","Defend_R","Defend_R","Defend_R","Defend_R","Bash","Juggernaut","Iron Wave+1","Battle Trance","Power Through+1","Power Through+1"],"relics":["Burning Blood","Charon\u0027s Ashes"],"acts_visited":["Exordium"],"potions_floor_usage":[16,16],"damage_taken":[{"damage":5.0,"enemies":"Cultist","floor":1.0,"turns":4.0},{"damage":14.0,"enemies":"Small Slimes","floor":3.0,"turns":4.0},{"damage":7.0,"enemies":"Jaw Worm","floor":5.0,"turns":3.0},{"damage":11.0,"enemies":"Red Slaver","floor":7.0,"turns":3.0},{"damage":10.0,"enemies":"Gremlin Gang","floor":12.0,"turns":6.0},{"damage":0.0,"enemies":"Exordium Thugs","floor":13.0,"turns":4.0},{"damage":3.0,"enemies":"Blue Slaver","floor":14.0,"turns":4.0},{"damage":60,"enemies":"Hexaghost","floor":16,"turns":15}],"seed_played":"1626184240934224071","potions_obtained":[{"floor":1.0,"key":"DuplicationPotion"},{"floor":7.0,"key":"GamblersBrew"},{"floor":13.0,"key":"ElixirPotion"},{"floor":14.0,"key":"Regen Potion"}],"is_trial":false,"path_per_floor":["M","$","M","$","M","R","M","?","T","R","$","M","M","M","R","B"],"character_chosen":"IRONCLAD","items_purchased":[],"campfire_rested":0,"item_purchase_floors":[],"current_hp_per_floor":[52,52,44,44,43,43,38,38,38,38,38,34,40,43,43,0,0],"gold":52,"neow_bonus":"THREE_RARE_CARDS","is_daily":false,"chose_seed":false,"campfire_upgraded":3,"win_rate":0.0,"timestamp":1613676718,"path_taken":["M","$","?","?","M","R","M","?","T","R","?","M","?","M","R","BOSS"],"items_purchased_type":[],"build_version":"2020-12-22","purchased_purges":1,"victory":false,"max_hp_per_floor":[80,80,80,80,80,80,80,80,80,80,80,80,80,80,80,80,80],"card_choices":[{"not_picked":["Exhume","Fiend Fire"],"picked":"Juggernaut","floor":0.0},{"not_picked":["Second Wind","Pommel Strike"],"picked":"Iron Wave","floor":1.0},{"not_picked":["Heavy Blade","Dropkick","Pommel Strike"],"picked":"SKIP","floor":3.0},{"not_picked":["Rupture","Searing Blow"],"picked":"Battle Trance","floor":5.0},{"not_picked":["Warcry","Infernal Blade"],"picked":"Power Through","floor":7.0},{"not_picked":["Twin Strike","Feel No Pain","Searing Blow"],"picked":"SKIP","floor":12.0},{"not_picked":["Whirlwind","Heavy Blade"],"picked":"Power Through","floor":13.0},{"not_picked":["Iron Wave","Combust","Demon Form"],"picked":"SKIP","floor":14.0}],"player_experience":284606,"relics_obtained":[{"floor":9.0,"key":"Charon\u0027s Ashes"}],"event_choices":[{"cards_removed":["Strike_R"],"damage_healed":0.0,"max_hp_gain":0.0,"max_hp_loss":0.0,"gold_gain":0.0,"event_name":"The Cleric","player_choice":"Card Removal","floor":8.0,"gold_loss":50.0,"damage_taken":0.0}],"is_beta":false,"boss_relics":[],"items_purged_floors":[2],"is_endless":false,"potions_floor_spawned":[1,7,13,14],"killed_by":"Hexaghost","ascension_level":12}}