{"host":"m0bekkrd201b63ug","time":1613608286,"event":{"mods":["AchievementEnabler","BaseMod","Colored Powertips","Highlight Path","Minty Spire (QoL Compilation)","Rare Cards Sparkle","StSLib","SuperFastMode","everything is the same but u backflip on backflip","slay the spire mod where everything is the same but ironclad has a cowboy hat"],"gold_per_floor":[119,18,28,42,53,88,88,117,117,117,117,146,146,189,189,300,300,317,8,28,28,41,41,70,70,96,96,195,223,223,551,551,551,551],"floor_reached":33,"language":"ENG","playtime":1188,"items_purged":["Normality"],"score":449,"play_id":"b06ecbdc-a6f5-47d0-993d-5f420328a3c5","local_time":"20210217223126","is_ascension_mode":true,"campfire_choices":[{"data":"White Noise","floor":7,"key":"SMITH"},{"floor":11,"key":"REST"},{"floor":13,"key":"REST"},{"data":"Defragment","floor":15,"key":"SMITH"},{"data":"Barrage","floor":23,"key":"SMITH"},{"data":"Seek","floor":25,"key":"SMITH"},{"floor":27,"key":"REST"},{"floor":32,"key":"REST"}],"circlet_count":0,"master_deck":["Strike_B","Strike_B","Strike_B","Defend_B","Defend_B","Defend_B","Defend_B","Zap","Dualcast","Barrage+1","Cold Snap","Sweeping Beam","FTL","White Noise+1","Cold Snap","Defragment+1","Seek+1","Leap+1"],"relics":["Cracked Core","Torii","CeramicFish","Bag of Preparation","Strawberry","HornCleat","Inserter","Pocketwatch","Ginger","Pen Nib","Centennial Puzzle","MutagenicStrength","Old Coin"],"acts_visited":["Exordium","TheCity"],"potions_floor_usage":[6,24,29,31,31],"damage_taken":[{"damage":8,"enemies":"Small Slimes","floor":1,"turns":3},{"damage":1,"enemies":"2 Louse","floor":3,"turns":3},{"damage":2,"enemies":"Jaw Worm","floor":4,"turns":3},{"damage":7,"enemies":"3 Louse","floor":5,"turns":4},{"damage":14,"enemies":"3 Sentries","floor":6,"turns":5},{"damage":1,"enemies":"2 Fungi Beasts","floor":8,"turns":3},{"damage":18,"enemies":"Gremlin Nob","floor":12,"turns":3},{"damage":26,"enemies":"3 Sentries","floor":14,"turns":7},{"damage":5,"enemies":"The Guardian","floor":16,"turns":13},{"damage":4,"enemies":"3 Byrds","floor":18,"turns":3},{"damage":12,"enemies":"2 Thieves","floor":20,"turns":4},{"damage":2,"enemies":"Centurion and Healer","floor":22,"turns":9},{"damage":8,"enemies":"Gremlin Leader","floor":24,"turns":7},{"damage":32,"enemies":"Slavers","floor":29,"turns":4},{"damage":2,"enemies":"Book of Stabbing","floor":31,"turns":6},{"damage":70,"enemies":"Collector","floor":33,"turns":7}],"seed_played":"7773024365634423893","potions_obtained":[{"floor":5,"key":"DistilledChaos"},{"floor":6,"key":"AttackPotion"},{"floor":14,"key":"Block Potion"},{"floor":16,"key":"Weak Potion"},{"floor":24,"key":"LiquidMemories"}],"is_trial":false,"path_per_floor":["M","$","M","M","M","E","R","M","T","?","R","E","R","E","R","B",null,"M","$","M","$","M","R","E","R","T","R","?","E","?","E","R","B"],"character_chosen":"DEFECT","items_purchased":["Cold Snap","Pocketwatch"],"campfire_rested":4,"item_purchase_floors":[2,19],"current_hp_per_floor":[60,60,59,57,50,36,36,35,35,28,50,39,63,37,37,32,70,66,66,54,54,52,52,44,44,44,68,68,36,36,34,58,0,0],"gold":551,"neow_bonus":"ONE_RARE_RELIC","is_daily":false,"chose_seed":false,"campfire_upgraded":4,"win_rate":0.0,"timestamp":1613608286,"path_taken":["M","$","M","M","M","E","R","M","T","?","R","E","R","E","R","BOSS","M","$","M","$","M","R","E","R","T","R","?","E","?","E","R","BOSS"],"items_purchased_type":["Card","Relic"],"build_version":"2020-12-22","purchased_purges":1,"victory":false,"max_hp_per_floor":[75,75,75,75,75,75,75,75,75,75,75,82,82,82,82,82,82,82,82,82,82,82,82,82,82,82,82,82,82,82,82,82,82,82],"card_choices":[{"not_picked":["Stack","Hologram"],"picked":"Barrage","floor":1},{"not_picked":["Barrage","Chaos","Turbo"],"picked":"SKIP","floor":3},{"not_picked":["Stack","Conserve Battery"],"picked":"Sweeping Beam","floor":4},{"not_picked":["Stack","Turbo"],"picked":"FTL","floor":5},{"not_picked":["Reboot","Coolheaded"],"picked":"White Noise","floor":6},{"not_picked":["Storm","Go for the Eyes"],"picked":"Cold Snap","floor":8},{"not_picked":["Gash","Conserve Battery","Blizzard"],"picked":"SKIP","floor":12},{"not_picked":["Loop","Go for the Eyes"],"picked":"Defragment","floor":14},{"not_picked":["Thunder Strike","Creative AI"],"picked":"Seek","floor":16},{"not_picked":["Coolheaded","Gash","Scrape"],"picked":"SKIP","floor":18},{"not_picked":["Defragment","Auto Shields"],"picked":"Leap+1","floor":20},{"not_picked":["Compile Driver","Rebound+1","Go for the Eyes+1"],"picked":"SKIP","floor":22},{"not_picked":["Stack","Redo+1","Streamline+1"],"picked":"SKIP","floor":24},{"not_picked":["Hologram","Heatsinks","Redo"],"picked":"SKIP","floor":29},{"not_picked":["Cold Snap","Doom and Gloom","Redo"],"picked":"SKIP","floor":31}],"player_experience":288282,"relics_obtained":[{"floor":6,"key":"CeramicFish"},{"floor":9,"key":"Bag of Preparation"},{"floor":12,"key":"Strawberry"},{"floor":14,"key":"HornCleat"},{"floor":24,"key":"Ginger"},{"floor":26,"key":"Pen Nib"},{"floor":29,"key":"Centennial Puzzle"},{"floor":31,"key":"Old Coin"}],"event_choices":[{"cards_removed":["Strike_B"],"damage_healed":0,"gold_gain":0,"player_choice":"Card Removal","damage_taken":7,"max_hp_gain":0,"max_hp_loss":0,"event_name":"Golden Wing","floor":10,"gold_loss":0},{"damage_healed":0,"gold_gain":99,"player_choice":"Stole From Cult","damage_taken":0,"max_hp_gain":0,"max_hp_loss":0,"event_name":"Nest","floor":28,"gold_loss":0},{"damage_healed":0,"gold_gain":0,"player_choice":"Inject Mutagens","damage_taken":0,"relics_obtained":["MutagenicStrength"],"max_hp_gain":0,"max_hp_loss":0,"event_name":"Drug Dealer","floor":30,"gold_loss":0}],"is_beta":false,"boss_relics":[{"not_picked":["Black Star","SlaversCollar"],"picked":"Inserter"}],"items_purged_floors":[2],"is_endless":false,"potions_floor_spawned":[5,6,14,16,20,24],"killed_by":"Collector","ascension_level":8}}