{"host":"onfdonezo2qmaex3","time":1613676035,"event":{"mods":["2.2 Compatiblity","AchievementEnabler","Act Like it!","Aspiration","BaseMod","Colored Powertips","Downfall","Friendly Minions","Gensokyo","Hallownest","Hermit","Highlight Path","Jorbs\u0027s Wanderer Trilogy","Marisa????????","Marked Mod","Minty Spire (QoL Compilation)","Quick Restart","Reliquary","Shop Mod","StSLib","The Disciple","The Hayseed","The Hierophant","The Marked","The Runesmith"],"gold_per_floor":[117,137,137,137,69,69,99,113,166,166,166],"floor_reached":10,"language":"ENG","playtime":409,"items_purged":[],"score":66,"play_id":"211c0829-8164-4280-b88b-862a7851f04d","local_time":"20210218202035","is_ascension_mode":false,"campfire_choices":[{"data":"hermit:WideOpen","floor":6,"key":"SMITH"}],"circlet_count":0,"master_deck":["hermit:Strike_Hermit","hermit:Strike_Hermit","hermit:Strike_Hermit","hermit:Strike_Hermit","hermit:Defend_Hermit","hermit:Defend_Hermit","hermit:Defend_Hermit","hermit:Defend_Hermit","hermit:Covet","hermit:WideOpen+1","hermit:Brawl","hermit:RoundhouseKick","hermit:FatalDesire"],"relics":["hermit:Momento","aspiration:StickyExplosives_weak","Happy Flower","Question Card"],"acts_visited":["Gensokyo:Gensokyo"],"potions_floor_usage":[10],"damage_taken":[{"damage":1,"enemies":"Gensokyo:Python","floor":1,"turns":3},{"damage":0,"enemies":"Gensokyo:2_Kodama","floor":2,"turns":4},{"damage":27,"enemies":"Gensokyo:Mamizou","floor":7,"turns":8},{"damage":0,"enemies":"Gensokyo:3_Fairies","floor":8,"turns":3},{"damage":15,"enemies":"Gensokyo:Cirno","floor":10,"turns":4}],"seed_played":"5312812889392897471","potions_obtained":[{"floor":7,"key":"FearPotion"},{"floor":8,"key":"DuplicationPotion"}],"is_trial":false,"path_per_floor":["M","M","?","?","$","R","E","M","T","E"],"character_chosen":"HERMIT","items_purchased":["hermit:RoundhouseKick"],"campfire_rested":0,"item_purchase_floors":[5],"current_hp_per_floor":[81,81,65,65,65,65,38,38,38,23,23],"gold":166,"neow_bonus":"TEN_PERCENT_HP_BONUS","is_daily":false,"chose_seed":false,"campfire_upgraded":1,"win_rate":0.0,"timestamp":1613676035,"path_taken":["M","?","?","?","$","R","E","M","T","E"],"items_purchased_type":["Card"],"build_version":"2020-12-22","purchased_purges":0,"victory":false,"max_hp_per_floor":[82,82,82,82,82,82,82,82,82,82,82],"card_choices":[{"not_picked":["hermit:Desperado","hermit:Roulette"],"picked":"hermit:WideOpen","floor":1},{"not_picked":["hermit:BodyArmor","hermit:Midnight"],"picked":"hermit:Brawl","floor":2},{"not_picked":["hermit:PistolWhip","hermit:Determination"],"picked":"hermit:FatalDesire","floor":7},{"not_picked":["hermit:Virtue","hermit:Quickdraw","hermit:ItchyTrigger","hermit:Horror"],"picked":"SKIP","floor":8}],"player_experience":201088,"relics_obtained":[{"floor":7,"key":"Question Card"}],"event_choices":[],"is_beta":false,"boss_relics":[],"items_purged_floors":[],"is_endless":false,"potions_floor_spawned":[7,8],"killed_by":"Gensokyo:Cirno","ascension_level":0}}