{"host":"yassvrowvc2yfwp2","time":1613619067,"event":{"mods":["2.2 Compatiblity","Act Like it!","BaseMod","Better Note","Curses Come First","Dota2Spire","Downfall","HololiveMod","Jorbs\u0027s Wanderer Trilogy","Minty Spire (QoL Compilation)","Prisma Mod","Rare Cards Sparkle","Reimu£®≤©¿ˆ¡È√Œ£©","Replay The Spire","Say the Spire","Spicy Shops","StSLib","The Bug Knight","The Cursed","The Servant 0.9.4"],"gold_per_floor":[109,109,126,141,156,186,186,250,276,334,344,344,344,405,405,507,507,552,552,602,628,77,138,138,138,186,186,241,241,251,296,361,404,404,531,531,576,630,679,679,725,789,789,834,885,885,897,959,102,19,19,49],"floor_reached":53,"language":"ZHS","playtime":2615,"items_purged":["CommonCold"],"score":1079,"play_id":"4f268e09-03bc-4f9d-8b0a-bfc2c39c2efe","local_time":"20210218113107","daily_mods":["SealedDeck","ControlledChaos","Lethality"],"is_ascension_mode":true,"campfire_choices":[{"floor":7,"key":"REST"},{"floor":12,"key":"REST"},{"data":"Authority:ReiMu","floor":15,"key":"SMITH"},{"data":"DependentForm:ReiMu","floor":29,"key":"SMITH"},{"floor":34,"key":"REST"},{"floor":43,"key":"REST"},{"floor":46,"key":"REST"},{"data":"ReplayUltimateDefense","floor":51,"key":"SMITH"}],"circlet_count":0,"master_deck":["SealNeedle:ReiMu+1","SpreadBorder2:ReiMu","SafetyPray:ReiMu","RainPray2:ReiMu","Amulet:ReiMu","Amulet:ReiMu","FantasyMoon:ReiMu","SpreadBorder2:ReiMu","ShadowOfCrow2:ReiMu","Dreaming2:ReiMu+1","Revelation:ReiMu+1","SpiritualOutbreak2:ReiMu+1","EmergencyTakeOff:ReiMu+1","FineLineFantasy:ReiMu+1","SafetyPray:ReiMu","FantasyMoon:ReiMu","Authority:ReiMu+1","DependentForm:ReiMu+1","AirManeuver:ReiMu","YinYangSange:ReiMu","AirManeuver:ReiMu","UniversalSpiritual:ReiMu","CleanRite:ReiMu","PhosphorusFlame:ReiMu","OctopathBindingBorder2:ReiMu","CardOfSanctity:ReiMu","BlastKick2:ReiMu","ReplayUltimateDefense+1","SealNeedle:ReiMu+1"],"relics":["FlyPower:ReiMu","Frozen Eye","Dota2Spire:HandOfMidas","Dota2Spire:UrnOfShadows","Pen Nib","Mastiff:ReiMu","Oddly Smooth Stone","Snecko Heart","Dota2Spire:DrumOfEndurance","Counterbalance","Replay:Ringing Soul","War Paint","Replay:Baseball","Bow_fan:ReiMu","Dota2Spire:Bloodstone","Dota2Spire:Butterfly","Happy Flower","Whetstone","Meat on the Bone","ReplayTheSpireMod:CursedCoin","Ornamental Fan","Guardian:PocketSentry","Dota2Spire:ShadowBlade","Dota2Spire:ArmletOfMordiggian","PreservedInsect"],"acts_visited":["Exordium","TheCity","TheBeyond"],"potions_floor_usage":[14,23,35,48],"damage_taken":[{"damage":0,"enemies":"Jaw Worm","floor":1,"turns":3},{"damage":0,"enemies":"Cultist","floor":3,"turns":2},{"damage":0,"enemies":"2 Louse","floor":4,"turns":1},{"damage":17,"enemies":"Exordium Thugs","floor":5,"turns":4},{"damage":13,"enemies":"Lagavulin","floor":6,"turns":6},{"damage":32,"enemies":"Gremlin Nob","floor":8,"turns":5},{"damage":0,"enemies":"3 Sentries","floor":10,"turns":6},{"damage":0,"enemies":"2 Fungi Beasts","floor":11,"turns":2},{"damage":0,"enemies":"Gremlin Nob","floor":14,"turns":4},{"damage":1,"enemies":"Fading Forest","floor":16,"turns":11},{"damage":0,"enemies":"Shell Parasite","floor":18,"turns":2},{"damage":2,"enemies":"Gremlin Leader","floor":23,"turns":5},{"damage":0,"enemies":"Chosen","floor":26,"turns":6},{"damage":3,"enemies":"Snake Plant","floor":30,"turns":4},{"damage":28,"enemies":"Shelled Parasite and Fungi","floor":31,"turns":6},{"damage":20,"enemies":"Slavers","floor":32,"turns":4},{"damage":12,"enemies":"Centurion and Healer","floor":33,"turns":5},{"damage":30,"enemies":"Automaton","floor":35,"turns":7},{"damage":0,"enemies":"3 Shapes","floor":37,"turns":5},{"damage":16,"enemies":"2 Orb Walkers","floor":38,"turns":3},{"damage":0,"enemies":"Orb Walker","floor":39,"turns":5},{"damage":17,"enemies":"Transient","floor":41,"turns":5},{"damage":28,"enemies":"R_Hoarder","floor":42,"turns":7},{"damage":20,"enemies":"Sphere and 2 Shapes","floor":44,"turns":6},{"damage":0,"enemies":"4 Shapes","floor":47,"turns":4},{"damage":6,"enemies":"Reptomancer","floor":48,"turns":6},{"damage":4,"enemies":"Donu and Deca","floor":52,"turns":7}],"seed_played":"7797448004763601310","potions_obtained":[{"floor":3,"key":"Elixir"},{"floor":5,"key":"Dota2Spire:HealingSalve"},{"floor":8,"key":"Adrenaline Potion"},{"floor":16,"key":"LiquidMemories"},{"floor":26,"key":"Explosive Potion"},{"floor":35,"key":"FairyPotion"}],"is_trial":true,"path_per_floor":["M","?","M","M","M","E","R","E","T","E","M","R","?","E","R","B",null,"M","?","?","T","$","E","PTL","PTL","M","?","T","R","M","M","E","M","R","B",null,"M","?","M","?","M","E","R","M","T","R","M","E","$","?","R","B",null],"character_chosen":"REIMU","items_purchased":["Counterbalance","Replay:Ringing Soul","ReplayTheSpireMod:CursedCoin","Ornamental Fan","Guardian:PocketSentry","ReplayUltimateDefense","SealNeedle:ReiMu+1","Dota2Spire:ShadowBlade","Dota2Spire:ArmletOfMordiggian"],"campfire_rested":5,"item_purchase_floors":[22,22,49,49,49,49,49,49,49],"current_hp_per_floor":[65,65,65,65,48,35,54,22,22,28,28,47,34,43,43,48,65,65,65,65,65,65,66,66,66,66,66,66,66,66,44,24,21,43,22,77,77,64,67,67,50,49,73,56,56,81,86,83,86,86,86,88],"gold":49,"neow_bonus":"","is_daily":false,"chose_seed":false,"campfire_upgraded":3,"win_rate":0.0,"timestamp":1613619067,"path_taken":["M","?","?","M","M","E","R","E","T","E","M","R","?","E","R","BOSS","M","?","?","?","$","E","PTL","PTL","M","?","T","R","M","M","E","M","R","BOSS","M","?","M","?","M","E","R","M","T","R","M","E","?","?","R","BOSS"],"items_purchased_type":["Relic","Relic","Relic","Relic","Relic","Card","Card","Relic","Relic"],"build_version":"2020-12-22","purchased_purges":1,"victory":true,"max_hp_per_floor":[65,65,65,65,65,65,65,65,65,65,65,65,65,65,65,65,65,65,65,65,65,65,68,68,68,68,68,68,68,71,71,71,74,74,77,77,77,80,83,83,83,83,83,86,86,86,86,89,92,92,92,92],"card_choices":[{"not_picked":["Intuition:ReiMu","DoubleButterfly:ReiMu"],"picked":"Dreaming2:ReiMu","floor":1},{"not_picked":["TightArray:ReiMu","SubcavityInstant:ReiMu"],"picked":"Revelation:ReiMu","floor":3},{"not_picked":["LovePray:ReiMu","PayForSelf:ReiMu"],"picked":"SpiritualOutbreak2:ReiMu","floor":4},{"not_picked":["Revelation:ReiMu","SpringWay:ReiMu"],"picked":"EmergencyTakeOff:ReiMu","floor":5},{"not_picked":["SubAcupoint:ReiMu","LovePray:ReiMu"],"picked":"FineLineFantasy:ReiMu","floor":6},{"not_picked":["CareerPray:ReiMu","TightArray:ReiMu"],"picked":"SafetyPray:ReiMu","floor":8},{"not_picked":["ShadowOfCrow2:ReiMu","LovePray:ReiMu"],"picked":"FantasyMoon:ReiMu","floor":10},{"not_picked":["UpKicking:ReiMu","SubAcupoint:ReiMu"],"picked":"Authority:ReiMu","floor":11},{"not_picked":["Amulet:ReiMu","AlertArray:ReiMu"],"picked":"PhosphorusFlame:ReiMu","floor":14},{"not_picked":["Determination:ReiMu","KamiRite:ReiMu"],"picked":"DependentForm:ReiMu","floor":16},{"not_picked":["ShadowOfCrow2:ReiMu","CareerPray:ReiMu"],"picked":"AirManeuver:ReiMu","floor":18},{"not_picked":["WonderfulDomain:ReiMu","Amulet:ReiMu"],"picked":"YinYangSange:ReiMu","floor":23},{"not_picked":["TightArray:ReiMu","SubAcupoint:ReiMu","AirStrike:ReiMu"],"picked":"SKIP","floor":26},{"not_picked":["TightArray:ReiMu","SubAcupoint:ReiMu"],"picked":"AirManeuver:ReiMu","floor":30},{"not_picked":["FineLineFantasy:ReiMu","WonderfulDomain:ReiMu","EmergencyTakeOff:ReiMu"],"picked":"SKIP","floor":31},{"not_picked":["Amulet:ReiMu","LearningPray:ReiMu","Meditation:ReiMu+1"],"picked":"SKIP","floor":32},{"not_picked":["RainPray2:ReiMu","FineLineFantasy:ReiMu"],"picked":"UniversalSpiritual:ReiMu","floor":33},{"not_picked":["HakureiPhantom:ReiMu","Shading:ReiMu"],"picked":"CleanRite:ReiMu","floor":35},{"not_picked":["KamiSacrifice:ReiMu","TightArray:ReiMu","Intuition:ReiMu"],"picked":"SKIP","floor":37},{"not_picked":["SpringWay:ReiMu+1","LearningPray:ReiMu+1"],"picked":"PhosphorusFlame:ReiMu","floor":38},{"not_picked":["EmergencyTakeOff:ReiMu","FantasyMoon:ReiMu"],"picked":"OctopathBindingBorder2:ReiMu","floor":39},{"not_picked":["RainPray2:ReiMu","WonderfulDomain:ReiMu+1","Enchanting:ReiMu"],"picked":"SKIP","floor":41},{"not_picked":["Intuition:ReiMu+1","SubAcupoint:ReiMu+1","SafetyPray:ReiMu"],"picked":"SKIP","floor":42},{"not_picked":["SpreadBorder2:ReiMu+1","Intuition:ReiMu+1"],"picked":"CardOfSanctity:ReiMu","floor":44},{"not_picked":["SubcavityInstant:ReiMu","Intuition:ReiMu","Conquer:ReiMu"],"picked":"SKIP","floor":47},{"not_picked":["Intuition:ReiMu+1","ManaGlint:ReiMu+1"],"picked":"BlastKick2:ReiMu","floor":48}],"player_experience":2160084,"relics_obtained":[{"floor":6,"key":"Dota2Spire:HandOfMidas"},{"floor":8,"key":"Dota2Spire:UrnOfShadows"},{"floor":9,"key":"Pen Nib"},{"floor":10,"key":"Mastiff:ReiMu"},{"floor":14,"key":"Oddly Smooth Stone"},{"floor":21,"key":"Dota2Spire:DrumOfEndurance"},{"floor":23,"key":"War Paint"},{"floor":28,"key":"Replay:Baseball"},{"floor":32,"key":"Bow_fan:ReiMu"},{"floor":38,"key":"Dota2Spire:Butterfly"},{"floor":42,"key":"Happy Flower"},{"floor":45,"key":"Whetstone"},{"floor":48,"key":"Meat on the Bone"}],"event_choices":[{"cards_removed":["NineCharacters:ReiMu"],"damage_healed":0,"gold_gain":0,"player_choice":"Offered Uncommon","damage_taken":0,"max_hp_gain":0,"max_hp_loss":0,"event_name":"Bonfire Elementals","floor":2,"gold_loss":0},{"damage_healed":0,"gold_gain":0,"player_choice":"Entered Light","damage_taken":13,"max_hp_gain":0,"max_hp_loss":0,"event_name":"Shining Light","floor":13,"gold_loss":0,"cards_upgraded":["SealNeedle:ReiMu","FineLineFantasy:ReiMu"]},{"damage_healed":0,"gold_gain":0,"player_choice":"Ignored","damage_taken":0,"max_hp_gain":0,"max_hp_loss":0,"event_name":"N\u0027loth","floor":19,"gold_loss":0},{"damage_healed":0,"gold_gain":100,"player_choice":"Bet on Murderer","damage_taken":0,"max_hp_gain":0,"max_hp_loss":0,"event_name":"The Joust","floor":20,"gold_loss":50},{"damage_healed":0,"gold_gain":0,"player_choice":"Ignored","damage_taken":0,"max_hp_gain":0,"max_hp_loss":0,"event_name":"betterNote:BetterNote","floor":27,"gold_loss":0,"cards_obtained":["Strike_S"]},{"damage_healed":0,"gold_gain":0,"player_choice":"Fight","damage_taken":0,"max_hp_gain":0,"max_hp_loss":0,"event_name":"Mysterious Sphere","floor":38,"gold_loss":0},{"cards_removed":["PhosphorusFlame:ReiMu"],"damage_healed":0,"gold_gain":0,"player_choice":"Removed Skill","damage_taken":0,"max_hp_gain":0,"max_hp_loss":0,"event_name":"Falling","floor":40,"gold_loss":0},{"damage_healed":0,"gold_gain":0,"player_choice":"Paid Gold","damage_taken":0,"relics_obtained":["PreservedInsect"],"max_hp_gain":0,"max_hp_loss":0,"event_name":"WeMeetAgain","floor":50,"gold_loss":83}],"is_beta":false,"boss_relics":[{"not_picked":["Snecko Eye","CrownOfHeavens:ReiMu"],"picked":"Snecko Heart"},{"not_picked":["Abe\u0027s Treasure","ReplayTheSpireMod:DimensionalGlitch"],"picked":"Dota2Spire:Bloodstone"}],"items_purged_floors":[49],"is_endless":false,"potions_floor_spawned":[3,5,8,16,26,33,35,39,41,44,47],"ascension_level":1}}