{"host":"xr2w6q7a088fu8w2","time":1613656277,"event":{"mods":["AchievementEnabler","BaseMod","Colored Powertips","Good Game Mod","Mimic Mod","Minty Spire (QoL Compilation)","MostiFishMod","Reliquary","StSLib","UnlockEverythingMod"],"gold_per_floor":[113,130,205,224,224,251,251,271,271,332,332,345,356,356,356,427,427,440,37,37,37,37,37,72,92,141,173,173,183,198,288,288,362,362,381,9,24,43,60,60,75,105,175,175,225,225,238,4,4,4,4,4,4,4,35,35],"floor_reached":57,"language":"ZHS","playtime":1245,"items_purged":["Strike_G","Strike_G","Strike_G"],"score":3494,"play_id":"32417d9e-f9f1-474b-8d87-c75733145c39","local_time":"20210218215117","is_ascension_mode":true,"campfire_choices":[{"floor":7,"key":"RECALL"},{"data":"Dramatic Entrance","floor":11,"key":"SMITH"},{"data":"Backstab","floor":15,"key":"SMITH"},{"data":"Poisoned Stab","floor":23,"key":"SMITH"},{"data":"Die Die Die","floor":28,"key":"SMITH"},{"data":"Sucker Punch","floor":32,"key":"SMITH"},{"data":"Defend_G","floor":40,"key":"SMITH"},{"data":"Defend_G","floor":44,"key":"SMITH"},{"data":"Survivor","floor":49,"key":"SMITH"},{"data":"Flying Knee","floor":53,"key":"SMITH"}],"circlet_count":0,"master_deck":["AscendersBane","Strike_G","Strike_G","Defend_G+1","Defend_G+1","Defend_G+1","Defend_G+1","Survivor+1","Neutralize","Dramatic Entrance+1","Sucker Punch+1","Poisoned Stab+1","Backstab+1","Flying Knee+1","Die Die Die+1","Glass Knife","Deflect+1","Bane+1","Slice+1"],"relics":["Ring of the Snake","REME:ComplimentaryCards","DaveBox","ExusiaiGun","SynthV:TestCard","Vajra","Black Star","Civilization","Anchor","Nloth\u0027s Gift","reliquary:RadioactivePellet","Centennial Puzzle","War Paint","reliquary:PurpleTingedLeaf","Torii","SlaversCollar","Membership Card","FossilizedHelix","Eternal Feather","Sundial","reliquary:JackalopeAntler","Pocketwatch","reliquary:Firecrackers","Akabeko","MostiFishMod:AdaptiveDefenses","reliquary:ExpiredCoupon","reliquary:PrincelyHelmet"],"acts_visited":["Exordium","TheCity","TheBeyond","TheEnding"],"potions_floor_usage":[16,33,56,56],"damage_taken":[{"damage":0,"enemies":"Cultist","floor":1,"turns":1},{"damage":0,"enemies":"2 Louse","floor":2,"turns":1},{"damage":0,"enemies":"Small Slimes","floor":4,"turns":1},{"damage":0,"enemies":"3 Sentries","floor":6,"turns":2},{"damage":0,"enemies":"Blue Slaver","floor":8,"turns":1},{"damage":0,"enemies":"Lagavulin Event","floor":10,"turns":1},{"damage":0,"enemies":"Exordium Wildlife","floor":12,"turns":1},{"damage":0,"enemies":"Large Slime","floor":13,"turns":1},{"damage":0,"enemies":"Hexaghost","floor":16,"turns":2},{"damage":0,"enemies":"Spheric Guardian","floor":18,"turns":1},{"damage":0,"enemies":"Slavers","floor":24,"turns":1},{"damage":0,"enemies":"Shell Parasite","floor":25,"turns":1},{"damage":0,"enemies":"Book of Stabbing","floor":27,"turns":1},{"damage":0,"enemies":"Shelled Parasite and Fungi","floor":29,"turns":1},{"damage":0,"enemies":"Centurion and Healer","floor":30,"turns":1},{"damage":0,"enemies":"Champ","floor":33,"turns":1},{"damage":0,"enemies":"Orb Walker","floor":35,"turns":1},{"damage":0,"enemies":"3 Darklings","floor":37,"turns":1},{"damage":14,"enemies":"Sphere and 2 Shapes","floor":38,"turns":1},{"damage":21,"enemies":"4 Shapes","floor":39,"turns":1},{"damage":0,"enemies":"Maw","floor":41,"turns":1},{"damage":0,"enemies":"Reptomancer","floor":42,"turns":1},{"damage":0,"enemies":"2 Orb Walkers","floor":45,"turns":1},{"damage":0,"enemies":"Spire Growth","floor":47,"turns":1},{"damage":0,"enemies":"Time Eater","floor":50,"turns":2},{"damage":43,"enemies":"Awakened One","floor":51,"turns":7},{"damage":0,"enemies":"Shield and Spear","floor":55,"turns":1},{"damage":110,"enemies":"The Heart","floor":56,"turns":9}],"seed_played":"2968319009391679719","potions_obtained":[{"floor":1,"key":"DuplicationPotion"},{"floor":2,"key":"PowerPotion"},{"floor":4,"key":"SpeedPotion"},{"floor":16,"key":"DistilledChaos"},{"floor":24,"key":"Poison Potion"},{"floor":27,"key":"FearPotion"},{"floor":38,"key":"CunningPotion"},{"floor":45,"key":"Poison Potion"}],"is_trial":false,"path_per_floor":["M","M","?","M","?","E","R","M","T","?","R","M","M","?","R","B",null,"M","$","?","?","?","R","E","M","T","E","R","M","M","?","R","B",null,"M","$","M","M","M","R","M","E","T","R","?","T","M","$","R","B","B",null,"R","$","E","B",null],"character_chosen":"THE_SILENT","items_purchased":["Civilization","Anchor","Membership Card","FossilizedHelix","Akabeko","MostiFishMod:AdaptiveDefenses"],"campfire_rested":0,"item_purchase_floors":[19,19,36,36,48,48],"current_hp_per_floor":[59,59,48,48,48,48,48,48,48,48,48,48,48,48,48,48,62,62,62,62,62,62,62,65,69,69,74,74,79,84,72,72,82,90,96,96,101,92,76,76,86,96,96,105,111,111,121,121,130,138,100,132,141,141,148,65],"gold":35,"neow_bonus":"RANDOM_COLORLESS","is_daily":false,"chose_seed":false,"campfire_upgraded":9,"win_rate":0.0,"timestamp":1613656277,"path_taken":["M","M","?","M","?","E","R","M","T","?","R","M","M","?","R","BOSS","M","$","?","?","?","R","E","M","T","E","R","?","M","?","R","BOSS","M","$","?","M","M","R","M","E","T","R","?","?","M","$","R","BOSS","BOSS","R","$","E","BOSS"],"items_purchased_type":["Relic","Relic","Relic","Relic","Relic","Relic"],"build_version":"2020-12-22","purchased_purges":3,"victory":true,"max_hp_per_floor":[66,66,66,66,66,66,66,66,66,66,66,66,66,66,66,66,66,66,66,66,66,66,66,69,73,73,78,78,83,88,88,88,93,93,98,98,103,108,113,113,118,123,123,123,128,128,133,133,133,138,143,143,143,143,148,153],"card_choices":[{"not_picked":["Dagger Throw","Predator"],"picked":"Sucker Punch","floor":1},{"not_picked":["MostiFishMod:VineMother","Eviscerate","Dodge and Roll","PiercingWail","Distraction"],"picked":"SKIP","floor":2},{"not_picked":["Expertise","Backflip","Concentrate","Distraction"],"picked":"Poisoned Stab","floor":4},{"not_picked":["Bouncing Flask","Finisher","Acrobatics","Dodge and Roll"],"picked":"Backstab","floor":6},{"not_picked":["Dash","Cloak And Dagger","Underhanded Strike","Escape Plan","Backstab"],"picked":"SKIP","floor":8},{"not_picked":["Dagger Throw","Eviscerate","Bullet Time","Skewer"],"picked":"Flying Knee","floor":12},{"not_picked":["Quick Slash","Escape Plan","Heel Hook","Cloak And Dagger","Sucker Punch"],"picked":"SKIP","floor":13},{"not_picked":["Masterful Stab","Expertise","Sucker Punch","Blade Dance","Outmaneuver"],"picked":"SKIP","floor":18},{"not_picked":["MostiFishMod:VineMother","Backstab","Dagger Spray","Deflect","Night Terror"],"picked":"SKIP","floor":24},{"not_picked":["Infinite Blades+1","Predator","Blade Dance","Poisoned Stab","Bouncing Flask"],"picked":"SKIP","floor":25},{"not_picked":["Backflip","Catalyst","Crippling Poison","Grand Finale"],"picked":"Die Die Die","floor":27},{"not_picked":["Wraith Form v2","Skewer","Dodge and Roll","Bane","Sucker Punch"],"picked":"SKIP","floor":29},{"not_picked":["Night Terror","Backstab","Calculated Gamble","Footwork","Sucker Punch"],"picked":"SKIP","floor":30},{"not_picked":["Storm of Steel","MostiFishMod:FullyArmed","MostiFishMod:Wind","Phantasmal Killer"],"picked":"Glass Knife","floor":33},{"not_picked":["Flying Knee","Dagger Throw","Backflip","Infinite Blades","Blur"],"picked":"SKIP","floor":35},{"not_picked":["Quick Slash","Slice+1","Corpse Explosion","Backflip","Deadly Poison"],"picked":"SKIP","floor":37},{"not_picked":["Well Laid Plans","Blade Dance","Heel Hook","Dodge and Roll"],"picked":"Deflect+1","floor":38},{"not_picked":["Slice","Underhanded Strike","Skewer","PiercingWail","Eviscerate+1"],"picked":"SKIP","floor":39},{"not_picked":["MostiFishMod:PoisonShield","Tactician+1","Outmaneuver","Dodge and Roll","MostiFishMod:InvigoratingSolution+1"],"picked":"SKIP","floor":41},{"not_picked":["MostiFishMod:FrostNova+1","After Image","Heel Hook","Infinite Blades","Blade Dance+1"],"picked":"SKIP","floor":42},{"not_picked":["Deflect","Dagger Throw","Dagger Spray","MostiFishMod:AdrenalineArouse"],"picked":"Bane+1","floor":47},{"not_picked":["Leg Sweep","Eviscerate","Sucker Punch","Bullet Time"],"picked":"Slice+1","floor":55}],"player_experience":117197,"relics_obtained":[{"floor":1,"key":"SynthV:TestCard"},{"floor":6,"key":"Vajra"},{"floor":10,"key":"StrikeDummy"},{"floor":24,"key":"reliquary:RadioactivePellet"},{"floor":24,"key":"Centennial Puzzle"},{"floor":26,"key":"War Paint"},{"floor":27,"key":"reliquary:PurpleTingedLeaf"},{"floor":27,"key":"Torii"},{"floor":42,"key":"Eternal Feather"},{"floor":42,"key":"Sundial"},{"floor":43,"key":"reliquary:JackalopeAntler"},{"floor":45,"key":"Pocketwatch"},{"floor":46,"key":"reliquary:Firecrackers"},{"floor":55,"key":"reliquary:ExpiredCoupon"},{"floor":55,"key":"reliquary:PrincelyHelmet"}],"event_choices":[{"damage_healed":0,"gold_gain":75,"player_choice":"Gather Gold","damage_taken":11,"max_hp_gain":0,"max_hp_loss":0,"event_name":"World of Goop","floor":3,"gold_loss":0},{"damage_healed":0,"gold_gain":0,"player_choice":"Ignored","damage_taken":0,"max_hp_gain":0,"max_hp_loss":0,"event_name":"Golden Idol","floor":5,"gold_loss":0},{"damage_healed":0,"gold_gain":0,"player_choice":"Searched \u00271\u0027 times","damage_taken":0,"max_hp_gain":0,"max_hp_loss":0,"event_name":"Dead Adventurer","floor":10,"gold_loss":0},{"cards_removed":["Defend_G"],"damage_healed":0,"gold_gain":0,"player_choice":"Forget","damage_taken":0,"max_hp_gain":0,"max_hp_loss":0,"event_name":"Living Wall","floor":14,"gold_loss":0},{"damage_healed":0,"gold_gain":0,"player_choice":"Ignored","damage_taken":0,"max_hp_gain":0,"max_hp_loss":0,"event_name":"Vampires","floor":20,"gold_loss":0},{"damage_healed":0,"gold_gain":0,"player_choice":"Ignored","damage_taken":0,"max_hp_gain":0,"max_hp_loss":0,"event_name":"The Mausoleum","floor":21,"gold_loss":0},{"damage_healed":0,"gold_gain":0,"player_choice":"Traded Relic","damage_taken":0,"relics_obtained":["Nloth\u0027s Gift"],"max_hp_gain":0,"max_hp_loss":0,"event_name":"N\u0027loth","floor":22,"relics_lost":["StrikeDummy"],"gold_loss":0},{"damage_healed":0,"gold_gain":90,"player_choice":"GOLD ","damage_taken":12,"max_hp_gain":0,"max_hp_loss":0,"event_name":"Knowing Skull","floor":31,"potions_obtained":[],"gold_loss":0,"cards_obtained":[]},{"damage_healed":0,"gold_gain":0,"player_choice":"Fight","damage_taken":0,"max_hp_gain":0,"max_hp_loss":0,"event_name":"Mysterious Sphere","floor":45,"gold_loss":0}],"is_beta":false,"boss_relics":[{"not_picked":["Ectoplasm","Sozu"],"picked":"Black Star"},{"not_picked":["Coffee Dripper","reliquary:WritOfMandamus"],"picked":"SlaversCollar"}],"items_purged_floors":[19,36,48],"is_endless":false,"potions_floor_spawned":[1,2,4,8,16,24,27,38,39,45,47],"ascension_level":20}}