{"host":"vyiqbz5w606ur92t","time":1613610429,"event":{"mods":["BaseMod","Downfall","Minty Spire (QoL Compilation)","Relic Stats","StSLib"],"gold_per_floor":[0,17,34,48,48,123,150,176,176,176,161,177,87,114,131,210,210,210,223,238,238,32,47,73,106,6,35,55,55,81,91,110,182,182,82,102,118,363,373,407,407,432,332,343,403,438,438,151,165,165,165,198,33,33,33,33,33,33],"floor_reached":56,"language":"ENG","playtime":7195,"items_purged":["Slimebound:Tackle","Slimebound:Strike_Slimebound","Slimebound:Defend_Slimebound"],"score":1642,"play_id":"03950db2-8199-453f-ba06-3f82292302df","local_time":"20210218010709","is_ascension_mode":true,"campfire_choices":[{"data":"Slimebound:Grow","floor":1,"key":"SMITH"},{"data":"Slimebound:DuplicatedForm","floor":18,"key":"SMITH"},{"data":"Slimebound:Equalize","floor":26,"key":"SMITH"},{"floor":35,"key":"RECALL"},{"data":"Slimebound:Nibble","floor":43,"key":"SMITH"},{"data":"Slimebound:SpikyOuterGoop","floor":54,"key":"SMITH"}],"circlet_count":0,"master_deck":["AscendersBane","Slimebound:Defend_Slimebound","Slimebound:Defend_Slimebound","Slimebound:Split","Slimebound:CorrosiveSpit","Slimebound:CheckThePlaybook+1","Slimebound:Grow+1","Slimebound:Nibble+1","Slimebound:Chomp","Slimebound:Recollect","Slimebound:LivingWall","Slimebound:Prepare","Slimebound:MegaLick","Slimebound:SpikyOuterGoop+1","Slimebound:SplitLeeching","Slimebound:DuplicatedForm+1","Slimebound:Equalize+1","Slimebound:SplitMire","Necronomicurse","Slimebound:GoopTackle","Slimebound:GoopSpray+1","Slimebound:Schlurp","Slimebound:HauntingLick+1","Slimebound:GrowthPunch+1","Slimebound:SamplingLick+1","Slimebound:ComboTackle","Slimebound:Schlurp+1"],"relics":["Slimebound:AbsorbEndCombatUpgraded","Guardian:PocketSentry","Slimebound:SlimedSkullRelic","Pear","Potion Belt","Necronomicon","Anchor","Slimebound:StickyStick","downfall:HeartBlessingGreen","Centennial Puzzle","Bird Faced Urn","Black Star","downfall:HeartBlessingBlue","War Paint","CeramicFish","sneckomod:BlankCard","downfall:HeartBlessingRed","Dead Branch","Sundial","Bottled Lightning","OrangePellets","Lizard Tail","Orichalcum","Toolbox"],"acts_visited":["Exordium","TheCity","TheBeyond","TheEnding"],"potions_floor_usage":[14,14,16,22,23,25,27,30,45,52,56,56,56],"damage_taken":[{"damage":11,"enemies":"2 Louse","floor":2,"turns":3},{"damage":3,"enemies":"Small Slimes","floor":3,"turns":3},{"damage":5,"enemies":"Jaw Worm","floor":4,"turns":2},{"damage":11,"enemies":"Gremlin Nob","floor":8,"turns":3},{"damage":3,"enemies":"downfall:FleeingMerchant","floor":11,"turns":4},{"damage":4,"enemies":"downfall:LooterAlt","floor":12,"turns":2},{"damage":5,"enemies":"downfall:FleeingMerchant","floor":13,"turns":4},{"damage":3,"enemies":"3 Sentries","floor":14,"turns":5},{"damage":3,"enemies":"2 Fungi Beasts","floor":15,"turns":2},{"damage":16,"enemies":"WA_ARCHETYPE_RETAIN","floor":16,"turns":7},{"damage":11,"enemies":"Spheric Guardian","floor":19,"turns":4},{"damage":25,"enemies":"Shell Parasite","floor":20,"turns":3},{"damage":20,"enemies":"downfall:FleeingMerchant","floor":22,"turns":4},{"damage":39,"enemies":"Snake Plant","floor":23,"turns":5},{"damage":53,"enemies":"Slavers","floor":25,"turns":7},{"damage":27,"enemies":"Book of Stabbing","floor":27,"turns":5},{"damage":23,"enemies":"Sentry and Sphere","floor":28,"turns":4},{"damage":45,"enemies":"Gremlin Leader","floor":30,"turns":7},{"damage":15,"enemies":"Cultist and Chosen","floor":31,"turns":4},{"damage":8,"enemies":"Shelled Parasite and Fungi","floor":32,"turns":4},{"damage":66,"enemies":"IC_MUSHROOM_ARCHETYPE","floor":33,"turns":5},{"damage":14,"enemies":"3 Darklings","floor":36,"turns":4},{"damage":27,"enemies":"Orb Walker","floor":37,"turns":3},{"damage":0,"enemies":"downfall:FleeingMerchant","floor":38,"turns":1},{"damage":10,"enemies":"Sphere and 2 Shapes","floor":39,"turns":4},{"damage":41,"enemies":"Nemesis","floor":40,"turns":7},{"damage":50,"enemies":"Transient","floor":42,"turns":6},{"damage":32,"enemies":"Maw","floor":44,"turns":5},{"damage":16,"enemies":"2 Orb Walkers","floor":45,"turns":4},{"damage":29,"enemies":"Giant Head","floor":46,"turns":5},{"damage":73,"enemies":"Writhing Mass","floor":49,"turns":7},{"damage":35,"enemies":"SI_POISON_ARCHETYPE","floor":50,"turns":9},{"damage":75,"enemies":"downfall:CharBossMerchant","floor":52,"turns":7},{"damage":44,"enemies":"downfall:NeowBoss","floor":55,"turns":13},{"damage":191,"enemies":"downfall:NeowBossFinal","floor":56,"turns":11}],"seed_played":"-7739536440037968151","potions_obtained":[{"floor":2,"key":"Slimebound:SlimedPotion"},{"floor":8,"key":"EssenceOfSteel"},{"floor":14,"key":"EssenceOfSteel"},{"floor":15,"key":"DuplicationPotion"},{"floor":23,"key":"FairyPotion"},{"floor":25,"key":"Swift Potion"},{"floor":28,"key":"BlessingOfTheForge"},{"floor":30,"key":"SpeedPotion"},{"floor":33,"key":"DuplicationPotion"},{"floor":36,"key":"LiquidBronze"},{"floor":39,"key":"Energy Potion"},{"floor":45,"key":"AttackPotion"},{"floor":52,"key":"Ancient Potion"}],"is_trial":false,"path_per_floor":["R","M","M","M","?","?","T","E","?","T","$","M","$","E","M","B",null,"R","M","M","?","$","M","T","E","R","E","M","T","E","M","M","B",null,"R","M","M","$","M","E","T","M","R","M","?","E","?","$","M","B",null,"E","$","R","B","B"],"character_chosen":"SLIMEBOUND","items_purchased":["PowerPotion","Weak Potion","Slimebound:SlimyTonguePotion","OrangePellets","Toolbox"],"campfire_rested":0,"item_purchase_floors":[22,22,22,48,53],"current_hp_per_floor":[53,44,45,42,42,42,42,33,33,43,48,48,49,54,55,47,64,64,62,47,26,43,47,47,36,36,60,67,67,48,69,64,29,59,69,72,70,79,79,77,77,65,65,79,79,79,79,79,59,67,76,57,57,57,72,0,0,0],"gold":33,"neow_bonus":"TRANSFORM_TWO_CARDS","is_daily":false,"chose_seed":false,"campfire_upgraded":5,"win_rate":0.0,"timestamp":1613610429,"path_taken":["R","M","M","M","?","?","T","E","?","?","?","M","$","E","M","BOSS","R","M","M","?","$","M","T","E","R","E","M","?","E","M","M","BOSS","R","M","M","$","M","E","T","M","R","M","?","E","?","?","M","BOSS","E","$","R","BOSS","BOSS"],"items_purchased_type":["Potion","Potion","Potion","Relic","Relic"],"build_version":"2020-12-22","purchased_purges":3,"victory":false,"max_hp_per_floor":[59,59,59,59,59,59,59,59,59,69,69,69,69,69,69,69,69,69,69,69,69,69,69,69,69,69,69,69,69,69,69,69,69,69,79,79,79,79,79,79,79,79,79,79,79,79,79,79,79,79,79,79,79,79,79,79,79,79],"relic_stats":{"counters":[35,170],"CeramicFish":18,"Dead Branch":[219],"War Paint":["Slimebound:CheckThePlaybook","Slimebound:GoopSpray"],"Orichalcum":[18],"OrangePellets":[46],"Centennial Puzzle":[54],"Lizard Tail":39,"Sundial":[4],"Bird Faced Urn":[85],"Necronomicon":[34],"Black Star":3,"obtain_stats":[{"CeramicFish":40,"sneckomod:BlankCard":41,"downfall:HeartBlessingGreen":26,"Centennial Puzzle":27,"Lizard Tail":52,"downfall:BrokenWingStatue":5,"Slimebound:StickyStick":25,"downfall:HeartBlessingBlue":35,"Sundial":46,"Toolbox":53,"Necronomicon":21,"Potion Belt":14,"Pear":10,"downfall:HeartBlessingRed":43,"Dead Branch":45,"Guardian:PocketSentry":7,"War Paint":40,"Orichalcum":52,"OrangePellets":48,"Anchor":24,"Bird Faced Urn":30,"Slimebound:AbsorbEndCombat":0,"Black Star":34,"Bottled Lightning":46,"Slimebound:AbsorbEndCombatUpgraded":17,"Slimebound:SlimedSkullRelic":8},{"CeramicFish":26,"sneckomod:BlankCard":26,"downfall:HeartBlessingGreen":15,"Centennial Puzzle":16,"Lizard Tail":33,"downfall:BrokenWingStatue":3,"Slimebound:StickyStick":15,"downfall:HeartBlessingBlue":21,"Sundial":30,"Toolbox":33,"Necronomicon":12,"Potion Belt":8,"Pear":4,"downfall:HeartBlessingRed":27,"Dead Branch":29,"Guardian:PocketSentry":3,"War Paint":26,"Orichalcum":33,"OrangePellets":30,"Anchor":14,"Bird Faced Urn":18,"Slimebound:AbsorbEndCombat":0,"Black Star":21,"Bottled Lightning":30,"Slimebound:AbsorbEndCombatUpgraded":10,"Slimebound:SlimedSkullRelic":4},{"CeramicFish":103,"sneckomod:BlankCard":103,"downfall:HeartBlessingGreen":57,"Centennial Puzzle":62,"Lizard Tail":146,"downfall:BrokenWingStatue":8,"Slimebound:StickyStick":57,"downfall:HeartBlessingBlue":85,"Sundial":123,"Toolbox":146,"Necronomicon":42,"Potion Belt":26,"Pear":11,"downfall:HeartBlessingRed":109,"Dead Branch":118,"Guardian:PocketSentry":8,"War Paint":103,"Orichalcum":146,"OrangePellets":123,"Anchor":51,"Bird Faced Urn":73,"Slimebound:AbsorbEndCombat":0,"Black Star":85,"Bottled Lightning":123,"Slimebound:AbsorbEndCombatUpgraded":35,"Slimebound:SlimedSkullRelic":11}]},"card_choices":[{"not_picked":["Slimebound:RainOfGoop","Slimebound:SplitSpecialist"],"picked":"Slimebound:Nibble","floor":2},{"not_picked":["Slimebound:SplitLeeching","Slimebound:DivideAndConquer"],"picked":"Slimebound:Chomp","floor":3},{"not_picked":["Slimebound:SplitAcid","Slimebound:SplitBruiser"],"picked":"Slimebound:Recollect","floor":4},{"not_picked":["Slimebound:RainOfGoop","Slimebound:GoopTackle","Slimebound:SlimeSpikes"],"picked":"SKIP","floor":8},{"not_picked":["Slimebound:Prepare","Slimebound:LeechingTouch"],"picked":"Slimebound:LivingWall","floor":11},{"not_picked":["Slimebound:Teamwork","Slimebound:Gluttony"],"picked":"Slimebound:Prepare","floor":12},{"not_picked":["Slimebound:HauntingLick","Slimebound:SlimeSpikes"],"picked":"Slimebound:MegaLick","floor":13},{"not_picked":["Slimebound:Gluttony","Slimebound:DivideAndConquer"],"picked":"Slimebound:SpikyOuterGoop","floor":14},{"not_picked":["Slimebound:GoopTackle","Slimebound:PressTheAttack"],"picked":"Slimebound:SplitLeeching","floor":15},{"not_picked":["Slimebound:LeechLife","Slimebound:MassRepurpose"],"picked":"Slimebound:DuplicatedForm","floor":16},{"not_picked":["Slimebound:ViciousTackle","Slimebound:SplitBruiser"],"picked":"Slimebound:Equalize","floor":19},{"not_picked":["Slimebound:SlimeTap","Slimebound:DivideAndConquer"],"picked":"Slimebound:SplitMire","floor":20},{"not_picked":["Slimebound:LeechEnergy","Slimebound:ProtectTheBoss","Slimebound:SamplingLick"],"picked":"SKIP","floor":22},{"not_picked":["Slimebound:SlimeBarrage","Slimebound:Prepare"],"picked":"Slimebound:GoopTackle","floor":23},{"not_picked":["Slimebound:AcidTongue","Slimebound:PressTheAttack"],"picked":"Slimebound:GoopSpray","floor":25},{"not_picked":["Slimebound:SplitBruiser","Slimebound:SplitLeeching+1","Slimebound:Teamwork"],"picked":"SKIP","floor":27},{"not_picked":["Slimebound:SplitLeeching","Slimebound:Chomp"],"picked":"Slimebound:Schlurp","floor":28},{"not_picked":["Slimebound:SplitBruiser+1","Slimebound:MegaLick","Slimebound:SplitLeeching"],"picked":"SKIP","floor":30},{"not_picked":["Slimebound:LeechEnergy","Slimebound:LivingWall"],"picked":"Slimebound:HauntingLick+1","floor":31},{"not_picked":["Slimebound:LeechEnergy","Slimebound:RejuvenatingLick","Slimebound:LeadByExample"],"picked":"SKIP","floor":32},{"not_picked":["Slimebound:RainOfGoop+1","Slimebound:FlameTackle"],"picked":"Slimebound:GrowthPunch+1","floor":36},{"not_picked":["Slimebound:PressTheAttack","Slimebound:SplitAcid","Slimebound:FinishingTackle"],"picked":"SKIP","floor":37},{"not_picked":["Slimebound:LeechingTouch","Slimebound:Schlurp","Slimebound:FirmFortitude"],"picked":"SKIP","floor":38},{"not_picked":["Slimebound:RollThrough","Slimebound:Schlurp+1"],"picked":"Slimebound:SamplingLick+1","floor":39},{"not_picked":["Slimebound:LeechLife","Slimebound:ItLooksTasty","Slimebound:PressTheAttack"],"picked":"SKIP","floor":40},{"not_picked":["Slimebound:Repurpose","Slimebound:LeechingTouch"],"picked":"Slimebound:ComboTackle","floor":42},{"not_picked":["Slimebound:LivingWall+1","Slimebound:ProtectTheBoss","Slimebound:HauntingLick"],"picked":"SKIP","floor":44},{"not_picked":["Slimebound:RainOfGoop","Slimebound:ItLooksTasty"],"picked":"Slimebound:Schlurp+1","floor":45},{"not_picked":["Slimebound:LivingWall","Slimebound:DouseInSlime","Slimebound:SplitAcid"],"picked":"SKIP","floor":46},{"not_picked":["Slimebound:LeechEnergy","Slimebound:Prepare","Slimebound:SlimeSpikes"],"picked":"SKIP","floor":49},{"not_picked":["Slimebound:LivingWall+1","Slimebound:FlameTackle","Slimebound:SlimeBrawl"],"picked":"SKIP","floor":52}],"player_experience":1833306,"relics_obtained":[{"floor":7,"key":"Guardian:PocketSentry"},{"floor":8,"key":"Slimebound:SlimedSkullRelic"},{"floor":10,"key":"Pear"},{"floor":14,"key":"Potion Belt"},{"floor":21,"key":"Necronomicon"},{"floor":24,"key":"Anchor"},{"floor":25,"key":"Slimebound:StickyStick"},{"floor":27,"key":"Centennial Puzzle"},{"floor":30,"key":"Bird Faced Urn"},{"floor":40,"key":"War Paint"},{"floor":40,"key":"CeramicFish"},{"floor":41,"key":"sneckomod:BlankCard"},{"floor":45,"key":"Dead Branch"},{"floor":46,"key":"Sundial"},{"floor":46,"key":"Bottled Lightning"},{"floor":52,"key":"Lizard Tail"},{"floor":52,"key":"Orichalcum"}],"event_choices":[{"damage_healed":0,"gold_gain":0,"player_choice":"Fight","damage_taken":0,"max_hp_gain":0,"max_hp_loss":0,"event_name":"Mysterious Sphere","floor":45,"gold_loss":0}],"is_beta":false,"boss_relics":[{"not_picked":["Fusion Hammer","SacredBark"],"picked":"Slimebound:AbsorbEndCombatUpgraded"},{"not_picked":["Tiny House","bronze:MakeshiftBattery"],"picked":"Black Star"}],"items_purged_floors":[13,38,48],"is_endless":false,"potions_floor_spawned":[2,8,14,15,23,25,28,30,33,36,39,42,44,45,52],"killed_by":"downfall:NeowBossFinal","ascension_level":19}}