{"host":"5y2vm16xfq9gfmb2","time":1613627487,"event":{"mods":["AchievementEnabler","BaseMod","Better Third Choice","Colored Map","Colored Powertips","DeckTracker","Friendly Minions","Marisa????????","Minty Spire (QoL Compilation)","Rare Cards Sparkle","Relic Stats","StSLib","The Alterego","The Animator","The Marked","The Servant 0.9.4","Yohane!"],"gold_per_floor":[114,114,114,114,133,133,152,171,196,215,390,409,428,104,104,229,229,248,267,286,309,309,309],"floor_reached":22,"language":"ENG","playtime":963,"items_purged":[],"score":230,"play_id":"547ae7e4-af62-4a73-9155-977054413862","local_time":"20210218005127","daily_mods":["Cursed Run","ControlledChaos","Lethality"],"is_ascension_mode":false,"campfire_choices":[{"floor":6.0,"key":"REST"},{"floor":15.0,"key":"REST"}],"circlet_count":0,"master_deck":["Zap","Dualcast+1","Glacier","Injury","Cold Snap","Beam Cell","Blizzard","animator:Curse_Nutcracker","Compile Driver","Doubt","Doom and Gloom","BootSequence","Lockon","Writhe","Electrodynamics","Genetic Algorithm","Glacier","Turbo","Reprogram","Reinforced Body","Glacier","Meteor Strike","Ball Lightning","Chaos+1","Ball Lightning+1","BootSequence"],"relics":["Cursed Key","Darkstone Periapt","Du-Vu Doll","Frozen Eye","Smiling Mask","Golden Idol","Strawberry","Cables","Pandora\u0027s Box","Red Mask"],"acts_visited":["Exordium","TheCity"],"potions_floor_usage":[20,21],"damage_taken":[{"damage":9.0,"enemies":"Jaw Worm","floor":1.0,"turns":2.0},{"damage":5.0,"enemies":"2 Louse","floor":5.0,"turns":3.0},{"damage":0.0,"enemies":"Cultist","floor":7.0,"turns":3.0},{"damage":2.0,"enemies":"Looter","floor":8.0,"turns":2.0},{"damage":3.0,"enemies":"Blue Slaver","floor":10.0,"turns":3.0},{"damage":14.0,"enemies":"Exordium Wildlife","floor":12.0,"turns":2.0},{"damage":0.0,"enemies":"3 Louse","floor":13.0,"turns":1.0},{"damage":52.0,"enemies":"The Guardian","floor":16.0,"turns":9.0},{"damage":6.0,"enemies":"Chosen","floor":18.0,"turns":3.0},{"damage":61.0,"enemies":"3 Byrds","floor":19.0,"turns":4.0},{"damage":26,"enemies":"Shelled Parasite and Fungi","floor":20,"turns":5},{"damage":6,"enemies":"Masked Bandits","floor":21,"turns":2},{"damage":11,"enemies":"Cultist and Chosen","floor":22,"turns":4}],"seed_played":"-4060160915487772418","potions_obtained":[{"floor":1.0,"key":"FearPotion"},{"floor":10.0,"key":"FocusPotion"},{"floor":16.0,"key":"Fire Potion"},{"floor":18.0,"key":"Fire Potion"},{"floor":19,"key":"Dexterity Potion"}],"is_trial":false,"path_per_floor":["M","?","?","?","M","R","M","M","T","M","?","M","M","$","R","B",null,"M","M","M","?","M"],"character_chosen":"DEFECT","items_purchased":["Cables","Lockon"],"campfire_rested":2,"item_purchase_floors":[14,14],"current_hp_per_floor":[66,51,33,39,34,58,58,56,69,66,72,58,58,58,88,42,106,100,39,13,7,0,0],"gold":309,"neow_bonus":"","is_daily":true,"chose_seed":false,"campfire_upgraded":0,"win_rate":0.0,"timestamp":1613627487,"path_taken":["M","?","?","?","M","R","M","M","T","?","?","M","M","$","R","BOSS","M","M","M","?","M"],"items_purchased_type":["Relic","Card"],"build_version":"2020-12-22","purchased_purges":0,"victory":false,"max_hp_per_floor":[75,75,75,81,81,81,81,81,94,94,100,100,100,100,100,106,106,106,106,106,106,106,106],"relic_stats":{"Darkstone Periapt":24,"counters":[13,43],"Golden Idol":70,"Pandora\u0027s Box":["Genetic Algorithm","Glacier","Turbo","Reprogram","Reinforced Body","Glacier","Meteor Strike","Ball Lightning"],"Cursed Key":1,"Smiling Mask":0,"obtain_stats":[{"Darkstone Periapt":0,"Du-Vu Doll":0,"Frozen Eye":0,"Golden Idol":4,"Strawberry":9,"Pandora\u0027s Box":17,"Red Mask":21,"Cursed Key":0,"Smiling Mask":3,"Cables":14},{"Darkstone Periapt":0,"Du-Vu Doll":0,"Frozen Eye":0,"Golden Idol":1,"Strawberry":4,"Pandora\u0027s Box":8,"Red Mask":12,"Cursed Key":0,"Smiling Mask":1,"Cables":7},{"Darkstone Periapt":0,"Du-Vu Doll":0,"Frozen Eye":0,"Golden Idol":2,"Strawberry":10,"Pandora\u0027s Box":25,"Red Mask":39,"Cursed Key":0,"Smiling Mask":2,"Cables":16}],"Cables":[20,6,13,1,0]},"card_choices":[{"not_picked":["Hologram","White Noise"],"picked":"Glacier","floor":1.0},{"not_picked":["Steam","Force Field"],"picked":"Cold Snap","floor":5.0},{"not_picked":["Turbo","Steam"],"picked":"Beam Cell","floor":7.0},{"not_picked":["Darkness","Leap"],"picked":"Blizzard","floor":8.0},{"not_picked":["Consume","Chaos"],"picked":"Compile Driver","floor":10.0},{"not_picked":["Hologram","Coolheaded"],"picked":"Doom and Gloom","floor":12.0},{"not_picked":["Stack","Steam"],"picked":"BootSequence","floor":13.0},{"not_picked":["All For One","Multi-Cast"],"picked":"Electrodynamics","floor":16.0},{"not_picked":["Melter","Consume"],"picked":"Chaos+1","floor":18.0},{"not_picked":["Go for the Eyes+1","Steam"],"picked":"Ball Lightning+1","floor":19},{"not_picked":["Steam Power","Undo+1","Coolheaded"],"picked":"SKIP","floor":20},{"not_picked":["Doom and Gloom","Redo"],"picked":"BootSequence","floor":21}],"player_experience":144534,"relics_obtained":[{"floor":9.0,"key":"Strawberry"},{"floor":21,"key":"Red Mask"}],"event_choices":[{"damage_healed":66.0,"max_hp_gain":0.0,"max_hp_loss":75.0,"gold_gain":0.0,"event_name":"betterThird:BetterShining","player_choice":"Upgrade","floor":2.0,"gold_loss":0.0,"damage_taken":15.0,"cards_upgraded":["Dualcast","Strike_B"]},{"damage_healed":0.0,"max_hp_gain":0.0,"max_hp_loss":0.0,"gold_gain":0.0,"event_name":"betterThird:BetterScrap","player_choice":"Relic ","floor":3.0,"gold_loss":0.0,"damage_taken":18.0,"cards_obtained":["Crippling Poison"]},{"damage_healed":0.0,"max_hp_gain":0.0,"max_hp_loss":0.0,"gold_gain":0.0,"event_name":"Golden Idol","player_choice":"Take Wound","floor":4.0,"gold_loss":0.0,"damage_taken":0.0,"relics_obtained":["Golden Idol"],"cards_obtained":["Injury"]},{"damage_healed":0.0,"max_hp_gain":0.0,"max_hp_loss":0.0,"gold_gain":175.0,"event_name":"betterThird:BetterSerpent","player_choice":"AGREE","floor":11.0,"gold_loss":0.0,"damage_taken":215.0},{"damage_healed":0,"gold_gain":0,"player_choice":"Fought Bandits","damage_taken":0,"max_hp_gain":0,"max_hp_loss":0,"event_name":"Masked Bandits","floor":21,"gold_loss":0}],"is_beta":false,"boss_relics":[{"not_picked":["SlaversCollar","Runic Dome"],"picked":"Pandora\u0027s Box"}],"items_purged_floors":[],"is_endless":false,"potions_floor_spawned":[1,10,16,18,19],"killed_by":"Cultist and Chosen","ascension_level":0}}