{"host":"2j7k79oxv8es4yqd","time":1613646038,"event":{"mods":["BaseMod","Emptier Cage","Minty Spire (QoL Compilation)","Permanent Neow","Ryuuou¡˙Õı","StSLib"],"gold_per_floor":[117,117,117,137,137,137,168,118,169,181,208,383,383,308,308,308,308],"floor_reached":16,"language":"ZHT","playtime":757,"items_purged":["Doubt"],"score":122,"play_id":"77b79051-b225-492e-9f9b-f9f6c19488c2","local_time":"20210218190038","is_ascension_mode":true,"campfire_choices":[{"data":"Neutralize","floor":6,"key":"SMITH"},{"data":"Envenom","floor":13,"key":"SMITH"},{"floor":15,"key":"RECALL"}],"circlet_count":0,"master_deck":["Strike_G","Defend_G","Defend_G","Defend_G","Survivor","Neutralize+1","Blade Dance","Escape Plan","Flying Knee","Envenom+1"],"relics":["Empty Cage","Darkstone Periapt","Bronze Scales","Bag of Preparation"],"acts_visited":["Exordium"],"potions_floor_usage":[7,7,11,16],"damage_taken":[{"damage":2,"enemies":"Cultist","floor":1,"turns":4},{"damage":4,"enemies":"Jaw Worm","floor":4,"turns":3},{"damage":9,"enemies":"Lagavulin","floor":7,"turns":8},{"damage":1,"enemies":"2 Louse","floor":10,"turns":2},{"damage":12,"enemies":"3 Sentries","floor":11,"turns":7},{"damage":79,"enemies":"Slime Boss","floor":16,"turns":11}],"seed_played":"-3582004873877043849","potions_obtained":[{"floor":1,"key":"EntropicBrew"},{"floor":10,"key":"SneckoOil"},{"floor":11,"key":"Energy Potion"}],"is_trial":false,"path_per_floor":["M","?","T","M","?","R","E","?","T","M","E","?","R","$","R","B"],"character_chosen":"THE_SILENT","items_purchased":[],"campfire_rested":0,"item_purchase_floors":[],"current_hp_per_floor":[68,61,61,57,57,57,48,48,48,47,35,41,41,41,41,0,0],"gold":308,"neow_bonus":"BOSS_RELIC","is_daily":false,"chose_seed":false,"campfire_upgraded":2,"win_rate":0.0,"timestamp":1613646038,"path_taken":["M","?","?","M","?","R","E","?","T","M","E","?","R","$","R","BOSS"],"items_purchased_type":[],"build_version":"2020-12-22","purchased_purges":1,"victory":false,"max_hp_per_floor":[70,70,70,70,70,70,70,70,70,70,70,76,76,76,76,76,76],"card_choices":[{"not_picked":["Escape Plan","Dagger Throw"],"picked":"Blade Dance","floor":1},{"not_picked":["Catalyst","Dagger Throw"],"picked":"Escape Plan","floor":4},{"not_picked":["Crippling Poison","Underhanded Strike"],"picked":"Flying Knee","floor":7},{"not_picked":["Deadly Poison","Flying Knee","Dagger Spray"],"picked":"SKIP","floor":10},{"not_picked":["Flechettes","Choke"],"picked":"Envenom","floor":11}],"player_experience":569578,"relics_obtained":[{"floor":7,"key":"Darkstone Periapt"},{"floor":9,"key":"Bronze Scales"},{"floor":11,"key":"Bag of Preparation"}],"event_choices":[{"cards_removed":["Strike_G"],"damage_healed":0,"gold_gain":0,"player_choice":"Card Removal","damage_taken":7,"max_hp_gain":0,"max_hp_loss":0,"event_name":"Golden Wing","floor":2,"gold_loss":0},{"cards_removed":["Strike_G"],"damage_healed":0,"gold_gain":0,"player_choice":"Forget","damage_taken":0,"max_hp_gain":0,"max_hp_loss":0,"event_name":"Living Wall","floor":5,"gold_loss":0},{"cards_removed":["Strike_G"],"damage_healed":0,"gold_gain":0,"player_choice":"Card Removal","damage_taken":0,"max_hp_gain":0,"max_hp_loss":0,"event_name":"The Cleric","floor":8,"gold_loss":50},{"damage_healed":0,"gold_gain":175,"player_choice":"AGREE","damage_taken":0,"max_hp_gain":0,"max_hp_loss":0,"event_name":"Liars Game","floor":12,"gold_loss":0,"cards_obtained":["Doubt"]}],"is_beta":false,"boss_relics":[],"items_purged_floors":[14],"is_endless":false,"potions_floor_spawned":[1,10,11],"killed_by":"Slime Boss","ascension_level":3}}