{"host":"vt6dr1xq3iy14a3e","time":1613647499,"event":{"mods":["AchievementEnabler","BaseMod","Colored Map","DeckTracker","Minty Spire (QoL Compilation)","Replay The Spire","StSLib","SuperFastMode"],"gold_per_floor":[118,134,144,163,236,236,236,251,278,295,31,64,64,64,64,64,64],"floor_reached":16,"language":"KOR","playtime":969,"items_purged":["Strike_R"],"score":204,"play_id":"8bb991e3-3e3d-478f-ae1a-217801e5b972","local_time":"20210218202459","is_ascension_mode":true,"campfire_choices":[{"data":"Warcry","floor":6.0,"key":"SMITH"},{"floor":15,"key":"REST"}],"circlet_count":0,"master_deck":["AscendersBane","Strike_R","Strike_R","Strike_R","Defend_R+1","Defend_R","Defend_R","Defend_R","Bash","Twin Strike","Wild Strike","Bloodletting","Warcry+1","Wild Strike","Warcry+1","Reaper","Seeing Red","Pommel Strike","Dark Embrace"],"relics":["Burning Blood","Toy Ornithopter","ClockworkSouvenir","Blue Doll"],"acts_visited":["Exordium"],"potions_floor_usage":[12,16],"damage_taken":[{"damage":6.0,"enemies":"Cultist","floor":1.0,"turns":4.0},{"damage":6.0,"enemies":"Jaw Worm","floor":2.0,"turns":5.0},{"damage":4.0,"enemies":"Small Slimes","floor":3.0,"turns":4.0},{"damage":9.0,"enemies":"3 Louse","floor":4.0,"turns":4.0},{"damage":33.0,"enemies":"Exordium Thugs","floor":8.0,"turns":5.0},{"damage":38.0,"enemies":"Large Slime","floor":10.0,"turns":5.0},{"damage":35,"enemies":"Lagavulin","floor":12,"turns":7},{"damage":62,"enemies":"The Guardian","floor":16,"turns":7}],"seed_played":"-717218826037849158","potions_obtained":[{"floor":4.0,"key":"BlessingOfTheForge"},{"floor":8.0,"key":"Venom Potion"},{"floor":12,"key":"Swift Potion"}],"is_trial":false,"path_per_floor":["M","M","M","M","?","R","?","M","T","M","$","E","?","?","R","B"],"character_chosen":"IRONCLAD","items_purchased":["Pommel Strike","ClockworkSouvenir"],"campfire_rested":1,"item_purchase_floors":[11,11],"current_hp_per_floor":[73,73,75,72,72,72,72,50,50,26,26,8,8,8,32,0,0],"gold":64,"neow_bonus":"RANDOM_EVENT","is_daily":false,"chose_seed":false,"campfire_upgraded":1,"win_rate":0.0,"timestamp":1613647499,"path_taken":["M","M","M","M","?","R","?","M","T","M","$","E","?","?","R","BOSS"],"items_purchased_type":["Card","Relic"],"build_version":"2020-12-22","purchased_purges":1,"victory":false,"max_hp_per_floor":[80,80,80,80,80,80,80,80,80,80,80,80,80,80,80,80,80],"card_choices":[{"not_picked":["Headbutt","Havoc"],"picked":"Twin Strike","floor":1.0},{"not_picked":["Warcry","Shrug It Off"],"picked":"Wild Strike","floor":2.0},{"not_picked":["Sword Boomerang","Anger"],"picked":"Bloodletting","floor":3.0},{"not_picked":["Dual Wield","Searing Blow"],"picked":"Warcry","floor":4.0},{"not_picked":["Flex","ReplayTheSpireMod:Corrosion Curse"],"picked":"Wild Strike","floor":5.0},{"not_picked":["Twin Strike","Headbutt"],"picked":"Warcry","floor":5.0},{"not_picked":["Whirlwind","Thunderclap"],"picked":"Reaper","floor":8.0},{"not_picked":["Combust","Warcry"],"picked":"Seeing Red","floor":10.0},{"not_picked":["ReplayTheSpireMod:Strike From Hell","Spot Weakness"],"picked":"Dark Embrace","floor":12}],"player_experience":1054330,"relics_obtained":[{"floor":5.0,"key":"Toy Ornithopter"},{"floor":12,"key":"Blue Doll"}],"event_choices":[{"damage_healed":0.0,"max_hp_gain":5.0,"max_hp_loss":0.0,"gold_gain":0.0,"event_name":"Big Fish","player_choice":"Donut","floor":0.0,"gold_loss":0.0,"damage_taken":0.0},{"damage_healed":0.0,"max_hp_gain":0.0,"max_hp_loss":0.0,"gold_gain":0.0,"event_name":"Living Wall","player_choice":"Grow","floor":7.0,"gold_loss":0.0,"damage_taken":0.0,"cards_upgraded":["Warcry"]},{"cards_removed":["Strike_R"],"damage_healed":0,"gold_gain":0,"player_choice":"Purged","damage_taken":0,"max_hp_gain":0,"max_hp_loss":0,"event_name":"Purifier","floor":14,"gold_loss":0}],"is_beta":false,"boss_relics":[],"items_purged_floors":[11],"is_endless":false,"potions_floor_spawned":[4,8,12],"killed_by":"The Guardian","ascension_level":20}}