{"host":"fv2k0lzl4ivow5fw","time":1613629367,"event":{"mods":["Aspiration","BaseMod","Downfall","Infinite Spire","Marisa????????","Minty Spire (QoL Compilation)","Reliquary","Replay The Spire","StSLib","The Animator","The Servant 0.9.4"],"gold_per_floor":[111,36,48,63,138,169,169,182,231,299,339,339,397,414,414,540,640,685,702,702,721,721,721,759,792,809,825,825,845,845,882,882,892,892,993,993,1005,1005,1017,1017,1033,1033,472,507,561,595,606,606,129,145,145,240,240,240],"floor_reached":53,"language":"ENG","playtime":4844,"items_purged":["Defend_MRS","Defend_MRS","Strike_MRS","Defend_MRS"],"score":710,"play_id":"fc476f5e-58e7-4db0-8f77-7de8d70b4d7f","local_time":"20210217222247","is_ascension_mode":false,"campfire_choices":[{"data":"DC","floor":7,"key":"SMITH"},{"data":"WitchOfGreed","floor":12,"key":"SMITH"},{"data":"OortCloud","floor":15,"key":"SMITH"},{"data":"ManaRampage","floor":30,"key":"SMITH"},{"floor":34,"key":"DIG"},{"data":"infinitespire:NeuralNetwork","floor":42,"key":"SMITH"},{"data":"CollectingQuirk","floor":48,"key":"SMITH"},{"data":"ManaRampage","floor":51,"key":"SMITH"}],"circlet_count":0,"master_deck":["Strike_MRS","Strike_MRS","Strike_MRS","Defend_MRS","MasterSpark","UpSweep","WitchLeyline","DC+1","6A","CollectingQuirk+1","ManaConvection","WitchOfGreed+1","OortCloud+1","BlazeAway","MeteoricShower","ManaRampage+1","IllusionStar+1","DoubleSpark","ReplayTheSpireMod:Chaos Vortex","PowerUp","Acceleration+1","GrandCross+1","EnergyFlow","IllusionStar","ShootingEcho+1","StarlightTyphoon+1","PropBag","EscapeVelocity","ChargeUpSpray+1","Looming Evil","UltimateShortwave","infinitespire:NeuralNetwork+1","DeepEcoloBomb+1","EnergyRecoil+1","ShootTheMoon+1","ManaRampage+1","EnergyFlow","MillisecondPulsars"],"relics":["MiniHakkero","NeowsBlessing","Orichalcum","reliquary:RoseTintedGlasses","Question Card","BreadOfAWashokuLover","Replay:Wanted Poster","Divine Protection","reliquary:Knoch","Sundial","aspiration:RitualStick","infinitespire:Golems Mask","Coffee Dripper","Ring of Fury","Ring of Hypnosis","Replay:Baseball","Simple Rune","Lee\u0027s Waffle","infinitespire:Lucky Rock","reliquary:Spinner","ReplayTheSpireMod:Lightbulb","Honey Jar"],"acts_visited":["Exordium","TheCity","TheBeyond","Exordium"],"potions_floor_usage":[11,13,13,16,18,18,35,35,35,41,47,52,52,52],"damage_taken":[{"damage":0,"enemies":"Small Slimes","floor":1,"turns":1},{"damage":0,"enemies":"2 Louse","floor":3,"turns":1},{"damage":0,"enemies":"Jaw Worm","floor":4,"turns":1},{"damage":24,"enemies":"Gremlin Nob","floor":6,"turns":4},{"damage":5,"enemies":"Looter","floor":8,"turns":2},{"damage":12,"enemies":"3 Sentries","floor":11,"turns":3},{"damage":13,"enemies":"Lagavulin","floor":13,"turns":4},{"damage":0,"enemies":"Exordium Wildlife","floor":14,"turns":1},{"damage":0,"enemies":"Hexaghost","floor":16,"turns":8},{"damage":4,"enemies":"Spheric Guardian","floor":18,"turns":3},{"damage":6,"enemies":"Shell Parasite","floor":19,"turns":2},{"damage":14,"enemies":"Snake Plant","floor":21,"turns":3},{"damage":0,"enemies":"Shelled Parasite and Fungi","floor":24,"turns":3},{"damage":15,"enemies":"Nightmare","floor":25,"turns":5},{"damage":0,"enemies":"Snecko","floor":26,"turns":3},{"damage":0,"enemies":"Snake Plant","floor":27,"turns":3},{"damage":0,"enemies":"Chosen and Byrds","floor":29,"turns":3},{"damage":3,"enemies":"Snecko","floor":31,"turns":5},{"damage":0,"enemies":"Centurion and Healer","floor":33,"turns":4},{"damage":24,"enemies":"Automaton","floor":35,"turns":6},{"damage":0,"enemies":"Orb Walker","floor":37,"turns":1},{"damage":6,"enemies":"3 Darklings","floor":39,"turns":4},{"damage":0,"enemies":"Spire Growth","floor":41,"turns":2},{"damage":0,"enemies":"Transient","floor":44,"turns":5},{"damage":0,"enemies":"Reptomancer","floor":46,"turns":2},{"damage":0,"enemies":"Sphere and 2 Shapes","floor":47,"turns":2},{"damage":6,"enemies":"3 Darklings","floor":50,"turns":3},{"damage":8,"enemies":"Replay:Hell Engine","floor":52,"turns":5}],"seed_played":"5606825429173021747","potions_obtained":[{"floor":3,"key":"DuplicationPotion"},{"floor":6,"key":"DistilledChaos"},{"floor":8,"key":"Death Potion"},{"floor":11,"key":"ColorlessPotion"},{"floor":13,"key":"ColorlessPotion"},{"floor":13,"key":"Energy Potion"},{"floor":16,"key":"Venom Potion"},{"floor":18,"key":"sneckomod:MuddlingPotion"},{"floor":19,"key":"Dexterity Potion"},{"floor":24,"key":"Guardian:BlockOnCardUsePotion"},{"floor":26,"key":"PowerPotion"},{"floor":31,"key":"Milkshake"},{"floor":35,"key":"Adrenaline Potion"},{"floor":37,"key":"AttackPotion"},{"floor":39,"key":"Explosive Potion"},{"floor":41,"key":"Weak Potion"},{"floor":44,"key":"LiquidMemories"},{"floor":50,"key":"Slimebound:ThreeZeroPotion"}],"is_trial":false,"path_per_floor":["M","$","M","M","?","E","R","M","T","?","E","R","E","M","R","B",null,"M","M","AVR","M","PTL","PTL","M","NM","M","M","T","M","R","M","?","M","R","B",null,"M","?","M","?","M","R","$","M","T","E","M","R","$","M","R","B",null],"character_chosen":"MARISA","items_purchased":["Replay:Baseball","Simple Rune","Lee\u0027s Waffle","ManaRampage","ReplayTheSpireMod:Lightbulb"],"campfire_rested":0,"item_purchase_floors":[43,43,43,49,49],"current_hp_per_floor":[75,75,75,75,64,40,40,35,35,35,23,23,10,10,10,13,75,71,66,66,52,52,52,54,41,41,41,41,41,41,38,23,23,23,2,75,75,75,69,50,50,50,82,95,95,95,95,95,95,89,89,85,95,95],"gold":240,"neow_bonus":"THREE_ENEMY_KILL","is_daily":false,"chose_seed":false,"campfire_upgraded":7,"win_rate":0.0,"timestamp":1613629367,"path_taken":["M","$","M","M","?","E","R","M","T","?","E","R","E","M","R","BOSS","M","M","AVR","M","PTL","PTL","M","NM","M","M","T","M","R","M","?","M","R","BOSS","M","?","M","?","M","R","?","M","T","E","?","R","?","M","R","BOSS"],"items_purchased_type":["Relic","Relic","Relic","Card","Relic"],"build_version":"2020-12-22","purchased_purges":4,"victory":false,"max_hp_per_floor":[75,75,75,75,75,75,75,75,75,75,75,75,75,75,75,75,75,75,75,75,75,75,75,75,75,75,75,75,75,75,75,75,75,75,75,75,75,75,75,75,75,75,82,95,95,95,95,95,95,95,95,95,95,95],"card_choices":[{"not_picked":["OneTimeOff","IllusionStar"],"picked":"WitchLeyline","floor":1},{"not_picked":["MysteriousBeam","WitchLeyline"],"picked":"DC","floor":3},{"not_picked":["GravityBeat","OneTimeOff"],"picked":"6A","floor":4},{"not_picked":["UnstableBomb","OortCloud"],"picked":"CollectingQuirk","floor":6},{"not_picked":["OpenUniverse","MysteriousBeam"],"picked":"ManaConvection","floor":8},{"not_picked":["ManaConvection","Acceleration"],"picked":"WitchOfGreed","floor":10},{"not_picked":["MilkyWay","MachineGunSpark"],"picked":"OortCloud","floor":11},{"not_picked":["EscapeVelocity","ChargingUp","SprinkleStarSeal"],"picked":"BlazeAway","floor":13},{"not_picked":["DoubleSpark","Acceleration","WitchLeyline"],"picked":"MeteoricShower","floor":14},{"not_picked":["EscapeVelocity","BinaryStars","FinalSpark"],"picked":"ManaRampage","floor":16},{"not_picked":["ManaConvection","GravityBeat","SuperPerseids"],"picked":"IllusionStar+1","floor":18},{"not_picked":["MagicChant","PowerUp","MilkyWay"],"picked":"DoubleSpark","floor":19},{"not_picked":["Acceleration","DoubleSpark","IllusionStar"],"picked":"PowerUp","floor":21},{"not_picked":["LuminesStrike","ShootingEcho","SuperPerseids"],"picked":"Acceleration+1","floor":24},{"not_picked":["BlazingStar","ManaConvection","GalacticHalo"],"picked":"GrandCross+1","floor":25},{"not_picked":["GalacticHalo","IllusionStar","StarBarrage"],"picked":"EnergyFlow","floor":26},{"not_picked":["SporeBomb","ManaConvection","UnstableBomb"],"picked":"IllusionStar","floor":27},{"not_picked":["WitchOfGreed","NonDirectionalLaser+1","MilkyWay+1"],"picked":"ShootingEcho+1","floor":29},{"not_picked":["WitchLeyline+1","GalacticHalo","OpenUniverse+1"],"picked":"StarlightTyphoon+1","floor":31},{"not_picked":["MilkyWay","SporeBomb","LuminesStrike"],"picked":"PropBag","floor":33},{"not_picked":["TreasureHunter","BigCrunch","SatelliteIllusion"],"picked":"EscapeVelocity","floor":35},{"not_picked":["LuminesStrike","DC+1","GalacticHalo"],"picked":"ChargeUpSpray+1","floor":37},{"not_picked":["MilkyWay","UnstableBomb+1","EnergyFlow+1"],"picked":"UltimateShortwave","floor":39},{"not_picked":["ReplayTheSpireMod:Chaos Vortex","infinitespire:FutureSight"],"picked":"infinitespire:NeuralNetwork","floor":40},{"not_picked":["GrandCross+1","OneTimeOff","ManaConvection+1","MilkyWay"],"picked":"SKIP","floor":41},{"not_picked":["Acceleration+1","SprinkleStarSeal","GalacticHalo"],"picked":"DeepEcoloBomb+1","floor":44},{"not_picked":["AsteroidBelt+1","SprinkleStarSeal","GravityBeat"],"picked":"EnergyRecoil+1","floor":46},{"not_picked":["LuminesStrike","DoubleSpark+1","DC+1"],"picked":"ShootTheMoon+1","floor":47},{"not_picked":["GrandCross","MysteriousBeam","DC"],"picked":"EnergyFlow","floor":50},{"not_picked":["SuperNova","CasketOfStar","FinalSpark"],"picked":"MillisecondPulsars","floor":52}],"player_experience":100674,"relics_obtained":[{"floor":6,"key":"Orichalcum"},{"floor":9,"key":"reliquary:RoseTintedGlasses"},{"floor":11,"key":"Question Card"},{"floor":13,"key":"BreadOfAWashokuLover"},{"floor":25,"key":"reliquary:Knoch"},{"floor":28,"key":"Sundial"},{"floor":34,"key":"infinitespire:Golems Mask"},{"floor":38,"key":"Ring of Fury"},{"floor":38,"key":"Ring of Hypnosis"},{"floor":45,"key":"infinitespire:Lucky Rock"},{"floor":46,"key":"reliquary:Spinner"}],"event_choices":[{"damage_healed":0,"gold_gain":75,"player_choice":"Gather Gold","damage_taken":11,"max_hp_gain":0,"max_hp_loss":0,"event_name":"World of Goop","floor":5,"gold_loss":0}],"is_beta":false,"boss_relics":[{"not_picked":["aspiration:FutureDiary","RampagingMagicTools"],"picked":"Replay:Wanted Poster"},{"not_picked":["Busted Crown","Replay:Drink Me"],"picked":"Coffee Dripper"},{"not_picked":["reliquary:Ember","Calling Bell"],"picked":"Honey Jar"}],"items_purged_floors":[2,20,43,49],"is_endless":true,"potions_floor_spawned":[3,6,8,11,13,16,19,24,26,31,35,37,39,41,50],"ascension_level":0}}