{"host":"956g3854xvs16zht","time":1613624401,"event":{"mods":["2.2 Compatiblity","AlwaysNeverKeys","Aspiration","BaseMod","BetterRewards","Card Forge","Colored Map","Colored Powertips","Custom Start","DeckTracker","Displayed Cursed Tome","Energized Spire","Evolution","Friendly Minions","Infinite Spire","Minty Spire (QoL Compilation)","Permanent Neow","Relic Filter","Relic Sorter","Shop Mod","Spicy Shops","StSLib","TheHero"],"gold_per_floor":[113,113,124,140,140,165,340,0,0,13,13,46,25,25,25,121,71,81,92,92,110,173,203,168,198,273,273,293,313,329,341,341,443,443,461,481,481,497,547,580,593,593,593,604,616,641,691,703,703,800,800,802,852,853,861,403,403,412,462,485,535,546,771,821,828,828,893,893,885,885,880,880],"floor_reached":71,"language":"ENG","playtime":5674,"items_purged":["Doubt","animeID:ShootStyle"],"score":1402,"play_id":"e1570c6a-bc62-4b96-b49a-f36d706d233f","local_time":"20210218000001","is_ascension_mode":false,"campfire_choices":[{"floor":11,"key":"REST"},{"data":"animeID:Eri","floor":15,"key":"SMITH"},{"data":"animeID:Iida","floor":27,"key":"SMITH"},{"data":"animeID:PresentMic","floor":32,"key":"SMITH"},{"data":"animeID:PresentMic","floor":42,"key":"SMITH"},{"data":"animeID:Tamaki","floor":49,"key":"SMITH"},{"data":"animeID:GranTorino","floor":57,"key":"SMITH"},{"data":"animeID:HowitzerImpact","floor":66,"key":"SMITH"}],"circlet_count":0,"master_deck":["animeID:Deku+1","animeID:Bakugo+1","animeID:DetroitSmash+1","animeID:DetroitSmash+1","animeID:Smash+1","animeID:Smash+1","animeID:DefendMH+1","animeID:DefendMH+1","animeID:DefendMH+1","animeID:DefendMH+1","animeID:Kirishima+1","Capacitor+1","Loop+1","Capacitor+1","Loop+1","infinitespire:UltimateForm+1","animeID:FullCowl+1","animeID:EraserHead+1","animeID:Endeavor+1","animeID:ToruHagakure","animeID:Iida","animeID:DelawareSmash","animeID:ToruHagakure","animeID:Eri+1","animeID:Smash","animeID:Hatsume+1","animeID:Iida","animeID:Kirishima","infinitespire:Starlight","animeID:DelawareSmash+1","animeID:Iida+1","animeID:EraserHead+1","animeID:HowitzerImpact+1","animeID:PresentMic+1","animeID:DelawareSmash+1","infinitespire:Starlight","infinitespire:SevenWalls","animeID:DetroitSmash+1","animeID:PresentMic+1","animeID:RecoveryGirl+1","animeID:Tamaki+1","animeID:Tsuyu+1","animeID:FullCowl+1","animeID:DelawareSmash","animeID:ToruHagakure","infinitespire:UltimateForm+1","animeID:GranTorino+1","Doubt","animeID:DetroitSmash"],"relics":["animeID:HeroCostume","Anvil of the Gods","Hammer of Thor","Seething Fire","EVO:Axolotl","Anchor","MerchantsRug","SsserpentHead","energizedSpire:HugeHouse","aspiration:RitualDagger","Juzu Bracelet","Bronze Scales","Bottled Flame","Kunai","energizedSpire:MagnifyingGlass","Nunchaku","Ice Cream","Lantern","Philosopher\u0027s Stone","DollysMirror","infinitespire:Bottled Soul","Tiny Chest","Bag of Preparation","infinitespire:Eraser","aspiration:ChemicalBlood","Darkstone Periapt","Coffee Dripper"],"acts_visited":["Exordium","TheCity","TheBeyond","Exordium","TheCity"],"potions_floor_usage":[71,71,71],"damage_taken":[{"damage":1,"enemies":"Cultist","floor":1,"turns":3},{"damage":8,"enemies":"Small Slimes","floor":3,"turns":3},{"damage":0,"enemies":"Jaw Worm","floor":4,"turns":1},{"damage":18,"enemies":"Lagavulin","floor":6,"turns":7},{"damage":15,"enemies":"2 Fungi Beasts","floor":10,"turns":5},{"damage":13,"enemies":"Gremlin Gang","floor":12,"turns":3},{"damage":48,"enemies":"The Guardian","floor":16,"turns":7},{"damage":20,"enemies":"3 Byrds","floor":18,"turns":4},{"damage":0,"enemies":"Spheric Guardian","floor":19,"turns":4},{"damage":26,"enemies":"Snecko","floor":21,"turns":4},{"damage":33,"enemies":"Cultist and Chosen","floor":22,"turns":5},{"damage":43,"enemies":"Gremlin Leader","floor":23,"turns":4},{"damage":7,"enemies":"Slavers","floor":25,"turns":2},{"damage":3,"enemies":"Centurion and Healer","floor":28,"turns":1},{"damage":1,"enemies":"Snake Plant","floor":29,"turns":1},{"damage":1,"enemies":"Cultist and Chosen","floor":30,"turns":1},{"damage":1,"enemies":"3 Cultists","floor":31,"turns":1},{"damage":13,"enemies":"Champ","floor":33,"turns":5},{"damage":3,"enemies":"3 Shapes","floor":35,"turns":2},{"damage":6,"enemies":"3 Darklings","floor":36,"turns":4},{"damage":8,"enemies":"Transient","floor":38,"turns":6},{"damage":12,"enemies":"Nemesis","floor":40,"turns":4},{"damage":6,"enemies":"Writhing Mass","floor":41,"turns":2},{"damage":12,"enemies":"Maw","floor":44,"turns":4},{"damage":15,"enemies":"3 Darklings","floor":45,"turns":3},{"damage":75,"enemies":"Nightmare","floor":46,"turns":5},{"damage":6,"enemies":"Writhing Mass","floor":48,"turns":2},{"damage":12,"enemies":"Donu and Deca","floor":50,"turns":4},{"damage":3,"enemies":"2 Louse","floor":52,"turns":1},{"damage":3,"enemies":"Jaw Worm","floor":54,"turns":1},{"damage":3,"enemies":"Cultist","floor":55,"turns":1},{"damage":13,"enemies":"3 Sentries","floor":58,"turns":4},{"damage":3,"enemies":"Blue Slaver","floor":62,"turns":1},{"damage":3,"enemies":"Red Slaver","floor":65,"turns":1},{"damage":45,"enemies":"The Guardian","floor":67,"turns":5},{"damage":6,"enemies":"2 Thieves","floor":69,"turns":2},{"damage":3,"enemies":"Shell Parasite","floor":71,"turns":1}],"seed_played":"-1585041881359159939","potions_obtained":[{"floor":1,"key":"ColorlessPotion"},{"floor":12,"key":"Regen Potion"},{"floor":21,"key":"SteroidPotion"},{"floor":28,"key":"Strength Potion"},{"floor":29,"key":"SteroidPotion"},{"floor":67,"key":"SkillPotion"},{"floor":71,"key":"SmokeBomb"}],"is_trial":false,"path_per_floor":["M","?","M","M","?","E","?","$","T","M","R","M","$","?","R","B",null,"M","M","AVR","M","M","E","?","E","T","R","M","M","M","M","R","B",null,"M","M","AVR","M","?","E","M","R","T","M","M","NM","?","M","R","B",null,"M","?","M","M","$","R","E","T","T","?","M","?","T","M","R","B",null,"M","?","M"],"character_chosen":"THE_HERO","items_purchased":["MerchantsRug","Toolbox","animeID:DelawareSmash","animeID:ShootStyle","animeID:ToruHagakure","DollysMirror","animeID:GranTorino","infinitespire:Bottled Soul","Tiny Chest"],"campfire_rested":1,"item_purchase_floors":[8,8,8,8,8,56,56,56,56],"current_hp_per_floor":[74,74,67,67,60,48,48,48,48,37,59,50,50,50,50,10,70,52,58,58,48,29,70,70,69,69,69,70,70,70,70,70,70,70,70,70,77,77,77,77,77,77,77,77,71,65,65,77,77,77,77,77,77,77,77,77,77,77,77,77,77,77,77,77,77,77,77,77,77,77,77,77],"gold":880,"neow_bonus":"NOSTALGIA","is_daily":false,"chose_seed":false,"campfire_upgraded":7,"win_rate":0.0,"timestamp":1613624401,"path_taken":["M","?","M","M","?","E","?","$","T","M","R","?","$","?","R","BOSS","M","M","AVR","M","?","E","?","E","T","R","M","M","M","M","R","BOSS","M","M","AVR","M","?","E","M","R","T","M","M","NM","?","M","R","BOSS","M","?","M","M","$","R","E","?","T","?","M","?","?","M","R","BOSS","M","?","M"],"items_purchased_type":["Relic","Relic","Card","Card","Card","Relic","Card","Relic","Relic"],"build_version":"2020-12-22","purchased_purges":2,"victory":false,"max_hp_per_floor":[75,75,75,75,75,75,75,75,75,75,75,75,75,75,75,75,70,70,70,70,70,70,70,70,70,70,70,70,70,70,70,70,70,70,70,70,77,77,77,77,77,77,77,77,77,77,77,77,77,77,77,77,77,77,77,77,77,77,77,77,77,77,77,77,77,77,77,77,77,77,77,77],"card_choices":[{"not_picked":["animeID:Kaminari","animeID:Momo"],"picked":"animeID:Kirishima","floor":1},{"not_picked":["animeID:Iida","animeID:Cementoss"],"picked":"animeID:ToruHagakure","floor":3},{"not_picked":["animeID:GentleCriminal","animeID:HowitzerImpact"],"picked":"animeID:Iida","floor":4},{"not_picked":["animeID:Mineta","animeID:EraserHead","animeID:Kaminari"],"picked":"SKIP","floor":6},{"not_picked":["animeID:Stain","animeID:Thirteen","animeID:HighFive"],"picked":"SKIP","floor":10},{"not_picked":["animeID:DetroitSmash","animeID:Iida"],"picked":"animeID:Eri","floor":12},{"not_picked":["animeID:FullCowl","animeID:ToruHagakure+1"],"picked":"animeID:Iida","floor":18},{"not_picked":["animeID:Mineta","animeID:Mezo"],"picked":"animeID:Kirishima","floor":19},{"not_picked":["animeID:Mina","animeID:Bakugo"],"picked":"animeID:DelawareSmash+1","floor":21},{"not_picked":["animeID:Shigaraki","animeID:Twice+1","animeID:Kirishima"],"picked":"SKIP","floor":22},{"not_picked":["animeID:Tomura+1","animeID:Hatsume"],"picked":"animeID:Iida","floor":23},{"not_picked":["animeID:Momo","animeID:Kendo+1","animeID:Ojiro"],"picked":"SKIP","floor":25},{"not_picked":["animeID:Hatsume","animeID:Bakugo"],"picked":"animeID:EraserHead+1","floor":28},{"not_picked":["animeID:Rappa","animeID:Tomura"],"picked":"animeID:HowitzerImpact","floor":29},{"not_picked":["animeID:Bakugo","animeID:Crystallize","animeID:Tsuyu"],"picked":"SKIP","floor":30},{"not_picked":["animeID:Mina","animeID:Aoyama+1"],"picked":"animeID:PresentMic","floor":31},{"not_picked":["animeID:Uraraka+1","animeID:Bakugo+1","animeID:Momo+1"],"picked":"SKIP","floor":35},{"not_picked":["animeID:Uraraka","animeID:Mezo"],"picked":"animeID:DelawareSmash+1","floor":36},{"not_picked":["animeID:Uraraka+1","animeID:Momo"],"picked":"animeID:DetroitSmash+1","floor":38},{"not_picked":["animeID:Mina+1","animeID:Kirishima+1"],"picked":"animeID:PresentMic","floor":40},{"not_picked":["animeID:Thirteen","animeID:TodorokiShoto+1"],"picked":"animeID:RecoveryGirl+1","floor":41},{"not_picked":["animeID:Ojiro+1","animeID:Mineta+1","animeID:Mezo"],"picked":"SKIP","floor":44},{"not_picked":["animeID:GranTorino","animeID:Uraraka"],"picked":"animeID:Tamaki","floor":45},{"not_picked":["animeID:Tomura","animeID:Stain"],"picked":"animeID:Tsuyu+1","floor":46},{"not_picked":["animeID:Dabi","animeID:DetroitSmash","animeID:Mezo"],"picked":"SKIP","floor":48},{"not_picked":["animeID:Kaminari","animeID:Thirteen"],"picked":"animeID:FullCowl","floor":52},{"not_picked":["animeID:Uraraka","animeID:DetroitSmash"],"picked":"animeID:DelawareSmash","floor":54},{"not_picked":["animeID:Kaminari","animeID:HighFive"],"picked":"animeID:ToruHagakure","floor":55},{"not_picked":["animeID:AllMight","animeID:Cementoss","animeID:Tsuyu"],"picked":"SKIP","floor":58},{"not_picked":["animeID:Bakugo","animeID:EraserHead","animeID:Rappa"],"picked":"SKIP","floor":62},{"not_picked":["animeID:Tomura","animeID:Mineta","animeID:EraserHead"],"picked":"SKIP","floor":65},{"not_picked":["animeID:MtLady","animeID:DelawareSmash"],"picked":"animeID:DetroitSmash","floor":69}],"player_experience":38950,"relics_obtained":[{"floor":6,"key":"Anchor"},{"floor":9,"key":"Blood Vial"},{"floor":23,"key":"Juzu Bracelet"},{"floor":25,"key":"Bottled Flame"},{"floor":26,"key":"Kunai"},{"floor":40,"key":"Nunchaku"},{"floor":43,"key":"Ice Cream"},{"floor":46,"key":"Lantern"},{"floor":58,"key":"Bag of Preparation"},{"floor":59,"key":"infinitespire:Eraser"},{"floor":60,"key":"aspiration:ChemicalBlood"},{"floor":64,"key":"Darkstone Periapt"}],"event_choices":[{"damage_healed":0,"gold_gain":0,"player_choice":"Leave","damage_taken":0,"max_hp_gain":0,"max_hp_loss":0,"event_name":"The Cleric","floor":2,"gold_loss":0},{"damage_healed":0,"gold_gain":0,"player_choice":"Success","damage_taken":7,"relics_obtained":["WingedGreaves"],"max_hp_gain":0,"max_hp_loss":0,"event_name":"Scrap Ooze","floor":5,"gold_loss":0},{"damage_healed":0,"gold_gain":175,"player_choice":"AGREE","damage_taken":0,"max_hp_gain":0,"max_hp_loss":0,"event_name":"Liars Game","floor":7,"gold_loss":0,"cards_obtained":["Doubt"]},{"damage_healed":0,"gold_gain":0,"player_choice":"Trade","damage_taken":0,"relics_obtained":["SsserpentHead"],"max_hp_gain":0,"max_hp_loss":0,"event_name":"FaceTrader","floor":14,"gold_loss":0},{"damage_healed":0,"gold_gain":0,"player_choice":"Obtained Relic","damage_taken":0,"relics_obtained":["Bronze Scales"],"max_hp_gain":0,"max_hp_loss":0,"event_name":"Addict","floor":24,"gold_loss":85},{"damage_healed":0,"gold_gain":0,"player_choice":"Ignored","damage_taken":0,"max_hp_gain":0,"max_hp_loss":0,"event_name":"Tomb of Lord Red Mask","floor":39,"gold_loss":0},{"damage_healed":0,"gold_gain":0,"player_choice":"Memory 1","damage_taken":0,"max_hp_gain":0,"max_hp_loss":0,"event_name":"SensoryStone","floor":47,"gold_loss":0},{"damage_healed":0,"gold_gain":175,"player_choice":"AGREE","damage_taken":0,"max_hp_gain":0,"max_hp_loss":0,"event_name":"Liars Game","floor":63,"gold_loss":0,"cards_obtained":["Doubt"]},{"damage_healed":0,"gold_gain":0,"player_choice":"Bet on Murderer","damage_taken":0,"max_hp_gain":0,"max_hp_loss":0,"event_name":"The Joust","floor":70,"gold_loss":50}],"is_beta":false,"boss_relics":[{"not_picked":["aspiration:WatcherSkillbook","energizedSpire:EnergizedDie"],"picked":"energizedSpire:HugeHouse"},{"not_picked":["aspiration:FutureDiary","Calling Bell"],"picked":"energizedSpire:MagnifyingGlass"},{"not_picked":["energizedSpire:RedRose","aspiration:SilentSkillbook"],"picked":"Philosopher\u0027s Stone"},{"not_picked":["aspiration:FutureDiary","aspiration:SilentSkillbook"],"picked":"Coffee Dripper"}],"items_purged_floors":[8,13],"is_endless":true,"potions_floor_spawned":[1,12,21,28,29,30,33,36,40,44,46,48,54,55,67],"killed_by":"Shell Parasite","ascension_level":0}}