{"host":"fbdlh90rovbiajun","time":1613607745,"event":{"mods":["AchievementEnabler","BaseMod","Colored Map","Keyboard Shortcuts","Minty Spire (QoL Compilation)","SuperFastMode"],"gold_per_floor":[119,136,136,147,147,147,166,166,166,166,185,185,199,216,216,216,216],"floor_reached":16,"language":"KOR","playtime":308,"items_purged":[],"score":94,"play_id":"410d9208-e905-4379-b5bf-51ac72cffff9","local_time":"20210218092225","is_ascension_mode":false,"campfire_choices":[{"data":"Eruption","floor":6,"key":"SMITH"},{"data":"Vigilance","floor":8,"key":"SMITH"},{"data":"InnerPeace","floor":12,"key":"SMITH"},{"data":"FearNoEvil","floor":15,"key":"SMITH"}],"circlet_count":0,"master_deck":["Strike_P","Strike_P","Strike_P","Strike_P","Defend_P","Defend_P","Defend_P","Eruption+1","Vigilance+1","InnerPeace+1","MasterReality","FearNoEvil+1"],"relics":["PureWater","NeowsBlessing","Matryoshka","HornCleat"],"acts_visited":["Exordium"],"potions_floor_usage":[14,16],"damage_taken":[{"damage":0,"enemies":"Small Slimes","floor":1,"turns":1},{"damage":0,"enemies":"2 Louse","floor":2,"turns":1},{"damage":0,"enemies":"Jaw Worm","floor":4,"turns":1},{"damage":21,"enemies":"Red Slaver","floor":7,"turns":2},{"damage":0,"enemies":"2 Fungi Beasts","floor":11,"turns":3},{"damage":6,"enemies":"Exordium Wildlife","floor":13,"turns":3},{"damage":5,"enemies":"Exordium Thugs","floor":14,"turns":3},{"damage":30,"enemies":"The Guardian","floor":16,"turns":7}],"seed_played":"951420823186369833","potions_obtained":[{"floor":2,"key":"ColorlessPotion"},{"floor":7,"key":"Weak Potion"},{"floor":11,"key":"Fire Potion"}],"is_trial":false,"path_per_floor":["M","M","?","M","?","R","M","R","T","?","M","R","M","M","R","B"],"character_chosen":"WATCHER","items_purchased":[],"campfire_rested":0,"item_purchase_floors":[],"current_hp_per_floor":[72,72,72,72,72,72,51,51,51,39,39,39,33,28,28,0,0],"gold":216,"neow_bonus":"THREE_ENEMY_KILL","is_daily":false,"chose_seed":false,"campfire_upgraded":4,"win_rate":0.0,"timestamp":1613607745,"path_taken":["M","M","?","M","?","R","M","R","T","?","?","R","M","M","R","BOSS"],"items_purchased_type":[],"build_version":"2020-12-22","purchased_purges":0,"victory":false,"max_hp_per_floor":[72,72,72,72,72,72,72,72,72,72,72,72,72,72,72,72,72],"card_choices":[{"not_picked":["Crescendo","Perseverance","JustLucky"],"picked":"SKIP","floor":1},{"not_picked":["Protect","EmptyFist","LikeWater"],"picked":"SKIP","floor":2},{"not_picked":["Pray","ClearTheMind"],"picked":"InnerPeace","floor":4},{"not_picked":["ClearTheMind","Protect","SignatureMove"],"picked":"SKIP","floor":7},{"not_picked":["ThirdEye","WreathOfFlame","SpiritShield"],"picked":"SKIP","floor":11},{"not_picked":["Tantrum","CutThroughFate"],"picked":"FearNoEvil","floor":13},{"not_picked":["JustLucky","FlyingSleeves","LikeWater"],"picked":"SKIP","floor":14}],"player_experience":78305,"relics_obtained":[{"floor":9,"key":"Matryoshka"}],"event_choices":[{"damage_healed":0,"gold_gain":0,"player_choice":"Ignored","damage_taken":0,"max_hp_gain":0,"max_hp_loss":0,"event_name":"Liars Game","floor":3,"gold_loss":0},{"damage_healed":0,"gold_gain":0,"cards_transformed":["Defend_P"],"player_choice":"Change","damage_taken":0,"max_hp_gain":0,"max_hp_loss":0,"event_name":"Living Wall","floor":5,"gold_loss":0,"cards_obtained":["MasterReality"]},{"damage_healed":0,"gold_gain":0,"player_choice":"Success","damage_taken":12,"relics_obtained":["HornCleat"],"max_hp_gain":0,"max_hp_loss":0,"event_name":"Scrap Ooze","floor":10,"gold_loss":0}],"is_beta":false,"boss_relics":[],"items_purged_floors":[],"is_endless":false,"potions_floor_spawned":[2,7,11],"killed_by":"The Guardian","ascension_level":0}}