{"host":"8jwrv7sn1174lfer","time":1613676253,"event":{"mods":["BaseMod","Colored Map","Colored Powertips","Downfall","Highlight Path","Minty Spire (QoL Compilation)","StSLib"],"gold_per_floor":[99,118,293,309,309,309,333,345,360,372,372,382,382,268,284,383,383,383,213,226,240,240,240,240],"floor_reached":22,"language":"ENG","playtime":936,"items_purged":["bronze:Strike"],"score":196,"play_id":"482ea092-ceea-4a01-967d-00c7a470838d","local_time":"20210218142413","is_ascension_mode":true,"campfire_choices":[{"data":"bronze:Goto","floor":1,"key":"SMITH"},{"data":"bronze:Repulsor","floor":6,"key":"SMITH"},{"data":"bronze:ItsAFeature","floor":11,"key":"SMITH"},{"floor":13,"key":"REST"},{"data":"bronze:Mutator","floor":18,"key":"SMITH"}],"circlet_count":0,"master_deck":["bronze:Strike+1","bronze:Strike+1","bronze:Defend","bronze:Defend","bronze:Defend","bronze:Replicate","bronze:Goto+1","bronze:Repulsor+1","bronze:Replicate","bronze:ItsAFeature+1","bronze:Invalidate","bronze:DelayedGuard","bronze:Virus","bronze:Iterate","bronze:Iterate","bronze:Mutator+1","bronze:Terminator"],"relics":["bronze:MakeshiftBattery","Whetstone","Empty Cage","Blood Vial"],"acts_visited":["Exordium","TheCity"],"potions_floor_usage":[15,16,21],"damage_taken":[{"damage":3,"enemies":"Jaw Worm","floor":2,"turns":4},{"damage":10,"enemies":"Small Slimes","floor":4,"turns":7},{"damage":1,"enemies":"Cultist","floor":8,"turns":3},{"damage":2,"enemies":"2 Fungi Beasts","floor":9,"turns":3},{"damage":23,"enemies":"Exordium Thugs","floor":10,"turns":5},{"damage":12,"enemies":"downfall:LooterAlt","floor":12,"turns":3},{"damage":10,"enemies":"downfall:FleeingMerchant","floor":14,"turns":4},{"damage":7,"enemies":"3 Louse","floor":15,"turns":3},{"damage":5,"enemies":"SI_SHIV_ARCHETYPE","floor":16,"turns":4},{"damage":8,"enemies":"downfall:FleeingMerchant","floor":19,"turns":4},{"damage":13,"enemies":"Chosen","floor":20,"turns":4},{"damage":15,"enemies":"Spheric Guardian","floor":21,"turns":4},{"damage":41,"enemies":"Centurion and Healer","floor":22,"turns":2}],"seed_played":"-5008276703330851088","potions_obtained":[{"floor":2,"key":"Explosive Potion"},{"floor":4,"key":"LiquidMemories"},{"floor":15,"key":"Block Potion"},{"floor":16,"key":"EssenceOfSteel"},{"floor":20,"key":"champ:CounterPotion"}],"is_trial":false,"path_per_floor":["R","M","?","M","?","R","T","M","M","M","R","M","R","$","M","B",null,"R","$","M","M","M"],"character_chosen":"THE_AUTOMATON","items_purchased":["bronze:Iterate","Blood Vial"],"campfire_rested":1,"item_purchase_floors":[14,19],"current_hp_per_floor":[70,67,67,57,57,57,57,56,54,31,31,19,40,30,23,18,70,70,62,51,38,0,0,0],"gold":240,"neow_bonus":"BOSS_RELIC","is_daily":false,"chose_seed":false,"campfire_upgraded":4,"win_rate":0.0,"timestamp":1613676253,"path_taken":["R","M","?","M","?","R","T","M","M","M","R","?","R","$","M","BOSS","R","$","M","M","M"],"items_purchased_type":["Card","Relic"],"build_version":"2020-12-22","purchased_purges":1,"victory":false,"max_hp_per_floor":[70,70,70,70,70,70,70,70,70,70,70,70,70,70,70,70,70,70,70,70,70,70,70,70],"card_choices":[{"not_picked":["bronze:Optimize","bronze:Safeguard","bronze:Turbo"],"picked":"SKIP","floor":2},{"not_picked":["bronze:WhirlingStrike","bronze:BronzeArmor"],"picked":"bronze:Repulsor","floor":4},{"not_picked":["bronze:Shield","bronze:Deprecate"],"picked":"bronze:ItsAFeature","floor":8},{"not_picked":["bronze:ItsAFeature","bronze:Repair"],"picked":"bronze:Invalidate","floor":9},{"not_picked":["bronze:BugBarrage","bronze:FineTuning"],"picked":"bronze:DelayedGuard","floor":10},{"not_picked":["bronze:Separator","bronze:DelayedGuard","bronze:Flail"],"picked":"SKIP","floor":12},{"not_picked":["bronze:DigitalCarnage","bronze:Terminator"],"picked":"bronze:Virus","floor":14},{"not_picked":["bronze:ForceShield","bronze:Turbo"],"picked":"bronze:Iterate","floor":15},{"not_picked":["bronze:RecursiveStrike","bronze:Verify"],"picked":"bronze:Mutator","floor":16},{"not_picked":["bronze:Philosophize","bronze:BronzeOrb","bronze:Iterate"],"picked":"SKIP","floor":19},{"not_picked":["bronze:Repair","bronze:BuggyMess"],"picked":"bronze:Terminator","floor":20},{"not_picked":["bronze:ChildClass+1","bronze:Iterate","bronze:BronzeOrb"],"picked":"SKIP","floor":21}],"player_experience":804819,"relics_obtained":[{"floor":7,"key":"Whetstone"}],"event_choices":[],"is_beta":false,"boss_relics":[{"not_picked":["Fusion Hammer","Coffee Dripper"],"picked":"Empty Cage"}],"items_purged_floors":[14],"is_endless":false,"potions_floor_spawned":[2,4,15,16,20],"killed_by":"Centurion and Healer","ascension_level":2}}