{"host":"7skgeiur16rqynog","time":1613679029,"event":{"mods":["AchievementEnabler","BaseMod","Minty Spire (QoL Compilation)","Replay The Spire","StSLib","The Cursed","The Servant 0.9.4"],"gold_per_floor":[117,117,135,86,86,121,121,134,158,171,187,202,202,218,218,316,316,332,348,348,348,348,348,14,14,14,14,14,29,46,57,57,57,57],"floor_reached":33,"language":"ENG","playtime":3211,"items_purged":[],"score":249,"play_id":"757b256a-49cc-43dc-9959-c8e34fa1aaa5","local_time":"20210218201029","is_ascension_mode":false,"campfire_choices":[{"floor":7.0,"key":"REST"},{"floor":13.0,"key":"REST"},{"floor":15.0,"key":"REST"},{"floor":23,"key":"REST"},{"floor":25,"key":"REST"},{"data":"Barricade","floor":27,"key":"SMITH"},{"data":"Blood for Blood","floor":27,"key":"SMITH"},{"floor":32,"key":"REST"}],"circlet_count":0,"master_deck":["Strike_R","Strike_R","Strike_R","Strike_R","Strike_R","Defend_R","Defend_R","Defend_R","Defend_R","Bash","Defend_S+1","TheCursedMod:Defend_TheCursed","ReplayTheSpireMod:LeadingStrike","Blood for Blood+1","Anger","Pot Of Greed","Pot Of Greed","Ghostly Armor","Flex","Sword Boomerang","Armaments","Pommel Strike","Barricade+1","Feel No Pain+1","Dropkick","Pot Of Greed","Necronomicurse","Cleave+1","Thunderclap","Replay:Undeath\u0027s Touch"],"relics":["Burning Blood","Lizard Tail","Grinning Jar","Vajra","Replay:Wax Seal","Busted Crown","MutagenicStrength","Necronomicon","Replay:Arrowhead","Pear"],"acts_visited":["TheCity"],"potions_floor_usage":[],"damage_taken":[{"damage":15.0,"enemies":"Jaw Worm","floor":1.0,"turns":5.0},{"damage":0.0,"enemies":"Small Slimes","floor":3.0,"turns":3.0},{"damage":29.0,"enemies":"Gremlin Nob","floor":6.0,"turns":4.0},{"damage":13.0,"enemies":"2 Louse","floor":8.0,"turns":3.0},{"damage":11.0,"enemies":"Blue Slaver","floor":10.0,"turns":3.0},{"damage":15.0,"enemies":"2 Fungi Beasts","floor":11.0,"turns":5.0},{"damage":13.0,"enemies":"3 Louse","floor":12.0,"turns":3.0},{"damage":18.0,"enemies":"Large Slime","floor":14.0,"turns":3.0},{"damage":92.0,"enemies":"Fading Forest","floor":16.0,"turns":11.0},{"damage":21,"enemies":"3 Byrds","floor":18,"turns":7},{"damage":24,"enemies":"Spheric Guardian","floor":19,"turns":4},{"damage":27,"enemies":"Centurion and Healer","floor":29,"turns":4},{"damage":21,"enemies":"Cultist and Chosen","floor":30,"turns":7},{"damage":45,"enemies":"Shelled Parasite and Fungi","floor":31,"turns":5},{"damage":94,"enemies":"Collector","floor":33,"turns":6}],"seed_played":"-458700065403060111","potions_obtained":[{"floor":1.0,"key":"SteroidPotion"},{"floor":3.0,"key":"BloodPotion"},{"floor":10.0,"key":"PowerPotion"},{"floor":31,"key":"Strength Potion"}],"is_trial":false,"path_per_floor":["M","?","M","$","?","E","R","M","T","M","M","M","R","M","R","B",null,"M","M","?","?","?","R","$","R","T","R","?","M","M","M","R","B"],"character_chosen":"IRONCLAD","items_purchased":["Anger","Replay:Arrowhead","Cleave+1"],"campfire_rested":6,"item_purchase_floors":[4,24,24],"current_hp_per_floor":[71,71,77,77,77,54,78,71,71,66,57,50,74,62,80,20,80,65,47,47,47,31,55,55,79,89,89,89,68,53,14,41,0,0],"gold":57,"neow_bonus":"ONE_RARE_RELIC","is_daily":false,"chose_seed":false,"campfire_upgraded":2,"win_rate":0.0,"timestamp":1613679029,"path_taken":["M","?","M","$","?","E","R","M","T","M","M","M","R","M","R","BOSS","M","M","?","?","?","R","$","R","T","R","?","M","?","M","R","BOSS"],"items_purchased_type":["Card","Relic","Card"],"build_version":"2020-12-22","purchased_purges":0,"victory":false,"max_hp_per_floor":[80,80,80,80,80,80,80,80,80,80,80,80,80,80,80,80,80,80,80,80,80,80,80,80,80,90,90,90,90,90,90,90,90,90],"card_choices":[{"not_picked":["True Grit","Sever Soul"],"picked":"ReplayTheSpireMod:LeadingStrike","floor":1.0},{"not_picked":["Pommel Strike","Combust"],"picked":"Blood for Blood","floor":3.0},{"not_picked":["Spot Weakness","Entrench"],"picked":"Ghostly Armor","floor":6.0},{"not_picked":["Run Through","Body Slam"],"picked":"Flex","floor":8.0},{"not_picked":["Clash","Clothesline","ReplayTheSpireMod:Strike From Hell"],"picked":"SKIP","floor":10.0},{"not_picked":["Corruption","Clash"],"picked":"Sword Boomerang","floor":11.0},{"not_picked":["Thunderclap","Spot Weakness"],"picked":"Armaments","floor":12.0},{"not_picked":["Ghostly Armor","Clash"],"picked":"Pommel Strike","floor":14.0},{"not_picked":["Replay:Many Hands","Limit Break"],"picked":"Barricade","floor":16.0},{"not_picked":[],"picked":"Feel No Pain+1","floor":18},{"not_picked":[],"picked":"Dropkick","floor":19},{"not_picked":["Body Slam"],"picked":"SKIP","floor":29},{"not_picked":[],"picked":"Thunderclap","floor":30},{"not_picked":[],"picked":"Replay:Undeath\u0027s Touch","floor":31}],"player_experience":41059,"relics_obtained":[{"floor":6.0,"key":"Vajra"},{"floor":9.0,"key":"Replay:Wax Seal"},{"floor":22,"key":"Necronomicon"},{"floor":26,"key":"Pear"}],"event_choices":[{"damage_healed":0.0,"max_hp_gain":0.0,"max_hp_loss":0.0,"gold_gain":0.0,"event_name":"Big Fish","player_choice":"Box","floor":5.0,"gold_loss":0.0,"damage_taken":0.0,"relics_obtained":["Grinning Jar"],"cards_obtained":["Regret"]},{"cards_removed":["Regret"],"damage_healed":0,"gold_gain":0,"player_choice":"Elegance","damage_taken":0,"max_hp_gain":0,"max_hp_loss":0,"event_name":"Back to Basics","floor":20,"gold_loss":0},{"damage_healed":0,"gold_gain":0,"player_choice":"Inject Mutagens","damage_taken":0,"relics_obtained":["MutagenicStrength"],"max_hp_gain":0,"max_hp_loss":0,"event_name":"Drug Dealer","floor":21,"gold_loss":0},{"damage_healed":0,"gold_gain":0,"player_choice":"Obtained Book","damage_taken":16,"max_hp_gain":0,"max_hp_loss":0,"event_name":"Cursed Tome","floor":22,"gold_loss":0},{"damage_healed":0,"gold_gain":0,"player_choice":"Ignored","damage_taken":0,"max_hp_gain":0,"max_hp_loss":0,"event_name":"Ghosts","floor":28,"gold_loss":0}],"is_beta":false,"boss_relics":[{"not_picked":["Kintsugi","Mark of Pain"],"picked":"Busted Crown"}],"items_purged_floors":[],"is_endless":false,"potions_floor_spawned":[1,3,10,12,14,31],"killed_by":"Collector","ascension_level":0}}