{"host":"phapnj0danpxvjlm","time":1613608324,"event":{"mods":["BaseMod","Better Note","Better Third Choice","Bossed Relics","Colored Powertips","Downfall","Hermit","Minty Spire (QoL Compilation)","Permanent Neow","Quick Restart","Rare Cards Sparkle","Spire Arcade","StSLib","The Animator","The Necromancer","The Wild Card"],"gold_per_floor":[116,127,81,104,116,116,126,142,142,142,142,156,167,178,178,178,178,178],"floor_reached":16,"language":"ENG","playtime":940,"items_purged":[],"score":96,"play_id":"6221241f-96c8-4142-aac1-d10fa2771401","local_time":"20210218013204","is_ascension_mode":false,"campfire_choices":[{"floor":11,"key":"REST"},{"floor":15,"key":"REST"}],"circlet_count":0,"master_deck":["sneckomod:Strike","sneckomod:Strike","sneckomod:Strike","sneckomod:Defend","sneckomod:Defend","sneckomod:Defend","sneckomod:TailWhip","sneckomod:SnekBite","sneckomod:Unknown","sneckomod:RainOfDice","sneckomod:Unknown1Cost","sneckomod:RainOfDice","sneckomod:IronFang","Madness","sneckomod:Nope","sneckomod:DangerNoodle","sneckomod:SnekBeam","sneckomod:WideSting"],"relics":["sneckomod:SneckoSoul","NeowsBlessing","Lantern","Toy Ornithopter"],"acts_visited":[],"potions_floor_usage":[8,14,16],"damage_taken":[{"damage":0,"enemies":"Cultist","floor":1,"turns":1},{"damage":0,"enemies":"Small Slimes","floor":2,"turns":1},{"damage":0,"enemies":"Jaw Worm","floor":5,"turns":1},{"damage":20,"enemies":"Lots of Slimes","floor":7,"turns":5},{"damage":15,"enemies":"Large Slime","floor":8,"turns":5},{"damage":14,"enemies":"2 Fungi Beasts","floor":12,"turns":4},{"damage":12,"enemies":"3 Louse","floor":13,"turns":3},{"damage":9,"enemies":"Large Slime","floor":14,"turns":6},{"damage":67,"enemies":"Hexaghost","floor":16,"turns":10}],"seed_played":"-8907646630923544473","potions_obtained":[{"floor":2,"key":"FearPotion"},{"floor":5,"key":"bronze:BurnAndBuffPotion"},{"floor":7,"key":"DistilledChaos"},{"floor":12,"key":"SkillPotion"}],"is_trial":false,"path_per_floor":["M","M","$","T","M","R","M","M","T","?","R","M","M","M","R","B"],"character_chosen":"THE_SNECKO","items_purchased":["sneckomod:RainOfDice"],"campfire_rested":2,"item_purchase_floors":[3],"current_hp_per_floor":[90,90,90,90,90,90,70,55,55,37,64,50,38,34,61,0,0,0],"gold":178,"neow_bonus":"THREE_ENEMY_KILL","is_daily":false,"chose_seed":false,"campfire_upgraded":0,"win_rate":0.0,"timestamp":1613608324,"path_taken":["M","?","$","?","M","R","M","M","T","?","R","M","M","M","R","BOSS"],"items_purchased_type":["Card"],"build_version":"2020-12-22","purchased_purges":0,"victory":false,"max_hp_per_floor":[90,90,90,90,90,90,90,90,90,90,90,90,90,90,90,90,90,90],"card_choices":[{"not_picked":["sneckomod:DiceBlock","sneckomod:Unknown1Cost"],"picked":"sneckomod:RainOfDice","floor":1},{"not_picked":["sneckomod:UnknownCommonSkill","sneckomod:UnknownUncommonSkill"],"picked":"sneckomod:Unknown1Cost","floor":2},{"not_picked":["sneckomod:RainOfDice","sneckomod:QuickBite"],"picked":"sneckomod:IronFang","floor":5},{"not_picked":["sneckomod:QuickBite","sneckomod:UnknownCommonSkill"],"picked":"sneckomod:Nope","floor":7},{"not_picked":["sneckomod:UnknownDraw","sneckomod:UnknownCommonSkill"],"picked":"sneckomod:DangerNoodle","floor":8},{"not_picked":["sneckomod:UnknownStrike","sneckomod:DiceBlock","sneckomod:Unknown2Cost"],"picked":"SKIP","floor":12},{"not_picked":["sneckomod:MasterEye","sneckomod:ImprovisedAttack"],"picked":"sneckomod:SnekBeam","floor":13},{"not_picked":["sneckomod:SoulDraw","sneckomod:UnknownVulnerable"],"picked":"sneckomod:WideSting","floor":14}],"player_experience":564191,"relics_obtained":[{"floor":4,"key":"Lantern"}],"event_choices":[{"damage_healed":0,"gold_gain":0,"player_choice":"Relic ","damage_taken":18,"max_hp_gain":0,"max_hp_loss":0,"event_name":"betterThird:BetterScrap","floor":10,"gold_loss":0,"cards_obtained":["Study"]}],"is_beta":false,"boss_relics":[],"items_purged_floors":[],"is_endless":false,"potions_floor_spawned":[2,5,7,12],"killed_by":"Hexaghost","ascension_level":0}}