{"host":"y080dcqw8fj32q7d","time":1613680451,"event":{"mods":["AchievementEnabler","BaseMod","Colored Map","Colored Powertips","DeckTracker","Minty Spire (QoL Compilation)","Relic Sorter"],"gold_per_floor":[119,69,85,103,119,149,149,149,149,149,177,352,352,386,386,483,483,495,410,410,429,444,444,478,488,511,126,138,138,170,183,183,286,286,300,320,320,331,351,351,351],"floor_reached":40,"language":"ENG","playtime":1743,"items_purged":["Strike_R"],"score":522,"play_id":"ba5a04f5-504c-4476-b1df-25a00155fea6","local_time":"20210218233411","is_ascension_mode":true,"campfire_choices":[{"floor":8,"key":"RECALL"},{"data":"Immolate","floor":10,"key":"SMITH"},{"data":"Immolate","floor":13,"key":"SMITH"},{"floor":15,"key":"REST"},{"data":"Immolate","floor":23,"key":"SMITH"},{"data":"Anger","floor":32,"key":"SMITH"}],"circlet_count":0,"master_deck":["Strike_R","Strike_R","Strike_R","Defend_R+1","Defend_R","Defend_R","Defend_R","Bash","Rage+1","Pommel Strike","Immolate+1","Immolate+1","Doubt","Spot Weakness","Immolate+1","Headbutt","Anger+1","Power Through","Fire Breathing","Spot Weakness","Feed","Madness","Madness"],"relics":["Burning Blood","PreservedInsect","Blood Vial","Sundial","Bag of Preparation","Velvet Choker","Anchor","Centennial Puzzle","Nunchaku","MealTicket","MutagenicStrength","Ancient Tea Set","Busted Crown"],"acts_visited":["Exordium","TheCity","TheBeyond"],"potions_floor_usage":[5,6,16,16,22,31,33,33,33,39,39],"damage_taken":[{"damage":2,"enemies":"Small Slimes","floor":1,"turns":4},{"damage":1,"enemies":"2 Louse","floor":3,"turns":3},{"damage":0,"enemies":"Cultist","floor":4,"turns":3},{"damage":5,"enemies":"Blue Slaver","floor":5,"turns":4},{"damage":12,"enemies":"Gremlin Nob","floor":6,"turns":4},{"damage":15,"enemies":"Lagavulin","floor":11,"turns":5},{"damage":3,"enemies":"Gremlin Nob","floor":14,"turns":3},{"damage":76,"enemies":"The Guardian","floor":16,"turns":12},{"damage":0,"enemies":"Chosen","floor":18,"turns":4},{"damage":0,"enemies":"2 Thieves","floor":21,"turns":2},{"damage":0,"enemies":"Snake Plant","floor":22,"turns":2},{"damage":7,"enemies":"Slavers","floor":24,"turns":3},{"damage":0,"enemies":"Centurion and Healer","floor":25,"turns":3},{"damage":5,"enemies":"Shelled Parasite and Fungi","floor":28,"turns":3},{"damage":0,"enemies":"Book of Stabbing","floor":30,"turns":3},{"damage":11,"enemies":"Snecko","floor":31,"turns":4},{"damage":81,"enemies":"Automaton","floor":33,"turns":8},{"damage":3,"enemies":"3 Shapes","floor":35,"turns":2},{"damage":0,"enemies":"Orb Walker","floor":36,"turns":2},{"damage":30,"enemies":"Writhing Mass","floor":38,"turns":5},{"damage":35,"enemies":"Spire Growth","floor":39,"turns":5},{"damage":45,"enemies":"Nemesis","floor":40,"turns":2}],"seed_played":"-6616329711589444355","potions_obtained":[{"floor":1,"key":"Regen Potion"},{"floor":3,"key":"Block Potion"},{"floor":4,"key":"Fire Potion"},{"floor":6,"key":"AttackPotion"},{"floor":16,"key":"LiquidMemories"},{"floor":21,"key":"Energy Potion"},{"floor":22,"key":"Swift Potion"},{"floor":24,"key":"Weak Potion"},{"floor":31,"key":"LiquidMemories"},{"floor":33,"key":"FearPotion"},{"floor":38,"key":"Explosive Potion"}],"is_trial":false,"path_per_floor":["M","?","M","M","M","E","?","R","T","R","E","?","R","E","R","B",null,"M","?","?","M","M","R","E","M","T","$","M","?","E","M","R","B",null,"M","M","?","M","M","E"],"character_chosen":"IRONCLAD","items_purchased":["Nunchaku","MealTicket"],"campfire_rested":1,"item_purchase_floors":[27,27],"current_hp_per_floor":[76,76,81,87,88,82,63,63,63,63,56,56,56,61,89,36,96,96,96,87,95,96,96,95,96,96,96,96,96,96,91,91,18,96,96,96,84,62,35,0,0],"gold":351,"neow_bonus":"TWENTY_PERCENT_HP_BONUS","is_daily":false,"chose_seed":false,"campfire_upgraded":4,"win_rate":0.0,"timestamp":1613680451,"path_taken":["M","?","M","M","M","E","?","R","T","R","E","?","R","E","R","BOSS","M","?","?","M","M","R","E","?","T","$","M","?","E","M","R","BOSS","M","M","?","M","M","E"],"items_purchased_type":["Relic","Relic"],"build_version":"2020-12-22","purchased_purges":1,"victory":false,"max_hp_per_floor":[96,96,96,96,96,96,96,96,96,96,96,96,96,96,96,96,96,96,96,96,96,96,96,96,96,96,96,96,96,96,96,96,96,96,96,96,96,96,96,96,96],"card_choices":[{"not_picked":["Feel No Pain","Thunderclap","Wild Strike"],"picked":"SKIP","floor":1},{"not_picked":["Intimidate","Searing Blow"],"picked":"Rage","floor":3},{"not_picked":["Feel No Pain","Battle Trance"],"picked":"Pommel Strike","floor":4},{"not_picked":["Warcry","True Grit","Clash"],"picked":"SKIP","floor":5},{"not_picked":["Rupture","Armaments"],"picked":"Immolate","floor":6},{"not_picked":["Havoc","Carnage"],"picked":"Immolate","floor":11},{"not_picked":["Bloodletting","Whirlwind"],"picked":"Spot Weakness","floor":14},{"not_picked":["Berserk","Barricade"],"picked":"Immolate","floor":16},{"not_picked":["Clothesline+1","Dark Embrace"],"picked":"Headbutt","floor":18},{"not_picked":["Clothesline","Iron Wave","Clash"],"picked":"SKIP","floor":21},{"not_picked":["Twin Strike","Entrench"],"picked":"Anger","floor":22},{"not_picked":["Clothesline","Thunderclap"],"picked":"Power Through","floor":24},{"not_picked":["Iron Wave+1","Pommel Strike"],"picked":"Fire Breathing","floor":25},{"not_picked":["Entrench","Intimidate+1","Dark Embrace+1"],"picked":"SKIP","floor":28},{"not_picked":["True Grit","Dual Wield"],"picked":"Spot Weakness","floor":30},{"not_picked":["Barricade","Clash","Clothesline"],"picked":"SKIP","floor":31},{"not_picked":["Limit Break","Reaper"],"picked":"Feed","floor":33},{"not_picked":["Body Slam+1"],"picked":"SKIP","floor":35},{"not_picked":["Bloodletting"],"picked":"SKIP","floor":36},{"not_picked":["Heavy Blade"],"picked":"SKIP","floor":38},{"not_picked":["Whirlwind"],"picked":"SKIP","floor":39}],"player_experience":338447,"relics_obtained":[{"floor":6,"key":"PreservedInsect"},{"floor":9,"key":"Blood Vial"},{"floor":11,"key":"Sundial"},{"floor":14,"key":"Bag of Preparation"},{"floor":24,"key":"Centennial Puzzle"},{"floor":30,"key":"Ancient Tea Set"}],"event_choices":[{"cards_removed":["Strike_R"],"damage_healed":0,"gold_gain":0,"player_choice":"Card Removal","damage_taken":0,"max_hp_gain":0,"max_hp_loss":0,"event_name":"The Cleric","floor":2,"gold_loss":50},{"damage_healed":0,"gold_gain":0,"player_choice":"Entered Light","damage_taken":19,"max_hp_gain":0,"max_hp_loss":0,"event_name":"Shining Light","floor":7,"gold_loss":0,"cards_upgraded":["Rage","Defend_R"]},{"damage_healed":0,"gold_gain":175,"player_choice":"AGREE","damage_taken":0,"max_hp_gain":0,"max_hp_loss":0,"event_name":"Liars Game","floor":12,"gold_loss":0,"cards_obtained":["Doubt"]},{"damage_healed":0,"gold_gain":0,"player_choice":"Obtained Relic","damage_taken":0,"relics_obtained":["Anchor"],"max_hp_gain":0,"max_hp_loss":0,"event_name":"Addict","floor":19,"gold_loss":85},{"damage_healed":0,"gold_gain":0,"player_choice":"Damaged","damage_taken":9,"max_hp_gain":0,"max_hp_loss":0,"event_name":"Wheel of Change","floor":20,"gold_loss":0},{"damage_healed":0,"gold_gain":0,"player_choice":"Inject Mutagens","damage_taken":0,"relics_obtained":["MutagenicStrength"],"max_hp_gain":0,"max_hp_loss":0,"event_name":"Drug Dealer","floor":29,"gold_loss":0},{"damage_healed":0,"gold_gain":0,"player_choice":"Embrace Madness","damage_taken":12,"max_hp_gain":0,"max_hp_loss":0,"event_name":"Winding Halls","floor":37,"gold_loss":0,"cards_obtained":["Madness","Madness"]}],"is_beta":false,"boss_relics":[{"not_picked":["Tiny House","Runic Pyramid"],"picked":"Velvet Choker"},{"not_picked":["Coffee Dripper","Cursed Key"],"picked":"Busted Crown"}],"items_purged_floors":[27],"is_endless":false,"potions_floor_spawned":[1,3,4,6,16,21,22,24,31,33,38],"killed_by":"Nemesis","ascension_level":1}}