{"host":"6vtgmkkqqeew181q","time":1613688786,"event":{"mods":["BaseMod","Better Skull","Better Third Choice","BetterRewards","Colored Powertips","Downfall","Faster Ascension Climbing","Highlight Path","Minty Spire (QoL Compilation)","Reliquary","Replay The Spire","Spire Birthday Party","StSLib","The IronCluck","The Jungle"],"gold_per_floor":[111,123,123,123,140,173,173,20,20,20,32,44,44,0,0,99,99,115,30,30,30,43,43,43,43,43,43,104,179,179,239,239,336,336,394,175,187,250,309,309,385,444,468,468,4,4,63,121,121,121],"floor_reached":51,"language":"ENG","playtime":3201,"items_purged":["Hallucinations","Enlightenment"],"score":697,"play_id":"d550918d-e0cc-4b5c-aaff-f33be1613d33","local_time":"20210218145306","is_ascension_mode":false,"campfire_choices":[{"floor":7,"key":"REST"},{"data":"Draining Mist","floor":13,"key":"SMITH"},{"data":"Poisoned Stab","floor":15,"key":"SMITH"},{"data":"Setup","floor":23,"key":"SMITH"},{"data":"Poison Darts","floor":25,"key":"SMITH"},{"data":"Footwork","floor":27,"key":"SMITH"},{"floor":32,"key":"REST"},{"data":"Catalyst","floor":40,"key":"SMITH"},{"floor":44,"key":"REST"},{"floor":49,"key":"REST"}],"circlet_count":0,"master_deck":["Defend_G+1","Defend_G+1","Defend_G+1","Defend_G+1","Defend_G+1","Survivor","Neutralize","Escape Plan+1","Crippling Poison+1","Setup+1","Poisoned Stab+1","Quick Slash","Draining Mist+1","Poison Darts+1","Backflip+1","Bite","Bite","Bite","Bite","Bite","Footwork+1","Leg Sweep+1","PiercingWail+1","Fluid Movement+1","Deadly Poison","Die Die Die+1","Catalyst+1","Well Laid Plans+1","Poison Darts","Magnetism+1","PiercingWail"],"relics":["Ring of the Snake","Slimebound:StickyStick","Akabeko","Garlic","reliquary:RadioactivePellet","reliquary:PartyBalloon","sneckomod:SneckoTalon","Lizard Tail","ReplayTheSpireMod:Ring of Challenge","Ring of Fangs","Mummified Hand","Frozen Egg 2","expansioncontent:StudyCardRelic","bronze:BronzeIdol","Guide Book","reliquary:PurpleTingedLeaf","Happy Flower","ReplayTheSpireMod:Lightbulb","BranchBurnRelic"],"acts_visited":["Exordium","TheCity","TheBeyond"],"potions_floor_usage":[6,16,29,33,39,41,50,50,50],"damage_taken":[{"damage":0,"enemies":"2 Louse","floor":1,"turns":4},{"damage":2,"enemies":"Small Slimes","floor":2,"turns":4},{"damage":0,"enemies":"Jaw Worm","floor":5,"turns":3},{"damage":25,"enemies":"Lagavulin","floor":6,"turns":8},{"damage":0,"enemies":"3 Louse","floor":11,"turns":3},{"damage":0,"enemies":"Large Slime","floor":12,"turns":5},{"damage":24,"enemies":"The Guardian","floor":16,"turns":9},{"damage":7,"enemies":"3 Byrds","floor":18,"turns":4},{"damage":0,"enemies":"Shell Parasite","floor":22,"turns":4},{"damage":0,"enemies":"Shelled Parasite and Fungi","floor":28,"turns":4},{"damage":47,"enemies":"Gremlin Leader","floor":29,"turns":9},{"damage":8,"enemies":"Chosen and Byrds","floor":31,"turns":6},{"damage":2,"enemies":"Automaton","floor":33,"turns":10},{"damage":2,"enemies":"3 Darklings","floor":35,"turns":4},{"damage":0,"enemies":"3 Shapes","floor":37,"turns":4},{"damage":3,"enemies":"Maw","floor":38,"turns":6},{"damage":18,"enemies":"Sphere and 2 Shapes","floor":39,"turns":4},{"damage":67,"enemies":"Reptomancer","floor":41,"turns":7},{"damage":27,"enemies":"3 Darklings","floor":42,"turns":4},{"damage":0,"enemies":"Transient","floor":47,"turns":5},{"damage":20,"enemies":"Sphere and 2 Shapes","floor":48,"turns":7},{"damage":11,"enemies":"Time Eater","floor":50,"turns":6}],"seed_played":"-892154430559685331","potions_obtained":[{"floor":2,"key":"Fire Potion"},{"floor":5,"key":"Milkshake"},{"floor":11,"key":"Elixir"},{"floor":12,"key":"SteroidPotion"},{"floor":22,"key":"DuplicationPotion"},{"floor":31,"key":"PowerPotion"},{"floor":37,"key":"SneckoOil"},{"floor":39,"key":"Explosive Potion"}],"is_trial":false,"path_per_floor":["M","M","?","?","M","E","R","$","T","?","M","M","R","?","R","B",null,"M","?","?","?","M","R","?","R","T","R","M","E","?","M","R","B",null,"M","$","M","M","M","R","E","M","T","R","$","?","M","M","R","B",null],"character_chosen":"THE_SILENT","items_purchased":["reliquary:RadioactivePellet","Guide Book","Magnetism+1","PowerPotion","SkillPotion","Milkshake"],"campfire_rested":4,"item_purchase_floors":[8,36,45,45,45,45],"current_hp_per_floor":[70,68,68,35,35,10,31,31,31,54,54,54,54,60,60,36,76,69,69,53,53,53,53,53,53,53,53,53,15,15,15,30,52,53,53,53,53,53,37,37,26,10,10,25,25,25,34,17,32,41],"gold":121,"neow_bonus":"RANDOM_COMMON_RELIC","is_daily":false,"chose_seed":false,"campfire_upgraded":6,"win_rate":0.0,"timestamp":1613688786,"path_taken":["M","M","?","?","M","E","R","?","T","?","M","M","R","?","R","BOSS","M","?","?","?","?","R","?","R","T","R","M","E","?","M","R","BOSS","M","$","M","M","M","R","E","M","T","R","$","?","M","M","R","BOSS"],"items_purchased_type":["Relic","Relic","Card","Potion","Potion","Potion"],"build_version":"2020-12-22","purchased_purges":2,"victory":true,"max_hp_per_floor":[70,70,70,70,70,70,70,70,70,70,70,70,70,76,76,76,76,76,76,53,53,53,53,53,53,53,53,53,53,53,53,53,53,53,53,53,53,53,53,53,53,53,53,53,53,53,53,53,53,53],"card_choices":[{"not_picked":["Slice","ReplayTheSpireMod:Exploit Weakness"],"picked":"Escape Plan","floor":1},{"not_picked":["Slice","PiercingWail"],"picked":"Crippling Poison","floor":2},{"not_picked":["Acrobatics","Blade Dance"],"picked":"Setup","floor":5},{"not_picked":["Eviscerate","Atom Bomb"],"picked":"Poisoned Stab","floor":6},{"not_picked":["Backflip","Underhanded Strike"],"picked":"Quick Slash","floor":11},{"not_picked":["Backflip","Footwork"],"picked":"Draining Mist","floor":12},{"not_picked":["Envenom","A Thousand Cuts"],"picked":"Poison Darts","floor":16},{"not_picked":["Poisoned Stab","Slice"],"picked":"Backflip+1","floor":18},{"not_picked":["Prepared","Dodge and Roll+1"],"picked":"Leg Sweep+1","floor":22},{"not_picked":["Reflex+1","ReplayTheSpireMod:Scrap Shanks"],"picked":"PiercingWail+1","floor":28},{"not_picked":["Hidden Blade","Bullet Time"],"picked":"Fluid Movement+1","floor":29},{"not_picked":["Blade Dance","Riddle With Holes"],"picked":"Deadly Poison","floor":31},{"not_picked":["Bullet Time","Venomology"],"picked":"Die Die Die","floor":33},{"not_picked":["PiercingWail","Sucker Punch"],"picked":"Catalyst","floor":35},{"not_picked":["Dash","Quick Slash+1","Dagger Spray+1"],"picked":"SKIP","floor":37},{"not_picked":["Hidden Blade+1","Backflip+1"],"picked":"ReplayTheSpireMod:Exploit Weakness+1","floor":38},{"not_picked":["PiercingWail+1","Finisher+1","Eviscerate"],"picked":"SKIP","floor":39},{"not_picked":["Acrobatics","Dagger Throw+1"],"picked":"Well Laid Plans+1","floor":41},{"not_picked":["Deflect","Blade Dance+1"],"picked":"Poison Darts","floor":42},{"not_picked":["Blade Dance","Cloak And Dagger+1","Dagger Throw+1"],"picked":"SKIP","floor":47},{"not_picked":["Quick Slash+1","Outmaneuver","PiercingWail"],"picked":"SKIP","floor":48}],"player_experience":654214,"relics_obtained":[{"floor":6,"key":"Garlic"},{"floor":9,"key":"reliquary:PartyBalloon"},{"floor":24,"key":"ReplayTheSpireMod:Ring of Challenge"},{"floor":24,"key":"Ring of Fangs"},{"floor":26,"key":"Mummified Hand"},{"floor":29,"key":"Frozen Egg 2"},{"floor":35,"key":"bronze:BronzeIdol"},{"floor":41,"key":"Dead Branch"},{"floor":41,"key":"reliquary:PurpleTingedLeaf"},{"floor":43,"key":"Happy Flower"},{"floor":48,"key":"ReplayTheSpireMod:Lightbulb"}],"event_choices":[{"damage_healed":0,"gold_gain":0,"player_choice":"Relic ","damage_taken":33,"max_hp_gain":0,"max_hp_loss":0,"event_name":"betterThird:BetterScrap","floor":4,"gold_loss":0,"cards_obtained":["ReplayGash"]},{"damage_healed":23,"gold_gain":0,"player_choice":"Banana","damage_taken":0,"max_hp_gain":0,"max_hp_loss":0,"event_name":"Big Fish","floor":10,"gold_loss":0},{"damage_healed":0,"gold_gain":0,"player_choice":"RENOUNCE","damage_taken":44,"max_hp_gain":0,"max_hp_loss":0,"event_name":"betterThird:BetterSerpent","floor":14,"gold_loss":44,"cards_obtained":["Enlightenment"]},{"damage_healed":0,"gold_gain":0,"player_choice":"Obtained Relic","damage_taken":0,"relics_obtained":["Lizard Tail"],"max_hp_gain":0,"max_hp_loss":0,"event_name":"Addict","floor":19,"gold_loss":85},{"damage_healed":0,"gold_gain":0,"player_choice":"Became a vampire","damage_taken":0,"max_hp_gain":0,"max_hp_loss":23,"event_name":"Vampires","floor":20,"gold_loss":0,"cards_obtained":["Bite","Bite","Bite","Bite","Bite"]},{"damage_healed":0,"gold_gain":0,"player_choice":"Read","damage_taken":0,"max_hp_gain":0,"max_hp_loss":0,"event_name":"The Library","floor":21,"gold_loss":0,"cards_obtained":["Footwork"]},{"damage_healed":0,"gold_gain":0,"player_choice":"Simplicity","damage_taken":0,"max_hp_gain":0,"max_hp_loss":5,"event_name":"betterThird:BetterWriting","floor":30,"gold_loss":0},{"damage_healed":0,"gold_gain":0,"cards_transformed":["ReplayTheSpireMod:Exploit Weakness"],"player_choice":"Transformed","damage_taken":0,"max_hp_gain":0,"max_hp_loss":0,"event_name":"Transmorgrifier","floor":46,"gold_loss":0,"cards_obtained":["PiercingWail"]}],"is_beta":false,"boss_relics":[{"not_picked":["Painkiller Herb","reliquary:KinkedSpring"],"picked":"sneckomod:SneckoTalon"},{"not_picked":["Sozu","Runic Pyramid"],"picked":"expansioncontent:StudyCardRelic"}],"items_purged_floors":[36,45],"is_endless":false,"potions_floor_spawned":[2,5,11,12,22,31,37,39,48],"ascension_level":0}}