{"host":"tf5skwcwe0vlu2md","time":1613654338,"event":{"mods":["BaseMod","Downfall","Highlight Path","Minty Spire (QoL Compilation)","Quick Restart","StSLib","The Hierophant"],"gold_per_floor":[115,74,87,87,102,143,68,68,68,68,86,86,110,131,131,262,262,276,251,264,279,279,279,279],"floor_reached":23,"playtime":857,"items_purged":["Injury"],"score":222,"play_id":"8e3bcb2e-b250-48c3-bba6-83025c813980","local_time":"20210219001858","is_ascension_mode":true,"campfire_choices":[{"data":"Dualcast","floor":8,"key":"SMITH"},{"data":"Static Discharge","floor":10,"key":"SMITH"},{"floor":15,"key":"REST"}],"circlet_count":0,"master_deck":["Strike_B","Strike_B","Strike_B","Strike_B","Defend_B","Defend_B","Defend_B","Defend_B","Zap+1","Dualcast+1","Sweeping Beam","Static Discharge+1","Melter","Sweeping Beam","Turbo","Hologram","Gash","Biased Cognition","Rip and Tear+1","Rebound","Go for the Eyes+1"],"relics":["Cracked Core","Golden Idol","Calipers","Dead Branch","Inserter"],"acts_visited":["Exordium","TheCity"],"potions_floor_usage":[6,14,14,16,16,21,23],"damage_taken":[{"damage":7,"enemies":"Small Slimes","floor":1,"turns":3},{"damage":2,"enemies":"Jaw Worm","floor":3,"turns":3},{"damage":1,"enemies":"Cultist","floor":5,"turns":4},{"damage":36,"enemies":"Gremlin Nob","floor":6,"turns":5},{"damage":8,"enemies":"Blue Slaver","floor":11,"turns":2},{"damage":15,"enemies":"Large Slime","floor":13,"turns":5},{"damage":2,"enemies":"3 Louse","floor":14,"turns":2},{"damage":29,"enemies":"The Guardian","floor":16,"turns":7},{"damage":0,"enemies":"Spheric Guardian","floor":18,"turns":1},{"damage":33,"enemies":"Shell Parasite","floor":20,"turns":4},{"damage":37,"enemies":"Snecko","floor":21,"turns":4},{"damage":20,"enemies":"Slavers","floor":23,"turns":1}],"seed_played":"3669538039328034078","potions_obtained":[{"floor":1,"key":"Block Potion"},{"floor":13,"key":"EntropicBrew"},{"floor":14,"key":"AttackPotion"},{"floor":16,"key":"LiquidMemories"}],"is_trial":false,"path_per_floor":["M","?","M","?","M","E","$","R","T","R","M","?","M","M","R","B",null,"M","$","M","M","?","E"],"character_chosen":"DEFECT","items_purchased":["Rebound"],"campfire_rested":1,"item_purchase_floors":[19],"current_hp_per_floor":[75,75,73,73,72,36,36,36,36,36,28,28,13,11,35,6,82,82,82,49,12,12,0,0],"gold":279,"neow_bonus":"TEN_PERCENT_HP_BONUS","is_daily":false,"chose_seed":false,"campfire_upgraded":2,"win_rate":0.0,"timestamp":1613654338,"path_taken":["M","?","M","?","M","E","$","R","T","R","M","?","?","M","R","BOSS","M","$","M","M","?","E"],"items_purchased_type":["Card"],"build_version":"2020-12-13","purchased_purges":1,"victory":false,"max_hp_per_floor":[82,82,82,82,82,82,82,82,82,82,82,82,82,82,82,82,82,82,82,82,82,82,82,82],"card_choices":[{"not_picked":["Force Field","Barrage"],"picked":"Sweeping Beam","floor":1},{"not_picked":["Darkness","Turbo"],"picked":"Static Discharge","floor":3},{"not_picked":["Stack","Hologram"],"picked":"Melter","floor":5},{"not_picked":["Compile Driver","Barrage"],"picked":"Sweeping Beam","floor":6},{"not_picked":["Darkness","Steam"],"picked":"Turbo","floor":11},{"not_picked":["Blizzard","Turbo"],"picked":"Hologram","floor":13},{"not_picked":["Streamline","Sweeping Beam"],"picked":"Gash","floor":14},{"not_picked":["Core Surge","Reboot"],"picked":"Biased Cognition","floor":16},{"not_picked":["Steam","Sweeping Beam"],"picked":"Rip and Tear+1","floor":18},{"not_picked":["Redo+1","Barrage+1"],"picked":"Go for the Eyes+1","floor":20},{"not_picked":["Stack","Streamline","Coolheaded"],"picked":"SKIP","floor":21}],"player_experience":273148,"relics_obtained":[{"floor":6,"key":"Calipers"},{"floor":9,"key":"Dead Branch"}],"event_choices":[{"damage_healed":0,"gold_gain":0,"player_choice":"Left Gold","damage_taken":0,"max_hp_gain":0,"max_hp_loss":0,"event_name":"World of Goop","floor":2,"gold_loss":41},{"damage_healed":0,"gold_gain":0,"player_choice":"Take Wound","damage_taken":0,"relics_obtained":["Golden Idol"],"max_hp_gain":0,"max_hp_loss":0,"event_name":"Golden Idol","floor":4,"gold_loss":0,"cards_obtained":["Injury"]},{"damage_healed":0,"gold_gain":0,"player_choice":"Forge","damage_taken":0,"max_hp_gain":0,"max_hp_loss":0,"event_name":"Accursed Blacksmith","floor":12,"gold_loss":0,"cards_upgraded":["Zap"]},{"damage_healed":0,"gold_gain":0,"player_choice":"Ignored","damage_taken":0,"max_hp_gain":0,"max_hp_loss":0,"event_name":"Vampires","floor":22,"gold_loss":0}],"is_beta":false,"boss_relics":[{"not_picked":["Sozu","Runic Dome"],"picked":"Inserter"}],"items_purged_floors":[7],"is_endless":false,"potions_floor_spawned":[1,13,14,16],"killed_by":"Slavers","ascension_level":3}}