{"host":"q4axc00jr2bozlh9","time":1613649726,"event":{"mods":["AchievementEnabler","BaseMod","Bestiary","Colored Map","Colored Powertips","Curses Come First","Minty Spire (QoL Compilation)","Relic Stats","StSLib","SuperFastMode","UnlockEverythingMod"],"gold_per_floor":[119,134,149,168,93,93,119,119,119,394,404,434,450,464,464,564,564,581,581,597,615,98,133,147,176,176,201,218,232,232,247,247,352,352,368,39,53,53,65,93,93,112,112,112,142,152,163,183,183,183],"floor_reached":51,"language":"ENG","playtime":2780,"items_purged":["Strike_R","Regret","Strike_R"],"score":837,"play_id":"ab9988c0-b324-4c5d-b2f6-082f069d5095","local_time":"20210218130206","is_ascension_mode":false,"campfire_choices":[{"data":"Armaments","floor":6,"key":"SMITH"},{"data":"Inflame","floor":8,"key":"SMITH"},{"floor":15,"key":"REST"},{"floor":30,"key":"REST"},{"floor":32,"key":"REST"},{"floor":41,"key":"REST"},{"floor":49,"key":"REST"}],"circlet_count":0,"master_deck":["Strike_R","Strike_R","Strike_R","Defend_R","Defend_R","Defend_R","Defend_R","Bash","Blood for Blood","Armaments+1","Thunderclap","Disarm","Inflame+1","Searing Blow","Exhume","Spot Weakness","Infernal Blade","Shockwave+1","Metallicize","Feel No Pain+1","Inflame+1","Disarm","Demon Form","True Grit","Madness","Madness"],"relics":["Burning Blood","Paper Frog","Lizard Tail","CaptainsWheel","SlaversCollar","Nilry\u0027s Codex","HornCleat","Sling","Self Forming Clay","Eternal Feather","StrikeDummy","Busted Crown","Blood Vial","Singing Bowl","Toxic Egg 2","Kunai"],"acts_visited":["Exordium","TheCity","TheBeyond"],"potions_floor_usage":[18,24,25,27,28,31,40,42,50],"damage_taken":[{"damage":14,"enemies":"2 Louse","floor":1,"turns":3},{"damage":5,"enemies":"Cultist","floor":2,"turns":4},{"damage":7,"enemies":"Jaw Worm","floor":3,"turns":4},{"damage":12,"enemies":"2 Fungi Beasts","floor":4,"turns":5},{"damage":27,"enemies":"Gremlin Nob","floor":7,"turns":4},{"damage":5,"enemies":"3 Louse","floor":11,"turns":4},{"damage":19,"enemies":"Lagavulin","floor":12,"turns":7},{"damage":24,"enemies":"Red Slaver","floor":13,"turns":5},{"damage":6,"enemies":"Large Slime","floor":14,"turns":5},{"damage":16,"enemies":"Hexaghost","floor":16,"turns":10},{"damage":19,"enemies":"Shell Parasite","floor":18,"turns":6},{"damage":3,"enemies":"Chosen","floor":20,"turns":7},{"damage":33,"enemies":"Snake Plant","floor":21,"turns":5},{"damage":8,"enemies":"Gremlin Leader","floor":23,"turns":5},{"damage":24,"enemies":"3 Cultists","floor":24,"turns":6},{"damage":17,"enemies":"Slavers","floor":25,"turns":5},{"damage":3,"enemies":"Gremlin Leader","floor":27,"turns":4},{"damage":1,"enemies":"Snecko","floor":28,"turns":6},{"damage":12,"enemies":"Snake Plant","floor":29,"turns":6},{"damage":7,"enemies":"Centurion and Healer","floor":31,"turns":8},{"damage":30,"enemies":"Automaton","floor":33,"turns":10},{"damage":10,"enemies":"3 Darklings","floor":35,"turns":6},{"damage":18,"enemies":"3 Shapes","floor":37,"turns":7},{"damage":16,"enemies":"Sphere and 2 Shapes","floor":39,"turns":7},{"damage":43,"enemies":"Reptomancer","floor":40,"turns":7},{"damage":29,"enemies":"Jaw Worm Horde","floor":42,"turns":6},{"damage":41,"enemies":"Giant Head","floor":45,"turns":9},{"damage":2,"enemies":"Maw","floor":46,"turns":8},{"damage":52,"enemies":"Transient","floor":47,"turns":5},{"damage":12,"enemies":"Sphere and 2 Shapes","floor":48,"turns":6},{"damage":72,"enemies":"Donu and Deca","floor":50,"turns":10}],"seed_played":"378429101989640227","potions_obtained":[{"floor":2,"key":"AttackPotion"},{"floor":7,"key":"ElixirPotion"},{"floor":11,"key":"Block Potion"},{"floor":16,"key":"Regen Potion"},{"floor":24,"key":"Swift Potion"},{"floor":27,"key":"Strength Potion"},{"floor":29,"key":"Fire Potion"},{"floor":31,"key":"Strength Potion"},{"floor":40,"key":"Block Potion"},{"floor":45,"key":"GamblersBrew"},{"floor":47,"key":"ElixirPotion"},{"floor":48,"key":"SpeedPotion"}],"is_trial":false,"path_per_floor":["M","M","M","M","$","R","E","R","T","?","M","E","M","M","R","B",null,"M","?","M","M","$","E","M","E","T","E","M","M","R","M","R","B",null,"M","$","M","?","M","E","R","M","T","?","E","M","M","M","R","B",null],"character_chosen":"IRONCLAD","items_purchased":["HornCleat","Sling","True Grit","Blood Vial"],"campfire_rested":5,"item_purchase_floors":[22,22,36,36],"current_hp_per_floor":[80,81,80,74,74,74,53,53,53,53,54,41,23,23,49,39,88,75,59,62,35,35,33,29,18,18,21,26,20,58,57,88,64,88,84,84,74,63,55,22,64,45,45,47,16,24,46,44,89,25],"gold":183,"neow_bonus":"TEN_PERCENT_HP_BONUS","is_daily":false,"chose_seed":false,"campfire_upgraded":2,"win_rate":0.0,"timestamp":1613649726,"path_taken":["M","M","M","M","$","R","E","R","T","?","M","E","?","M","R","BOSS","M","?","M","M","$","E","M","E","T","E","M","M","R","M","R","BOSS","M","$","M","?","M","E","R","M","T","?","E","M","M","M","R","BOSS"],"items_purchased_type":["Relic","Relic","Card","Relic"],"build_version":"2020-12-22","purchased_purges":3,"victory":true,"max_hp_per_floor":[88,88,88,88,88,88,88,88,88,88,88,88,88,88,88,88,88,88,88,88,88,88,88,88,88,88,88,88,88,88,88,88,88,88,88,88,88,88,88,90,90,92,92,94,96,98,100,102,102,102],"relic_stats":{"Blood Vial":18,"Lizard Tail":49,"Busted Crown":20,"Singing Bowl":14,"counters":[31,190],"Self Forming Clay":[150],"Eternal Feather":54,"Kunai":[1],"obtain_stats":[{"Singing Bowl":40,"Nilry\u0027s Codex":19,"Self Forming Clay":23,"Eternal Feather":25,"Sling":22,"Burning Blood":0,"Blood Vial":36,"SlaversCollar":17,"Lizard Tail":9,"CaptainsWheel":12,"HornCleat":22,"Busted Crown":34,"Kunai":45,"Toxic Egg 2":43,"StrikeDummy":27,"Paper Frog":7},{"Singing Bowl":25,"Nilry\u0027s Codex":11,"Self Forming Clay":14,"Eternal Feather":16,"Sling":13,"Burning Blood":0,"Blood Vial":22,"SlaversCollar":10,"Lizard Tail":5,"CaptainsWheel":7,"HornCleat":13,"Busted Crown":21,"Kunai":27,"Toxic Egg 2":26,"StrikeDummy":17,"Paper Frog":5},{"Singing Bowl":146,"Nilry\u0027s Codex":57,"Self Forming Clay":74,"Eternal Feather":85,"Sling":69,"Burning Blood":0,"Blood Vial":125,"SlaversCollar":51,"Lizard Tail":20,"CaptainsWheel":31,"HornCleat":69,"Busted Crown":119,"Kunai":161,"Toxic Egg 2":152,"StrikeDummy":89,"Paper Frog":20}],"Burning Blood":186},"card_choices":[{"not_picked":["Warcry","Headbutt"],"picked":"Blood for Blood","floor":1},{"not_picked":["Headbutt","Clothesline"],"picked":"Armaments","floor":2},{"not_picked":["Sword Boomerang","Havoc"],"picked":"Thunderclap","floor":3},{"not_picked":["Pommel Strike","Havoc"],"picked":"Disarm","floor":4},{"not_picked":["Shockwave","Intimidate"],"picked":"Inflame","floor":7},{"not_picked":["Dark Embrace","Entrench"],"picked":"Searing Blow","floor":11},{"not_picked":["Corruption","Clothesline","Armaments"],"picked":"SKIP","floor":12},{"not_picked":["Searing Blow","Anger","Body Slam"],"picked":"SKIP","floor":13},{"not_picked":["Heavy Blade","Iron Wave","Sever Soul"],"picked":"SKIP","floor":14},{"not_picked":["Brutality","Impervious"],"picked":"Exhume","floor":16},{"not_picked":["Entrench","Headbutt"],"picked":"Spot Weakness","floor":18},{"not_picked":["Reckless Charge","Rupture"],"picked":"Infernal Blade","floor":20},{"not_picked":["Cleave","Wild Strike","Headbutt"],"picked":"SKIP","floor":21},{"not_picked":["Headbutt","Immolate","Whirlwind"],"picked":"SKIP","floor":23},{"not_picked":["Power Through+1","Pommel Strike","Warcry"],"picked":"SKIP","floor":24},{"not_picked":["Cleave","Twin Strike+1"],"picked":"Shockwave+1","floor":25},{"not_picked":["Heavy Blade","Cleave"],"picked":"Metallicize","floor":27},{"not_picked":["Combust+1","Clash"],"picked":"Feel No Pain+1","floor":28},{"not_picked":["Havoc","Body Slam"],"picked":"Inflame+1","floor":29},{"not_picked":["Heavy Blade","Pommel Strike+1"],"picked":"Disarm","floor":31},{"not_picked":["Bludgeon","Corruption"],"picked":"Demon Form","floor":33},{"not_picked":["Headbutt+1"],"picked":"SKIP","floor":35},{"not_picked":["Body Slam"],"picked":"SKIP","floor":37},{"not_picked":["Perfected Strike"],"picked":"SKIP","floor":39},{"not_picked":["Sentinel"],"picked":"Singing Bowl","floor":40},{"not_picked":["Bloodletting"],"picked":"Singing Bowl","floor":42},{"not_picked":["Transmutation+1"],"picked":"Singing Bowl","floor":44},{"not_picked":["Flex+1"],"picked":"Singing Bowl","floor":45},{"not_picked":["Body Slam"],"picked":"Singing Bowl","floor":46},{"not_picked":["Clash"],"picked":"Singing Bowl","floor":47},{"not_picked":["Shockwave+1"],"picked":"Singing Bowl","floor":48}],"player_experience":277831,"relics_obtained":[{"floor":7,"key":"Paper Frog"},{"floor":9,"key":"Lizard Tail"},{"floor":12,"key":"CaptainsWheel"},{"floor":19,"key":"Nilry\u0027s Codex"},{"floor":23,"key":"Self Forming Clay"},{"floor":25,"key":"Eternal Feather"},{"floor":27,"key":"StrikeDummy"},{"floor":40,"key":"Singing Bowl"},{"floor":43,"key":"Toxic Egg 2"},{"floor":45,"key":"Kunai"}],"event_choices":[{"damage_healed":0,"gold_gain":275,"player_choice":"Desecrate","damage_taken":0,"max_hp_gain":0,"max_hp_loss":0,"event_name":"Golden Shrine","floor":10,"gold_loss":0,"cards_obtained":["Regret"]},{"damage_healed":0,"gold_gain":0,"player_choice":"Obtained Book","damage_taken":16,"max_hp_gain":0,"max_hp_loss":0,"event_name":"Cursed Tome","floor":19,"gold_loss":0},{"damage_healed":0,"gold_gain":0,"player_choice":"Embrace Madness","damage_taken":11,"max_hp_gain":0,"max_hp_loss":0,"event_name":"Winding Halls","floor":38,"gold_loss":0,"cards_obtained":["Madness","Madness"]},{"damage_healed":0,"gold_gain":0,"player_choice":"Memory 1","damage_taken":0,"max_hp_gain":0,"max_hp_loss":0,"event_name":"SensoryStone","floor":44,"gold_loss":0}],"is_beta":false,"boss_relics":[{"not_picked":["Pandora\u0027s Box","Black Blood"],"picked":"SlaversCollar"},{"not_picked":["Astrolabe","Runic Dome"],"picked":"Busted Crown"}],"items_purged_floors":[5,22,36],"is_endless":false,"potions_floor_spawned":[2,7,11,12,16,24,27,29,31,40,45,47,48],"ascension_level":0}}