{"host":"onfdonezo2qmaex3","time":1613648915,"event":{"mods":["2.2 Compatiblity","AchievementEnabler","Act Like it!","Aspiration","BaseMod","Colored Powertips","Downfall","Friendly Minions","Gensokyo","Hallownest","Hermit","Highlight Path","Jorbs\u0027s Wanderer Trilogy","Marisa????????","Marked Mod","Minty Spire (QoL Compilation)","Quick Restart","Reliquary","Shop Mod","StSLib","The Disciple","The Hayseed","The Hierophant","The Marked","The Runesmith"],"gold_per_floor":[113,113,113,113,113,148,148,175,175,191,5,18,18,35,35,135,135,148,148,166,81,100,129,129,164,164,177,188,198,198,198,198,296,296,311,311,360,68,80,80,106,106,106,123,123,173,173,184,184,184,184,184,16,44,44],"floor_reached":56,"language":"ENG","playtime":2508,"items_purged":["Defend_G","Strike_G"],"score":1700,"play_id":"b56da12e-142a-4031-b588-786b7f2d1a31","local_time":"20210218124835","is_ascension_mode":true,"campfire_choices":[{"data":"Accuracy","floor":7,"key":"SMITH"},{"data":"Accuracy","floor":15,"key":"SMITH"},{"data":"Cloak And Dagger","floor":24,"key":"SMITH"},{"data":"Gensokyo:SevenSchoolMysteries","floor":32,"key":"SMITH"},{"data":"Accuracy","floor":40,"key":"SMITH"},{"floor":42,"key":"RECALL"},{"data":"After Image","floor":45,"key":"SMITH"},{"data":"Tools of the Trade","floor":47,"key":"SMITH"},{"data":"Phantasmal Killer","floor":49,"key":"SMITH"},{"data":"Deep Breath","floor":52,"key":"SMITH"}],"circlet_count":0,"master_deck":["Strike_G","Strike_G","Strike_G","Defend_G","Defend_G","Defend_G","Defend_G","Neutralize","Accuracy+1","Blade Dance+1","Accuracy+1","Cloak And Dagger+1","Gensokyo:SevenSchoolMysteries+1","Backstab","Endless Agony","Tools of the Trade+1","Blade Dance+1","Calculated Gamble+1","Phantasmal Killer+1","Master of Strategy","Deep Breath+1","Backflip+1","Accuracy+1","After Image+1","Infinite Blades+1","Wraith Form v2","Terror+1"],"relics":["Ring of the Snake","NeowsBlessing","Gensokyo:Justice","Anchor","Bottled Lightning","reliquary:RadioactivePellet","Pear","aspiration:MobileForge","Molten Egg 2","reliquary:Sod","reliquary:Knoch","Kunai","Coffee Dripper","CatCart","Nunchaku","reliquary:Spinner","Toxic Egg 2","champ:DeflectingBracers"],"acts_visited":["Gensokyo:Gensokyo","TheCity","TheBeyond","TheEnding"],"potions_floor_usage":[22,25,25,27,33,33,37,41],"damage_taken":[{"damage":0,"enemies":"Gensokyo:3_Fairies","floor":1,"turns":1},{"damage":0,"enemies":"Gensokyo:Cirno","floor":6,"turns":2},{"damage":0,"enemies":"Gensokyo:Mamizou","floor":8,"turns":2},{"damage":0,"enemies":"Gensokyo:Python","floor":10,"turns":2},{"damage":0,"enemies":"Gensokyo:Gryphon","floor":12,"turns":2},{"damage":2,"enemies":"Gensokyo:5_Fairies","floor":14,"turns":3},{"damage":0,"enemies":"Gensokyo:Reimu","floor":16,"turns":6},{"damage":13,"enemies":"Chosen","floor":18,"turns":6},{"damage":0,"enemies":"2 Thieves","floor":20,"turns":2},{"damage":0,"enemies":"3 Cultists","floor":22,"turns":4},{"damage":13,"enemies":"Slavers","floor":23,"turns":4},{"damage":3,"enemies":"Gremlin Leader","floor":25,"turns":5},{"damage":3,"enemies":"Centurion and Healer","floor":27,"turns":3},{"damage":13,"enemies":"Snake Plant","floor":28,"turns":3},{"damage":17,"enemies":"Sentry and Sphere","floor":29,"turns":4},{"damage":8,"enemies":"Automaton","floor":33,"turns":5},{"damage":0,"enemies":"Orb Walker","floor":35,"turns":1},{"damage":0,"enemies":"Orin","floor":37,"turns":6},{"damage":11,"enemies":"3 Shapes","floor":39,"turns":2},{"damage":13,"enemies":"Reptomancer","floor":41,"turns":3},{"damage":14,"enemies":"Writhing Mass","floor":44,"turns":3},{"damage":0,"enemies":"Mind Bloom Boss Battle","floor":46,"turns":3},{"damage":0,"enemies":"Spire Growth","floor":48,"turns":2},{"damage":0,"enemies":"Awakened One","floor":50,"turns":4},{"damage":0,"enemies":"Shield and Spear","floor":54,"turns":3},{"damage":0,"enemies":"The Heart","floor":55,"turns":5}],"seed_played":"-1886585307857388809","potions_obtained":[{"floor":1,"key":"Energy Potion"},{"floor":6,"key":"Energy Potion"},{"floor":12,"key":"SkillPotion"},{"floor":23,"key":"Weak Potion"},{"floor":25,"key":"DistilledChaos"},{"floor":29,"key":"FearPotion"},{"floor":33,"key":"Block Potion"},{"floor":35,"key":"Block Potion"},{"floor":44,"key":"Weak Potion"},{"floor":46,"key":"sneckomod:MuddlingPotion"}],"is_trial":false,"path_per_floor":["M","?","?","T","?","E","R","E","T","M","COS","M","?","M","R","B",null,"M","?","M","?","M","E","R","E","T","M","M","M","?","?","R","B",null,"M","?","?","$","M","R","E","R","T","M","R","?","R","M","R","B",null,"R","$","E","B",null],"character_chosen":"THE_SILENT","items_purchased":["Nunchaku","Accuracy","Wraith Form v2"],"campfire_rested":0,"item_purchase_floors":[38,38,53],"current_hp_per_floor":[70,70,70,70,70,70,70,70,70,70,70,70,65,63,63,63,80,67,67,67,67,67,54,54,51,51,48,35,18,44,44,44,36,80,80,75,75,75,64,64,51,51,51,37,37,37,37,37,37,37,80,80,80,80,80],"gold":44,"neow_bonus":"THREE_ENEMY_KILL","is_daily":false,"chose_seed":false,"campfire_upgraded":9,"win_rate":0.0,"timestamp":1613648915,"path_taken":["M","?","?","?","?","E","R","E","T","M","COS","?","?","?","R","BOSS","M","?","?","?","M","E","R","E","T","M","M","M","?","?","R","BOSS","M","?","?","$","M","R","E","R","T","M","R","?","R","M","R","BOSS","R","$","E","BOSS"],"items_purchased_type":["Relic","Card","Card"],"build_version":"2020-12-22","purchased_purges":2,"victory":true,"max_hp_per_floor":[70,70,70,70,70,70,70,70,70,70,70,70,80,80,80,80,80,80,80,80,80,80,80,80,80,80,80,80,80,80,80,80,80,80,80,80,80,80,80,80,80,80,80,80,80,80,80,80,80,80,80,80,80,80,80],"card_choices":[{"not_picked":["Finisher","Quick Slash"],"picked":"Accuracy","floor":1},{"not_picked":["Sucker Punch","Dash","Heel Hook"],"picked":"SKIP","floor":6},{"not_picked":["Deadly Poison","Skewer"],"picked":"Accuracy","floor":8},{"not_picked":["Blur","Dash"],"picked":"Cloak And Dagger","floor":10},{"not_picked":["Outmaneuver","Footwork"],"picked":"Backstab","floor":12},{"not_picked":["Underhanded Strike","Dagger Throw"],"picked":"Endless Agony","floor":14},{"not_picked":["Malaise","Venomology"],"picked":"Tools of the Trade","floor":16},{"not_picked":["Well Laid Plans","Dagger Spray","Reflex"],"picked":"SKIP","floor":18},{"not_picked":["Backflip","Flying Knee","Catalyst"],"picked":"SKIP","floor":20},{"not_picked":["Flechettes+1","Underhanded Strike+1","Dodge and Roll"],"picked":"SKIP","floor":22},{"not_picked":["Footwork","Tactician+1","Noxious Fumes"],"picked":"SKIP","floor":23},{"not_picked":["Outmaneuver","PiercingWail"],"picked":"Blade Dance+1","floor":25},{"not_picked":["Underhanded Strike+1","Footwork+1","Well Laid Plans"],"picked":"SKIP","floor":27},{"not_picked":["Dagger Throw+1","Concentrate"],"picked":"Calculated Gamble+1","floor":28},{"not_picked":["Bouncing Flask","Distraction","PiercingWail"],"picked":"SKIP","floor":29},{"not_picked":["aspiration:Lunge+1","Envenom"],"picked":"Phantasmal Killer","floor":33},{"not_picked":["Dagger Spray+1","Setup","Prepared"],"picked":"SKIP","floor":35},{"not_picked":["Dramatic Entrance+1","Swift Strike+1"],"picked":"Master of Strategy","floor":36},{"not_picked":["Bandage Up","The Bomb"],"picked":"Deep Breath","floor":36},{"not_picked":["Deflect","Quick Slash+1"],"picked":"Backflip+1","floor":37},{"not_picked":["Prepared","Dagger Throw+1","Reflex+1"],"picked":"SKIP","floor":39},{"not_picked":["Deflect","Bane+1","Dagger Spray+1"],"picked":"SKIP","floor":41},{"not_picked":["Flying Knee+1","Blade Dance+1"],"picked":"After Image","floor":44},{"not_picked":["Quick Slash+1","Acrobatics+1"],"picked":"Infinite Blades+1","floor":46},{"not_picked":["Poisoned Stab+1","Underhanded Strike+1","Slice+1"],"picked":"SKIP","floor":48},{"not_picked":["Prepared+1","Deadly Poison+1"],"picked":"Terror+1","floor":54}],"player_experience":194138,"relics_obtained":[{"floor":6,"key":"Anchor"},{"floor":8,"key":"Bottled Lightning"},{"floor":9,"key":"reliquary:RadioactivePellet"},{"floor":23,"key":"reliquary:Sod"},{"floor":25,"key":"reliquary:Knoch"},{"floor":26,"key":"Kunai"},{"floor":37,"key":"CatCart"},{"floor":41,"key":"reliquary:Spinner"},{"floor":43,"key":"Toxic Egg 2"},{"floor":46,"key":"champ:DeflectingBracers"}],"event_choices":[{"damage_healed":0,"gold_gain":0,"player_choice":"0 cards matched","damage_taken":0,"max_hp_gain":0,"max_hp_loss":0,"event_name":"Match and Keep!","floor":19,"gold_loss":0,"cards_obtained":[]},{"damage_healed":0,"gold_gain":0,"player_choice":"Obtained Relic","damage_taken":0,"relics_obtained":["Molten Egg 2"],"max_hp_gain":0,"max_hp_loss":0,"event_name":"Addict","floor":21,"gold_loss":85},{"damage_healed":26,"gold_gain":0,"player_choice":"Heal","damage_taken":0,"max_hp_gain":0,"max_hp_loss":0,"event_name":"The Library","floor":30,"gold_loss":0},{"cards_removed":["Strike_G"],"damage_healed":0,"gold_gain":0,"player_choice":"Elegance","damage_taken":0,"max_hp_gain":0,"max_hp_loss":0,"event_name":"Back to Basics","floor":31,"gold_loss":0},{"damage_healed":0,"gold_gain":0,"player_choice":"Memory 2","damage_taken":5,"max_hp_gain":0,"max_hp_loss":0,"event_name":"SensoryStone","floor":36,"gold_loss":0},{"damage_healed":0,"gold_gain":0,"player_choice":"Fight","damage_taken":0,"max_hp_gain":0,"max_hp_loss":0,"event_name":"OrinTheCat","floor":37,"gold_loss":0},{"damage_healed":0,"gold_gain":0,"player_choice":"Fight","damage_taken":0,"max_hp_gain":0,"max_hp_loss":0,"event_name":"MindBloom","floor":46,"gold_loss":0}],"is_beta":false,"boss_relics":[{"not_picked":["Sozu","reliquary:KinkedSpring"],"picked":"aspiration:MobileForge"},{"not_picked":["aspiration:RunicSpoon","reliquary:Craggleroot"],"picked":"Coffee Dripper"}],"items_purged_floors":[38,53],"is_endless":false,"potions_floor_spawned":[1,6,12,16,20,23,25,29,33,35,44,46],"ascension_level":3}}