{"host":"rihxvzvzrfpivboj","time":1613650520,"event":{"mods":["Act Like it!","BaseMod","Better Third Choice","Block Reminder","Colored Map","Colored Powertips","Downfall","Gensokyo","GifTheSpireLib","Googly Eyes","Keyboard Shortcuts","Minty Spire (QoL Compilation)","Quick Restart","Relic Sorter","StSLib","SuperFastMode","The Bug Knight","Unceasing Turn Reminder","Waifu the Spire"],"gold_per_floor":[99,99,99,29,29,29,29,29,29,29,29,29,29,29,29,29,29,29,29,29,29,29,29,29,29],"floor_reached":24,"language":"ENG","playtime":1555,"items_purged":[],"score":227,"play_id":"50d194bb-7e75-4f8f-baae-38ba99b0df2c","local_time":"20210218131520","is_ascension_mode":true,"campfire_choices":[{"data":"HollowMod:FocusHealStart","floor":6,"key":"SMITH"},{"data":"HollowMod:theNailsmith","floor":15,"key":"SMITH"},{"floor":23,"key":"REST"}],"circlet_count":0,"master_deck":["HollowMod:NailStrikeStart","HollowMod:NailStrikeStart","HollowMod:NailStrikeStart","HollowMod:NailStrikeStart","HollowMod:QuickDashStart","HollowMod:QuickDashStart","HollowMod:QuickDashStart","HollowMod:QuickDashStart","HollowMod:FocusHealStart+1","HollowMod:PogoStrike","HollowMod:InfectedAttack","HollowMod:InfectedAttack","HollowMod:DescendingDark","HollowMod:QuirrelsAssistance","HollowMod:SoulEater","HollowMod:InfectedCysts","HollowMod:theNailsmith+1","HollowMod:NewGlowingWomb","HollowMod:MidwifesHunger","HollowMod:InfectedCysts","HollowMod:InfectedCysts"],"relics":["Ectoplasm","PreservedInsect","Orichalcum","Happy Flower","Dream Catcher","Art of War","Snecko Eye","betterThird:NestCultRelic"],"acts_visited":["Exordium","TheCity"],"potions_floor_usage":[7,11,12,16,21,22],"damage_taken":[{"damage":0,"enemies":"Gensokyo:Gryphon","floor":1,"turns":3},{"damage":0,"enemies":"Gensokyo:3_Fairies","floor":2,"turns":3},{"damage":1,"enemies":"Gensokyo:2_Kodama","floor":3,"turns":3},{"damage":48,"enemies":"Gensokyo:Cirno","floor":7,"turns":7},{"damage":0,"enemies":"Gensokyo:LivingMonolith","floor":8,"turns":2},{"damage":2,"enemies":"Gensokyo:Mamizou","floor":11,"turns":6},{"damage":4,"enemies":"Gensokyo:Kitsune","floor":12,"turns":2},{"damage":4,"enemies":"Gensokyo:Cirno","floor":14,"turns":5},{"damage":37,"enemies":"Gensokyo:Reimu","floor":16,"turns":6},{"damage":17,"enemies":"Spheric Guardian","floor":18,"turns":3},{"damage":19,"enemies":"Chosen","floor":20,"turns":3},{"damage":61,"enemies":"Shelled Parasite and Fungi","floor":21,"turns":5},{"damage":0,"enemies":"Snake Plant","floor":22,"turns":2},{"damage":33,"enemies":"Snecko","floor":24,"turns":3}],"seed_played":"-3220812243773770033","potions_obtained":[{"floor":2,"key":"GamblersBrew"},{"floor":8,"key":"EssenceOfSteel"},{"floor":11,"key":"DistilledChaos"},{"floor":14,"key":"hexamod:SoulburnPotion"},{"floor":16,"key":"SmokeBomb"},{"floor":20,"key":"PowerPotion"}],"is_trial":false,"path_per_floor":["M","M","M","?","$","R","E","M","T","?","E","M","?","E","R","B",null,"M","?","M","M","M","R","M"],"character_chosen":"THE_BUGKNIGHT","items_purchased":[],"campfire_rested":1,"item_purchase_floors":[],"current_hp_per_floor":[75,75,74,74,74,74,36,36,36,43,47,49,49,51,51,24,82,65,65,52,1,1,25,0,0],"gold":29,"neow_bonus":"BOSS_RELIC","is_daily":false,"chose_seed":false,"campfire_upgraded":2,"win_rate":0.0,"timestamp":1613650520,"path_taken":["M","M","M","?","?","R","E","M","T","?","E","?","?","E","R","BOSS","M","?","M","M","M","R","M"],"items_purchased_type":[],"build_version":"2020-12-22","purchased_purges":0,"victory":false,"max_hp_per_floor":[75,75,75,75,75,75,75,75,75,82,82,82,82,82,82,82,82,82,82,82,82,82,82,82,82],"card_choices":[{"not_picked":["HollowMod:NewJinnsSoul","HollowMod:CloakDash"],"picked":"HollowMod:InfectedAttack","floor":1},{"not_picked":["HollowMod:CornifersMapStart","HollowMod:NewLittleFool"],"picked":"HollowMod:InfectedAttack","floor":2},{"not_picked":["HollowMod:VengefulVoid","HollowMod:HeavyBlow"],"picked":"HollowMod:DescendingDark","floor":3},{"not_picked":["HollowMod:PureNailStrike","HollowMod:BaldurShell"],"picked":"HollowMod:QuirrelsAssistance","floor":7},{"not_picked":["HollowMod:NewLittleFool","HollowMod:SharpenedShadows"],"picked":"HollowMod:SoulEater","floor":8},{"not_picked":["HollowMod:HowlingWraiths","HollowMod:SoulSplash"],"picked":"HollowMod:InfectedCysts","floor":11},{"not_picked":["HollowMod:ChannelNail","HollowMod:TaintedHusks"],"picked":"HollowMod:theNailsmith","floor":12},{"not_picked":["HollowMod:DoubleDash","HollowMod:HuntersJournal"],"picked":"HollowMod:NewGlowingWomb","floor":14},{"not_picked":["HollowMod:PureVessel","HollowMod:Hiveblood"],"picked":"HollowMod:MidwifesHunger","floor":16},{"not_picked":["HollowMod:DashSlash+1","HollowMod:SoulStrike"],"picked":"HollowMod:InfectedCysts","floor":18},{"not_picked":["HollowMod:CrystalDash","HollowMod:HowlingWraiths"],"picked":"HollowMod:InfectedCysts","floor":20},{"not_picked":["HollowMod:TaintedHusks+1","HollowMod:SiblingsShadow+1","HollowMod:CycloneSlash+1"],"picked":"SKIP","floor":21}],"player_experience":1170162,"relics_obtained":[{"floor":7,"key":"Orichalcum"},{"floor":9,"key":"Happy Flower"},{"floor":11,"key":"Dream Catcher"},{"floor":14,"key":"Art of War"}],"event_choices":[{"damage_healed":0,"gold_gain":0,"player_choice":"Madness","damage_taken":0,"relics_obtained":["betterThird:NestCultRelic"],"max_hp_gain":0,"max_hp_loss":0,"event_name":"betterThird:BetterNest","floor":19,"gold_loss":0}],"is_beta":false,"boss_relics":[{"not_picked":["Empty Cage","Tiny House"],"picked":"Snecko Eye"}],"items_purged_floors":[],"is_endless":false,"potions_floor_spawned":[2,8,11,14,16,20],"killed_by":"Snecko","ascension_level":1}}