{"host":"am0cr9xwekqmrere","time":1613665985,"event":{"mods":["AchievementEnabler","Act Like it!","BaseMod","Better Altar","Better Match","Better Note","Better Sensory Stone","Better Skull","Better Third Choice","BetterRewards","Conspire","Downfall","Hubris","Infinite Spire","Marisa????????","Minty Spire (QoL Compilation)","Rare Cards Sparkle","Spicy Shops","StSLib","The Servant 0.9.4","Unceasing Turn Reminder"],"gold_per_floor":[118,130,144,114,214,214,229,229,229,229,243,243,23,55,55,55,55],"floor_reached":16,"language":"ENG","playtime":1006,"items_purged":["infinitespire:Pacifist"],"score":200,"play_id":"d5f95135-9c54-410b-903a-5ce6fc28df12","local_time":"20210218103305","is_ascension_mode":false,"campfire_choices":[{"data":"Deny","floor":6,"key":"SMITH"},{"data":"MoonPhase","floor":8,"key":"SMITH"},{"data":"KidneyShot","floor":10,"key":"SMITH"},{"floor":15,"key":"REST"}],"circlet_count":0,"master_deck":["Strike_S","Strike_S","Strike_S","Strike_S","Defend_S","Defend_S","Defend_S","Defend_S","KidneyShot+1","Exchange","MoonPhase+1","TimeWarp","SpecialFormula","DualDimension","downfall:Haunted","downfall:Haunted","Decay","Deny+1","Rewind","RealityMarble","StarChef"],"relics":["Uniform","infinitespire:WardingShard","Darkstone Periapt","HandDrill","hubris:DeckOfHolding"],"acts_visited":["Exordium"],"potions_floor_usage":[7,16],"damage_taken":[{"damage":5,"enemies":"2 Louse","floor":1,"turns":3},{"damage":2,"enemies":"Jaw Worm","floor":2,"turns":5},{"damage":10,"enemies":"Cultist","floor":3,"turns":5},{"damage":2,"enemies":"Looter","floor":4,"turns":4},{"damage":7,"enemies":"3 Louse","floor":7,"turns":6},{"damage":37,"enemies":"Exordium Thugs","floor":11,"turns":8},{"damage":45,"enemies":"3 Sentries","floor":14,"turns":17},{"damage":74,"enemies":"The Guardian","floor":16,"turns":10}],"seed_played":"6306777996056059304","potions_obtained":[{"floor":1,"key":"SteroidPotion"},{"floor":3,"key":"hexamod:SoulburnPotion"},{"floor":11,"key":"conspire:TimeTravelPotion"}],"is_trial":false,"path_per_floor":["M","M","M","M","?","R","M","R","T","R","M","?","$","E","R","B"],"character_chosen":"THE_SERVANT","items_purchased":["infinitespire:WardingShard","HandDrill"],"campfire_rested":1,"item_purchase_floors":[0,13],"current_hp_per_floor":[52,50,40,43,78,78,76,76,76,76,44,44,44,4,34,0,0],"gold":55,"neow_bonus":"","is_daily":false,"chose_seed":false,"campfire_upgraded":3,"win_rate":0.0,"timestamp":1613665985,"path_taken":["M","M","M","M","?","R","M","R","T","R","M","?","$","E","R","BOSS"],"items_purchased_type":["Relic","Relic"],"build_version":"2020-12-22","purchased_purges":1,"victory":false,"max_hp_per_floor":[65,65,65,65,100,100,100,100,100,100,100,100,100,100,100,100,100],"card_choices":[{"not_picked":["Spin","Rewind"],"picked":"MoonPhase","floor":1},{"not_picked":["Rearm","Revamp"],"picked":"TimeWarp","floor":2},{"not_picked":["Unruled","Replace"],"picked":"SpecialFormula","floor":3},{"not_picked":["Spin","RealityMarble"],"picked":"DualDimension","floor":4},{"not_picked":["ReturningBlade","Shuttle"],"picked":"Rewind","floor":7},{"not_picked":["FloweringNight","TimeWarp"],"picked":"RealityMarble","floor":11},{"not_picked":["Spin","Initiator"],"picked":"StarChef","floor":14}],"player_experience":2822992,"relics_obtained":[{"floor":14,"key":"hubris:DeckOfHolding"}],"event_choices":[],"is_beta":false,"boss_relics":[],"items_purged_floors":[13],"is_endless":false,"potions_floor_spawned":[1,3,11],"killed_by":"The Guardian","ascension_level":0}}