{"host":"Varadho","time":1613684366,"event":{"mods":["BaseMod","Colored Map","Colored Powertips","Downfall","Googly Eyes","Minty Spire (QoL Compilation)","Quick Restart","Replay The Spire","StSLib","everything is the same but u backflip on backflip","slay the spire mod where everything is the same but ironclad has a cowboy hat"],"gold_per_floor":[114,114,114,114,389,421,439,465,517,517,550,606,606,606,606,701,701,713,713,725,725,725,725],"floor_reached":22,"language":"ENG","playtime":788,"items_purged":[],"score":384,"play_id":"ee004e0a-ab0d-4f27-9dfc-767226498744","local_time":"20210218223926","is_ascension_mode":true,"campfire_choices":[{"floor":13,"key":"REST"},{"floor":15,"key":"REST"}],"circlet_count":0,"master_deck":["AscendersBane","Strike_B","Strike_B","Strike_B","Strike_B","Defend_B","Defend_B","Defend_B","Defend_B","Zap","Compile Driver","Bash","Regret","ReplayTheSpireMod:Reroute Power","Consume","Biased Cognition+1","Iron Wave","Conserve Battery","Limit Break","Ball Lightning+1","Fusion","Panic Button","Necronomicurse"],"relics":["NeowsBlessing","FaceOfCleric","Iron Core","Bag of Preparation","Oddly Smooth Stone","PreservedInsect","Incense Burner","StrikeDummy","Blue Candle","Inserter","Necronomicon"],"acts_visited":["Exordium","TheCity"],"potions_floor_usage":[11,11,12,22,22],"damage_taken":[{"damage":0,"enemies":"Small Slimes","floor":1,"turns":1},{"damage":0,"enemies":"Lagavulin","floor":6,"turns":1},{"damage":0,"enemies":"Cultist","floor":7,"turns":1},{"damage":30,"enemies":"Gremlin Nob","floor":8,"turns":4},{"damage":6,"enemies":"Lagavulin","floor":11,"turns":4},{"damage":33,"enemies":"3 Sentries","floor":12,"turns":4},{"damage":19,"enemies":"The Guardian","floor":16,"turns":10},{"damage":4,"enemies":"Spheric Guardian","floor":18,"turns":3},{"damage":16,"enemies":"Shell Parasite","floor":20,"turns":5},{"damage":38,"enemies":"Cultist and Chosen","floor":22,"turns":6}],"seed_played":"-2073988005728434240","potions_obtained":[{"floor":6,"key":"hexamod:SoulburnPotion"},{"floor":7,"key":"SkillPotion"},{"floor":11,"key":"DistilledChaos"},{"floor":12,"key":"PowerPotion"},{"floor":20,"key":"AttackPotion"}],"is_trial":false,"path_per_floor":["M","?","$","?","?","E","M","E","T","?","E","?","R","T","R_BF","B",null,"M","?","M","?","M"],"character_chosen":"DEFECT","items_purchased":[],"campfire_rested":2,"item_purchase_floors":[],"current_hp_per_floor":[68,68,68,68,68,69,70,41,41,41,36,4,28,28,52,34,69,66,66,51,35,0,0],"gold":725,"neow_bonus":"THREE_ENEMY_KILL","is_daily":false,"chose_seed":false,"campfire_upgraded":0,"win_rate":0.0,"timestamp":1613684366,"path_taken":["M","?","?","?","?","E","?","E","T","?","E","?","R","?","R_BF","BOSS","M","?","M","?","M"],"items_purchased_type":[],"build_version":"2020-12-18","purchased_purges":0,"victory":false,"max_hp_per_floor":[75,75,75,75,75,76,77,78,78,78,79,80,80,80,80,81,81,82,82,83,83,83,83],"card_choices":[{"not_picked":["Streamline","Barrage"],"picked":"Compile Driver","floor":1},{"not_picked":["Body Slam","Steam"],"picked":"ReplayTheSpireMod:Reroute Power","floor":6},{"not_picked":["Steam","Blizzard"],"picked":"Consume","floor":7},{"not_picked":["Turbo","Body Slam"],"picked":"Biased Cognition","floor":8},{"not_picked":["Barrage","Rebound"],"picked":"Iron Wave","floor":11},{"not_picked":["Hologram","Streamline"],"picked":"Conserve Battery","floor":12},{"not_picked":["Rainbow","Offering"],"picked":"Limit Break","floor":16},{"not_picked":["Cold Snap+1","Coolheaded"],"picked":"Ball Lightning+1","floor":18},{"not_picked":["Barrage","Turbo+1"],"picked":"Panic Button","floor":20}],"player_experience":639518,"relics_obtained":[{"floor":6,"key":"Bag of Preparation"},{"floor":8,"key":"Oddly Smooth Stone"},{"floor":9,"key":"PreservedInsect"},{"floor":11,"key":"Incense Burner"},{"floor":12,"key":"StrikeDummy"},{"floor":14,"key":"Blue Candle"},{"floor":21,"key":"Necronomicon"}],"event_choices":[{"damage_healed":0,"gold_gain":0,"player_choice":"Trade","damage_taken":0,"relics_obtained":["FaceOfCleric"],"max_hp_gain":0,"max_hp_loss":0,"event_name":"FaceTrader","floor":2,"gold_loss":0},{"damage_healed":0,"gold_gain":275,"player_choice":"Desecrate","damage_taken":0,"max_hp_gain":0,"max_hp_loss":0,"event_name":"Golden Shrine","floor":5,"gold_loss":0,"cards_obtained":["Regret"]},{"damage_healed":0,"gold_gain":0,"player_choice":"Searched \u00271\u0027 times","damage_taken":0,"max_hp_gain":0,"max_hp_loss":0,"event_name":"Dead Adventurer","floor":12,"gold_loss":0},{"damage_healed":0,"gold_gain":0,"player_choice":"Read","damage_taken":0,"max_hp_gain":0,"max_hp_loss":0,"event_name":"The Library","floor":19,"gold_loss":0,"cards_obtained":["Fusion"]},{"damage_healed":0,"gold_gain":0,"player_choice":"Obtained Book","damage_taken":16,"max_hp_gain":0,"max_hp_loss":0,"event_name":"Cursed Tome","floor":21,"gold_loss":0}],"is_beta":true,"boss_relics":[{"not_picked":["ChewingGum","Fusion Hammer"],"picked":"Inserter"}],"items_purged_floors":[],"is_endless":false,"potions_floor_spawned":[6,7,11,12,20],"killed_by":"Cultist and Chosen","ascension_level":11}}