{"host":"hl3ams4am2ku5u4p","time":1613669786,"event":{"mods":["AchievementEnabler","Act Like it!","Aspiration","BaseMod","Beaked The Cultist","BetterRewards","CatGirl Mod","Colored Map","Colored Powertips","Conspire","Downfall","Energized Spire","Halation","Hallownest","HornydragonMod","Hubris","Infinite Spire","Jedi Mod","Mad Scientist","Magitek Elite","Minty Spire (QoL Compilation)","READ ME - Guardian Mod","Replay The Spire","Spikes Relics","StSLib","SuperFastMode","The Blackbeard","The Bug Knight","The Construct","The Disciple","The Jungle","The Mystic","The Necromancer","The Senshi"],"gold_per_floor":[117,117,117,134,154,154,180,180,203,58,68,96,108,0,0,102,102,113,113,38,54,71,71,71,71,71,71,71,87,87,106,106,203,153,168,168,168,108,108,143,143,173,228,228,239,258,330,344,344,344],"floor_reached":51,"language":"FRA","playtime":1570,"items_purged":["Defend_B","Scrape"],"score":1150,"play_id":"21bf61b6-4b7f-4863-9665-eec410f9f1fa","local_time":"20210218183626","is_ascension_mode":true,"campfire_choices":[{"data":"conspire:Banana","floor":6,"key":"SMITH"},{"floor":8,"key":"REST"},{"data":"Defragment","floor":15,"key":"SMITH"},{"data":"Chaos","floor":23,"key":"SMITH"},{"data":"Capacitor","floor":25,"key":"SMITH"},{"data":"Static Discharge","floor":27,"key":"SMITH"},{"floor":30,"key":"REST"},{"data":"jedi:cleanse","floor":32,"key":"SMITH"},{"data":"Barrage","floor":41,"key":"SMITH"},{"floor":44,"key":"REST"},{"data":"Beam Cell","floor":49,"key":"SMITH"}],"circlet_count":0,"master_deck":["Strike_B","Strike_B","Strike_B","Strike_B","Defend_B","Defend_B","Defend_B","Zap","conspire:Banana+1","Static Discharge+1","jedi:markofdeath","jedi:cleanse+1","Beam Cell+1","Leap","Barrage+1","Defragment+1","Rip and Tear","BootSequence","Capacitor+1","Reboot","Chaos+1","Streamline+1","Conserve Battery","Strike_B","Conserve Battery","Leap+1","ReplayTheSpireMod:Calculation Training+1"],"relics":["Cracked Core","infinitespire:BottledMercury","HollowMod:LifeEnderRelic","Guard_Bracelet","Matryoshka","Blue Doll","hubris:ScarierMask","PreservedInsect","Happy Flower","jedi:archwizardhat","energizedSpire:HugeHouse","Mythril_Glove","hubris:MobiusCoin","MealTicket","Replay:Rubber Ducky","aspiration:SeaSaltIceCream","Burning Blood"],"acts_visited":["Exordium","TheCity","TheCity"],"potions_floor_usage":[11,13,18,22,33,33,50],"damage_taken":[{"damage":0,"enemies":"Hallownest:2_MossCreeps","floor":1,"turns":5},{"damage":0,"enemies":"2_ Uuma","floor":4,"turns":5},{"damage":7,"enemies":"Hallownest:monsterHuskGuard","floor":5,"turns":4},{"damage":17,"enemies":"Hallownest:eliteVengeflyKing","floor":7,"turns":5},{"damage":11,"enemies":"Hallownest:Guard_and_Warrior","floor":11,"turns":5},{"damage":0,"enemies":"Hallownest:eliteMossKnight","floor":12,"turns":6},{"damage":3,"enemies":"Hallownest:2_Tiktiks_1_Baldur_1_Crawlid","floor":13,"turns":5},{"damage":46,"enemies":"Hallownest:BossHornet","floor":16,"turns":7},{"damage":1,"enemies":"2 Thieves","floor":18,"turns":2},{"damage":9,"enemies":"Chosen and Byrds","floor":21,"turns":4},{"damage":12,"enemies":"3 Cultists","floor":22,"turns":3},{"damage":16,"enemies":"Shelled Parasite and Fungi","floor":29,"turns":5},{"damage":0,"enemies":"Sentry and Sphere","floor":31,"turns":2},{"damage":37,"enemies":"hubris:MusketHawk","floor":33,"turns":6},{"damage":15,"enemies":"Hallownest:3_Siblings","floor":35,"turns":6},{"damage":10,"enemies":"Hallownest:eliteCollector","floor":40,"turns":7},{"damage":28,"enemies":"Hallownest:StalkingDevout","floor":42,"turns":6},{"damage":0,"enemies":"Hallownest:Shield_Heavy","floor":45,"turns":3},{"damage":7,"enemies":"Hallownest:Slobbering_and_Violent","floor":46,"turns":5},{"damage":2,"enemies":"Hallownest:Shield_Sturdy","floor":48,"turns":7},{"damage":69,"enemies":"Hallownest:BossGreyPrinceZote","floor":50,"turns":9}],"seed_played":"-3864247121428429608","potions_obtained":[{"floor":4,"key":"Weak Potion"},{"floor":11,"key":"hexamod:SoulburnPotion"},{"floor":12,"key":"Block Potion"},{"floor":13,"key":"Explosive Potion"},{"floor":16,"key":"jedi:StrikingPotion"},{"floor":29,"key":"CultistPotion"},{"floor":31,"key":"PowerPotion"},{"floor":45,"key":"Explosive Potion"}],"is_trial":false,"path_per_floor":["M","?","?","M","M","R","E","R","T","$","M","E","M","?","R","B",null,"M","?","$","M","M","R","$","R","T","R","T","M","R","M","R","B",null,"M","?","AVR","?","?","E","R","E","T","R","M","M","T","M","R","B",null],"character_chosen":"DEFECT","items_purchased":["conspire:Banana","Ball Lightning","Static Discharge","infinitespire:BottledMercury","Defragment","Rip and Tear"],"campfire_rested":3,"item_purchase_floors":[0,0,0,0,10,10],"current_hp_per_floor":[60,60,68,69,63,63,48,72,72,72,63,65,64,64,64,20,88,89,89,89,82,72,72,72,72,72,72,72,58,86,86,86,51,93,80,80,80,87,87,79,79,53,53,83,83,78,78,84,84,23],"gold":344,"neow_bonus":"","is_daily":false,"chose_seed":false,"campfire_upgraded":8,"win_rate":0.0,"timestamp":1613669786,"path_taken":["M","?","?","M","?","R","E","R","T","$","M","E","?","?","R","BOSS","M","?","$","M","?","R","?","R","T","R","?","M","R","M","R","BOSS","M","?","AVR","?","?","E","R","E","T","R","M","M","?","M","R","BOSS"],"items_purchased_type":["Card","Card","Card","Relic","Card","Card"],"build_version":"2020-12-22","purchased_purges":2,"victory":true,"max_hp_per_floor":[76,76,76,77,78,78,80,80,80,80,82,84,86,86,86,88,88,90,90,90,92,94,94,94,94,94,94,94,96,96,96,96,98,93,95,95,95,102,97,99,99,101,101,101,101,103,103,105,105,107],"card_choices":[{"not_picked":["Blizzard","BasicCrystalCard"],"picked":"jedi:markofdeath","floor":1},{"not_picked":["PlatinumSkin","Forethought"],"picked":"jedi:cleanse","floor":2},{"not_picked":["Turbo","ReplayGash"],"picked":"Beam Cell","floor":2},{"not_picked":["Rebound","Genetic Algorithm"],"picked":"Leap","floor":4},{"not_picked":["Compile Driver","Self Repair"],"picked":"Barrage","floor":5},{"not_picked":["Loop","Force Field","Cold Snap"],"picked":"SKIP","floor":7},{"not_picked":["Sweeping Beam","Barrage"],"picked":"BootSequence","floor":11},{"not_picked":["ReplayTheSpireMod:Repulse","Coolheaded","Cold Snap"],"picked":"SKIP","floor":12},{"not_picked":["Seek","jedi:markofdeath"],"picked":"Capacitor","floor":13},{"not_picked":["ReplayTheSpireMod:Omega Cannon","Machine Learning"],"picked":"Reboot","floor":16},{"not_picked":["Genetic Algorithm","Turbo+1","jedi:blockon"],"picked":"SKIP","floor":18},{"not_picked":["Beam Cell","Stack"],"picked":"Chaos","floor":21},{"not_picked":["Glacier","Aggregate"],"picked":"Streamline+1","floor":22},{"not_picked":["Sweeping Beam","jedi:overflow","Redo"],"picked":"SKIP","floor":29},{"not_picked":["Aggregate","Scrape"],"picked":"Conserve Battery","floor":31},{"not_picked":["Rebound+1","Doom and Gloom+1","jedi:locknload"],"picked":"SKIP","floor":35},{"not_picked":["Go for the Eyes","Steam","Heatsinks+1"],"picked":"SKIP","floor":40},{"not_picked":["Go for the Eyes","Steam","Heatsinks+1"],"picked":"SKIP","floor":40},{"not_picked":["Hyperbeam","FTL","Leap"],"picked":"SKIP","floor":42},{"not_picked":["Sweeping Beam+1","jedi:spotbugs"],"picked":"Conserve Battery","floor":45},{"not_picked":["jedi:sharpshooter","DiskWipe"],"picked":"Leap+1","floor":46},{"not_picked":["Conserve Battery+1","Beam Cell"],"picked":"ReplayTheSpireMod:Calculation Training+1","floor":48}],"player_experience":93496,"relics_obtained":[{"floor":7,"key":"HollowMod:LifeEnderRelic"},{"floor":9,"key":"Guard_Bracelet"},{"floor":12,"key":"Matryoshka"},{"floor":26,"key":"PreservedInsect"},{"floor":28,"key":"Happy Flower"},{"floor":28,"key":"jedi:archwizardhat"},{"floor":40,"key":"hubris:MobiusCoin"},{"floor":42,"key":"MealTicket"},{"floor":43,"key":"Replay:Rubber Ducky"},{"floor":47,"key":"aspiration:SeaSaltIceCream"}],"event_choices":[{"cards_removed":["Dualcast"],"damage_healed":0,"gold_gain":0,"player_choice":"Card Removal","damage_taken":0,"max_hp_gain":0,"max_hp_loss":0,"event_name":"Wheel of Change","floor":19,"gold_loss":0}],"is_beta":false,"boss_relics":[{"not_picked":["energizedSpire:CursedPentagram","infinitespire:Cupcake"],"picked":"hubris:ScarierMask"},{"not_picked":["Golden_Hairpin","halation:PlatinumPhoenix"],"picked":"energizedSpire:HugeHouse"}],"items_purged_floors":[20,37],"is_endless":false,"potions_floor_spawned":[4,11,12,13,16,29,31,45],"ascension_level":4}}