{"host":"7ij4m6ehapfophuy","time":1613660288,"event":{"mods":["BaseMod","Bestiary","Curses Come First","Filter the Spire","Minty Spire (QoL Compilation)","Relic Stats","StSLib","ojb\u0027s Better Paths Mod"],"gold_per_floor":[168,181,193,193,208,208,239,252,252,282,282,317,207,221,221,316,316,336,348,359,359,359,392,491,521,548,575,575,610,610,623,623,724,724,742,742,752,771,771,771,806,823,823,823,839,866,876,390,390,390,390,390,23,48,48],"floor_reached":56,"language":"ENG","playtime":4453,"items_purged":["Defend_P","Defend_P","Strike_P"],"score":1991,"play_id":"e7416661-f1a0-40c2-a70f-b048612e627d","local_time":"20210218095808","is_ascension_mode":true,"campfire_choices":[{"data":"Eruption","floor":6.0,"key":"SMITH"},{"data":"Ragnarok","floor":11.0,"key":"SMITH"},{"data":"Vault","floor":15.0,"key":"SMITH"},{"data":"DeusExMachina","floor":28,"key":"SMITH"},{"data":"ClearTheMind","floor":30,"key":"SMITH"},{"data":"Omniscience","floor":32,"key":"SMITH"},{"data":"Ghostly","floor":40,"key":"SMITH"},{"data":"Ghostly","floor":44,"key":"SMITH"},{"floor":49,"key":"RECALL"},{"data":"MentalFortress","floor":52,"key":"SMITH"}],"circlet_count":0,"master_deck":["AscendersBane","Strike_P","Strike_P","Strike_P","Defend_P+1","Eruption+1","Vigilance","ThirdEye","CrushJoints","Consecrate","EmptyFist+1","BowlingBash","Ragnarok+1","Vault+1","TalkToTheHand","CutThroughFate","DeusExMachina+1","Tantrum","WreathOfFlame+1","MentalFortress+1","Ghostly+1","Ghostly+1","Ghostly+1","Ghostly","Ghostly","Adaptation+1","ClearTheMind+1","Wallop+1","Omniscience+1","EmptyMind+1","FearNoEvil+1"],"relics":["Tiny House","White Beast Statue","HornCleat","Mummified Hand","Letter Opener","SacredBark","Nilry\u0027s Codex","Omamori","Ice Cream","PreservedInsect","Molten Egg 2","TeardropLocket","Cursed Key","Calipers","Mercury Hourglass","Bag of Marbles","Medical Kit","Vajra","Akabeko"],"acts_visited":["Exordium","TheCity","TheBeyond","TheEnding"],"potions_floor_usage":[25,27,35,37,41,50,54,55,55,55,55],"damage_taken":[{"damage":6.0,"enemies":"Cultist","floor":1.0,"turns":5.0},{"damage":0.0,"enemies":"Jaw Worm","floor":2.0,"turns":3.0},{"damage":4.0,"enemies":"2 Louse","floor":3.0,"turns":2.0},{"damage":0.0,"enemies":"Looter","floor":5.0,"turns":3.0},{"damage":5.0,"enemies":"3 Sentries","floor":7.0,"turns":4.0},{"damage":5.0,"enemies":"Large Slime","floor":8.0,"turns":3.0},{"damage":0.0,"enemies":"Gremlin Nob","floor":10.0,"turns":2.0},{"damage":0.0,"enemies":"Lagavulin","floor":12.0,"turns":2.0},{"damage":11.0,"enemies":"Exordium Thugs","floor":14.0,"turns":3.0},{"damage":14.0,"enemies":"Hexaghost","floor":16.0,"turns":10.0},{"damage":0.0,"enemies":"Spheric Guardian","floor":18.0,"turns":3.0},{"damage":0.0,"enemies":"Chosen","floor":19.0,"turns":1.0},{"damage":0.0,"enemies":"Snecko","floor":20.0,"turns":3.0},{"damage":9.0,"enemies":"Book of Stabbing","floor":23.0,"turns":5.0},{"damage":6,"enemies":"Slavers","floor":25,"turns":3},{"damage":0,"enemies":"Book of Stabbing","floor":27,"turns":5},{"damage":0,"enemies":"Slavers","floor":29,"turns":5},{"damage":0,"enemies":"Snake Plant","floor":31,"turns":5},{"damage":4,"enemies":"Collector","floor":33,"turns":9},{"damage":0,"enemies":"3 Shapes","floor":35,"turns":4},{"damage":1,"enemies":"Orb Walker","floor":37,"turns":2},{"damage":0,"enemies":"Spire Growth","floor":38,"turns":4},{"damage":0,"enemies":"Reptomancer","floor":41,"turns":3},{"damage":0,"enemies":"Transient","floor":42,"turns":6},{"damage":0,"enemies":"4 Shapes","floor":45,"turns":4},{"damage":1,"enemies":"Giant Head","floor":46,"turns":6},{"damage":0,"enemies":"Writhing Mass","floor":47,"turns":5},{"damage":2,"enemies":"Awakened One","floor":50,"turns":9},{"damage":2,"enemies":"Shield and Spear","floor":54,"turns":4},{"damage":15,"enemies":"The Heart","floor":55,"turns":11}],"seed_played":"1371240964613424470","potions_obtained":[{"floor":0.0,"key":"SkillPotion"},{"floor":1.0,"key":"SkillPotion"},{"floor":7.0,"key":"StancePotion"},{"floor":8.0,"key":"DistilledChaos"},{"floor":10.0,"key":"PowerPotion"},{"floor":12.0,"key":"Ancient Potion"},{"floor":14.0,"key":"Swift Potion"},{"floor":16.0,"key":"Explosive Potion"},{"floor":18.0,"key":"DuplicationPotion"},{"floor":19.0,"key":"PowerPotion"},{"floor":20.0,"key":"SteroidPotion"},{"floor":23.0,"key":"FearPotion"},{"floor":25,"key":"EssenceOfSteel"},{"floor":27,"key":"Fire Potion"},{"floor":35,"key":"BottledMiracle"},{"floor":37,"key":"StancePotion"},{"floor":41,"key":"AttackPotion"},{"floor":42,"key":"Ambrosia"},{"floor":45,"key":"DuplicationPotion"},{"floor":46,"key":"DistilledChaos"},{"floor":54,"key":"DuplicationPotion"}],"is_trial":false,"path_per_floor":["M","M","M","?","M","R","E","M","T","E","R","E","$","M","R","B",null,"M","M","M","?","?","E","?","E","T","E","R","E","R","M","R","B",null,"M","?","M","M","?","R","E","M","T","R","M","E","M","$","R","B",null,"R","$","E","B",null],"character_chosen":"WATCHER","items_purchased":["TalkToTheHand","Bag of Marbles","Medical Kit","FearNoEvil+1","Vajra","EntropicBrew"],"campfire_rested":0,"item_purchase_floors":[13,48,48,48,53,53],"current_hp_per_floor":[64,64,60,60,60,60,55,50,50,50,50,50,50,39,39,25,64,64,64,64,38,22,13,13,7,7,7,7,7,7,7,7,3,29,29,29,28,28,28,28,28,28,28,28,28,27,27,27,27,25,35,35,35,33,18],"gold":48,"neow_bonus":"BOSS_RELIC","is_daily":false,"chose_seed":false,"campfire_upgraded":9,"win_rate":0.0,"timestamp":1613660288,"path_taken":["M","?","M","?","M","R","E","M","T","E","R","E","$","M","R","BOSS","M","M","M","?","?","E","?","E","T","E","R","E","R","M","R","BOSS","M","?","M","?","?","R","E","M","T","R","M","E","M","$","R","BOSS","R","$","E","BOSS"],"items_purchased_type":["Card","Relic","Relic","Card","Relic","Potion"],"build_version":"2020-12-22","purchased_purges":3,"victory":true,"max_hp_per_floor":[77,77,77,77,77,77,77,77,77,77,77,77,77,77,77,77,77,77,77,77,38,38,38,38,38,38,38,38,38,38,38,38,38,38,38,38,38,38,38,38,38,38,38,38,38,38,38,38,38,38,38,38,38,38,38],"relic_stats":{"counters":[30,133],"Mummified Hand":[37],"PreservedInsect":353,"Letter Opener":[181],"Cursed Key":1,"Medical Kit":[2],"obtain_stats":[{"Ice Cream":25,"Tiny House":0,"Calipers":41,"Nilry\u0027s Codex":22,"SacredBark":17,"Vajra":53,"PreservedInsect":26,"Omamori":23,"Letter Opener":12,"TeardropLocket":29,"Cursed Key":34,"Medical Kit":48,"White Beast Statue":7,"Akabeko":54,"Mercury Hourglass":46,"HornCleat":9,"Mummified Hand":10,"Molten Egg 2":27,"Bag of Marbles":48,"PureWater":0},{"Ice Cream":15,"Tiny House":0,"Calipers":23,"Nilry\u0027s Codex":13,"SacredBark":10,"Vajra":28,"PreservedInsect":15,"Omamori":14,"Letter Opener":8,"TeardropLocket":17,"Cursed Key":19,"Medical Kit":27,"White Beast Statue":5,"Akabeko":29,"Mercury Hourglass":26,"HornCleat":6,"Mummified Hand":7,"Molten Egg 2":16,"Bag of Marbles":27,"PureWater":0},{"Ice Cream":52,"Tiny House":0,"Calipers":89,"Nilry\u0027s Codex":44,"SacredBark":37,"Vajra":119,"PreservedInsect":52,"Omamori":49,"Letter Opener":24,"TeardropLocket":62,"Cursed Key":76,"Medical Kit":110,"White Beast Statue":17,"Akabeko":123,"Mercury Hourglass":105,"HornCleat":20,"Mummified Hand":22,"Molten Egg 2":57,"Bag of Marbles":110,"PureWater":0}],"Mercury Hourglass":[106]},"card_choices":[{"not_picked":["Perseverance","Prostrate"],"picked":"ThirdEye","floor":0.0},{"not_picked":["Prostrate","Protect"],"picked":"CrushJoints","floor":1.0},{"not_picked":["Devotion","WindmillStrike"],"picked":"Consecrate","floor":2.0},{"not_picked":["FollowUp","LikeWater"],"picked":"EmptyFist","floor":3.0},{"not_picked":["Wireheading","ClearTheMind"],"picked":"BowlingBash","floor":5.0},{"not_picked":["EmptyBody","Nirvana"],"picked":"Ragnarok","floor":7.0},{"not_picked":["FollowUp","CrushJoints","FlyingSleeves"],"picked":"SKIP","floor":8.0},{"not_picked":["Alpha","Worship","Vengeance"],"picked":"SKIP","floor":10.0},{"not_picked":["ClearTheMind","FlyingSleeves"],"picked":"Vault","floor":12.0},{"not_picked":["CrushJoints","PathToVictory"],"picked":"CutThroughFate","floor":14.0},{"not_picked":["SpiritShield","Scrawl"],"picked":"DeusExMachina","floor":16.0},{"not_picked":["CutThroughFate+1","EmptyFist+1"],"picked":"Tantrum","floor":18.0},{"not_picked":["Tantrum+1","Sanctity"],"picked":"WreathOfFlame+1","floor":19.0},{"not_picked":["Halt","ThirdEye+1"],"picked":"MentalFortress","floor":20.0},{"not_picked":["EmptyBody","ForeignInfluence+1"],"picked":"Adaptation+1","floor":23.0},{"not_picked":["EmptyFist","Vengeance+1"],"picked":"ClearTheMind","floor":25},{"not_picked":["FlyingSleeves+1","FollowUp+1"],"picked":"Wallop+1","floor":27},{"not_picked":["Conclude+1","Perseverance","JustLucky+1"],"picked":"SKIP","floor":29},{"not_picked":["PathToVictory","CarveReality+1"],"picked":"Omniscience","floor":31},{"not_picked":["BowlingBash+1","BattleHymn"],"picked":"EmptyMind+1","floor":35},{"not_picked":["EmptyFist+1","Halt+1","SashWhip+1"],"picked":"SKIP","floor":37},{"not_picked":["WindmillStrike+1","CrushJoints+1","FlyingSleeves+1"],"picked":"SKIP","floor":38},{"not_picked":["CutThroughFate+1","ForeignInfluence","EmptyBody+1"],"picked":"SKIP","floor":41},{"not_picked":["JustLucky+1","BowlingBash+1","Halt"],"picked":"SKIP","floor":42},{"not_picked":["Study","JustLucky+1","Crescendo"],"picked":"SKIP","floor":45},{"not_picked":["SashWhip+1","Consecrate+1","EmptyBody+1"],"picked":"SKIP","floor":46},{"not_picked":["Brilliance+1","WindmillStrike+1","SignatureMove+1"],"picked":"SKIP","floor":47},{"not_picked":["SignatureMove+1","ThirdEye","ForeignInfluence+1"],"picked":"SKIP","floor":54}],"player_experience":1156968,"relics_obtained":[{"floor":7.0,"key":"White Beast Statue"},{"floor":9.0,"key":"HornCleat"},{"floor":10.0,"key":"Mummified Hand"},{"floor":12.0,"key":"Letter Opener"},{"floor":22.0,"key":"Nilry\u0027s Codex"},{"floor":23.0,"key":"Omamori"},{"floor":25,"key":"Ice Cream"},{"floor":26,"key":"PreservedInsect"},{"floor":27,"key":"Molten Egg 2"},{"floor":29,"key":"TeardropLocket"},{"floor":41,"key":"Calipers"},{"floor":46,"key":"Mercury Hourglass"},{"floor":54,"key":"Akabeko"}],"event_choices":[{"damage_healed":0.0,"max_hp_gain":0.0,"max_hp_loss":0.0,"gold_gain":0.0,"event_name":"Living Wall","player_choice":"Grow","floor":4.0,"gold_loss":0.0,"damage_taken":0.0,"cards_upgraded":["EmptyFist"]},{"damage_healed":0.0,"max_hp_gain":0.0,"max_hp_loss":39.0,"gold_gain":0.0,"event_name":"Ghosts","player_choice":"Became a Ghost","floor":21.0,"gold_loss":0.0,"damage_taken":0.0,"cards_obtained":["Ghostly","Ghostly","Ghostly","Ghostly","Ghostly"]},{"damage_healed":0.0,"max_hp_gain":0.0,"max_hp_loss":0.0,"gold_gain":0.0,"event_name":"Cursed Tome","player_choice":"Obtained Book","floor":22.0,"gold_loss":0.0,"damage_taken":16.0},{"damage_healed":0.0,"max_hp_gain":0.0,"max_hp_loss":0.0,"gold_gain":99.0,"event_name":"Nest","player_choice":"Stole From Cult","floor":24.0,"gold_loss":0.0,"damage_taken":0.0},{"cards_removed":["Defend_P"],"damage_healed":0,"gold_gain":0,"player_choice":"Offered Basic","damage_taken":0,"max_hp_gain":0,"max_hp_loss":0,"event_name":"Bonfire Elementals","floor":36,"gold_loss":0},{"damage_healed":0,"gold_gain":0,"player_choice":"Upgraded","damage_taken":0,"max_hp_gain":0,"max_hp_loss":0,"event_name":"Upgrade Shrine","floor":39,"gold_loss":0,"cards_upgraded":["Ghostly"]}],"is_beta":false,"boss_relics":[{"not_picked":["Fusion Hammer","Empty Cage"],"picked":"SacredBark"},{"not_picked":["VioletLotus","Coffee Dripper"],"picked":"Cursed Key"}],"items_purged_floors":[13,48,53],"is_endless":false,"potions_floor_spawned":[1,7,8,10,12,14,16,18,19,20,23,25,27,29,31,33,35,37,38,41,42,45,46,47,54],"ascension_level":11}}