{"host":"o3b7ow6d1xe49css","time":1613686677,"event":{"mods":["Act Like it!","Aspiration","BaseMod","Bestiary","Better Altar","Better Match","Better Note","Better Sensory Stone","Better Skull","Better Third Choice","Colored Powertips","Conspire","Energized Spire","Force Act Four","GifTheSpireLib","Halation","Hermit","Hubris","Infinite Spire","Lobotomy","Minty Spire (QoL Compilation)","Quick Restart","Rare Cards Sparkle","Relic Filter Mod","Reliquary","Replay The Spire","Spicy Shops","Spikes Relics","StSLib","Stuff the Spire","The Blue Laboratory","The Hierophant","The Jungle","Wandering Minibosses"],"gold_per_floor":[109,119,132,407,26,26,158,158,158,258,258,362,362,65,65,162,162,182,196,118,118,28,28,132,260,260,376,376,376,18,18,18,119,119,138,88,98,48,48,48,48,188,267,379,487,299,299,299,299,399,399,399,173,309,309],"floor_reached":56,"language":"ENG","playtime":2388,"items_purged":["Pain","Regret","LessonLearned+1","Strike_P+1","Strike_P+1","Strike_P+1","Defend_P+1"],"score":2486,"play_id":"d4ae5c3d-6130-4ff5-9886-8ccd963afad7","local_time":"20210218131757","daily_mods":["Heirloom","Flight"],"is_ascension_mode":true,"campfire_choices":[{"data":"BattleHymn","floor":6,"key":"SMITH"},{"data":"Fasting2","floor":8,"key":"SMITH"},{"data":"Blasphemy","floor":11,"key":"SMITH"},{"data":"Perseverance","floor":13,"key":"SMITH"},{"data":"Consecrate","floor":15,"key":"SMITH"},{"floor":23,"key":"RECALL"},{"floor":28,"key":"REST"},{"data":"Strike_P+1","floor":32,"key":"PURGE"},{"data":"StuffTheSpire:Vigor","floor":40,"key":"SMITH"},{"data":"Scrawl","floor":41,"key":"SMITH"},{"data":"Prostrate","floor":47,"key":"SMITH"},{"floor":49,"key":"REST"},{"data":"Vault","floor":52,"key":"SMITH"}],"circlet_count":0,"master_deck":["Defend_P+1","Defend_P+1","Defend_P+1","Vigilance+1","BattleHymn+1","Perseverance+1","Fasting2+1","Blasphemy+1","UniverseFragment","Consecrate+1","StuffTheSpire:Vigor+1","Scrawl+1","Prostrate+1","Vault+1"],"relics":["PureWater","Ring of Chaos","ZombieTooth","CogitoBucket","conspire:TreasureMap","StuffTheSpire:TintedRock","ReplayFunnel","reliquary:HotPoker","reliquary:MudwinsCradle","Eternal Feather","Snack Pack","Sandwich","SkinProphecy","Replay:Wax Seal","theJungle:ParSnip","infinitespire:Satchel","Smiling Mask","infinitespire:EmpoweringShard","hubris:BundleOfHerbs","infinitespire:Joker Card","hubris:TerracottaHorce","ResearcherNote","Blood Vial","Garlic","Replay:Bottled Flurry","Ice Cream","energizedSpire:EnergizedDie","Ring of Chaos","Replay:Baseball","hubris:Metronome"],"acts_visited":["Exordium","Exordium","TheBeyond","Exordium","TheEnding"],"potions_floor_usage":[7,7,16,18,44,55],"damage_taken":[{"damage":0,"enemies":"Small Slimes","floor":1,"turns":2},{"damage":6,"enemies":"infinitespire:Voidling","floor":2,"turns":3},{"damage":0,"enemies":"Cultist","floor":3,"turns":3},{"damage":9,"enemies":"3 Sentries","floor":7,"turns":4},{"damage":13,"enemies":"Gremlin Nob","floor":10,"turns":3},{"damage":0,"enemies":"Replay:BlueRogue","floor":12,"turns":3},{"damage":0,"enemies":"The Guardian","floor":16,"turns":5},{"damage":4,"enemies":"theJungle:GiantWrat","floor":18,"turns":3},{"damage":0,"enemies":"Shell Parasite","floor":19,"turns":3},{"damage":1,"enemies":"Nightmare","floor":24,"turns":9},{"damage":0,"enemies":"theJungle:MamaSnecko","floor":25,"turns":3},{"damage":0,"enemies":"theJungle:2_Phrogs","floor":27,"turns":2},{"damage":25,"enemies":"theJungle:TotemBoss","floor":33,"turns":6},{"damage":0,"enemies":"3 Darklings","floor":35,"turns":3},{"damage":0,"enemies":"Orb Walker","floor":37,"turns":2},{"damage":2,"enemies":"R_Hoarder","floor":42,"turns":5},{"damage":0,"enemies":"Reptomancer","floor":44,"turns":2},{"damage":0,"enemies":"R_Hoarder","floor":45,"turns":5},{"damage":0,"enemies":"conspire:OrnateMirror","floor":50,"turns":7},{"damage":0,"enemies":"Shield and Spear","floor":54,"turns":5},{"damage":0,"enemies":"The Heart","floor":55,"turns":7}],"seed_played":"-1130267471253318944","potions_obtained":[{"floor":2,"key":"Elixir"},{"floor":3,"key":"blueLaboratory:BubblePotion"},{"floor":16,"key":"blueLaboratory:PressurePotion"},{"floor":24,"key":"FearPotion"},{"floor":35,"key":"blueLaboratory:AlphaPotion"},{"floor":45,"key":"Languid Potion"}],"is_trial":true,"path_per_floor":["M","M","M","?","$","R","E","R","T","E","R","E","R","$","R","B",null,"M","M","$","T","?","R","NM","E","T","E","R","AVR","$","?","R","B",null,"M","$","M","$","?","R","R","E","T","E","E","$","R","?","R","B",null,"R","$","E","B",null],"character_chosen":"WATCHER","items_purchased":["conspire:TreasureMap","StuffTheSpire:TintedRock","SteroidPotion","Snack Pack","Replay:Wax Seal","infinitespire:Joker Card","Prostrate","blueLaboratory:BottleOfVodka","Replay:Baseball","LiquidMemories"],"campfire_rested":2,"item_purchase_floors":[5,5,14,14,20,30,46,46,53,53],"current_hp_per_floor":[72,71,71,71,71,71,62,62,62,49,49,49,58,58,67,71,72,68,64,64,64,64,73,72,74,74,74,80,80,80,80,80,53,75,71,71,67,67,67,73,79,77,77,75,79,79,85,85,94,96,96,96,96,96,98],"gold":309,"neow_bonus":"","is_daily":false,"chose_seed":false,"campfire_upgraded":9,"win_rate":0.0,"timestamp":1613686677,"path_taken":["M","M","M","?","$","R","E","R","T","E","R","E","R","$","R","BOSS","M","M","$","?","?","R","NM","E","T","E","R","AVR","$","?","R","BOSS","M","$","M","$","?","R","R","E","T","E","E","?","R","?","R","BOSS","R","$","E","BOSS"],"items_purchased_type":["Relic","Relic","Potion","Relic","Relic","Relic","Card","Potion","Relic","Potion"],"build_version":"2020-12-22","purchased_purges":7,"victory":true,"max_hp_per_floor":[72,72,72,72,72,72,72,72,72,72,72,72,72,72,72,72,72,72,74,74,74,74,74,76,78,78,80,80,80,80,80,80,82,82,86,86,88,88,88,88,88,90,90,92,94,94,94,94,94,96,96,96,96,98,100],"card_choices":[{"not_picked":["Replay:AtTheReady","Collect"],"picked":"BattleHymn","floor":1},{"not_picked":["Bloodbath","SpiderBud","OSAHOGD"],"picked":"Singing Bowl","floor":1},{"not_picked":["CrushJoints","Replay:DivineShield"],"picked":"Perseverance","floor":2},{"not_picked":["Bloodbath","Scarecrow","OldLady"],"picked":"Singing Bowl","floor":2},{"not_picked":["Replay:BluntJabs","PathToVictory"],"picked":"Fasting2","floor":3},{"not_picked":["Wellcheers","GalaxyChild","NakedNest"],"picked":"Singing Bowl","floor":3},{"not_picked":["Replay:ManipulateFuture","Replay:DivineShield"],"picked":"Blasphemy","floor":7},{"not_picked":["MeatLantern","CherryBlossoms","Porccubus"],"picked":"Singing Bowl","floor":7},{"not_picked":["Freischutz","FieryBird"],"picked":"UniverseFragment","floor":7},{"not_picked":["Replay:Hum","CutThroughFate","SignatureMove"],"picked":"SKIP","floor":10},{"not_picked":["ClearTheMind","PathToVictory"],"picked":"Consecrate","floor":12},{"not_picked":["Replay:LoomingThreat","DeusExMachina"],"picked":"LessonLearned","floor":16},{"not_picked":["Halt","PathToVictory+1","Replay:BluntJabs"],"picked":"SKIP","floor":18},{"not_picked":["SashWhip","Consecrate","FollowUp"],"picked":"SKIP","floor":19},{"not_picked":["Conclude+1","BowlingBash","Replay:LoomingThreat"],"picked":"SKIP","floor":24},{"not_picked":["Sanctity","ThirdEye","CrushJoints"],"picked":"SKIP","floor":25},{"not_picked":["SashWhip","WindmillStrike+1","SignatureMove"],"picked":"SKIP","floor":27},{"not_picked":["StuffTheSpire:Innocence","StuffTheSpire:Harmony"],"picked":"StuffTheSpire:Vigor","floor":31},{"not_picked":["Blasphemy","Judgement"],"picked":"Scrawl","floor":33},{"not_picked":["Crescendo+1","Replay:Vibes+1","EmptyFist+1"],"picked":"SKIP","floor":35},{"not_picked":["SashWhip+1","Sanctity","WindmillStrike"],"picked":"SKIP","floor":37},{"not_picked":["SandsOfTime","CrushJoints+1","EmptyMind+1"],"picked":"SKIP","floor":42},{"not_picked":["Evaluate+1","Replay:Battleflow+1","Sanctity"],"picked":"SKIP","floor":44},{"not_picked":["DeceiveReality","BattleHymn+1","EmptyFist+1"],"picked":"SKIP","floor":45},{"not_picked":["Omniscience","Judgement"],"picked":"Vault","floor":50},{"not_picked":["CutThroughFate+1","CarveReality+1","CrushJoints"],"picked":"SKIP","floor":54},{"not_picked":["CutThroughFate+1","CarveReality+1","CrushJoints"],"picked":"SKIP","floor":54}],"player_experience":1411981,"relics_obtained":[{"floor":7,"key":"ReplayFunnel"},{"floor":9,"key":"reliquary:HotPoker"},{"floor":10,"key":"reliquary:MudwinsCradle"},{"floor":12,"key":"Eternal Feather"},{"floor":24,"key":"infinitespire:Satchel"},{"floor":25,"key":"Smiling Mask"},{"floor":26,"key":"Vajra"},{"floor":27,"key":"infinitespire:EmpoweringShard"},{"floor":42,"key":"Blood Vial"},{"floor":43,"key":"Garlic"},{"floor":44,"key":"Replay:Bottled Flurry"},{"floor":45,"key":"Ice Cream"},{"floor":54,"key":"hubris:Metronome"}],"event_choices":[{"damage_healed":0,"gold_gain":275,"player_choice":"Desecrate","damage_taken":0,"max_hp_gain":0,"max_hp_loss":0,"event_name":"Golden Shrine","floor":4,"gold_loss":0,"cards_obtained":["Regret"]},{"cards_removed":["Eruption"],"damage_healed":0,"gold_gain":0,"player_choice":"Offered Basic","damage_taken":0,"max_hp_gain":0,"max_hp_loss":0,"event_name":"Bonfire Elementals","floor":39,"gold_loss":0}],"is_beta":false,"boss_relics":[{"not_picked":["Coffee Dripper","aspiration:RitualDagger"],"picked":"Sandwich"},{"not_picked":["conspire:SlowCooker","Astrolabe"],"picked":"hubris:TerracottaHorce"},{"not_picked":["Velvet Choker","hubris:HollowSoul"],"picked":"energizedSpire:EnergizedDie"}],"items_purged_floors":[5,5,29,30,36,38,46],"is_endless":true,"potions_floor_spawned":[2,3,16,24,35,45,55],"ascension_level":10}}