{"host":"dyzdf8svqmiivg97","time":1613640749,"event":{"mods":["AchievementEnabler","BaseMod","Colored Map","DeckTracker","Minty Spire (QoL Compilation)","Quick Restart","Rare Cards Sparkle","SuperFastMode"],"gold_per_floor":[119,135,51,51,69,69,98,98,98,132,150,150,164,174,174,274,274,285,302,227,152,52,82,82,94,119,133,133,148,168,268,268,367,367,384,434,434,434,451,478,488,190,190,64,64,64,2,12,12,12,12],"floor_reached":50,"language":"KOR","playtime":1690,"items_purged":["Strike_P","Defend_P","Defend_P"],"score":837,"play_id":"c084dd58-94b5-4622-b095-50f4c52189bf","local_time":"20210218183229","is_ascension_mode":true,"campfire_choices":[{"data":"Eruption","floor":6,"key":"SMITH"},{"floor":8,"key":"REST"},{"data":"WheelKick","floor":12,"key":"SMITH"},{"data":"EmptyFist","floor":15,"key":"SMITH"},{"data":"Scrawl","floor":24,"key":"SMITH"},{"data":"ForeignInfluence","floor":28,"key":"SMITH"},{"data":"Meditate","floor":32,"key":"SMITH"},{"data":"EmptyMind","floor":46,"key":"SMITH"},{"floor":49,"key":"REST"}],"circlet_count":0,"master_deck":["Defend_P","Eruption+1","Vigilance","EmptyMind+1","WheelKick+1","EmptyFist+1","InnerPeace","Scrawl+1","ForeignInfluence+1","Meditate+1","Ragnarok","Halt","Adaptation+1","MentalFortress","FearNoEvil+1"],"relics":["PureWater","FossilizedHelix","Meat on the Bone","GoldenEye","Philosopher\u0027s Stone","Regal Pillow","Bag of Preparation","Du-Vu Doll","The Courier","Empty Cage","Question Card","Shuriken","InkBottle","Medical Kit"],"acts_visited":["Exordium","TheCity","TheBeyond"],"potions_floor_usage":[7,11,23,23,23,23,31,39,48,48,50],"damage_taken":[{"damage":0,"enemies":"Cultist","floor":1,"turns":3},{"damage":0,"enemies":"2 Louse","floor":2,"turns":3},{"damage":0,"enemies":"Small Slimes","floor":5,"turns":3},{"damage":43,"enemies":"Lagavulin","floor":7,"turns":4},{"damage":0,"enemies":"Gremlin Nob","floor":10,"turns":3},{"damage":0,"enemies":"Exordium Wildlife","floor":11,"turns":2},{"damage":8,"enemies":"Lots of Slimes","floor":13,"turns":4},{"damage":0,"enemies":"Looter","floor":14,"turns":2},{"damage":19,"enemies":"The Guardian","floor":16,"turns":13},{"damage":0,"enemies":"Shell Parasite","floor":18,"turns":3},{"damage":0,"enemies":"Spheric Guardian","floor":19,"turns":1},{"damage":0,"enemies":"Book of Stabbing","floor":23,"turns":2},{"damage":0,"enemies":"3 Cultists","floor":25,"turns":4},{"damage":0,"enemies":"Snake Plant","floor":27,"turns":1},{"damage":0,"enemies":"Centurion and Healer","floor":29,"turns":2},{"damage":0,"enemies":"Chosen and Byrds","floor":30,"turns":2},{"damage":0,"enemies":"Colosseum Slavers","floor":31,"turns":1},{"damage":0,"enemies":"Colosseum Nobs","floor":31,"turns":2},{"damage":21,"enemies":"Champ","floor":33,"turns":9},{"damage":0,"enemies":"3 Shapes","floor":35,"turns":3},{"damage":3,"enemies":"2 Orb Walkers","floor":36,"turns":3},{"damage":0,"enemies":"3 Darklings","floor":39,"turns":5},{"damage":0,"enemies":"Nemesis","floor":40,"turns":3},{"damage":9,"enemies":"4 Shapes","floor":41,"turns":4},{"damage":21,"enemies":"Maw","floor":48,"turns":5},{"damage":76,"enemies":"Time Eater","floor":50,"turns":8}],"seed_played":"8929321906861821940","potions_obtained":[{"floor":2,"key":"ColorlessPotion"},{"floor":4,"key":"EntropicBrew"},{"floor":4,"key":"Energy Potion"},{"floor":5,"key":"AttackPotion"},{"floor":13,"key":"SpeedPotion"},{"floor":14,"key":"StancePotion"},{"floor":30,"key":"Explosive Potion"},{"floor":31,"key":"SpeedPotion"},{"floor":35,"key":"AttackPotion"},{"floor":40,"key":"GamblersBrew"}],"is_trial":false,"path_per_floor":["M","M","$","?","M","R","E","R","T","E","M","R","M","M","R","B",null,"M","M","$","?","$","E","R","M","T","M","R","M","M","?","R","B",null,"M","?","?","?","M","E","M","$","T","$","?","R","$","M","R","B"],"character_chosen":"WATCHER","items_purchased":["WheelKick","EmptyFist","Shuriken","Medical Kit","MentalFortress"],"campfire_rested":2,"item_purchase_floors":[3,3,42,44,47],"current_hp_per_floor":[47,47,47,47,47,47,4,25,25,37,37,37,41,41,41,34,63,63,63,63,63,63,63,63,63,63,63,63,63,63,63,63,42,65,65,62,62,62,62,62,53,53,53,53,53,53,53,44,68,0,0],"gold":12,"neow_bonus":"TRANSFORM_TWO_CARDS","is_daily":false,"chose_seed":false,"campfire_upgraded":7,"win_rate":0.0,"timestamp":1613640749,"path_taken":["M","M","?","?","M","R","E","R","T","E","M","R","M","M","R","BOSS","M","M","?","?","?","E","R","M","T","M","R","?","M","?","R","BOSS","M","?","?","?","?","E","M","$","T","$","?","R","$","M","R","BOSS"],"items_purchased_type":["Card","Card","Relic","Relic","Card"],"build_version":"2020-12-22","purchased_purges":3,"victory":false,"max_hp_per_floor":[72,72,72,72,72,72,72,72,72,72,72,72,72,72,72,72,72,72,72,72,72,72,72,72,72,72,72,72,72,72,72,72,72,72,72,72,72,72,72,72,72,72,72,72,68,68,68,68,68,68,68],"card_choices":[{"not_picked":["EmptyBody","CutThroughFate","Collect"],"picked":"SKIP","floor":1},{"not_picked":["FlyingSleeves","Crescendo","CutThroughFate"],"picked":"SKIP","floor":2},{"not_picked":["Pray","FlurryOfBlows"],"picked":"InnerPeace","floor":5},{"not_picked":["Pray","Protect","SignatureMove"],"picked":"SKIP","floor":7},{"not_picked":["BowlingBash","Pray","Establishment"],"picked":"SKIP","floor":10},{"not_picked":["Wireheading","Crescendo","JustLucky"],"picked":"SKIP","floor":11},{"not_picked":["Pray","FlyingSleeves","Perseverance"],"picked":"SKIP","floor":13},{"not_picked":["SandsOfTime","Halt","ThirdEye"],"picked":"SKIP","floor":14},{"not_picked":["Establishment","SpiritShield"],"picked":"Scrawl","floor":16},{"not_picked":["Consecrate","JustLucky","FlyingSleeves"],"picked":"SKIP","floor":18},{"not_picked":["Pray","FlyingSleeves+1","CutThroughFate"],"picked":"SKIP","floor":19},{"not_picked":["PathToVictory","FlurryOfBlows","Fasting2"],"picked":"SKIP","floor":23},{"not_picked":["Pray","Perseverance"],"picked":"ForeignInfluence","floor":25},{"not_picked":["DeceiveReality","Prostrate+1","ClearTheMind"],"picked":"SKIP","floor":27},{"not_picked":["ClearTheMind","DeceiveReality"],"picked":"Halt","floor":29},{"not_picked":["EmptyFist+1","Crescendo","FlurryOfBlows+1"],"picked":"SKIP","floor":30},{"not_picked":["CrushJoints","Crescendo"],"picked":"Meditate","floor":31},{"not_picked":["Omniscience","Wish"],"picked":"Ragnarok","floor":33},{"not_picked":["Protect","FlyingSleeves+1","FollowUp+1"],"picked":"SKIP","floor":35},{"not_picked":["WindmillStrike+1","SandsOfTime+1"],"picked":"Halt","floor":36},{"not_picked":["PathToVictory+1","EmptyBody+1","EmptyFist"],"picked":"SKIP","floor":39},{"not_picked":["ClearTheMind+1","Consecrate","Weave+1"],"picked":"SKIP","floor":40},{"not_picked":["Vengeance","TalkToTheHand+1","FlyingSleeves+1"],"picked":"Adaptation+1","floor":41},{"not_picked":["CrushJoints+1","Evaluate","SignatureMove"],"picked":"FearNoEvil+1","floor":48}],"player_experience":576821,"relics_obtained":[{"floor":7,"key":"FossilizedHelix"},{"floor":9,"key":"Meat on the Bone"},{"floor":10,"key":"GoldenEye"},{"floor":23,"key":"Regal Pillow"},{"floor":26,"key":"Bag of Preparation"},{"floor":31,"key":"Du-Vu Doll"},{"floor":31,"key":"The Courier"},{"floor":40,"key":"Question Card"},{"floor":43,"key":"InkBottle"}],"event_choices":[{"damage_healed":0,"gold_gain":0,"player_choice":"Got Potions","damage_taken":0,"max_hp_gain":0,"max_hp_loss":0,"event_name":"Lab","floor":4,"gold_loss":0},{"cards_removed":["Strike_P"],"damage_healed":0,"gold_gain":0,"player_choice":"Gave Gold","damage_taken":0,"max_hp_gain":0,"max_hp_loss":0,"event_name":"Beggar","floor":21,"gold_loss":75},{"damage_healed":0,"gold_gain":0,"player_choice":"Fight","damage_taken":0,"max_hp_gain":0,"max_hp_loss":0,"event_name":"Colosseum","floor":31,"gold_loss":0},{"damage_healed":0,"gold_gain":0,"player_choice":"Fought Nobs","damage_taken":0,"max_hp_gain":0,"max_hp_loss":0,"event_name":"Colosseum","floor":31,"gold_loss":0},{"damage_healed":0,"gold_gain":0,"player_choice":"Fight","damage_taken":0,"max_hp_gain":0,"max_hp_loss":0,"event_name":"Mysterious Sphere","floor":36,"gold_loss":0},{"damage_healed":0,"gold_gain":0,"player_choice":"Ignored","damage_taken":0,"max_hp_gain":0,"max_hp_loss":0,"event_name":"Tomb of Lord Red Mask","floor":37,"gold_loss":0},{"cards_removed":["Halt"],"damage_healed":0,"gold_gain":0,"player_choice":"Removed Skill","damage_taken":0,"max_hp_gain":0,"max_hp_loss":0,"event_name":"Falling","floor":38,"gold_loss":0},{"damage_healed":0,"gold_gain":0,"player_choice":"Max HP","damage_taken":0,"max_hp_gain":0,"max_hp_loss":4,"event_name":"Winding Halls","floor":45,"gold_loss":0}],"is_beta":false,"boss_relics":[{"not_picked":["HolyWater","Snecko Eye"],"picked":"Philosopher\u0027s Stone"},{"not_picked":["Black Star","Busted Crown"],"picked":"Empty Cage"}],"items_purged_floors":[20,22,42],"is_endless":false,"potions_floor_spawned":[2,5,13,14,19,30,31,35,36,40],"killed_by":"Time Eater","ascension_level":9}}