{"host":"8rgpnls124hwjv5t","time":1613614086,"event":{"mods":["BaseMod","Colored Map","Colored Powertips","DeckTracker","Highlight Path","Minty Spire (QoL Compilation)","Permanent Neow","Quick Restart","Relic Stats","Shop Mod","StSLib"],"gold_per_floor":[114,129,146,162,162,189,209,238,265,291,291,291,309,322,322,394,394,294,294,294,294,294],"floor_reached":21,"language":"ENG","playtime":1442,"items_purged":[],"score":426,"play_id":"a6569c1f-ef1d-4cb6-8edb-c112f78432ae","local_time":"20210217210806","is_ascension_mode":true,"campfire_choices":[{"floor":11,"key":"REST"},{"floor":15,"key":"REST"}],"circlet_count":0,"master_deck":["AscendersBane","Strike_B","Strike_B","Strike_B","Strike_B+1","Defend_B","Defend_B","Defend_B","Defend_B","Zap","Dualcast","Conserve Battery","Compile Driver","Undo","Hologram+1","Compile Driver+1","Glacier","Creative AI","Echo Form","Capacitor"],"relics":["Fusion Hammer","Bag of Marbles","Singing Bowl","Whetstone","Orichalcum","Regal Pillow","Ectoplasm"],"acts_visited":["Exordium","TheCity"],"potions_floor_usage":[6,6,7,16,18,20,21],"damage_taken":[{"damage":0,"enemies":"Jaw Worm","floor":1,"turns":3},{"damage":0,"enemies":"2 Louse","floor":2,"turns":3},{"damage":1,"enemies":"Cultist","floor":3,"turns":4},{"damage":0,"enemies":"2 Fungi Beasts","floor":4,"turns":3},{"damage":0,"enemies":"3 Sentries","floor":6,"turns":7},{"damage":0,"enemies":"Exordium Thugs","floor":7,"turns":5},{"damage":34,"enemies":"Gremlin Nob","floor":8,"turns":5},{"damage":8,"enemies":"Lagavulin","floor":10,"turns":10},{"damage":0,"enemies":"Looter","floor":13,"turns":3},{"damage":1,"enemies":"2 Fungi Beasts","floor":14,"turns":4},{"damage":67,"enemies":"Hexaghost","floor":16,"turns":17},{"damage":12,"enemies":"2 Thieves","floor":18,"turns":5},{"damage":9,"enemies":"Chosen","floor":19,"turns":6},{"damage":34,"enemies":"3 Cultists","floor":20,"turns":7},{"damage":24,"enemies":"Snecko","floor":21,"turns":4}],"seed_played":"-440634127915079480","potions_obtained":[{"floor":2,"key":"Explosive Potion"},{"floor":3,"key":"ColorlessPotion"},{"floor":6,"key":"AttackPotion"},{"floor":8,"key":"GamblersBrew"},{"floor":13,"key":"Fire Potion"},{"floor":18,"key":"Fruit Juice"},{"floor":20,"key":"SkillPotion"}],"is_trial":false,"path_per_floor":["M","M","M","M","?","E","M","E","T","E","R","?","M","M","R","B",null,"M","M","M","M"],"character_chosen":"DEFECT","items_purchased":[],"campfire_rested":2,"item_purchase_floors":[],"current_hp_per_floor":[64,64,63,63,63,63,63,31,31,25,47,47,47,48,77,10,60,53,46,14,0,0],"gold":294,"neow_bonus":"BOSS_RELIC","is_daily":false,"chose_seed":false,"campfire_upgraded":0,"win_rate":0.0,"timestamp":1613614086,"path_taken":["M","M","M","M","?","E","M","E","T","E","R","?","M","M","R","BOSS","M","M","M","M"],"items_purchased_type":[],"build_version":"2020-12-22","purchased_purges":0,"victory":false,"max_hp_per_floor":[71,71,71,71,71,71,71,73,73,75,75,75,75,77,77,77,77,82,84,86,86,86],"relic_stats":{"Regal Pillow":6,"Singing Bowl":10,"counters":[15,86],"Ectoplasm":98,"Whetstone":["Compile Driver","Strike_B"],"Orichalcum":[18],"obtain_stats":[{"Regal Pillow":12,"Singing Bowl":8,"Fusion Hammer":0,"Ectoplasm":17,"Bag of Marbles":6,"Whetstone":9,"Orichalcum":10,"Cracked Core":0},{"Regal Pillow":8,"Singing Bowl":7,"Fusion Hammer":0,"Ectoplasm":11,"Bag of Marbles":5,"Whetstone":7,"Orichalcum":8,"Cracked Core":0},{"Regal Pillow":40,"Singing Bowl":30,"Fusion Hammer":0,"Ectoplasm":64,"Bag of Marbles":20,"Whetstone":30,"Orichalcum":40,"Cracked Core":0}]},"card_choices":[{"not_picked":["Steam","Lockon"],"picked":"Conserve Battery","floor":1},{"not_picked":["Blizzard","Go for the Eyes"],"picked":"Compile Driver","floor":2},{"not_picked":["Leap","BootSequence"],"picked":"Undo","floor":3},{"not_picked":["Barrage","Chaos"],"picked":"Hologram","floor":4},{"not_picked":["Streamline","Redo"],"picked":"Compile Driver","floor":6},{"not_picked":["Go for the Eyes","Hologram"],"picked":"Glacier","floor":7},{"not_picked":["Turbo","Steam","Go for the Eyes"],"picked":"Singing Bowl","floor":8},{"not_picked":["Turbo","Chaos","Steam Power"],"picked":"Singing Bowl","floor":10},{"not_picked":["Streamline","Auto Shields"],"picked":"Creative AI","floor":13},{"not_picked":["Beam Cell","Skim","Steam"],"picked":"Singing Bowl","floor":14},{"not_picked":["Thunder Strike","Multi-Cast"],"picked":"Echo Form","floor":16},{"not_picked":["Beam Cell","Cold Snap"],"picked":"Capacitor","floor":18},{"not_picked":["Turbo","Go for the Eyes","Compile Driver"],"picked":"Singing Bowl","floor":19},{"not_picked":["Reinforced Body","Gash+1","Beam Cell"],"picked":"Singing Bowl","floor":20}],"player_experience":610100,"relics_obtained":[{"floor":6,"key":"Bag of Marbles"},{"floor":8,"key":"Singing Bowl"},{"floor":9,"key":"Whetstone"},{"floor":10,"key":"Orichalcum"}],"event_choices":[{"damage_healed":0,"gold_gain":0,"player_choice":"Grow","damage_taken":0,"max_hp_gain":0,"max_hp_loss":0,"event_name":"Living Wall","floor":5,"gold_loss":0,"cards_upgraded":["Hologram"]},{"damage_healed":0,"gold_gain":0,"player_choice":"Searched \u00272\u0027 times","damage_taken":0,"relics_obtained":["Regal Pillow"],"max_hp_gain":0,"max_hp_loss":0,"event_name":"Dead Adventurer","floor":12,"gold_loss":0}],"is_beta":false,"boss_relics":[{"not_picked":["Astrolabe","Empty Cage"],"picked":"Ectoplasm"}],"items_purged_floors":[],"is_endless":false,"potions_floor_spawned":[2,3,6,8,13,18,20],"killed_by":"Snecko","ascension_level":17}}