{"host":"70zhvo5nwrhp1mbg","time":1613634045,"event":{"mods":["BaseMod","Colored Map","Colored Powertips","Highlight Path","Minty Spire (QoL Compilation)","Rare Cards Sparkle","StSLib"],"gold_per_floor":[116,116,133,152,171,201,201,234,280,280,294,294,304,335,335,409,409,395,406,8,20,20,55,55,89,89,89,105,105,122,137,137,214,214,232,30,46,65,65,65,100,112,124,147,159,196,208,220,232,244],"floor_reached":51,"language":"ENG","playtime":2909,"items_purged":[],"score":1384,"play_id":"92210f7f-9393-4d83-b03b-13358640d457","local_time":"20210218024045","is_ascension_mode":true,"campfire_choices":[{"floor":7.0,"key":"REST"},{"floor":10.0,"key":"REST"},{"floor":12.0,"key":"REST"},{"floor":15.0,"key":"REST"},{"floor":27.0,"key":"REST"},{"floor":29.0,"key":"REST"},{"floor":32.0,"key":"REST"},{"data":"Corruption","floor":40,"key":"SMITH"},{"floor":45,"key":"REST"},{"data":"Demon Form","floor":47,"key":"SMITH"},{"data":"Trip","floor":49,"key":"SMITH"}],"circlet_count":0,"master_deck":["AscendersBane","Strike_R","Strike_R","Strike_R","Strike_R","Defend_R","Defend_R","Defend_R","Defend_R","Bash","Master of Strategy","Demon Form+1","Spot Weakness+1","Inflame+1","Perfected Strike","Inflame","Juggernaut+1","Anger","Pummel","Heavy Blade","Pommel Strike","Dark Embrace","Twin Strike","Spot Weakness","Barricade+1","CurseOfTheBell","Shockwave","Flame Barrier","Shrug It Off","Corruption+1","Sword Boomerang+1","Pummel","Shrug It Off","Exhume","Twin Strike","Twin Strike+1","Cleave+1","Iron Wave+1","Trip+1","Body Slam+1"],"relics":["Black Blood","Dead Branch","Gremlin Horn","Strawberry","Orichalcum","Happy Flower","Calling Bell","Omamori","InkBottle","CaptainsWheel","ClockworkSouvenir","Question Card","Bottled Flame","Champion Belt","Vajra","Bag of Marbles","MawBank","Calipers","Turnip"],"acts_visited":["Exordium","TheCity","TheBeyond"],"potions_floor_usage":[50],"damage_taken":[{"damage":13.0,"enemies":"Jaw Worm","floor":1.0,"turns":5.0},{"damage":1.0,"enemies":"Cultist","floor":3.0,"turns":4.0},{"damage":8.0,"enemies":"2 Louse","floor":4.0,"turns":4.0},{"damage":16.0,"enemies":"Exordium Thugs","floor":5.0,"turns":4.0},{"damage":38.0,"enemies":"Gremlin Nob","floor":6.0,"turns":4.0},{"damage":25.0,"enemies":"Lagavulin","floor":8.0,"turns":5.0},{"damage":8.0,"enemies":"2 Fungi Beasts","floor":11.0,"turns":4.0},{"damage":18.0,"enemies":"3 Louse","floor":13.0,"turns":2.0},{"damage":20.0,"enemies":"3 Sentries","floor":14.0,"turns":5.0},{"damage":32.0,"enemies":"The Guardian","floor":16.0,"turns":7.0},{"damage":36.0,"enemies":"2 Thieves","floor":18.0,"turns":4.0},{"damage":36.0,"enemies":"3 Byrds","floor":19.0,"turns":5.0},{"damage":14.0,"enemies":"Snake Plant","floor":21.0,"turns":4.0},{"damage":25.0,"enemies":"Gremlin Leader","floor":23.0,"turns":5.0},{"damage":31.0,"enemies":"Slavers","floor":25.0,"turns":5.0},{"damage":6.0,"enemies":"Centurion and Healer","floor":28.0,"turns":6.0},{"damage":1.0,"enemies":"Snecko","floor":30.0,"turns":3.0},{"damage":32.0,"enemies":"Snake Plant","floor":31.0,"turns":3.0},{"damage":6.0,"enemies":"Automaton","floor":33.0,"turns":8.0},{"damage":13,"enemies":"Orb Walker","floor":35,"turns":2},{"damage":15,"enemies":"3 Shapes","floor":37,"turns":3},{"damage":20,"enemies":"Sphere and 2 Shapes","floor":38,"turns":3},{"damage":32,"enemies":"Nemesis","floor":41,"turns":5},{"damage":11,"enemies":"Spire Growth","floor":44,"turns":5},{"damage":6,"enemies":"Mind Bloom Boss Battle","floor":46,"turns":4},{"damage":112,"enemies":"Time Eater","floor":50,"turns":8}],"seed_played":"6319152826578338317","potions_obtained":[{"floor":1.0,"key":"Ancient Potion"},{"floor":8.0,"key":"SpeedPotion"},{"floor":16.0,"key":"Regen Potion"},{"floor":19.0,"key":"Block Potion"},{"floor":23.0,"key":"Strength Potion"},{"floor":30.0,"key":"GamblersBrew"},{"floor":35,"key":"DuplicationPotion"}],"is_trial":false,"path_per_floor":["M","?","M","M","M","E","R","E","T","R","M","R","M","E","R","B",null,"M","M","$","M","?","E","$","E","T","R","M","R","M","M","R","B",null,"M","$","M","M","?","R","E","?","T","M","R","?","R","?","R","B",null],"character_chosen":"IRONCLAD","items_purchased":["ClockworkSouvenir","Question Card","Bag of Marbles","Explosive Potion"],"campfire_rested":8,"item_purchase_floors":[20,20,36,36],"current_hp_per_floor":[61,61,66,64,54,22,44,25,32,56,54,78,66,52,76,50,74,56,26,26,18,18,45,45,20,20,44,44,68,73,47,71,71,79,78,78,75,67,67,67,47,47,47,48,71,77,77,77,77,47],"gold":256,"neow_bonus":"RANDOM_COLORLESS_2","is_daily":false,"chose_seed":false,"campfire_upgraded":3,"win_rate":0.0,"timestamp":1613634045,"path_taken":["M","?","M","?","M","E","R","E","T","R","M","R","M","E","R","BOSS","M","M","$","M","?","E","$","E","T","R","M","R","?","M","R","BOSS","M","$","M","M","?","R","E","?","T","M","R","?","R","?","R","BOSS"],"items_purchased_type":["Relic","Relic","Relic","Potion"],"build_version":"2020-12-22","purchased_purges":0,"victory":true,"max_hp_per_floor":[75,75,75,75,75,75,75,75,82,82,82,82,82,82,82,82,82,82,82,82,82,82,82,82,82,82,82,82,82,82,82,82,82,82,82,82,82,82,78,78,78,78,78,78,78,78,78,78,78,78],"card_choices":[{"not_picked":["Mayhem","Violence"],"picked":"Master of Strategy","floor":0.0},{"not_picked":["Armaments","Flex"],"picked":"Perfected Strike","floor":1.0},{"not_picked":["Clash","Twin Strike"],"picked":"Juggernaut","floor":3.0},{"not_picked":["True Grit","Ghostly Armor"],"picked":"Anger","floor":4.0},{"not_picked":["Wild Strike","Shockwave"],"picked":"Pummel","floor":5.0},{"not_picked":["Rage","Power Through"],"picked":"Heavy Blade","floor":6.0},{"not_picked":["Clothesline","Thunderclap"],"picked":"Pommel Strike","floor":8.0},{"not_picked":["Anger","Offering"],"picked":"Dark Embrace","floor":11.0},{"not_picked":["Headbutt","Perfected Strike"],"picked":"Twin Strike","floor":13.0},{"not_picked":["Twin Strike","Sword Boomerang"],"picked":"Spot Weakness","floor":14.0},{"not_picked":["Offering","Impervious"],"picked":"Barricade","floor":16.0},{"not_picked":["Evolve","Warcry"],"picked":"Shockwave","floor":18.0},{"not_picked":["Thunderclap","True Grit"],"picked":"Flame Barrier","floor":19.0},{"not_picked":["Evolve","True Grit","Warcry","Clash"],"picked":"SKIP","floor":21.0},{"not_picked":["Dark Embrace","Headbutt+1","Blood for Blood"],"picked":"Shrug It Off","floor":23.0},{"not_picked":["Dark Embrace","Clash","Armaments"],"picked":"Corruption","floor":25.0},{"not_picked":["Carnage","Iron Wave","Wild Strike+1"],"picked":"Sword Boomerang+1","floor":28.0},{"not_picked":["Rupture","Combust","Bloodletting+1"],"picked":"Pummel","floor":30.0},{"not_picked":["True Grit","Iron Wave","Wild Strike"],"picked":"Shrug It Off","floor":31.0},{"not_picked":["Feed","Berserk","Limit Break"],"picked":"Exhume","floor":33.0},{"not_picked":["Hemokinesis","True Grit","Armaments"],"picked":"Twin Strike","floor":35},{"not_picked":["Iron Wave","Whirlwind","Flex"],"picked":"Twin Strike+1","floor":37},{"not_picked":["Uppercut","Wild Strike+1","Pommel Strike"],"picked":"Cleave+1","floor":38},{"not_picked":["Cleave","Shrug It Off","Shockwave"],"picked":"Iron Wave+1","floor":41},{"not_picked":["Madness","Forethought","HandOfGreed"],"picked":"Trip","floor":42},{"not_picked":["Carnage","Sword Boomerang","Whirlwind+1"],"picked":"Body Slam+1","floor":44}],"player_experience":622156,"relics_obtained":[{"floor":6.0,"key":"Dead Branch"},{"floor":8.0,"key":"Gremlin Horn"},{"floor":9.0,"key":"Strawberry"},{"floor":14.0,"key":"Happy Flower"},{"floor":17.0,"key":"Omamori"},{"floor":17.0,"key":"InkBottle"},{"floor":17.0,"key":"CaptainsWheel"},{"floor":23.0,"key":"Bottled Flame"},{"floor":25.0,"key":"Champion Belt"},{"floor":26.0,"key":"Vajra"},{"floor":41,"key":"MawBank"},{"floor":43,"key":"Calipers"},{"floor":46,"key":"Turnip"}],"event_choices":[{"damage_healed":0.0,"max_hp_gain":0.0,"max_hp_loss":0.0,"gold_gain":0.0,"cards_transformed":["Strike_R"],"event_name":"Transmorgrifier","player_choice":"Transformed","floor":2.0,"gold_loss":0.0,"damage_taken":0.0,"cards_obtained":["Inflame"]},{"damage_healed":0.0,"max_hp_gain":0.0,"max_hp_loss":0.0,"gold_gain":0.0,"event_name":"Upgrade Shrine","player_choice":"Upgraded","floor":22.0,"gold_loss":0.0,"damage_taken":0.0,"cards_upgraded":["Juggernaut"]},{"damage_healed":0,"gold_gain":0,"player_choice":"Max HP","damage_taken":0,"max_hp_gain":0,"max_hp_loss":4,"event_name":"Winding Halls","floor":39,"gold_loss":0},{"damage_healed":0,"gold_gain":0,"player_choice":"Memory 1","damage_taken":0,"max_hp_gain":0,"max_hp_loss":0,"event_name":"SensoryStone","floor":42,"gold_loss":0},{"damage_healed":0,"gold_gain":0,"player_choice":"Fight","damage_taken":0,"max_hp_gain":0,"max_hp_loss":0,"event_name":"MindBloom","floor":46,"gold_loss":0},{"damage_healed":0,"gold_gain":0,"player_choice":"Upgraded","damage_taken":0,"max_hp_gain":0,"max_hp_loss":0,"event_name":"Upgrade Shrine","floor":48,"gold_loss":0,"cards_upgraded":["Barricade"]}],"is_beta":false,"boss_relics":[{"not_picked":["Cursed Key","Pandora\u0027s Box"],"picked":"Calling Bell"},{"not_picked":["Mark of Pain","Runic Pyramid"],"picked":"Black Blood"}],"items_purged_floors":[],"is_endless":false,"potions_floor_spawned":[1,8,11,16,19,23,30,35,37,41],"ascension_level":15}}