{"host":"q9qwbotttpvtd6fn","time":1613689789,"event":{"mods":["BaseMod","Colored Map","Minty Spire (QoL Compilation)","StSLib"],"gold_per_floor":[365,381,456,470,250,283,295,320,343,93,93,128,128,138,138,243,243,254,21,21,21,21,21,49,49,49,49,81,91,107,136,136,233,233,252,302,302,256,158,192,211,211,211,211,15,15,15,28,28,28],"floor_reached":51,"language":"ENG","playtime":2850,"items_purged":["Strike_R","Strike_R","Strike_R"],"score":1086,"play_id":"f45eaa92-50cc-4aa8-a713-4974a9c6f44e","local_time":"20210218180949","is_ascension_mode":true,"campfire_choices":[{"data":"Armaments","floor":13.0,"key":"SMITH"},{"data":"Evolve","floor":15.0,"key":"SMITH"},{"data":"True Grit","floor":23.0,"key":"SMITH"},{"floor":25.0,"key":"REST"},{"data":"Fire Breathing","floor":27.0,"key":"SMITH"},{"floor":32.0,"key":"REST"},{"floor":42.0,"key":"REST"},{"data":"Feel No Pain","floor":44.0,"key":"SMITH"},{"floor":49,"key":"REST"}],"circlet_count":0,"master_deck":["Defend_R","Defend_R","Defend_R+1","Defend_R+1","Bash","Uppercut","Hemokinesis","Warcry","Fire Breathing+1","True Grit+1","Headbutt","Evolve+1","Reckless Charge","Armaments+1","Headbutt","Double Tap","Metallicize+1","Fire Breathing","Shockwave","Necronomicurse","Double Tap","Searing Blow","Feel No Pain+1","Metallicize+1","Inflame+1","Ghostly Armor+1","Power Through+1","Immolate","Body Slam","Sever Soul","Parasite","Bandage Up","Chrysalis","Master of Strategy","Pommel Strike+1"],"relics":["Burning Blood","War Paint","Gremlin Horn","Art of War","MealTicket","Orichalcum","Mark of Pain","Necronomicon","Blood Vial","Juzu Bracelet","Thread and Needle","Bag of Marbles","InkBottle","Cursed Key","Pocketwatch","Blue Candle","Peace Pipe","Sundial","Toolbox"],"acts_visited":["Exordium","TheCity","TheBeyond"],"potions_floor_usage":[50,50],"damage_taken":[{"damage":3.0,"enemies":"Jaw Worm","floor":1.0,"turns":5.0},{"damage":0.0,"enemies":"Small Slimes","floor":2.0,"turns":3.0},{"damage":2.0,"enemies":"Cultist","floor":4.0,"turns":3.0},{"damage":10.0,"enemies":"Gremlin Nob","floor":6.0,"turns":3.0},{"damage":10.0,"enemies":"Looter","floor":7.0,"turns":3.0},{"damage":24.0,"enemies":"Lagavulin","floor":8.0,"turns":6.0},{"damage":11.0,"enemies":"3 Sentries","floor":12.0,"turns":5.0},{"damage":20.0,"enemies":"Lots of Slimes","floor":14.0,"turns":5.0},{"damage":61.0,"enemies":"Hexaghost","floor":16.0,"turns":10.0},{"damage":13.0,"enemies":"Chosen","floor":18.0,"turns":5.0},{"damage":43.0,"enemies":"Book of Stabbing","floor":24.0,"turns":6.0},{"damage":19.0,"enemies":"Slavers","floor":28.0,"turns":4.0},{"damage":10.0,"enemies":"2 Thieves","floor":29.0,"turns":4.0},{"damage":19.0,"enemies":"Centurion and Healer","floor":30.0,"turns":3.0},{"damage":2.0,"enemies":"Book of Stabbing","floor":31.0,"turns":6.0},{"damage":10.0,"enemies":"Champ","floor":33.0,"turns":8.0},{"damage":0.0,"enemies":"3 Shapes","floor":35.0,"turns":2.0},{"damage":21.0,"enemies":"Mind Bloom Boss Battle","floor":36.0,"turns":6.0},{"damage":47.0,"enemies":"Reptomancer","floor":40.0,"turns":4.0},{"damage":17.0,"enemies":"3 Darklings","floor":41.0,"turns":5.0},{"damage":10,"enemies":"Maw","floor":48,"turns":6},{"damage":53,"enemies":"Awakened One","floor":50,"turns":9}],"seed_played":"-740334452159997959","potions_obtained":[{"floor":2.0,"key":"BloodPotion"},{"floor":4.0,"key":"Swift Potion"},{"floor":6.0,"key":"ColorlessPotion"},{"floor":14.0,"key":"FairyPotion"},{"floor":16.0,"key":"SkillPotion"},{"floor":24.0,"key":"PowerPotion"},{"floor":30.0,"key":"EssenceOfSteel"},{"floor":35.0,"key":"CultistPotion"},{"floor":48,"key":"Strength Potion"}],"is_trial":false,"path_per_floor":["M","M","?","M","$","E","M","E","T","$","?","E","R","M","R","B",null,"M","$","?","?","?","R","E","R","T","R","E","M","M","E","R","B",null,"M","?","?","$","?","E","M","R","T","R","$","?","?","M","R","B",null],"character_chosen":"IRONCLAD","items_purchased":["War Paint","Evolve","Reckless Charge","Fire Breathing","Shockwave","Body Slam","Toolbox","Weak Potion"],"campfire_rested":4,"item_purchase_floors":[5,10,10,19,19,38,45,45],"current_hp_per_floor":[72,72,61,65,65,61,57,39,39,54,59,54,54,40,40,27,65,58,73,57,57,57,57,22,45,45,45,34,32,21,27,50,48,70,77,62,62,77,77,36,27,50,50,50,65,55,55,57,77,30],"gold":28,"neow_bonus":"TWO_FIFTY_GOLD","is_daily":false,"chose_seed":false,"campfire_upgraded":5,"win_rate":0.0,"timestamp":1613689789,"path_taken":["M","M","?","M","$","E","M","E","T","$","?","E","R","M","R","BOSS","M","$","?","?","?","R","E","R","T","R","E","M","M","E","R","BOSS","M","?","?","$","?","E","M","R","T","R","$","?","?","M","R","BOSS"],"items_purchased_type":["Relic","Card","Card","Card","Card","Card","Relic","Potion"],"build_version":"2020-12-22","purchased_purges":3,"victory":true,"max_hp_per_floor":[72,72,72,72,72,72,72,72,72,72,77,77,77,77,77,77,77,77,77,77,77,77,77,77,77,77,77,77,77,77,77,77,77,77,77,77,77,77,77,77,77,77,77,77,77,77,77,77,77,77],"card_choices":[{"not_picked":["Iron Wave","Perfected Strike"],"picked":"Uppercut","floor":1.0},{"not_picked":["Pommel Strike","Twin Strike"],"picked":"Hemokinesis","floor":2.0},{"not_picked":["Clash","Rampage"],"picked":"Warcry","floor":4.0},{"not_picked":["Headbutt","Sword Boomerang"],"picked":"Fire Breathing","floor":6.0},{"not_picked":["Body Slam","Juggernaut"],"picked":"True Grit","floor":7.0},{"not_picked":["Heavy Blade","Cleave"],"picked":"Headbutt","floor":8.0},{"not_picked":["Evolve","Shockwave"],"picked":"Armaments","floor":12.0},{"not_picked":["Blood for Blood","Fiend Fire"],"picked":"Headbutt","floor":14.0},{"not_picked":["Bludgeon","Immolate"],"picked":"Double Tap","floor":16.0},{"not_picked":["Headbutt+1","Heavy Blade+1"],"picked":"Metallicize+1","floor":18.0},{"not_picked":["Havoc","Searing Blow+1"],"picked":"Feel No Pain","floor":24.0},{"not_picked":["True Grit","Pommel Strike"],"picked":"Metallicize+1","floor":28.0},{"not_picked":["Searing Blow","Rage"],"picked":"Inflame+1","floor":29.0},{"not_picked":["Clash","Rampage"],"picked":"Ghostly Armor+1","floor":30.0},{"not_picked":["Cleave","Reaper"],"picked":"Power Through+1","floor":31.0},{"not_picked":["Impervious","Double Tap"],"picked":"Immolate","floor":33.0},{"not_picked":["Headbutt+1","Whirlwind+1","Rampage+1"],"picked":"SKIP","floor":35.0},{"not_picked":["Twin Strike","Bludgeon"],"picked":"Sever Soul","floor":40.0},{"not_picked":["Spot Weakness","Iron Wave","Warcry"],"picked":"SKIP","floor":41.0},{"not_picked":["Dark Shackles","Discovery"],"picked":"Bandage Up","floor":46.0},{"not_picked":["Finesse","Swift Strike"],"picked":"Chrysalis","floor":46.0},{"not_picked":["Forethought","Swift Strike"],"picked":"Master of Strategy","floor":46.0},{"not_picked":["Perfected Strike","Wild Strike"],"picked":"Pommel Strike+1","floor":48}],"player_experience":457662,"relics_obtained":[{"floor":6.0,"key":"Gremlin Horn"},{"floor":8.0,"key":"Art of War"},{"floor":9.0,"key":"MealTicket"},{"floor":12.0,"key":"Orichalcum"},{"floor":20.0,"key":"Necronomicon"},{"floor":24.0,"key":"Juzu Bracelet"},{"floor":26.0,"key":"Thread and Needle"},{"floor":28.0,"key":"Bag of Marbles"},{"floor":31.0,"key":"InkBottle"},{"floor":36.0,"key":"Pocketwatch"},{"floor":40.0,"key":"Peace Pipe"},{"floor":43.0,"key":"Sundial"}],"event_choices":[{"damage_healed":0.0,"max_hp_gain":0.0,"max_hp_loss":0.0,"gold_gain":75.0,"event_name":"World of Goop","player_choice":"Gather Gold","floor":3.0,"gold_loss":0.0,"damage_taken":11.0},{"damage_healed":0.0,"max_hp_gain":5.0,"max_hp_loss":0.0,"gold_gain":0.0,"event_name":"Big Fish","player_choice":"Donut","floor":11.0,"gold_loss":0.0,"damage_taken":0.0},{"damage_healed":0.0,"max_hp_gain":0.0,"max_hp_loss":0.0,"gold_gain":0.0,"event_name":"Cursed Tome","player_choice":"Obtained Book","floor":20.0,"gold_loss":0.0,"damage_taken":16.0},{"damage_healed":0.0,"max_hp_gain":0.0,"max_hp_loss":0.0,"gold_gain":0.0,"event_name":"The Mausoleum","player_choice":"Opened","floor":21.0,"gold_loss":0.0,"damage_taken":0.0,"relics_obtained":["Blood Vial"]},{"damage_healed":0.0,"max_hp_gain":0.0,"max_hp_loss":0.0,"gold_gain":0.0,"cards_transformed":["Strike_R","Strike_R"],"event_name":"Drug Dealer","player_choice":"Became Test Subject","floor":22.0,"gold_loss":0.0,"damage_taken":0.0,"cards_obtained":["Double Tap","Searing Blow"]},{"damage_healed":0.0,"max_hp_gain":0.0,"max_hp_loss":0.0,"gold_gain":0.0,"event_name":"MindBloom","player_choice":"Fight","floor":36.0,"gold_loss":0.0,"damage_taken":0.0},{"damage_healed":0.0,"max_hp_gain":0.0,"max_hp_loss":0.0,"gold_gain":0.0,"event_name":"Tomb of Lord Red Mask","player_choice":"Ignored","floor":37.0,"gold_loss":0.0,"damage_taken":0.0},{"damage_healed":0.0,"max_hp_gain":0.0,"max_hp_loss":0.0,"gold_gain":0.0,"event_name":"WeMeetAgain","player_choice":"Paid Gold","floor":39.0,"gold_loss":98.0,"damage_taken":0.0,"relics_obtained":["Blue Candle"]},{"damage_healed":0.0,"max_hp_gain":0.0,"max_hp_loss":0.0,"gold_gain":0.0,"event_name":"SensoryStone","player_choice":"Memory 3","floor":46.0,"gold_loss":0.0,"damage_taken":10.0},{"damage_healed":0.0,"max_hp_gain":0.0,"max_hp_loss":0.0,"gold_gain":0.0,"event_name":"SecretPortal","player_choice":"Ignored","floor":47.0,"gold_loss":0.0,"damage_taken":0.0}],"is_beta":false,"boss_relics":[{"not_picked":["Runic Pyramid","Ectoplasm"],"picked":"Mark of Pain"},{"not_picked":["Pandora\u0027s Box","Velvet Choker"],"picked":"Cursed Key"}],"items_purged_floors":[5,10,19],"is_endless":false,"potions_floor_spawned":[2,4,6,14,16,24,30,35,48],"ascension_level":9}}