{"host":"hbrjinenk1akq1dy","time":1613630555,"event":{"mods":["BaseMod","Colored Map","Colored Powertips","Highlight Path","Minty Spire (QoL Compilation)","Quick Restart","StSLib","SuperFastMode"],"gold_per_floor":[109,127,145,145,170,185,260,286,286,286,286,312,358,377,377,479,479,497,513,513,513,558,558,49,77,123,123,149,149,64,82,82,187,187,198,198,52,52,52,52,77,77,103,136,136,0,0,20,20,20,20,20,20,45,45,45],"floor_reached":55,"language":"ENG","playtime":5158,"items_purged":["Strike_R"],"score":861,"play_id":"2fc46a7e-d8bf-4ac8-8449-601d3cabdde0","local_time":"20210218144235","is_ascension_mode":true,"campfire_choices":[{"data":"Berserk","floor":11.0,"key":"SMITH"},{"floor":15.0,"key":"REST"},{"data":"Sword Boomerang","floor":23.0,"key":"SMITH"},{"floor":27.0,"key":"REST"},{"data":"Sword Boomerang","floor":29.0,"key":"SMITH"},{"data":"Immolate","floor":32.0,"key":"SMITH"},{"data":"Spot Weakness","floor":40.0,"key":"SMITH"},{"floor":42.0,"key":"REST"},{"floor":49.0,"key":"RECALL"},{"floor":52.0,"key":"DIG"}],"circlet_count":0,"master_deck":["Strike_R","Strike_R","Strike_R+1","Strike_R+1","Defend_R","Defend_R","Defend_R","Bash","Cleave+1","Hemokinesis+1","Shrug It Off","Berserk+1","Shrug It Off","Limit Break+1","Immolate+1","Spot Weakness+1","Sword Boomerang+1","Sword Boomerang+1","Thunderclap","Warcry+1","Reaper","Dropkick+1","True Grit","Blind","Hemokinesis+1"],"relics":["Burning Blood","Ancient Tea Set","Regal Pillow","Juzu Bracelet","Lantern","Odd Mushroom","Strawberry","Mark of Pain","Nilry\u0027s Codex","Vajra","Bag of Marbles","Mummified Hand","Paper Frog","Bag of Preparation","Blood Vial","Art of War","Velvet Choker","Oddly Smooth Stone","Pear","Letter Opener","Red Mask","Shovel","Mercury Hourglass","Whetstone"],"acts_visited":["Exordium","TheCity","TheBeyond","TheEnding"],"potions_floor_usage":[55,55],"damage_taken":[{"damage":13.0,"enemies":"Small Slimes","floor":1.0,"turns":5.0},{"damage":9.0,"enemies":"Jaw Worm","floor":2.0,"turns":4.0},{"damage":0.0,"enemies":"2 Louse","floor":3.0,"turns":2.0},{"damage":13.0,"enemies":"Red Slaver","floor":6.0,"turns":3.0},{"damage":16.0,"enemies":"Gremlin Nob","floor":8.0,"turns":3.0},{"damage":15.0,"enemies":"The Mushroom Lair","floor":12.0,"turns":3.0},{"damage":0.0,"enemies":"3 Louse","floor":14.0,"turns":2.0},{"damage":35.0,"enemies":"Slime Boss","floor":16.0,"turns":9.0},{"damage":31.0,"enemies":"2 Thieves","floor":18.0,"turns":4.0},{"damage":3.0,"enemies":"3 Byrds","floor":19.0,"turns":4.0},{"damage":39.0,"enemies":"Slavers","floor":25.0,"turns":4.0},{"damage":16.0,"enemies":"Gremlin Leader","floor":28.0,"turns":5.0},{"damage":9.0,"enemies":"3 Cultists","floor":31.0,"turns":3.0},{"damage":53.0,"enemies":"Automaton","floor":33.0,"turns":9.0},{"damage":17.0,"enemies":"3 Shapes","floor":35.0,"turns":3.0},{"damage":57.0,"enemies":"Nemesis","floor":41.0,"turns":5.0},{"damage":32.0,"enemies":"Giant Head","floor":44.0,"turns":5.0},{"damage":18.0,"enemies":"3 Darklings","floor":48.0,"turns":3.0},{"damage":49.0,"enemies":"Donu and Deca","floor":50.0,"turns":5.0},{"damage":70.0,"enemies":"Shield and Spear","floor":54.0,"turns":6.0},{"damage":58,"enemies":"The Heart","floor":55,"turns":2}],"seed_played":"1743872083673510316","potions_obtained":[{"floor":3.0,"key":"SteroidPotion"},{"floor":6.0,"key":"Strength Potion"},{"floor":12.0,"key":"Swift Potion"},{"floor":16.0,"key":"EssenceOfSteel"},{"floor":19.0,"key":"Ancient Potion"},{"floor":25.0,"key":"SpeedPotion"},{"floor":36.0,"key":"DistilledChaos"},{"floor":36.0,"key":"DuplicationPotion"},{"floor":48.0,"key":"Block Potion"}],"is_trial":false,"path_per_floor":["M","M","M","?","T","M","?","E","T","?","R","?","T","M","R","B",null,"M","M","?","?","T","R","$","E","T","R","E","R","?","M","R","B",null,"M","?","$","?","?","R","E","R","T","E","?","?","T","M","R","B",null,"R","$","E","B"],"character_chosen":"IRONCLAD","items_purchased":["Bag of Marbles","Mummified Hand","Weak Potion","Oddly Smooth Stone"],"campfire_rested":3,"item_purchase_floors":[24,24,24,37],"current_hp_per_floor":[73,70,76,60,60,53,45,35,35,40,40,31,38,44,86,57,92,67,70,54,54,54,54,54,21,21,63,53,53,53,52,52,7,92,81,81,81,81,81,81,43,88,88,76,76,76,76,66,66,90,102,102,102,38,0,0],"gold":45,"neow_bonus":"RANDOM_COMMON_RELIC","is_daily":false,"chose_seed":false,"campfire_upgraded":5,"win_rate":0.0,"timestamp":1613630555,"path_taken":["M","M","M","?","?","M","?","E","T","?","R","?","?","M","R","BOSS","M","M","?","?","?","R","$","E","T","R","E","R","?","M","R","BOSS","M","?","$","?","?","R","E","R","T","E","?","?","?","M","R","BOSS","R","$","E","BOSS"],"items_purchased_type":["Relic","Relic","Potion","Relic"],"build_version":"2020-12-22","purchased_purges":1,"victory":false,"max_hp_per_floor":[80,80,80,80,80,80,80,80,80,85,85,85,92,92,92,92,92,92,92,92,92,92,92,92,92,92,92,92,92,92,92,92,92,92,92,92,92,92,92,92,102,102,102,102,102,102,102,102,102,102,102,102,102,102,102,102],"card_choices":[{"not_picked":["Metallicize","Rampage"],"picked":"Cleave","floor":1.0},{"not_picked":["Flex","Wild Strike"],"picked":"Hemokinesis","floor":2.0},{"not_picked":["Headbutt","Reckless Charge"],"picked":"Shrug It Off","floor":3.0},{"not_picked":["Power Through","Flex","Anger"],"picked":"SKIP","floor":6.0},{"not_picked":["Body Slam","Twin Strike"],"picked":"Berserk","floor":8.0},{"not_picked":["Pommel Strike","Second Wind"],"picked":"Shrug It Off","floor":12.0},{"not_picked":["Headbutt","Blood for Blood"],"picked":"Limit Break","floor":14.0},{"not_picked":["Fiend Fire","Exhume"],"picked":"Immolate","floor":16.0},{"not_picked":["Heavy Blade","Thunderclap"],"picked":"Spot Weakness","floor":18.0},{"not_picked":["Metallicize","Second Wind","Havoc+1"],"picked":"SKIP","floor":19.0},{"not_picked":["Twin Strike","Inflame"],"picked":"Sword Boomerang","floor":25.0},{"not_picked":["Sever Soul","Hemokinesis"],"picked":"Thunderclap","floor":28.0},{"not_picked":["Perfected Strike","Pommel Strike"],"picked":"Warcry+1","floor":31.0},{"not_picked":["Offering","Brutality"],"picked":"Reaper","floor":33.0},{"not_picked":["Iron Wave","Body Slam"],"picked":"Dropkick+1","floor":35.0},{"not_picked":["Brutality","Perfected Strike"],"picked":"True Grit","floor":41.0},{"not_picked":["Clothesline","Flex","Headbutt+1"],"picked":"SKIP","floor":44.0},{"not_picked":["Mind Blast","Mayhem"],"picked":"Blind","floor":45.0},{"not_picked":["Flex+1","Cleave"],"picked":"Hemokinesis+1","floor":48.0},{"not_picked":["Flex","Seeing Red","Cleave+1"],"picked":"SKIP","floor":54.0}],"player_experience":184754,"relics_obtained":[{"floor":5.0,"key":"Regal Pillow"},{"floor":8.0,"key":"Juzu Bracelet"},{"floor":9.0,"key":"Lantern"},{"floor":12.0,"key":"Odd Mushroom"},{"floor":13.0,"key":"Strawberry"},{"floor":20.0,"key":"Nilry\u0027s Codex"},{"floor":22.0,"key":"Vajra"},{"floor":25.0,"key":"Paper Frog"},{"floor":26.0,"key":"Bag of Preparation"},{"floor":28.0,"key":"Blood Vial"},{"floor":41.0,"key":"Pear"},{"floor":44.0,"key":"Letter Opener"},{"floor":47.0,"key":"Shovel"},{"floor":52.0,"key":"Mercury Hourglass"},{"floor":54.0,"key":"Whetstone"}],"event_choices":[{"damage_healed":0.0,"max_hp_gain":0.0,"max_hp_loss":0.0,"gold_gain":0.0,"event_name":"Shining Light","player_choice":"Entered Light","floor":4.0,"gold_loss":0.0,"damage_taken":16.0,"cards_upgraded":["Hemokinesis","Strike_R"]},{"damage_healed":0.0,"max_hp_gain":0.0,"max_hp_loss":0.0,"gold_gain":75.0,"event_name":"FaceTrader","player_choice":"Touch","floor":7.0,"gold_loss":0.0,"damage_taken":8.0},{"damage_healed":0.0,"max_hp_gain":5.0,"max_hp_loss":0.0,"gold_gain":0.0,"event_name":"Big Fish","player_choice":"Donut","floor":10.0,"gold_loss":0.0,"damage_taken":0.0},{"damage_healed":0.0,"max_hp_gain":0.0,"max_hp_loss":0.0,"gold_gain":0.0,"event_name":"Mushrooms","player_choice":"Fought Mushrooms","floor":12.0,"gold_loss":0.0,"damage_taken":0.0},{"damage_healed":0.0,"max_hp_gain":0.0,"max_hp_loss":0.0,"gold_gain":0.0,"event_name":"Cursed Tome","player_choice":"Obtained Book","floor":20.0,"gold_loss":0.0,"damage_taken":16.0},{"damage_healed":0.0,"max_hp_gain":0.0,"max_hp_loss":0.0,"gold_gain":0.0,"event_name":"The Library","player_choice":"Read","floor":21.0,"gold_loss":0.0,"damage_taken":0.0,"cards_obtained":["Sword Boomerang"]},{"damage_healed":0.0,"max_hp_gain":0.0,"max_hp_loss":0.0,"gold_gain":0.0,"event_name":"Addict","player_choice":"Obtained Relic","floor":30.0,"gold_loss":85.0,"damage_taken":0.0,"relics_obtained":["Art of War"]},{"damage_healed":0.0,"max_hp_gain":0.0,"max_hp_loss":0.0,"gold_gain":0.0,"event_name":"Lab","player_choice":"Got Potions","floor":36.0,"gold_loss":0.0,"damage_taken":0.0},{"damage_healed":0.0,"max_hp_gain":0.0,"max_hp_loss":0.0,"gold_gain":0.0,"event_name":"Accursed Blacksmith","player_choice":"Forge","floor":38.0,"gold_loss":0.0,"damage_taken":0.0,"cards_upgraded":["Limit Break"]},{"cards_removed":["Defend_R"],"damage_healed":0.0,"max_hp_gain":0.0,"max_hp_loss":0.0,"gold_gain":0.0,"event_name":"Falling","player_choice":"Removed Skill","floor":39.0,"gold_loss":0.0,"damage_taken":0.0},{"damage_healed":0.0,"max_hp_gain":0.0,"max_hp_loss":0.0,"gold_gain":0.0,"event_name":"SensoryStone","player_choice":"Memory 1","floor":45.0,"gold_loss":0.0,"damage_taken":0.0},{"damage_healed":0.0,"max_hp_gain":0.0,"max_hp_loss":0.0,"gold_gain":0.0,"event_name":"Tomb of Lord Red Mask","player_choice":"Paid","floor":46.0,"gold_loss":136.0,"damage_taken":0.0,"relics_obtained":["Red Mask"]}],"is_beta":false,"boss_relics":[{"not_picked":["Coffee Dripper","Runic Dome"],"picked":"Mark of Pain"},{"not_picked":["Astrolabe","Snecko Eye"],"picked":"Velvet Choker"}],"items_purged_floors":[24],"is_endless":false,"potions_floor_spawned":[3,6,12,16,19,25,41,48],"killed_by":"The Heart","ascension_level":3}}