{"host":"5qewjvycy34u7aeo","time":1613664041,"event":{"mods":["BaseMod","Downfall","GifTheSpireLib","Hubris","Infinite Spire","Minty Spire (QoL Compilation)","Permanent Neow","Replay The Spire","StSLib","Wandering Minibosses"],"gold_per_floor":[99,99,119,130,147,147,147,0,30,30,30,40,40,40,40,75,91,188,188,88,106,124,124,135,135,135,149,174,191,211,246,41,51,61,61,61,61],"floor_reached":35,"language":"ENG","playtime":2317,"items_purged":["Pain"],"score":336,"play_id":"042fe871-df60-467b-bd8c-87a73d803bf4","local_time":"20210218100041","is_ascension_mode":false,"campfire_choices":[{"floor":6,"key":"RECALL"},{"data":"sneckomod:UnknownBlock","floor":15,"key":"SMITH"},{"data":"sneckomod:UnknownBoss","floor":20,"key":"SMITH"}],"circlet_count":0,"master_deck":["sneckomod:Strike","sneckomod:Strike","sneckomod:Strike","sneckomod:Defend","sneckomod:Defend","sneckomod:Defend","sneckomod:TailWhip","sneckomod:SnekBite","sneckomod:Unknown+1","Sanctity","sneckomod:Restock","sneckomod:TrashToTreasure","sneckomod:ImprovisedAttack","sneckomod:UnknownUncommonPower","sneckomod:DiceCrush","sneckomod:UnknownBlock+1","sneckomod:Unknown2Cost","sneckomod:UnknownBoss+1","sneckomod:DiceBlock","sneckomod:UnknownCommonSkill","Injury","sneckomod:UnendingSupply+1","sneckomod:Cheat","sneckomod:Unknown1Cost","sneckomod:UnknownStrike+1","sneckomod:DiceCrush","sneckomod:DiceCrush","sneckomod:UnlimitedRolls","sneckomod:UnknownCommonSkill+1","sneckomod:UnknownClassRED+1","sneckomod:UnknownCommonSkill+1"],"relics":["sneckomod:SneckoSoul","WarpedTongs","Smiling Mask","hubris:BottledRain","downfall:ShatteredFragment","ReplayTheSpireMod:Lightbulb","Painkiller Herb","downfall:HeartBlessingRed","Ring of Peace","infinitespire:Bottled Soul","WingedGreaves","Toxic Egg 2","sneckomod:LoadedDie"],"acts_visited":["Exordium","TheCity"],"potions_floor_usage":[18,24,34],"damage_taken":[{"damage":8,"enemies":"Small Slimes","floor":3,"turns":4},{"damage":22,"enemies":"infinitespire:Voidling","floor":4,"turns":4},{"damage":2,"enemies":"2 Louse","floor":5,"turns":2},{"damage":5,"enemies":"downfall:FleeingMerchant","floor":8,"turns":4},{"damage":16,"enemies":"3 Sentries","floor":9,"turns":6},{"damage":0,"enemies":"Blue Slaver","floor":12,"turns":2},{"damage":0,"enemies":"Lagavulin","floor":16,"turns":2},{"damage":0,"enemies":"2 Fungi Beasts","floor":17,"turns":2},{"damage":6,"enemies":"WA_ARCHETYPE_RETAIN","floor":18,"turns":4},{"damage":8,"enemies":"3 Byrds","floor":21,"turns":4},{"damage":13,"enemies":"downfall:LooterAlt2","floor":22,"turns":3},{"damage":2,"enemies":"Centurion and Healer","floor":24,"turns":5},{"damage":10,"enemies":"Snake Plant","floor":27,"turns":4},{"damage":8,"enemies":"Nightmare","floor":28,"turns":6},{"damage":0,"enemies":"Shelled Parasite and Fungi","floor":29,"turns":5},{"damage":0,"enemies":"Cultist and Chosen","floor":30,"turns":5},{"damage":12,"enemies":"Gremlin Leader","floor":31,"turns":5},{"damage":0,"enemies":"downfall:FleeingMerchant","floor":32,"turns":4},{"damage":0,"enemies":"Centurion and Healer","floor":33,"turns":5},{"damage":0,"enemies":"Snake Plant","floor":34,"turns":3},{"damage":44,"enemies":"SI_MIRROR_ARCHETYPE","floor":35,"turns":6}],"seed_played":"3049215775830051538","potions_obtained":[{"floor":5,"key":"PowerPotion"},{"floor":16,"key":"SkillPotion"},{"floor":18,"key":"Adrenaline Potion"},{"floor":21,"key":"Block Potion"},{"floor":24,"key":"SpeedPotion"},{"floor":34,"key":"sneckomod:OffclassReductionPotion"}],"is_trial":false,"path_per_floor":["R","?","M","M","M","R","T","$","E","?","?","M","PTL","PTL","R","E","M","B",null,"T","?","?","?","?","?","T","?","NM","?","?","E","T","?","?","B"],"character_chosen":"THE_SNECKO","items_purchased":["sneckomod:UnknownUncommonPower","sneckomod:UnknownCommonSkill+1","sneckomod:LoadedDie"],"campfire_rested":0,"item_purchase_floors":[8,32,32],"current_hp_per_floor":[90,90,82,67,65,65,65,60,44,23,50,50,50,50,50,50,50,44,90,90,82,69,69,67,67,67,57,49,56,56,44,44,44,44,0,0,0],"gold":61,"neow_bonus":"UPGRADE_CARD","is_daily":false,"chose_seed":false,"campfire_upgraded":2,"win_rate":0.0,"timestamp":1613664041,"path_taken":["R","?","?","M","M","R","T","$","E","?","?","M","PTL","PTL","R","E","M","BOSS","T","?","?","?","?","?","T","?","NM","?","?","E","T","?","?","BOSS"],"items_purchased_type":["Card","Card","Relic"],"build_version":"2020-12-22","purchased_purges":1,"victory":false,"max_hp_per_floor":[90,90,90,90,90,90,90,90,90,90,90,90,90,90,90,90,90,90,90,90,90,90,90,90,90,90,90,90,90,90,90,90,90,90,90,90,90],"card_choices":[{"not_picked":["sneckomod:SoulRoll","sneckomod:IronFang","sneckomod:UnknownDraw"],"picked":"SKIP","floor":3},{"not_picked":["sneckomod:UnknownCommonAttack","sneckomod:UnknownCommonSkill"],"picked":"sneckomod:Restock","floor":4},{"not_picked":["sneckomod:ImprovisedAttack","sneckomod:DiceBlock"],"picked":"sneckomod:TrashToTreasure","floor":5},{"not_picked":["sneckomod:UnknownDraw","sneckomod:QuickMove"],"picked":"sneckomod:ImprovisedAttack","floor":8},{"not_picked":["sneckomod:Unknown1Cost","sneckomod:UnknownCommonAttack"],"picked":"sneckomod:DiceCrush","floor":9},{"not_picked":["sneckomod:Nope","sneckomod:SoulRoll"],"picked":"sneckomod:UnknownBlock","floor":12},{"not_picked":["sneckomod:DangerNoodle","sneckomod:Unknown1Cost","sneckomod:SoulDraw"],"picked":"SKIP","floor":16},{"not_picked":["sneckomod:Nope","sneckomod:Unknown0Cost"],"picked":"sneckomod:Unknown2Cost","floor":17},{"not_picked":["sneckomod:Mudshield","sneckomod:UnlimitedRolls"],"picked":"sneckomod:UnknownBoss","floor":18},{"not_picked":["sneckomod:SnakeSap","sneckomod:QuickBite"],"picked":"sneckomod:DiceBlock","floor":21},{"not_picked":["sneckomod:UnknownDraw","sneckomod:IronFang"],"picked":"sneckomod:UnknownCommonSkill","floor":22},{"not_picked":["sneckomod:WideSting+1","sneckomod:SlitherStrike"],"picked":"sneckomod:UnendingSupply+1","floor":24},{"not_picked":["sneckomod:IronFang","sneckomod:SoulCleanse","sneckomod:Nope"],"picked":"SKIP","floor":27},{"not_picked":["sneckomod:Cheat","sneckomod:IronFang+1"],"picked":"sneckomod:Unknown1Cost","floor":28},{"not_picked":["sneckomod:UnknownWeak","sneckomod:UnknownClassPURPLE"],"picked":"sneckomod:UnknownStrike+1","floor":29},{"not_picked":["sneckomod:Unknown1Cost","sneckomod:DefensiveFlair+1"],"picked":"sneckomod:DiceCrush","floor":30},{"not_picked":["sneckomod:Mudshield","sneckomod:QuickBite+1"],"picked":"sneckomod:DiceCrush","floor":31},{"not_picked":["sneckomod:UnknownCommonAttack","sneckomod:UnknownCommonSkill+1"],"picked":"sneckomod:UnlimitedRolls","floor":32},{"not_picked":["sneckomod:WideSting","sneckomod:DiceCrush+1"],"picked":"sneckomod:UnknownClassRED+1","floor":33},{"not_picked":["sneckomod:UnknownX+1","sneckomod:UnknownStrike"],"picked":"sneckomod:UnknownCommonSkill+1","floor":34}],"player_experience":457260,"relics_obtained":[{"floor":7,"key":"Smiling Mask"},{"floor":9,"key":"hubris:BottledRain"},{"floor":16,"key":"ReplayTheSpireMod:Lightbulb"},{"floor":23,"key":"Ring of Peace"},{"floor":26,"key":"infinitespire:Bottled Soul"},{"floor":28,"key":"WingedGreaves"},{"floor":31,"key":"Toxic Egg 2"}],"event_choices":[{"damage_healed":0,"gold_gain":0,"player_choice":"Rummage","damage_taken":0,"relics_obtained":["WarpedTongs"],"max_hp_gain":0,"max_hp_loss":0,"event_name":"Accursed Blacksmith","floor":2,"gold_loss":0,"cards_obtained":["Pain"]}],"is_beta":false,"boss_relics":[{"not_picked":["hubris:ScarierMask","Runic Dome"],"picked":"Painkiller Herb"}],"items_purged_floors":[8],"is_endless":false,"potions_floor_spawned":[5,16,18,21,24,27,33,34],"killed_by":"SI_MIRROR_ARCHETYPE","ascension_level":0}}