{"host":"rw1trt79hfpl7pom","time":1613644231,"event":{"mods":["BaseMod","Bestiary","Colored Map","Jorbs\u0027s Wanderer Trilogy","Minty Spire (QoL Compilation)","Relic Stats","StSLib","SuperFastMode"],"gold_per_floor":[99,99,99,99,99,99,99,99,99,99,64,24,24,24,24,24,24],"floor_reached":16,"language":"ENG","playtime":917,"items_purged":[],"score":240,"play_id":"e1229545-7141-47c6-b8db-934282858e71","local_time":"20210218023031","is_ascension_mode":true,"campfire_choices":[{"data":"stsjorbsmod:TollTheDead","floor":7.0,"key":"SMITH"},{"data":"stsjorbsmod:Stalwart","floor":15.0,"key":"SMITH"}],"circlet_count":0,"master_deck":["AscendersBane","stsjorbsmod:ForbiddenGrimoire+1","stsjorbsmod:Strike_Wanderer","stsjorbsmod:Strike_Wanderer","stsjorbsmod:Strike_Wanderer","stsjorbsmod:Defend_Wanderer","stsjorbsmod:Defend_Wanderer","stsjorbsmod:FreshAdventure","stsjorbsmod:EyeOfTheStorm","stsjorbsmod:ArcaneWeapon+1","stsjorbsmod:WanderingMind","stsjorbsmod:FindFamiliar","stsjorbsmod:TollTheDead+1","stsjorbsmod:Stalwart+1","stsjorbsmod:Message","stsjorbsmod:Hibernate","stsjorbsmod:Rest","stsjorbsmod:HoldMonster"],"relics":["Ectoplasm","Boot","White Beast Statue","Sundial","Matryoshka"],"acts_visited":["Exordium"],"potions_floor_usage":[],"damage_taken":[{"damage":0.0,"enemies":"Cultist","floor":1.0,"turns":3.0},{"damage":0.0,"enemies":"2 Louse","floor":2.0,"turns":3.0},{"damage":7.0,"enemies":"Small Slimes","floor":5.0,"turns":5.0},{"damage":10.0,"enemies":"Lagavulin","floor":6.0,"turns":6.0},{"damage":8.0,"enemies":"Gremlin Nob","floor":8.0,"turns":3.0},{"damage":20.0,"enemies":"3 Sentries","floor":10.0,"turns":7.0},{"damage":6.0,"enemies":"Looter","floor":12.0,"turns":3.0},{"damage":9.0,"enemies":"Exordium Thugs","floor":14.0,"turns":6.0},{"damage":21,"enemies":"The Guardian","floor":16,"turns":7}],"seed_played":"8385074421458722742","potions_obtained":[{"floor":6.0,"key":"Dexterity Potion"},{"floor":10.0,"key":"LiquidBronze"},{"floor":12.0,"key":"stsjorbsmod:LiquidVirtue"},{"floor":14.0,"key":"Fruit Juice"}],"is_trial":false,"path_per_floor":["M","M","?","?","M","E","R","E","T","E","?","M","?","M","R","B"],"character_chosen":"WANDERER","items_purchased":[],"campfire_rested":0,"item_purchase_floors":[],"current_hp_per_floor":[58,58,58,58,51,41,41,33,33,17,34,30,30,21,21,0,0],"gold":24,"neow_bonus":"BOSS_RELIC","is_daily":false,"chose_seed":false,"campfire_upgraded":2,"win_rate":0.0,"timestamp":1613644231,"path_taken":["M","M","?","?","?","E","R","E","T","E","?","M","?","M","R","BOSS"],"items_purchased_type":[],"build_version":"2020-12-22","purchased_purges":0,"victory":false,"max_hp_per_floor":[64,64,64,64,64,64,64,64,64,68,68,70,70,70,70,70,70],"relic_stats":{"counters":[9,43],"Sundial":[4],"Ectoplasm":232,"Boot":[1],"obtain_stats":[{"Matryoshka":10,"Sundial":9,"stsjorbsmod:GrimoireRelic":0,"Ectoplasm":0,"Boot":6,"White Beast Statue":8},{"Matryoshka":6,"Sundial":5,"stsjorbsmod:GrimoireRelic":0,"Ectoplasm":0,"Boot":4,"White Beast Statue":5},{"Matryoshka":27,"Sundial":20,"stsjorbsmod:GrimoireRelic":0,"Ectoplasm":0,"Boot":17,"White Beast Statue":20}]},"card_choices":[{"not_picked":["stsjorbsmod:BlackTentacles","stsjorbsmod:MageArmor"],"picked":"stsjorbsmod:ArcaneWeapon","floor":1.0},{"not_picked":["stsjorbsmod:ChatteringStrike","stsjorbsmod:ArcaneWeapon"],"picked":"stsjorbsmod:WanderingMind","floor":2.0},{"not_picked":["stsjorbsmod:ChatteringStrike","stsjorbsmod:Counterspell","stsjorbsmod:OldPocket"],"picked":"SKIP","floor":5.0},{"not_picked":["stsjorbsmod:Firebolt","stsjorbsmod:UnseenServant"],"picked":"stsjorbsmod:TollTheDead","floor":6.0},{"not_picked":["stsjorbsmod:Will","stsjorbsmod:Prestidigitation"],"picked":"stsjorbsmod:Stalwart","floor":8.0},{"not_picked":["stsjorbsmod:Prestidigitation","stsjorbsmod:LocateObject"],"picked":"stsjorbsmod:Message","floor":10.0},{"not_picked":["stsjorbsmod:FracturedMind","stsjorbsmod:LoseGrip"],"picked":"stsjorbsmod:Hibernate","floor":12.0},{"not_picked":["stsjorbsmod:FaerieFire","stsjorbsmod:BookOfTongues"],"picked":"stsjorbsmod:HoldMonster","floor":14.0}],"player_experience":2790626,"relics_obtained":[{"floor":6.0,"key":"Boot"},{"floor":8.0,"key":"White Beast Statue"},{"floor":9.0,"key":"Sundial"},{"floor":10.0,"key":"Matryoshka"}],"event_choices":[{"damage_healed":0.0,"max_hp_gain":0.0,"max_hp_loss":0.0,"gold_gain":0.0,"cards_transformed":["stsjorbsmod:Strike_Wanderer"],"event_name":"Living Wall","player_choice":"Change","floor":3.0,"gold_loss":0.0,"damage_taken":0.0,"cards_obtained":["stsjorbsmod:FindFamiliar"]},{"cards_removed":["stsjorbsmod:Defend_Wanderer"],"damage_healed":0.0,"max_hp_gain":0.0,"max_hp_loss":0.0,"gold_gain":0.0,"event_name":"Wheel of Change","player_choice":"Card Removal","floor":4.0,"gold_loss":0.0,"damage_taken":0.0},{"damage_healed":17.0,"max_hp_gain":0.0,"max_hp_loss":0.0,"gold_gain":0.0,"event_name":"The Cleric","player_choice":"Healed","floor":11.0,"gold_loss":35.0,"damage_taken":0.0},{"damage_healed":0.0,"max_hp_gain":0.0,"max_hp_loss":0.0,"gold_gain":0.0,"cards_transformed":["stsjorbsmod:Defend_Wanderer"],"event_name":"Transmorgrifier","player_choice":"Transformed","floor":13.0,"gold_loss":0.0,"damage_taken":0.0,"cards_obtained":["stsjorbsmod:Rest"]}],"is_beta":false,"boss_relics":[],"items_purged_floors":[],"is_endless":false,"potions_floor_spawned":[6,10,12,14],"killed_by":"The Guardian","ascension_level":20}}