{"host":"vk2xyavtylxbvrfq","time":1613680998,"event":{"mods":["Bard","BaseMod","Bestiary","Better Altar","Better Match","Better Note","Better Sensory Stone","Better Skull","Better Vampires","Block Reminder","Bossed Relics","Colored Map","Curses Come First","Displayed Cursed Tome","Downfall","Fox Events","Hermit","Ironclad Rager","Marked Mod","Minty Spire (QoL Compilation)","Quick Restart","Rare Cards Sparkle","Relic Sorter","Reliquary","Robot Space Explorer","StSLib","The Hayseed","The Runesmith","TheSurvivalist","Unceasing Turn Reminder"],"gold_per_floor":[115,80,80,90,90,120,139,173,200,75,98,110,131,158,158,158,158],"floor_reached":16,"language":"ENG","playtime":506,"items_purged":[],"score":181,"play_id":"75ad9713-68a6-4930-8f92-09047ea17a3a","local_time":"20210218154318","is_ascension_mode":true,"campfire_choices":[{"floor":15,"key":"REST"}],"circlet_count":0,"master_deck":["hermit:Strike_Hermit","hermit:Strike_Hermit","hermit:Strike_Hermit","hermit:Strike_Hermit","hermit:Defend_Hermit","hermit:Defend_Hermit","hermit:Defend_Hermit","hermit:Defend_Hermit","hermit:Snapshot","hermit:Covet","hermit:Quickdraw+1","hermit:FullyLoaded+1","hermit:HighCaliber","hermit:BodyArmor","hermit:EyeOfTheStorm","hermit:BodyArmor","hermit:Quickdraw","hermit:Enervate"],"relics":["hermit:Momento","NeowsBlessing","Pocketwatch","reliquary:Stiletto","Peace Pipe","Blood Vial","CeramicFish"],"acts_visited":["Exordium"],"potions_floor_usage":[6,8,13,16],"damage_taken":[{"damage":0,"enemies":"2 Louse","floor":1,"turns":1},{"damage":0,"enemies":"Jaw Worm","floor":4,"turns":1},{"damage":0,"enemies":"Lagavulin","floor":6,"turns":1},{"damage":0,"enemies":"Small Slimes","floor":7,"turns":3},{"damage":42,"enemies":"Gremlin Nob","floor":8,"turns":5},{"damage":5,"enemies":"Red Slaver","floor":11,"turns":3},{"damage":7,"enemies":"Gremlin Gang","floor":12,"turns":6},{"damage":0,"enemies":"Exordium Thugs","floor":13,"turns":2},{"damage":5,"enemies":"2 Fungi Beasts","floor":14,"turns":4},{"damage":57,"enemies":"The Guardian","floor":16,"turns":11}],"seed_played":"725304446536784411","potions_obtained":[{"floor":1,"key":"Fruit Juice"},{"floor":4,"key":"GamblersBrew"},{"floor":12,"key":"Explosive Potion"},{"floor":13,"key":"Regen Potion"}],"is_trial":false,"path_per_floor":["M","?","T","M","?","E","M","E","T","?","M","M","M","M","R","B"],"character_chosen":"HERMIT","items_purchased":[],"campfire_rested":1,"item_purchase_floors":[],"current_hp_per_floor":[68,75,75,75,60,65,65,23,23,23,20,15,17,14,38,0,0],"gold":158,"neow_bonus":"THREE_ENEMY_KILL","is_daily":false,"chose_seed":false,"campfire_upgraded":0,"win_rate":0.0,"timestamp":1613680998,"path_taken":["M","?","?","M","?","E","M","E","T","?","?","?","M","M","R","BOSS"],"items_purchased_type":[],"build_version":"2020-12-22","purchased_purges":0,"victory":false,"max_hp_per_floor":[75,75,75,75,75,80,80,80,80,80,80,80,80,80,80,80,80],"card_choices":[{"not_picked":["hermit:Manifest","hermit:CalledShot"],"picked":"hermit:Quickdraw","floor":1},{"not_picked":["hermit:ItchyTrigger","hermit:NoHoldsBarred"],"picked":"hermit:FullyLoaded","floor":4},{"not_picked":["hermit:Manifest","hermit:Malice"],"picked":"hermit:HighCaliber","floor":6},{"not_picked":["hermit:Misfire","hermit:Deadeye"],"picked":"hermit:BodyArmor","floor":7},{"not_picked":["hermit:TrackingShot","hermit:Purgatory"],"picked":"hermit:EyeOfTheStorm","floor":8},{"not_picked":["hermit:Horror","hermit:Grudge"],"picked":"hermit:BodyArmor","floor":11},{"not_picked":["hermit:Spite","hermit:HoleUp","hermit:Roulette"],"picked":"SKIP","floor":12},{"not_picked":["hermit:NoHoldsBarred","hermit:Headshot"],"picked":"hermit:Quickdraw","floor":13},{"not_picked":["hermit:CalledShot","hermit:Snipe"],"picked":"hermit:Enervate","floor":14}],"player_experience":1421238,"relics_obtained":[{"floor":3,"key":"Pocketwatch"},{"floor":6,"key":"reliquary:Stiletto"},{"floor":8,"key":"Peace Pipe"},{"floor":9,"key":"Blood Vial"}],"event_choices":[{"damage_healed":18,"gold_gain":0,"player_choice":"Healed","damage_taken":0,"max_hp_gain":0,"max_hp_loss":0,"event_name":"The Cleric","floor":2,"gold_loss":35},{"damage_healed":0,"gold_gain":0,"player_choice":"Entered Light","damage_taken":15,"max_hp_gain":0,"max_hp_loss":0,"event_name":"Shining Light","floor":5,"gold_loss":0,"cards_upgraded":["hermit:FullyLoaded","hermit:Quickdraw"]},{"damage_healed":0,"gold_gain":0,"player_choice":"Paid Gold","damage_taken":0,"relics_obtained":["CeramicFish"],"max_hp_gain":0,"max_hp_loss":0,"event_name":"WeMeetAgain","floor":10,"gold_loss":125}],"is_beta":false,"boss_relics":[],"items_purged_floors":[],"is_endless":false,"potions_floor_spawned":[1,4,12,13],"killed_by":"The Guardian","ascension_level":6}}