{"host":"8anmd7ibyxevnonj","time":1613635720,"event":{"mods":["BaseMod","Curses Come First","Minty Spire (QoL Compilation)","Reliquary","StSLib"],"gold_per_floor":[110,110,123,135,153,153,182,182,205,224,224,239,255,255,255,375,375,365,365,365,378,378,378],"floor_reached":22,"language":"ENG","playtime":1386,"items_purged":[],"score":188,"play_id":"4d1733a4-ebdc-4ff7-8409-139c908bbc14","local_time":"20210218090840","is_ascension_mode":false,"campfire_choices":[{"data":"Ball Lightning","floor":6.0,"key":"SMITH"},{"data":"Reprogram","floor":8.0,"key":"SMITH"},{"floor":15.0,"key":"REST"}],"circlet_count":0,"master_deck":["Strike_B","Strike_B","Defend_B","Defend_B","Defend_B","Defend_B","Zap+1","Dualcast","Gash","Beam Cell","Beam Cell","Ball Lightning+1","Reprogram+1","Electrodynamics","Leap","Stack","Creative AI","Defragment","Gash","Bandage Up","Madness","Defragment"],"relics":["reliquary:RedCape","reliquary:PorcupineQuills","MealTicket","Golden Idol","Empty Cage"],"acts_visited":["Exordium","TheCity"],"potions_floor_usage":[21],"damage_taken":[{"damage":0.0,"enemies":"Cultist","floor":1.0,"turns":3.0},{"damage":1.0,"enemies":"Jaw Worm","floor":3.0,"turns":4.0},{"damage":1.0,"enemies":"2 Louse","floor":4.0,"turns":4.0},{"damage":7.0,"enemies":"2 Fungi Beasts","floor":5.0,"turns":3.0},{"damage":12.0,"enemies":"3 Sentries","floor":7.0,"turns":6.0},{"damage":9.0,"enemies":"Blue Slaver","floor":10.0,"turns":3.0},{"damage":11.0,"enemies":"Lots of Slimes","floor":12.0,"turns":2.0},{"damage":3.0,"enemies":"Gremlin Gang","floor":13.0,"turns":3.0},{"damage":35.0,"enemies":"The Guardian","floor":16.0,"turns":11.0},{"damage":26,"enemies":"2 Thieves","floor":18,"turns":4},{"damage":8,"enemies":"3 Byrds","floor":21,"turns":5},{"damage":38,"enemies":"Centurion and Healer","floor":22,"turns":6}],"seed_played":"-1502886969710818479","potions_obtained":[{"floor":1.0,"key":"ColorlessPotion"},{"floor":4.0,"key":"Fruit Juice"},{"floor":5.0,"key":"EntropicBrew"},{"floor":16.0,"key":"SteroidPotion"},{"floor":21,"key":"FearPotion"}],"is_trial":false,"path_per_floor":["M","?","M","M","M","R","E","R","T","M","?","M","M","?","R","B",null,"M","?","?","M","M"],"character_chosen":"DEFECT","items_purchased":[],"campfire_rested":1,"item_purchase_floors":[],"current_hp_per_floor":[75,75,74,73,66,66,54,54,54,45,38,27,29,29,53,18,80,54,54,35,31,0,0],"gold":378,"neow_bonus":"BOSS_RELIC","is_daily":false,"chose_seed":false,"campfire_upgraded":2,"win_rate":0.0,"timestamp":1613635720,"path_taken":["M","?","?","M","M","R","E","R","T","M","?","M","M","?","R","BOSS","M","?","?","?","M"],"items_purchased_type":[],"build_version":"2020-12-13","purchased_purges":0,"victory":false,"max_hp_per_floor":[75,75,75,75,75,75,75,75,75,75,75,75,80,80,80,80,80,80,80,80,80,80,80],"card_choices":[{"not_picked":["Static Discharge","BootSequence"],"picked":"Gash","floor":1.0},{"not_picked":["Conserve Battery","Undo"],"picked":"Beam Cell","floor":3.0},{"not_picked":["Barrage","Hello World"],"picked":"Beam Cell","floor":4.0},{"not_picked":["Coolheaded","Darkness"],"picked":"Ball Lightning","floor":5.0},{"not_picked":["Undo","Leap"],"picked":"Reprogram","floor":7.0},{"not_picked":["Stack","Go for the Eyes"],"picked":"Electrodynamics","floor":10.0},{"not_picked":["Coolheaded","Barrage"],"picked":"Leap","floor":12.0},{"not_picked":["Hologram","Undo"],"picked":"Stack","floor":13.0},{"not_picked":["Electrodynamics","Multi-Cast"],"picked":"Creative AI","floor":16.0},{"not_picked":["Leap","Cold Snap+1"],"picked":"Defragment","floor":18},{"not_picked":["White Noise","Cold Snap"],"picked":"Defragment","floor":21}],"player_experience":32855,"relics_obtained":[{"floor":7.0,"key":"reliquary:PorcupineQuills"},{"floor":9.0,"key":"MealTicket"}],"event_choices":[{"damage_healed":0.0,"max_hp_gain":0.0,"max_hp_loss":0.0,"gold_gain":0.0,"event_name":"Upgrade Shrine","player_choice":"Upgraded","floor":2.0,"gold_loss":0.0,"damage_taken":0.0,"cards_upgraded":["Zap"]},{"cards_removed":["Strike_B"],"damage_healed":0.0,"max_hp_gain":0.0,"max_hp_loss":0.0,"gold_gain":0.0,"event_name":"Golden Wing","player_choice":"Card Removal","floor":11.0,"gold_loss":0.0,"damage_taken":7.0},{"damage_healed":0.0,"max_hp_gain":0.0,"max_hp_loss":0.0,"gold_gain":0.0,"event_name":"Golden Idol","player_choice":"Take Wound","floor":14.0,"gold_loss":0.0,"damage_taken":0.0,"relics_obtained":["Golden Idol"],"cards_obtained":["Injury"]},{"damage_healed":0,"gold_gain":0,"player_choice":"Read","damage_taken":0,"max_hp_gain":0,"max_hp_loss":0,"event_name":"The Library","floor":19,"gold_loss":0,"cards_obtained":["Gash"]},{"damage_healed":0,"gold_gain":0,"player_choice":"CARD CARD ","damage_taken":19,"max_hp_gain":0,"max_hp_loss":0,"event_name":"Knowing Skull","floor":20,"potions_obtained":[],"gold_loss":0,"cards_obtained":["Bandage Up","Madness"]}],"is_beta":false,"boss_relics":[{"not_picked":["Busted Crown","Velvet Choker"],"picked":"Empty Cage"}],"items_purged_floors":[],"is_endless":false,"potions_floor_spawned":[1,4,5,16,21],"killed_by":"Centurion and Healer","ascension_level":0}}