{"host":"4wxwpv5qre4pm8t8","time":1613646460,"event":{"mods":["2.2 Compatiblity","AchievementEnabler","Act Like it!","Always Whale","Astrologer","BaseMod","Challenge The Spire","Conspire","Dota2Spire","Downfall","Elementarium","Friendly Minions","Halation","Highlight Path","Hubris","Infinite Spire","Lobotomy","Minty Spire (QoL Compilation)","Pale of the Ancients","Random Character Button","Replay The Spire","Shop Mod","StSLib","SuperFastMode","The Animator","The Jungle","Useless Jewels Mod","Yuri Mod","egg"],"gold_per_floor":[278,272,295,314,314,345,356,385,385,412,412,431,450,450,450,555,555,571,585,259,272,272,272,307,307,307,338,338,350,376,376,395,395,497,497,512,462,462,513,513,513,538,538,538,558,589,589,603,603,603,603],"floor_reached":52,"language":"ENG","playtime":2502,"items_purged":[],"score":1104,"play_id":"1ea5ea8b-e615-430c-b9fc-3ba58ac56002","local_time":"20210218030740","is_ascension_mode":true,"campfire_choices":[{"floor":23,"key":"REST"},{"data":"Ecstasy","floor":47,"key":"SMITH"},{"data":"Master of Strategy","floor":50,"key":"SMITH"}],"circlet_count":0,"master_deck":["SpecialBullet","SpecialBullet","SpecialBullet","SpecialBullet","SpecialBullet","SpecialBullet","SpecialBullet","SpecialBullet","SecurityCode","InformationCode","CentralCode","Flash of Steel+1","RedShoes","Tough","Tough","OldLady","Mimicry","WristCuter","Master of Strategy+1","GoldRush","Reverberation+1","TrainingCode","Tough+1","BlackArmy","Tough+1","Penitence+1","CENSORED_ego+1","GoldRush","Ecstasy+1"],"relics":["CogitoBucket","Orichalcum","ReplayTheSpireMod:CursedCoin","Bag of Marbles","Dota2Spire:HeartOfTarrasque","Dota2Spire:BattleFury","Replay:Ringing Soul","SkinProphecy","Dota2Spire:RefresherOrb","Blood Vial","AspirationHeart","Tiny Chest","Strawberry","Bronze Scales","hubris:TinFlute","hubris:BottledRain","Question Card","Dota2Spire:PowerTreads","hubris:Towel","TreeSap","hubris:Backtick","infinitespire:Freezer","Dota2Spire:ShivaGuard","infinitespire:Golems Mask","Replay:Rubber Ducky","yuri:PortableGlitches","Garlic"],"acts_visited":["Exordium","Exordium","TheBeyond"],"potions_floor_usage":[12,16,21,21,27,30,51],"damage_taken":[{"damage":6,"enemies":"Cultist","floor":1,"turns":3},{"damage":2,"enemies":"2 Louse","floor":4,"turns":1},{"damage":30,"enemies":"Replay:BlueRogue","floor":6,"turns":4},{"damage":7,"enemies":"Jaw Worm","floor":7,"turns":2},{"damage":8,"enemies":"Gremlin Nob","floor":8,"turns":3},{"damage":6,"enemies":"3 Sentries","floor":10,"turns":2},{"damage":12,"enemies":"Gremlin Gang","floor":12,"turns":9},{"damage":0,"enemies":"Lots of Slimes","floor":13,"turns":1},{"damage":4,"enemies":"Fading Forest","floor":16,"turns":11},{"damage":0,"enemies":"theJungle:MUSHROOMGANG","floor":18,"turns":2},{"damage":13,"enemies":"theJungle:GiantWrat","floor":19,"turns":3},{"damage":69,"enemies":"Snake Plant","floor":21,"turns":6},{"damage":4,"enemies":"theJungle:2_Phrogs","floor":24,"turns":4},{"damage":4,"enemies":"theJungle:Cassacara","floor":27,"turns":2},{"damage":0,"enemies":"theJungle:2_Snecko_Cultists","floor":29,"turns":2},{"damage":5,"enemies":"theJungle:Cassacara","floor":30,"turns":2},{"damage":140,"enemies":"theJungle:JungleHuntersEncounter","floor":32,"turns":6},{"damage":12,"enemies":"theJungle:FunGuy","floor":34,"turns":4},{"damage":0,"enemies":"3 Shapes","floor":36,"turns":1},{"damage":5,"enemies":"2 Orb Walkers","floor":39,"turns":2},{"damage":0,"enemies":"R_Hoarder","floor":42,"turns":3},{"damage":0,"enemies":"Orb Walker","floor":45,"turns":1},{"damage":0,"enemies":"Reptomancer","floor":46,"turns":1},{"damage":4,"enemies":"Jaw Worm Horde","floor":48,"turns":1},{"damage":52,"enemies":"FixerMidnight","floor":51,"turns":5},{"damage":0,"enemies":"Malkuth","floor":52,"turns":4},{"damage":7,"enemies":"Netzach","floor":52,"turns":5}],"seed_played":"6626964920665591689","potions_obtained":[{"floor":4,"key":"champ:CounterPotion"},{"floor":7,"key":"Weak Potion"},{"floor":10,"key":"bronze:BurnAndBuffPotion"},{"floor":12,"key":"champ:CounterPotion"},{"floor":16,"key":"PowerPotion"},{"floor":29,"key":"Explosive Potion"},{"floor":34,"key":"Swift Potion"},{"floor":39,"key":"BlessingOfTheForge"}],"is_trial":false,"path_per_floor":["M","$","T","M","?","E","M","E","T","E","R","M","M","?","R","B",null,"M","M","$","M","$","R","E","R","T","E","E","M","E","?","M","R","B",null,"M","$","?","?","T","R","E","R","T","M","E","R","M","?","R","B",null],"character_chosen":"Angela","items_purchased":["Orichalcum","ReplayTheSpireMod:CursedCoin","Master of Strategy","Blood Vial","Tiny Chest","Strawberry","Bronze Scales","Strength Potion"],"campfire_rested":1,"item_purchase_floors":[2,2,20,20,22,22,22,37],"current_hp_per_floor":[70,70,70,70,70,56,57,57,57,62,62,62,73,73,73,91,91,93,97,100,67,44,81,103,106,106,115,115,131,142,142,33,33,44,157,162,162,162,167,167,167,169,169,169,171,173,173,175,175,175,153],"gold":603,"neow_bonus":"RANDOM_COLORLESS","is_daily":false,"chose_seed":false,"campfire_upgraded":2,"win_rate":0.0,"timestamp":1613646460,"path_taken":["M","$","?","M","?","E","M","E","T","E","R","M","M","?","R","BOSS","M","?","$","?","?","R","E","R","T","E","E","M","E","?","M","R","BOSS","M","$","?","?","?","R","E","R","T","?","E","R","M","?","R","BOSS"],"items_purchased_type":["Relic","Relic","Card","Relic","Relic","Relic","Relic","Potion"],"build_version":"2020-12-22","purchased_purges":0,"victory":true,"max_hp_per_floor":[70,70,70,70,70,78,78,78,78,81,81,81,86,86,86,91,91,93,98,101,118,125,125,130,133,133,135,135,140,145,145,152,152,157,157,162,162,162,167,167,167,169,169,169,171,173,173,175,175,175,177],"card_choices":[{"not_picked":["hubris:Insight","Impatience"],"picked":"Flash of Steel","floor":0},{"not_picked":["SingingMachine","ShyLook"],"picked":"RedShoes","floor":1},{"not_picked":["Harmony","CherryBlossom"],"picked":"SKIP","floor":1},{"not_picked":["Penitence"],"picked":"Tough","floor":4},{"not_picked":["Amita","Soda"],"picked":"SKIP","floor":6},{"not_picked":["Wingbeat","RedEyes"],"picked":"SKIP","floor":7},{"not_picked":["Penitence","Wingbeat"],"picked":"SKIP","floor":8},{"not_picked":["Wingbeat"],"picked":"Tough","floor":10},{"not_picked":["Amita","Regret_ego"],"picked":"SKIP","floor":12},{"not_picked":["Variant","QueenBee"],"picked":"OldLady","floor":13},{"not_picked":["Soda","Lantern"],"picked":"SKIP","floor":13},{"not_picked":["Adoration"],"picked":"Mimicry","floor":16},{"not_picked":["RapturousDream","Horn"],"picked":"SKIP","floor":18},{"not_picked":["Lantern"],"picked":"WristCuter","floor":19},{"not_picked":["WristCuter"],"picked":"GoldRush","floor":21},{"not_picked":["CUTE"],"picked":"Reverberation+1","floor":24},{"not_picked":["BlackSwan_ego","Loneliness+1"],"picked":"SKIP","floor":27},{"not_picked":["Horn","CUTE"],"picked":"Tough+1","floor":29},{"not_picked":["Murderer","BigBird"],"picked":"BlackArmy","floor":30},{"not_picked":["Wingbeat","SomewhereSpear"],"picked":"Tough+1","floor":30},{"not_picked":["RedEyes","Lantern+1"],"picked":"Penitence+1","floor":32},{"not_picked":["Mimicry","Pinks"],"picked":"CENSORED_ego","floor":34},{"not_picked":["Ecstasy","RedEyes+1"],"picked":"GoldRush","floor":36},{"not_picked":["MagicBullet+1","CherryBlossom+1"],"picked":"Ecstasy","floor":39},{"not_picked":["Beak+1","Wingbeat","FeatherOfHonor"],"picked":"SKIP","floor":42},{"not_picked":["RedEyes+1","FeatherOfHonor+1","Beak"],"picked":"SKIP","floor":45},{"not_picked":["Loneliness+1","Diffraction+1","Justitia"],"picked":"SKIP","floor":46},{"not_picked":["Horn+1","SomewhereSpear+1","BloodyDesire"],"picked":"SKIP","floor":48}],"player_experience":534028,"relics_obtained":[{"floor":3,"key":"Bag of Marbles"},{"floor":6,"key":"Dota2Spire:HeartOfTarrasque"},{"floor":8,"key":"Dota2Spire:BattleFury"},{"floor":10,"key":"Replay:Ringing Soul"},{"floor":24,"key":"hubris:TinFlute"},{"floor":26,"key":"hubris:BottledRain"},{"floor":27,"key":"Question Card"},{"floor":30,"key":"Dota2Spire:PowerTreads"},{"floor":39,"key":"Dota2Spire:ShivaGuard"},{"floor":40,"key":"infinitespire:Golems Mask"},{"floor":42,"key":"Replay:Rubber Ducky"},{"floor":44,"key":"yuri:PortableGlitches"},{"floor":46,"key":"Garlic"}],"event_choices":[{"damage_healed":0,"gold_gain":0,"player_choice":"Grow","damage_taken":0,"max_hp_gain":0,"max_hp_loss":0,"event_name":"Living Wall","floor":5,"gold_loss":0,"cards_upgraded":["Flash of Steel"]},{"damage_healed":0,"gold_gain":0,"player_choice":"Ignored","damage_taken":0,"max_hp_gain":0,"max_hp_loss":0,"event_name":"Transmorgrifier","floor":14,"gold_loss":0},{"damage_healed":0,"gold_gain":0,"player_choice":"Fight","damage_taken":0,"max_hp_gain":0,"max_hp_loss":0,"event_name":"Mysterious Sphere","floor":39,"gold_loss":0}],"is_beta":false,"boss_relics":[{"not_picked":["hubris:VirtuousBlindfold","ReplayTheSpireMod:DimensionalGlitch"],"picked":"Dota2Spire:RefresherOrb"},{"not_picked":["conspire:SeveredTorchhead","Cursed Key"],"picked":"hubris:Backtick"}],"items_purged_floors":[],"is_endless":false,"potions_floor_spawned":[4,7,10,12,16,18,29,34,39,45,48],"ascension_level":1}}