{"host":"iudiqz5bwex5meyb","time":1613614283,"event":{"mods":["AchievementEnabler","BaseMod","Block Reminder","Colored Map","Minty Spire (QoL Compilation)","StSLib","ojb\u0027s Better Paths Mod","ojb\u0027s Info Mod"],"gold_per_floor":[118,134,134,148,171,205,220,220,220],"floor_reached":8,"language":"ENG","playtime":460,"items_purged":[],"score":78,"play_id":"71e256c4-3bc2-4967-b1ff-f537be0ee9df","local_time":"20210217201123","is_ascension_mode":true,"campfire_choices":[],"circlet_count":0,"master_deck":["Strike_G","Strike_G","Strike_G","Strike_G","Strike_G","Defend_G","Defend_G","Defend_G","Defend_G","Defend_G","Survivor","Neutralize","Catalyst","Sucker Punch","Flying Knee","Dagger Throw","Terror","Backflip"],"relics":["Ring of the Snake","NeowsBlessing","Golden Idol","Singing Bowl"],"acts_visited":["Exordium"],"potions_floor_usage":[6,6,8],"damage_taken":[{"damage":0,"enemies":"Small Slimes","floor":1,"turns":1},{"damage":0,"enemies":"Jaw Worm","floor":2,"turns":1},{"damage":0,"enemies":"2 Louse","floor":4,"turns":1},{"damage":15,"enemies":"Exordium Wildlife","floor":5,"turns":8},{"damage":2,"enemies":"Gremlin Nob","floor":6,"turns":3},{"damage":11,"enemies":"3 Louse","floor":7,"turns":4},{"damage":31,"enemies":"Lagavulin","floor":8,"turns":5}],"seed_played":"-8093051525888735747","potions_obtained":[{"floor":1,"key":"Strength Potion"},{"floor":2,"key":"Poison Potion"},{"floor":4,"key":"GamblersBrew"}],"is_trial":false,"path_per_floor":["M","M","?","M","M","E","M","E"],"character_chosen":"THE_SILENT","items_purchased":[],"campfire_rested":0,"item_purchase_floors":[],"current_hp_per_floor":[63,63,46,46,31,29,18,0,0],"gold":220,"neow_bonus":"THREE_ENEMY_KILL","is_daily":false,"chose_seed":false,"campfire_upgraded":0,"win_rate":0.0,"timestamp":1613614283,"path_taken":["M","M","?","M","M","E","M","E"],"items_purchased_type":[],"build_version":"2020-12-22","purchased_purges":0,"victory":false,"max_hp_per_floor":[70,70,70,70,70,70,70,70,70],"card_choices":[{"not_picked":["Heel Hook","Setup"],"picked":"Catalyst","floor":1},{"not_picked":["Dash","Masterful Stab"],"picked":"Sucker Punch","floor":2},{"not_picked":["Dash","Bane"],"picked":"Flying Knee","floor":4},{"not_picked":["Dagger Spray","Slice"],"picked":"Dagger Throw","floor":5},{"not_picked":["Endless Agony","Flying Knee"],"picked":"Terror","floor":6},{"not_picked":["PiercingWail","Flying Knee"],"picked":"Backflip","floor":7}],"player_experience":307164,"relics_obtained":[{"floor":6,"key":"Singing Bowl"}],"event_choices":[{"damage_healed":0,"gold_gain":0,"player_choice":"Take Damage","damage_taken":17,"relics_obtained":["Golden Idol"],"max_hp_gain":0,"max_hp_loss":0,"event_name":"Golden Idol","floor":3,"gold_loss":0}],"is_beta":false,"boss_relics":[],"items_purged_floors":[],"is_endless":false,"potions_floor_spawned":[1,2,4,5],"killed_by":"Lagavulin","ascension_level":6}}