{"host":"tod","time":1613665725,"event":{"mods":["ATMod(∞¢Ë™Mod)","AchievementEnabler","Act Like it!","BaseMod","CapriCore","Energized Spire","Highlight Path","Lobotomy","Marisa£®ÏF”Í°°ƒß¿Ì…≥£©","Minty Spire (QoL Compilation)","Quick Restart","Reimu£®≤©¿ˆ¡È√Œ£©","Relic Filter Mod","Relic Stats","Remilia£®¿Ÿ√◊¿Ú—«£©","Replay The Spire","Shop Mod","StSLib","The Cursed","The Immortal","Yakumo Yukari mod","Youmu£®ªÍ∆«—˝√Œ£©"],"gold_per_floor":[113,125,141,141,141,173,193,193,193,219,239,164,197,213,213,299,299,319,329,347,347,361,361,390,406,406,406,443,185,185,197,197,268,268,280,307,108,108,108,150,150,109,159,159,212,212,212,230,230,230,230,230,230,230,105,139,139,139],"floor_reached":57,"language":"ZHS","playtime":1956,"items_purged":["Strike_R","Bash","Strike_R"],"score":2026,"play_id":"9e326a4a-4f17-4f79-a176-9131a9c0ded6","local_time":"20210219002845","is_ascension_mode":true,"campfire_choices":[{"data":"AT_EmpoweredMortalDraw","floor":8.0,"key":"SMITH"},{"data":"Strike_R","floor":15.0,"key":"PURGE"},{"floor":23.0,"key":"REST"},{"floor":27.0,"key":"REST"},{"floor":30.0,"key":"RECALL"},{"data":"AT_EssenceShift","floor":32.0,"key":"SMITH"},{"floor":44.0,"key":"REST"},{"floor":46.0,"key":"REST"},{"data":"AT_ManFootWork","floor":49.0,"key":"SMITH"},{"data":"AT_CaressingTears","floor":54.0,"key":"SMITH"}],"circlet_count":0,"master_deck":["AscendersBane","Strike_R","Defend_R+1","Defend_R+1","Defend_R+1","Defend_R+1","AT_EmpoweredMortalDraw+1","AT_EssenceShift+1","Twin Strike","Twin Strike","Berserk+1","AT_ManFootWork+1","Metallicize","Demonic Infusion+1","Pommel Strike+1","ReplayTheSpireMod:Limb From Limb","AT_CaressingTears+1","Shrug It Off","AT_Dispersion"],"relics":["AT_ATBox","AT_MortalBlade","CeramicFish","Ginger","Letter Opener","AT_DeathDance","Boot","energizedSpire:OgreHead","Turnip","Red Skull","Juzu Bracelet","energizedSpire:MagnifyingGlass","Guide Book","Du-Vu Doll","AT_SunfireAegis","CatCart","Replay:Bottled Eggs"],"acts_visited":["Exordium","TheCity","TheBeyond","TheEnding"],"potions_floor_usage":[],"damage_taken":[{"damage":0.0,"enemies":"Cultist","floor":1.0,"turns":2.0},{"damage":2.0,"enemies":"Jaw Worm","floor":2.0,"turns":2.0},{"damage":0.0,"enemies":"2 Louse","floor":3.0,"turns":1.0},{"damage":15.0,"enemies":"Lagavulin","floor":6.0,"turns":3.0},{"damage":0.0,"enemies":"Exordium Thugs","floor":7.0,"turns":1.0},{"damage":0.0,"enemies":"3 Sentries","floor":10.0,"turns":1.0},{"damage":1.0,"enemies":"3 Louse","floor":11.0,"turns":2.0},{"damage":6.0,"enemies":"Lagavulin","floor":13.0,"turns":3.0},{"damage":0.0,"enemies":"Large Slime","floor":14.0,"turns":3.0},{"damage":0.0,"enemies":"Fading Forest","floor":16.0,"turns":13.0},{"damage":0.0,"enemies":"Spheric Guardian","floor":18.0,"turns":1.0},{"damage":0.0,"enemies":"Chosen","floor":19.0,"turns":2.0},{"damage":35.0,"enemies":"Snake Plant","floor":22.0,"turns":3.0},{"damage":15.0,"enemies":"Slavers","floor":24.0,"turns":2.0},{"damage":0.0,"enemies":"Snecko","floor":25.0,"turns":2.0},{"damage":0.0,"enemies":"Replay:Snechameleon","floor":28.0,"turns":4.0},{"damage":0.0,"enemies":"Shelled Parasite and Fungi","floor":31.0,"turns":2.0},{"damage":33.0,"enemies":"Champ","floor":33.0,"turns":8.0},{"damage":0.0,"enemies":"3 Shapes","floor":35.0,"turns":1.0},{"damage":33.0,"enemies":"Orb Walker","floor":36.0,"turns":5.0},{"damage":20.0,"enemies":"Nemesis","floor":40.0,"turns":5.0},{"damage":0.0,"enemies":"Orin","floor":45.0,"turns":7.0},{"damage":0.0,"enemies":"4 Shapes","floor":48.0,"turns":2.0},{"damage":31.0,"enemies":"Replay:Hell Engine","floor":50.0,"turns":10.0},{"damage":52.0,"enemies":"Time Eater","floor":51.0,"turns":10.0},{"damage":91,"enemies":"Shield and Spear","floor":56,"turns":7},{"damage":70,"enemies":"The Heart","floor":57,"turns":3}],"seed_played":"-3961541781607713818","potions_obtained":[{"floor":2.0,"key":"ColorlessPotion"},{"floor":7.0,"key":"Doom Potion"},{"floor":13.0,"key":"LiquidMemories"},{"floor":14.0,"key":"Adrenaline Potion"},{"floor":16.0,"key":"Milkshake"},{"floor":22.0,"key":"EssenceOfSteel"},{"floor":24.0,"key":"Block Potion"},{"floor":28.0,"key":"PowerPotion"},{"floor":36.0,"key":"LiquidBronze"},{"floor":39.0,"key":"FairyPotion"},{"floor":40.0,"key":"Block Potion"}],"is_trial":false,"path_per_floor":["M","M","M","?","?","E","M","R","T","E","M","$","E","M","R","B",null,"M","M","?","?","M","R","E","M","T","R","E","$","R","M","R","B",null,"M","M","$","?","?","E","?","$","T","R","?","R","?","M","R","B","B",null,null,"R","$","E","B"],"character_chosen":"IRONCLAD","items_purchased":["Juzu Bracelet","ReplayTheSpireMod:Limb From Limb","Guide Book","Shrug It Off"],"campfire_rested":4,"item_purchase_floors":[29,37,37,42],"current_hp_per_floor":[68,66,66,66,66,51,51,51,51,51,50,50,44,44,44,52,69,69,69,69,58,23,47,32,32,32,56,56,56,56,56,56,23,66,66,33,33,33,33,13,13,13,13,37,37,61,61,61,61,34,11,11,63,63,63,31,0,0],"gold":139,"neow_bonus":"BOSS_RELIC","is_daily":false,"chose_seed":false,"campfire_upgraded":4,"win_rate":0.0,"timestamp":1613665725,"path_taken":["M","M","?","?","?","E","?","R","T","E","M","$","E","M","R","BOSS","M","M","?","?","M","R","E","M","T","R","E","$","R","M","R","BOSS","M","M","$","?","?","E","?","$","T","R","?","R","?","M","R","BOSS","BOSS","R","$","E","BOSS"],"items_purchased_type":["Relic","Card","Relic","Card"],"build_version":"2020-12-18","purchased_purges":3,"victory":false,"max_hp_per_floor":[75,75,75,75,75,75,75,75,75,75,75,75,75,75,75,75,75,75,75,75,80,80,80,80,80,80,80,80,80,80,80,80,80,80,80,80,80,80,80,80,80,80,80,80,80,80,80,80,80,80,80,80,80,80,80,80,80,80],"relic_stats":{"counters":[27,105],"CeramicFish":90,"Turnip":[8],"Juzu Bracelet":1,"Ginger":[20],"Letter Opener":[92],"Boot":[30],"obtain_stats":[{"AT_ATBox":0,"CeramicFish":5,"Guide Book":37,"AT_MortalBlade":0,"energizedSpire:OgreHead":17,"Juzu Bracelet":29,"Ginger":6,"Letter Opener":9,"Boot":13,"Burning Blood":0,"Du-Vu Doll":40,"Turnip":24,"energizedSpire:MagnifyingGlass":34,"AT_DeathDance":10,"AT_SunfireAegis":43,"CatCart":45,"Replay:Bottled Eggs":56,"Red Skull":28},{"AT_ATBox":0,"CeramicFish":3,"Guide Book":20,"AT_MortalBlade":0,"energizedSpire:OgreHead":10,"Juzu Bracelet":16,"Ginger":4,"Letter Opener":5,"Boot":8,"Burning Blood":0,"Du-Vu Doll":21,"Turnip":14,"energizedSpire:MagnifyingGlass":18,"AT_DeathDance":6,"AT_SunfireAegis":21,"CatCart":22,"Replay:Bottled Eggs":26,"Red Skull":16},{"AT_ATBox":0,"CeramicFish":5,"Guide Book":61,"AT_MortalBlade":0,"energizedSpire:OgreHead":31,"Juzu Bracelet":45,"Ginger":8,"Letter Opener":9,"Boot":15,"Burning Blood":0,"Du-Vu Doll":66,"Turnip":39,"energizedSpire:MagnifyingGlass":55,"AT_DeathDance":10,"AT_SunfireAegis":66,"CatCart":73,"Replay:Bottled Eggs":102,"Red Skull":45}]},"card_choices":[{"not_picked":["Intimidate","Run Through"],"picked":"Twin Strike","floor":1.0},{"not_picked":["AT_BodySlamDance","Body Slam"],"picked":"Twin Strike","floor":2.0},{"not_picked":["Clash","Bludgeon","Flex"],"picked":"SKIP","floor":3.0},{"not_picked":["Corruption","ReplayReversal","Rage"],"picked":"SKIP","floor":6.0},{"not_picked":["Anger","Shrug It Off","ReplayTheSpireMod:Strike From Hell"],"picked":"SKIP","floor":7.0},{"not_picked":["Clothesline","Warcry","Rage"],"picked":"SKIP","floor":10.0},{"not_picked":["Iron Wave","Ghostly Armor","Shockwave"],"picked":"SKIP","floor":11.0},{"not_picked":["Iron Wave","Pommel Strike","Spot Weakness"],"picked":"SKIP","floor":13.0},{"not_picked":["Warcry","Flex","ReplayTheSpireMod:Strike From Hell"],"picked":"SKIP","floor":14.0},{"not_picked":["Warcry","Flex","ReplayTheSpireMod:Strike From Hell"],"picked":"SKIP","floor":14.0},{"not_picked":["Double Tap","Impervious"],"picked":"Berserk","floor":16.0},{"not_picked":["ReplayReversal+1","Havoc"],"picked":"AT_CaressingTears","floor":18.0},{"not_picked":["Cleave","AT_BodySlamDance","Armaments"],"picked":"SKIP","floor":19.0},{"not_picked":["Bloodletting+1","Warcry","Immolate"],"picked":"SKIP","floor":22.0},{"not_picked":["Spot Weakness+1","Dual Wield","AT_IchimonjiDouble"],"picked":"SKIP","floor":24.0},{"not_picked":["Dropkick","True Grit","Headbutt"],"picked":"SKIP","floor":25.0},{"not_picked":["ReplayTheSpireMod:Corrosion Curse","Power Through"],"picked":"Demonic Infusion","floor":28.0},{"not_picked":["Iron Wave","Thunderclap","Headbutt+1"],"picked":"SKIP","floor":31.0},{"not_picked":["Ghostly Armor","Anger+1","Wild Strike"],"picked":"SKIP","floor":35.0},{"not_picked":["Body Slam","Warcry+1"],"picked":"Pommel Strike+1","floor":36.0},{"not_picked":["Reckless Charge","Juggernaut"],"picked":"AT_CaressingTears","floor":40.0},{"not_picked":["Ghostly Armor+1","Perfected Strike","Anger"],"picked":"SKIP","floor":48.0},{"not_picked":["AT_Dispersion","Body Slam","AT_GerminateFire"],"picked":"SKIP","floor":56},{"not_picked":["Body Slam","AT_GerminateFire"],"picked":"AT_Dispersion","floor":56}],"player_experience":401158,"relics_obtained":[{"floor":6.0,"key":"Ginger"},{"floor":9.0,"key":"Letter Opener"},{"floor":10.0,"key":"AT_DeathDance"},{"floor":13.0,"key":"Boot"},{"floor":24.0,"key":"Turnip"},{"floor":28.0,"key":"Red Skull"},{"floor":40.0,"key":"Du-Vu Doll"},{"floor":43.0,"key":"AT_SunfireAegis"},{"floor":45.0,"key":"CatCart"},{"floor":56,"key":"Replay:Bottled Eggs"}],"event_choices":[{"damage_healed":0.0,"max_hp_gain":0.0,"max_hp_loss":0.0,"gold_gain":0.0,"event_name":"WeMeetAgain","player_choice":"Gave Potion","floor":5.0,"gold_loss":0.0,"damage_taken":0.0,"relics_obtained":["CeramicFish"]},{"damage_healed":0.0,"max_hp_gain":0.0,"max_hp_loss":0.0,"gold_gain":0.0,"cards_transformed":["AT_CaressingTears","Strike_R"],"event_name":"Drug Dealer","player_choice":"Became Test Subject","floor":20.0,"gold_loss":0.0,"damage_taken":0.0,"cards_obtained":["AT_ManFootWork","Metallicize"]},{"damage_healed":0.0,"max_hp_gain":5.0,"max_hp_loss":0.0,"gold_gain":0.0,"event_name":"Forgotten Altar","player_choice":"Shed Blood","floor":21.0,"gold_loss":0.0,"damage_taken":26.0},{"damage_healed":0.0,"max_hp_gain":0.0,"max_hp_loss":0.0,"gold_gain":0.0,"event_name":"Lab","player_choice":"Got Potions","floor":39.0,"gold_loss":0.0,"damage_taken":0.0},{"damage_healed":0.0,"max_hp_gain":0.0,"max_hp_loss":0.0,"gold_gain":0.0,"event_name":"Tomb of Lord Red Mask","player_choice":"Ignored","floor":41.0,"gold_loss":0.0,"damage_taken":0.0},{"damage_healed":0.0,"max_hp_gain":0.0,"max_hp_loss":0.0,"gold_gain":0.0,"event_name":"OrinTheCat","player_choice":"Fight","floor":45.0,"gold_loss":0.0,"damage_taken":0.0}],"is_beta":true,"boss_relics":[{"not_picked":["Philosopher\u0027s Stone","energizedSpire:EnergizedDie"],"picked":"energizedSpire:OgreHead"},{"not_picked":["Replay:Drink Me","Coffee Dripper"],"picked":"energizedSpire:MagnifyingGlass"}],"items_purged_floors":[12,29,55],"is_endless":false,"potions_floor_spawned":[2,7,13,14,16,18,22,24,28,36,40],"killed_by":"The Heart","ascension_level":20}}