{"host":"ifvrsrzj00f2ebkn","time":1613652369,"event":{"mods":["BaseMod","Colored Map","Colored Powertips","Minty Spire (QoL Compilation)","Random Character Button","Shop Mod","StSLib"],"gold_per_floor":[115,190,190,202,202,231,266,299,299,327,327,205,239,295,295,369,369,380,380,378,359,375,403,435,435,435,460,13,45,70,105,105,184,184,195,195,195,108,125,151,184,184,184,209,234,261,294,11,11,11],"floor_reached":51,"language":"ENG","playtime":6525,"items_purged":[],"score":2019,"play_id":"aa7224e3-1b54-4033-9ce7-a158027b4908","local_time":"20210218204609","daily_mods":["SealedDeck","Hoarder","Red Cards","Heirloom","Time Dilation","Flight","DeadlyEvents","Elite Swarm"],"is_ascension_mode":true,"campfire_choices":[{"floor":11,"key":"REST"},{"floor":15,"key":"REST"},{"floor":25,"key":"REST"},{"floor":32,"key":"REST"},{"data":"Double Tap","floor":42,"key":"SMITH"},{"floor":49,"key":"REST"}],"circlet_count":0,"master_deck":["AscendersBane","Flex","Flex","Flex","Whirlwind","Whirlwind","Whirlwind","True Grit","True Grit","True Grit","Spot Weakness","Spot Weakness","Spot Weakness","Inflame","Inflame","Ghostly Armor","Ghostly Armor","Ghostly Armor","Iron Wave","Iron Wave","Iron Wave","Shrug It Off","Shrug It Off","Shrug It Off","Armaments","Armaments","Armaments","Iron Wave","Iron Wave","Iron Wave","True Grit","True Grit","True Grit","Rampage","Rampage","Rampage","Power Through","Power Through","Power Through","Immolate","Immolate","Immolate","Impervious","Impervious","Impervious","Brutality","Reaper+1","Reaper+1","Reaper+1","Double Tap","Double Tap","Double Tap+1","Shrug It Off","Shrug It Off","Shrug It Off","J.A.X.","J.A.X.","J.A.X.","Whirlwind+1","Whirlwind+1","Whirlwind+1","Iron Wave+1","Iron Wave+1","Iron Wave+1","Iron Wave+1","Iron Wave+1","Iron Wave+1","Double Tap","Double Tap","Double Tap","Double Tap","Double Tap","Double Tap","Iron Wave+1","Iron Wave+1","Iron Wave+1","Apotheosis","Apotheosis","Apotheosis","Limit Break","Limit Break","Limit Break","Limit Break","Limit Break","Limit Break","Double Tap","Double Tap","Double Tap"],"relics":["Burning Blood","The Courier","Centennial Puzzle","Molten Egg 2","Meat on the Bone","Chemical X","Kunai","Mark of Pain","Membership Card","MerchantsRug","MealTicket","Dream Catcher","Paper Frog","Champion Belt","Ginger","HornCleat","Pantograph","Incense Burner","Question Card","Pear","Happy Flower","Empty Cage","Bottled Tornado","Shuriken","Mummified Hand","Bottled Flame","Bag of Marbles","Vajra","Singing Bowl","Anchor","Dead Branch","Bottled Lightning"],"acts_visited":["Exordium","TheCity","TheBeyond"],"potions_floor_usage":[7,16,50],"damage_taken":[{"damage":0,"enemies":"Small Slimes","floor":1,"turns":3},{"damage":0,"enemies":"2 Louse","floor":4,"turns":4},{"damage":0,"enemies":"3 Sentries","floor":6,"turns":10},{"damage":14,"enemies":"Gremlin Nob","floor":7,"turns":5},{"damage":30,"enemies":"Lagavulin","floor":8,"turns":7},{"damage":17,"enemies":"3 Sentries","floor":10,"turns":7},{"damage":27,"enemies":"Gremlin Nob","floor":13,"turns":5},{"damage":32,"enemies":"Lagavulin Event","floor":14,"turns":10},{"damage":32,"enemies":"Hexaghost","floor":16,"turns":14},{"damage":12,"enemies":"Chosen","floor":18,"turns":5},{"damage":1,"enemies":"2 Thieves","floor":22,"turns":3},{"damage":21,"enemies":"Gremlin Leader","floor":23,"turns":3},{"damage":47,"enemies":"Book of Stabbing","floor":24,"turns":6},{"damage":29,"enemies":"Slavers","floor":27,"turns":3},{"damage":0,"enemies":"Book of Stabbing","floor":29,"turns":5},{"damage":25,"enemies":"Gremlin Leader","floor":30,"turns":4},{"damage":7,"enemies":"Book of Stabbing","floor":31,"turns":3},{"damage":4,"enemies":"Champ","floor":33,"turns":9},{"damage":3,"enemies":"Orb Walker","floor":35,"turns":2},{"damage":6,"enemies":"3 Darklings","floor":39,"turns":2},{"damage":37,"enemies":"Reptomancer","floor":40,"turns":4},{"damage":6,"enemies":"Nemesis","floor":41,"turns":7},{"damage":23,"enemies":"Reptomancer","floor":44,"turns":3},{"damage":18,"enemies":"Nemesis","floor":45,"turns":5},{"damage":50,"enemies":"Giant Head","floor":46,"turns":7},{"damage":5,"enemies":"Reptomancer","floor":47,"turns":3},{"damage":42,"enemies":"Awakened One","floor":50,"turns":6}],"seed_played":"-5770198558469391100","potions_obtained":[{"floor":3,"key":"DuplicationPotion"},{"floor":3,"key":"Dexterity Potion"},{"floor":8,"key":"GamblersBrew"},{"floor":18,"key":"FairyPotion"},{"floor":31,"key":"LiquidBronze"}],"is_trial":true,"path_per_floor":["M","?","?","M","$","E","E","E","T","E","R","$","E","?","R","B",null,"M","?","$","$","M","E","E","R","T","E","$","E","E","E","R","B",null,"M","?","?","$","M","E","E","R","T","E","E","E","E","$","R","B",null],"character_chosen":"IRONCLAD","items_purchased":["Chemical X","Whirlwind+1","Membership Card","MerchantsRug","Iron Wave+1","Ginger","HornCleat","Pantograph","Incense Burner","Iron Wave+1","Apotheosis","Anchor","Dead Branch","Bottled Lightning"],"campfire_rested":5,"item_purchase_floors":[12,20,20,20,21,28,28,28,28,38,38,48,48,48],"current_hp_per_floor":[78,67,67,73,73,79,71,47,47,36,60,60,51,44,70,68,82,76,76,76,76,81,87,58,84,84,76,87,87,78,77,97,97,97,97,97,97,97,97,66,66,66,66,83,78,56,57,72,99,75],"gold":11,"neow_bonus":"","is_daily":false,"chose_seed":false,"campfire_upgraded":1,"win_rate":0.0,"timestamp":1613652369,"path_taken":["M","?","?","?","$","E","E","E","T","?","R","$","E","?","R","BOSS","M","?","$","$","?","E","E","R","T","E","$","E","E","E","R","BOSS","M","?","?","$","?","E","E","R","T","E","E","E","E","$","R","BOSS"],"items_purchased_type":["Relic","Card","Relic","Relic","Card","Relic","Relic","Relic","Relic","Card","Card","Relic","Relic","Relic"],"build_version":"2020-12-22","purchased_purges":0,"victory":true,"max_hp_per_floor":[80,80,80,80,80,80,80,80,80,80,80,80,80,87,87,87,87,87,87,87,87,87,87,87,87,87,87,87,87,97,97,97,97,97,97,97,97,97,97,97,97,97,97,97,97,97,97,97,99,99],"card_choices":[{"not_picked":["Cleave","Havoc"],"picked":"True Grit","floor":1},{"not_picked":["Headbutt","Twin Strike","Havoc"],"picked":"SKIP","floor":1},{"not_picked":["Clothesline","Thunderclap"],"picked":"Rampage","floor":4},{"not_picked":["Fiend Fire","Heavy Blade"],"picked":"Power Through","floor":4},{"not_picked":["Brutality","Corruption"],"picked":"Immolate","floor":6},{"not_picked":["Juggernaut","Offering"],"picked":"Impervious","floor":7},{"not_picked":["Demon Form","Offering"],"picked":"Brutality","floor":8},{"not_picked":["Brutality","Berserk"],"picked":"Reaper+1","floor":10},{"not_picked":["Bludgeon+1","Exhume"],"picked":"Double Tap","floor":13},{"not_picked":["Perfected Strike+1","Body Slam+1"],"picked":"Shrug It Off","floor":14},{"not_picked":["Body Slam+1","Flame Barrier","Rage"],"picked":"SKIP","floor":18},{"not_picked":["Perfected Strike+1","Reckless Charge+1","Flex"],"picked":"SKIP","floor":18},{"not_picked":["Perfected Strike+1","Warcry"],"picked":"Iron Wave+1","floor":22},{"not_picked":["Reaper+1","Demon Form","Fiend Fire+1"],"picked":"SKIP","floor":23},{"not_picked":["Demon Form","Impervious"],"picked":"Double Tap","floor":24},{"not_picked":["Barricade","Exhume","Feed+1"],"picked":"SKIP","floor":27},{"not_picked":["Corruption","Impervious","Juggernaut"],"picked":"SKIP","floor":29},{"not_picked":["Corruption","Juggernaut","Fiend Fire+1","Bludgeon+1"],"picked":"SKIP","floor":30},{"not_picked":["Juggernaut","Feed+1","Corruption","Berserk"],"picked":"SKIP","floor":31},{"not_picked":["Immolate+1","Feed+1","Bludgeon+1"],"picked":"Double Tap","floor":33},{"not_picked":["Armaments","Flex+1","Clothesline+1","Headbutt+1"],"picked":"SKIP","floor":35},{"not_picked":["Pummel+1","Spot Weakness+1","Iron Wave+1","Entrench+1"],"picked":"SKIP","floor":39},{"not_picked":["Impervious","Corruption","Brutality","Immolate+1"],"picked":"SKIP","floor":40},{"not_picked":["Double Tap","Feed+1","Brutality"],"picked":"Limit Break","floor":41},{"not_picked":["Barricade","Corruption","Juggernaut"],"picked":"Limit Break","floor":44},{"not_picked":["Immolate+1","Demon Form","Brutality","Impervious"],"picked":"SKIP","floor":45},{"not_picked":["Offering","Bludgeon+1","Fiend Fire+1","Reaper+1"],"picked":"SKIP","floor":46},{"not_picked":["Demon Form","Brutality","Corruption"],"picked":"Double Tap","floor":47},{"not_picked":["Twin Strike+1","Dropkick+1","Power Through+1","Clothesline+1"],"picked":"Singing Bowl","floor":49}],"player_experience":115106,"relics_obtained":[{"floor":6,"key":"StrikeDummy"},{"floor":7,"key":"The Courier"},{"floor":8,"key":"Centennial Puzzle"},{"floor":9,"key":"Molten Egg 2"},{"floor":10,"key":"Meat on the Bone"},{"floor":13,"key":"Kunai"},{"floor":23,"key":"MealTicket"},{"floor":24,"key":"Dream Catcher"},{"floor":26,"key":"Paper Frog"},{"floor":27,"key":"Champion Belt"},{"floor":29,"key":"Question Card"},{"floor":30,"key":"Pear"},{"floor":31,"key":"Happy Flower"},{"floor":40,"key":"Bottled Tornado"},{"floor":41,"key":"Shuriken"},{"floor":43,"key":"Mummified Hand"},{"floor":44,"key":"Bottled Flame"},{"floor":45,"key":"Bag of Marbles"},{"floor":46,"key":"Vajra"},{"floor":47,"key":"Singing Bowl"}],"event_choices":[{"damage_healed":0,"gold_gain":75,"player_choice":"Gather Gold","damage_taken":11,"max_hp_gain":0,"max_hp_loss":0,"event_name":"World of Goop","floor":2,"gold_loss":0},{"damage_healed":0,"gold_gain":0,"player_choice":"Got Potions","damage_taken":0,"max_hp_gain":0,"max_hp_loss":0,"event_name":"Lab","floor":3,"gold_loss":0},{"damage_healed":0,"gold_gain":0,"player_choice":"Searched \u00272\u0027 times","damage_taken":0,"relics_obtained":["Strawberry"],"max_hp_gain":0,"max_hp_loss":0,"event_name":"Dead Adventurer","floor":14,"gold_loss":0},{"damage_healed":0,"gold_gain":0,"player_choice":"Obtain J.A.X.","damage_taken":0,"max_hp_gain":0,"max_hp_loss":0,"event_name":"Drug Dealer","floor":19,"gold_loss":0,"cards_obtained":["J.A.X."]},{"damage_healed":0,"gold_gain":0,"player_choice":"Memory 1","damage_taken":0,"max_hp_gain":0,"max_hp_loss":0,"event_name":"SensoryStone","floor":36,"gold_loss":0},{"cards_removed":["Inflame"],"damage_healed":0,"gold_gain":0,"player_choice":"Removed Power","damage_taken":0,"max_hp_gain":0,"max_hp_loss":0,"event_name":"Falling","floor":37,"gold_loss":0}],"is_beta":false,"boss_relics":[{"not_picked":["Runic Dome","Snecko Eye"],"picked":"Mark of Pain"},{"not_picked":["SlaversCollar","Black Star"],"picked":"Empty Cage"}],"items_purged_floors":[],"is_endless":false,"potions_floor_spawned":[6,8,13,18,22,31,33,40,41],"ascension_level":13}}