{"host":"mxox80e574zusnt5","time":1613625947,"event":{"mods":["AchievementEnabler","Act Like it!","BaseMod","Better Match","CapriCore","Challenge The Spire","Energized Spire","Friendly Minions","Gensokyo","GifTheSpireLib","HexUI Lib","Infinite Spire","Minty Spire (QoL Compilation)","Pale of the Ancients","Quick Restart","Reliquary","Replay The Spire","Spire Arcade","StSLib","The Clintock","The Construct","The Elementalist","The Marked","The Servant 0.9.4","The Trickster","TheVacant"],"gold_per_floor":[116,151,164,164,68,68,94,94,94,119,170,95,95,127,127,289,289,326,326,387,312,312,658,931,994,1074,589,589,616,646,646],"floor_reached":30,"language":"ENG","playtime":2261,"items_purged":[],"score":386,"play_id":"9dad42cd-091f-46e1-acbd-77695d2b27c9","local_time":"20210217232547","is_ascension_mode":false,"campfire_choices":[{"data":"theVacant:Crunch","floor":6,"key":"SMITH"},{"data":"theVacant:WaitInWrath","floor":8,"key":"SMITH"},{"data":"theVacant:Rejection","floor":13,"key":"SMITH"},{"data":"theVacant:ShriekingBlast","floor":15,"key":"SMITH"},{"floor":28,"key":"REST"}],"circlet_count":0,"master_deck":["theVacant:VacantStarterStrike","theVacant:VacantStarterStrike","theVacant:VacantStarterStrike","theVacant:VacantStarterDefend","theVacant:VacantStarterDefend","theVacant:VacantStarterDefend","theVacant:VacantStarterDefend","theVacant:Release+1","theVacant:Crunch+1","theVacant:GraveDigger","Dramatic Entrance","theVacant:WaitInWrath+1","theVacant:ShriekingBlast+1","theVacant:Rejection+1","Thinking Ahead+1","theVacant:Barrage","theVacant:FiendFrost","theVacant:PitOfDespair+1","theVacant:SpiritOrb","theVacant:GraveDigger+1","theVacant:Expand","theVacant:Yeet+1","Gensokyo:BlemishedSteel","Gensokyo:MissMary","Gensokyo:GapWoman","theVacant:Whip"],"relics":["theVacant:BrassGoblet","infinitespire:PuzzleCube","Gensokyo:OccultBall","Replay:Bandana","Replay:Bottled Steam","Tiny Chest","Garlic","Old Coin","reliquary:WeakTea"],"acts_visited":["Gensokyo:Gensokyo","Gensokyo:Gensokyoer"],"potions_floor_usage":[11,11,23,24,25],"damage_taken":[{"damage":0,"enemies":"Gensokyo:3_Fairies","floor":1,"turns":3},{"damage":19,"enemies":"Gensokyo:Cirno","floor":2,"turns":7},{"damage":0,"enemies":"Gensokyo:2_Kodama","floor":3,"turns":2},{"damage":14,"enemies":"Gensokyo:Cirno","floor":7,"turns":5},{"damage":0,"enemies":"Gensokyo:Gryphon","floor":10,"turns":3},{"damage":0,"enemies":"Gensokyo:Aya","floor":11,"turns":5},{"damage":0,"enemies":"Gensokyo:LivingMonolith","floor":14,"turns":3},{"damage":0,"enemies":"Gensokyo:Reimu","floor":16,"turns":7},{"damage":2,"enemies":"Gensokyo:Chomper","floor":18,"turns":5},{"damage":12,"enemies":"Gensokyo:3_Dogs","floor":20,"turns":3},{"damage":19,"enemies":"Gensokyo:Koishi","floor":23,"turns":6},{"damage":23,"enemies":"Gensokyo:Slime_Group","floor":24,"turns":2},{"damage":23,"enemies":"Gensokyo:Reisen","floor":25,"turns":5},{"damage":16,"enemies":"Gensokyo:Mirror_and_Dog","floor":29,"turns":4},{"damage":13,"enemies":"Gensokyo:Monolith_and_Dog","floor":30,"turns":2}],"seed_played":"916927473428493276","potions_obtained":[{"floor":2,"key":"infinitespire:BlackPotion"},{"floor":3,"key":"Swift Potion"},{"floor":14,"key":"Elixir"},{"floor":16,"key":"Flashbang"},{"floor":20,"key":"FearPotion"},{"floor":24,"key":"Swift Potion"}],"is_trial":false,"path_per_floor":["M","?","M","?","$","R","E","R","T","M","E","?","R","M","R","B",null,"M","?","M","?","T","E","M","E","T","COS","R","M","M"],"character_chosen":"THE_VACANT","items_purchased":["Dramatic Entrance"],"campfire_rested":1,"item_purchase_floors":[5],"current_hp_per_floor":[80,61,61,61,61,61,47,47,47,47,47,47,47,47,47,47,80,78,78,66,66,66,47,24,1,1,1,25,9,0,0],"gold":646,"neow_bonus":"UPGRADE_CARD","is_daily":false,"chose_seed":false,"campfire_upgraded":4,"win_rate":0.0,"timestamp":1613625947,"path_taken":["M","?","M","?","$","R","E","R","T","M","E","?","R","M","R","BOSS","M","?","M","?","?","E","?","E","T","COS","R","M","?"],"items_purchased_type":["Card"],"build_version":"2020-12-22","purchased_purges":0,"victory":false,"max_hp_per_floor":[80,80,80,80,80,80,80,80,80,80,80,80,80,80,80,80,80,80,80,80,80,80,80,80,80,80,80,80,80,80,80],"card_choices":[{"not_picked":["theVacant:Jab","theVacant:Anguish","theVacant:WaitInWrath"],"picked":"SKIP","floor":1},{"not_picked":["theVacant:FranticBlow","theVacant:Cower"],"picked":"theVacant:GraveDigger","floor":2},{"not_picked":["theVacant:Dig","theVacant:Anguish"],"picked":"theVacant:EmbraceDarkness","floor":3},{"not_picked":["theVacant:Enrage","theVacant:Soothe"],"picked":"theVacant:WaitInWrath","floor":7},{"not_picked":["theVacant:Soothe","theVacant:ShutAway"],"picked":"theVacant:ShriekingBlast","floor":10},{"not_picked":["theVacant:Soothe","theVacant:SpiritOrb"],"picked":"theVacant:Rejection","floor":11},{"not_picked":["Secret Technique+1","HandOfGreed+1"],"picked":"Thinking Ahead+1","floor":12},{"not_picked":["theVacant:CursedBlast","theVacant:Jab"],"picked":"theVacant:Barrage","floor":14},{"not_picked":["theVacant:VoidForm","theVacant:Exorcise"],"picked":"theVacant:FiendFrost","floor":16},{"not_picked":["theVacant:Yeet+1","theVacant:Fortify"],"picked":"theVacant:PitOfDespair+1","floor":18},{"not_picked":["theVacant:TwistFate","theVacant:FranticBlow"],"picked":"theVacant:SpiritOrb","floor":20},{"not_picked":["theVacant:Thoughtseize+1","theVacant:FranticBlow+1"],"picked":"theVacant:GraveDigger+1","floor":23},{"not_picked":["theVacant:Return+1","theVacant:OnSecondThought"],"picked":"theVacant:Expand","floor":24},{"not_picked":["theVacant:ReaperStrike","theVacant:WaitInWrath"],"picked":"theVacant:Yeet+1","floor":25},{"not_picked":["theVacant:Fling","theVacant:Expand+1"],"picked":"theVacant:Whip","floor":29}],"player_experience":957093,"relics_obtained":[{"floor":2,"key":"infinitespire:PuzzleCube"},{"floor":7,"key":"Replay:Bandana"},{"floor":9,"key":"Replay:Bottled Steam"},{"floor":11,"key":"Tiny Chest"},{"floor":16,"key":"Gensokyo:OccultBall"},{"floor":22,"key":"Garlic"},{"floor":23,"key":"Old Coin"},{"floor":25,"key":"reliquary:WeakTea"}],"event_choices":[{"damage_healed":0,"gold_gain":0,"player_choice":"2","damage_taken":0,"max_hp_gain":0,"max_hp_loss":0,"event_name":"betterMatch:BetterMatch","floor":12,"gold_loss":0,"cards_obtained":["betterMatch:ColorlessRareCard"]},{"damage_healed":0,"gold_gain":0,"player_choice":"2","damage_taken":0,"max_hp_gain":0,"max_hp_loss":0,"event_name":"betterMatch:BetterMatch","floor":21,"gold_loss":0,"cards_obtained":[]}],"is_beta":false,"boss_relics":[{"not_picked":["Velvet Choker","reliquary:RedCape","reliquary:RedPaperclip"]}],"items_purged_floors":[],"is_endless":false,"potions_floor_spawned":[2,3,14,16,20,24],"killed_by":"Gensokyo:Monolith_and_Dog","ascension_level":0}}