{"host":"1ycuxm9gov0tl9zf","time":1613611928,"event":{"mods":["Act Like it!","BaseMod","Colored Powertips","Downfall","Gensokyo","GifTheSpireLib","Hallownest","Marisa£®ÏF”Í°°ƒß¿Ì…≥£©","Minty Spire (QoL Compilation)","Remilia£®¿Ÿ√◊¿Ú—«£©","Replay The Spire","Shop Mod","StSLib","The Administrix","The Animator","The Bug Knight"],"gold_per_floor":[365,383,254,269,42,75,75,88,88,108,108,118,151,165,165,265,315,333,345,357,24,43,68,68,103,103,103,103],"floor_reached":27,"language":"ZHS","playtime":2364,"items_purged":[],"score":292,"play_id":"0d97d23d-a51a-4044-91e4-846b17485e4f","local_time":"20210218093208","is_ascension_mode":false,"campfire_choices":[{"data":"ReplayTheSpireMod:Scrap Shanks","floor":7,"key":"SMITH"},{"data":"ReplayTheSpireMod:Speed Training","floor":15,"key":"SMITH"},{"floor":24,"key":"REST"}],"circlet_count":0,"master_deck":["Strike_G","Strike_G","Strike_G","Strike_G","Strike_G+1","Defend_G","Defend_G+1","Defend_G","Defend_G","Defend_G","Survivor","Neutralize","Dagger Throw+1","Distraction","Underhanded Strike","Underhanded Strike+1","ReplayTheSpireMod:Scrap Shanks+1","Terror","Flying Knee","Prepared","Adrenaline","ReplayTheSpireMod:Speed Training+1","Acrobatics","Phantasmal Killer","Tactician","Bane+1","Hidden Blade","Quick Slash","Footwork","Noxious Fumes","Underhanded Strike","Dagger Throw+1"],"relics":["Ring of the Snake","Replay:Wax Seal","PreservedInsect","Bottled Flame","Whetstone","Tiny House","ReplayTheSpireMod:TigerMarble","Sling","Sundial","Shuriken","Letter Opener"],"acts_visited":["Exordium","TheCity"],"potions_floor_usage":[12,13,16,18,20,22,25,27],"damage_taken":[{"damage":0,"enemies":"Jaw Worm","floor":1,"turns":9},{"damage":0,"enemies":"Cultist","floor":2,"turns":4},{"damage":0,"enemies":"Small Slimes","floor":4,"turns":3},{"damage":0,"enemies":"Gremlin Nob","floor":6,"turns":2},{"damage":10,"enemies":"Exordium Thugs","floor":8,"turns":4},{"damage":2,"enemies":"Looter","floor":10,"turns":3},{"damage":8,"enemies":"Exordium Wildlife","floor":12,"turns":2},{"damage":3,"enemies":"Lagavulin","floor":13,"turns":3},{"damage":0,"enemies":"3 Louse","floor":14,"turns":2},{"damage":16,"enemies":"Slime Boss","floor":16,"turns":9},{"damage":11,"enemies":"3 Byrds","floor":18,"turns":6},{"damage":0,"enemies":"Chosen","floor":19,"turns":3},{"damage":18,"enemies":"Shelled Parasite and Fungi","floor":20,"turns":5},{"damage":6,"enemies":"Centurion and Healer","floor":22,"turns":7},{"damage":15,"enemies":"Slavers","floor":23,"turns":3},{"damage":19,"enemies":"Gremlin Leader","floor":25,"turns":5},{"damage":20,"enemies":"Slavers","floor":27,"turns":1}],"seed_played":"7969970229868998336","potions_obtained":[{"floor":4,"key":"Fire Potion"},{"floor":6,"key":"Dexterity Potion"},{"floor":8,"key":"GamblersBrew"},{"floor":12,"key":"PowerPotion"},{"floor":16,"key":"Poison Potion"},{"floor":17,"key":"Slimebound:ThreeZeroPotion"},{"floor":19,"key":"BlessingOfTheForge"},{"floor":20,"key":"Poison Potion"},{"floor":22,"key":"Reflective Coating"}],"is_trial":false,"path_per_floor":["M","M","$","M","$","E","R","M","T","M","?","M","E","M","R","B",null,"M","M","M","$","M","E","R","E","T","E"],"character_chosen":"THE_SILENT","items_purchased":["Replay:Wax Seal","Underhanded Strike","ReplayTheSpireMod:Scrap Shanks","PreservedInsect","ReplayTheSpireMod:TigerMarble","Sling","Footwork"],"campfire_rested":1,"item_purchase_floors":[3,3,5,5,21,21,21],"current_hp_per_floor":[63,63,63,63,63,63,63,53,53,51,51,43,40,40,40,24,68,57,57,39,39,33,18,38,19,19,0,0],"gold":103,"neow_bonus":"TWO_FIFTY_GOLD","is_daily":false,"chose_seed":false,"campfire_upgraded":2,"win_rate":0.0,"timestamp":1613611928,"path_taken":["M","M","$","M","$","E","R","M","T","M","?","?","E","M","R","BOSS","M","?","M","$","M","E","R","E","T","E"],"items_purchased_type":["Relic","Card","Card","Relic","Relic","Relic","Card"],"build_version":"2020-12-22","purchased_purges":0,"victory":false,"max_hp_per_floor":[63,63,63,63,63,63,63,63,63,63,63,63,63,63,63,63,68,68,68,68,68,68,68,68,68,68,68,68],"card_choices":[{"not_picked":["Bane","Heel Hook"],"picked":"Dagger Throw","floor":1},{"not_picked":["Reflex","Tactician"],"picked":"Distraction","floor":2},{"not_picked":["Eviscerate","Deadly Poison"],"picked":"Underhanded Strike","floor":4},{"not_picked":["Well Laid Plans","Deflect"],"picked":"Terror","floor":6},{"not_picked":["Hidden Blade","Bouncing Flask"],"picked":"Flying Knee","floor":8},{"not_picked":["Deadly Poison","Poisoned Stab"],"picked":"Prepared","floor":10},{"not_picked":["Toxin Wave","Prepared"],"picked":"Adrenaline","floor":12},{"not_picked":["Blade Dance","Flying Knee"],"picked":"ReplayTheSpireMod:Speed Training","floor":13},{"not_picked":["Deflect","Hidden Blade"],"picked":"Acrobatics","floor":14},{"not_picked":["Poison Darts","Venomology"],"picked":"Phantasmal Killer","floor":16},{"not_picked":["Hidden Blade","Sucker Punch"],"picked":"Tactician","floor":17},{"not_picked":["ReplayTheSpireMod:Exploit Weakness","Well Laid Plans"],"picked":"Bane+1","floor":18},{"not_picked":["Dagger Spray","Riddle With Holes"],"picked":"Hidden Blade","floor":19},{"not_picked":["Distraction","Slice"],"picked":"Quick Slash","floor":20},{"not_picked":["Hidden Blade","Distraction"],"picked":"Noxious Fumes","floor":22},{"not_picked":["Wraith Form v2","Sneak Up"],"picked":"Underhanded Strike","floor":23},{"not_picked":["Replay:Poison Smokescreen","Dagger Spray+1"],"picked":"Dagger Throw+1","floor":25}],"player_experience":8302,"relics_obtained":[{"floor":6,"key":"Bottled Flame"},{"floor":13,"key":"Whetstone"},{"floor":23,"key":"Sundial"},{"floor":25,"key":"Shuriken"},{"floor":26,"key":"Letter Opener"}],"event_choices":[{"damage_healed":0,"gold_gain":0,"player_choice":"Upgraded","damage_taken":0,"max_hp_gain":0,"max_hp_loss":0,"event_name":"Upgrade Shrine","floor":11,"gold_loss":0,"cards_upgraded":["Underhanded Strike"]}],"is_beta":false,"boss_relics":[{"not_picked":["Cursed Key","Replay:Wanted Poster"],"picked":"Tiny House"}],"items_purged_floors":[],"is_endless":false,"potions_floor_spawned":[4,6,8,12,16,19,20,22],"killed_by":"Slavers","ascension_level":0}}