{"host":"ace4y8wgj0fxngh2","time":1613610911,"event":{"mods":["BaseMod","Colored Map","Colored Powertips","Minty Spire (QoL Compilation)","StSLib"],"gold_per_floor":[119,194,194,209,209,209,242,242,265,440,440,13,13,13,13,117,117,137,37,47,22,22,22,121,141,141,141,167,184,200,200,200,200,200],"floor_reached":33,"language":"ENG","playtime":1123,"items_purged":["Doubt","Defend_G"],"score":309,"play_id":"1d2e7f35-cae3-430a-9acb-89f807dd093e","local_time":"20210217201511","is_ascension_mode":false,"campfire_choices":[{"data":"Neutralize","floor":6,"key":"SMITH"},{"data":"Backstab","floor":8,"key":"SMITH"},{"data":"Deadly Poison","floor":13,"key":"SMITH"},{"data":"Survivor","floor":15,"key":"SMITH"},{"data":"Trip","floor":23,"key":"SMITH"},{"data":"Deflect","floor":32,"key":"SMITH"}],"circlet_count":0,"master_deck":["Strike_G","Strike_G","Strike_G","Defend_G","Defend_G","Defend_G","Defend_G","Survivor+1","Neutralize+1","Bane+1","Backstab+1","Deadly Poison+1","Die Die Die","Backstab","Slice","Deflect+1","Trip+1","Heel Hook","Flying Knee+1","Poisoned Stab+1","PiercingWail"],"relics":["Ring of the Snake","NeowsBlessing","Juzu Bracelet","Snake Skull","Torii","Coffee Dripper","Molten Egg 2","Dream Catcher"],"acts_visited":["Exordium","TheCity"],"potions_floor_usage":[16,20,28,28,33],"damage_taken":[{"damage":0,"enemies":"Cultist","floor":1,"turns":1},{"damage":0,"enemies":"Small Slimes","floor":4,"turns":1},{"damage":0,"enemies":"Lagavulin","floor":7,"turns":1},{"damage":19,"enemies":"Hexaghost","floor":16,"turns":10},{"damage":0,"enemies":"Chosen","floor":18,"turns":3},{"damage":0,"enemies":"3 Byrds","floor":20,"turns":2},{"damage":1,"enemies":"Snecko","floor":25,"turns":3},{"damage":13,"enemies":"Book of Stabbing","floor":28,"turns":6},{"damage":30,"enemies":"Snake Plant","floor":29,"turns":4},{"damage":0,"enemies":"Cultist and Chosen","floor":30,"turns":3},{"damage":30,"enemies":"Champ","floor":33,"turns":7}],"seed_played":"-3996754779069233942","potions_obtained":[{"floor":4,"key":"EssenceOfSteel"},{"floor":7,"key":"Explosive Potion"},{"floor":16,"key":"EssenceOfSteel"},{"floor":25,"key":"Weak Potion"},{"floor":29,"key":"SpeedPotion"},{"floor":30,"key":"SmokeBomb"}],"is_trial":false,"path_per_floor":["M","?","?","M","?","R","E","R","T","?","?","$","R","?","R","B",null,"M","$","M","$","?","R","?","M","T","?","E","M","M","?","R","B"],"character_chosen":"THE_SILENT","items_purchased":["Deadly Poison","Torii","Deflect"],"campfire_rested":0,"item_purchase_floors":[12,12,21],"current_hp_per_floor":[70,59,59,59,80,80,80,80,80,80,80,80,80,85,85,66,85,85,85,85,85,85,85,85,84,84,68,55,25,25,25,25,0,0],"gold":200,"neow_bonus":"THREE_ENEMY_KILL","is_daily":false,"chose_seed":false,"campfire_upgraded":6,"win_rate":0.0,"timestamp":1613610911,"path_taken":["M","?","?","M","?","R","E","R","T","?","?","$","R","?","R","BOSS","M","$","M","$","?","R","?","M","T","?","E","M","M","?","R","BOSS"],"items_purchased_type":["Card","Relic","Card"],"build_version":"2020-12-22","purchased_purges":2,"victory":false,"max_hp_per_floor":[70,70,70,70,80,80,80,80,80,80,80,80,80,85,85,85,85,85,85,85,85,85,85,85,85,85,90,90,90,90,90,90,90,90],"card_choices":[{"not_picked":["Dagger Spray","Acrobatics"],"picked":"Bane","floor":1},{"not_picked":["Flechettes","Deflect","Dodge and Roll"],"picked":"SKIP","floor":4},{"not_picked":["Terror","Bouncing Flask"],"picked":"Backstab","floor":7},{"not_picked":["Phantasmal Killer","Doppelganger"],"picked":"Die Die Die","floor":16},{"not_picked":["Masterful Stab","Predator+1"],"picked":"Backstab","floor":18},{"not_picked":["Crippling Poison","Deflect"],"picked":"Slice","floor":20},{"not_picked":["Dodge and Roll","Eviscerate"],"picked":"Heel Hook","floor":25},{"not_picked":["Dodge and Roll","Deflect"],"picked":"Flying Knee+1","floor":28},{"not_picked":["Escape Plan","Riddle With Holes+1"],"picked":"Poisoned Stab+1","floor":29},{"not_picked":["Cloak And Dagger","Quick Slash+1"],"picked":"PiercingWail","floor":30}],"player_experience":154621,"relics_obtained":[{"floor":7,"key":"Juzu Bracelet"},{"floor":9,"key":"Snake Skull"},{"floor":26,"key":"Molten Egg 2"},{"floor":28,"key":"Dream Catcher"}],"event_choices":[{"damage_healed":0,"gold_gain":75,"player_choice":"Gather Gold","damage_taken":11,"max_hp_gain":0,"max_hp_loss":0,"event_name":"World of Goop","floor":2,"gold_loss":0},{"damage_healed":0,"gold_gain":0,"cards_transformed":["Strike_G"],"player_choice":"Change","damage_taken":0,"max_hp_gain":0,"max_hp_loss":0,"event_name":"Living Wall","floor":3,"gold_loss":0,"cards_obtained":["Adrenaline"]},{"cards_removed":["Adrenaline"],"damage_healed":11,"gold_gain":0,"player_choice":"Offered Rare","damage_taken":0,"max_hp_gain":10,"max_hp_loss":0,"event_name":"Bonfire Elementals","floor":5,"gold_loss":0},{"damage_healed":0,"gold_gain":175,"player_choice":"AGREE","damage_taken":0,"max_hp_gain":0,"max_hp_loss":0,"event_name":"Liars Game","floor":10,"gold_loss":0,"cards_obtained":["Doubt"]},{"damage_healed":0,"gold_gain":0,"player_choice":"Forge","damage_taken":0,"max_hp_gain":0,"max_hp_loss":0,"event_name":"Accursed Blacksmith","floor":11,"gold_loss":0,"cards_upgraded":["Bane"]},{"damage_healed":0,"gold_gain":0,"player_choice":"Donut","damage_taken":0,"max_hp_gain":5,"max_hp_loss":0,"event_name":"Big Fish","floor":14,"gold_loss":0},{"damage_healed":0,"gold_gain":0,"player_choice":"1 cards matched","damage_taken":0,"max_hp_gain":0,"max_hp_loss":0,"event_name":"Match and Keep!","floor":22,"gold_loss":0,"cards_obtained":["Trip"]},{"damage_healed":0,"gold_gain":99,"player_choice":"Stole From Cult","damage_taken":0,"max_hp_gain":0,"max_hp_loss":0,"event_name":"Nest","floor":24,"gold_loss":0},{"damage_healed":0,"gold_gain":0,"player_choice":"Shed Blood","damage_taken":21,"max_hp_gain":5,"max_hp_loss":0,"event_name":"Forgotten Altar","floor":27,"gold_loss":0},{"cards_removed":["Strike_G"],"damage_healed":0,"gold_gain":0,"player_choice":"Elegance","damage_taken":0,"max_hp_gain":0,"max_hp_loss":0,"event_name":"Back to Basics","floor":31,"gold_loss":0}],"is_beta":false,"boss_relics":[{"not_picked":["Ring of the Serpent","Fusion Hammer"],"picked":"Coffee Dripper"}],"items_purged_floors":[12,19],"is_endless":false,"potions_floor_spawned":[4,7,16,25,29,30],"killed_by":"Champ","ascension_level":0}}