{"host":"eae5ll7jplp56zri","time":1613661662,"event":{"mods":["100% Spire Juice","2.2 Compatiblity","BaseMod","CapriCore","Colored Map","Colored Powertips","DeckTracker","Hermit","KOR Keyword Fix","Keyboard Shortcuts","Minty Spire (QoL Compilation)","Permanent Neow","Quick Restart","Replay The Spire","StSLib","The Bug Knight","The Cursed","The Immortal","The Jungle","everything is the same but u backflip on backflip"],"gold_per_floor":[115,115,129,147,422,422,440,455,455,469,498,498,133,146,146,251,251,276,292,108,108,108],"floor_reached":21,"language":"KOR","playtime":920,"items_purged":["hermit:Strike_Hermit"],"score":183,"play_id":"556f89d2-4d75-4dcc-a93b-20c8341e6baf","local_time":"20210219002102","is_ascension_mode":false,"campfire_choices":[{"data":"hermit:Snapshot","floor":6,"key":"SMITH"},{"floor":12,"key":"REST"},{"data":"Blind","floor":15,"key":"SMITH"}],"circlet_count":0,"master_deck":["hermit:Strike_Hermit","hermit:Strike_Hermit","hermit:Strike_Hermit","hermit:Defend_Hermit","hermit:Defend_Hermit","hermit:Defend_Hermit","hermit:Defend_Hermit","hermit:Snapshot+1","hermit:Covet","Blind+1","Regret","hermit:Shortfuse","hermit:Enervate","Regret","hermit:Deadeye","hermit:DeadOrAlive","hermit:FlashPowder","hermit:Deadeye","hermit:TakeAim","hermit:BigShot","hermit:RoundhouseKick","hermit:GhostlyPresence+1","hermit:Dive","hermit:Dive"],"relics":["hermit:Momento","Singing Bowl","Matryoshka","Replay:WaspNest","HornCleat","Black Star","ClockworkSouvenir"],"acts_visited":["Exordium","TheCity"],"potions_floor_usage":[16],"damage_taken":[{"damage":0,"enemies":"Jaw Worm","floor":1,"turns":4},{"damage":4,"enemies":"2 Louse","floor":3,"turns":2},{"damage":0,"enemies":"Cultist","floor":4,"turns":3},{"damage":5,"enemies":"Looter","floor":7,"turns":2},{"damage":2,"enemies":"Large Slime","floor":8,"turns":5},{"damage":6,"enemies":"Blue Slaver","floor":10,"turns":4},{"damage":17,"enemies":"HollowMod:MossKnight","floor":11,"turns":10},{"damage":0,"enemies":"2 Fungi Beasts","floor":14,"turns":3},{"damage":22,"enemies":"Hexaghost","floor":16,"turns":9},{"damage":15,"enemies":"Shell Parasite","floor":18,"turns":5},{"damage":46,"enemies":"Spheric Guardian","floor":19,"turns":7},{"damage":16,"enemies":"Cultist and Chosen","floor":21,"turns":6}],"seed_played":"-7607266113154051068","potions_obtained":[{"floor":1,"key":"Swift Potion"},{"floor":7,"key":"hermit:BlackBile"},{"floor":8,"key":"hermit:Tonic"},{"floor":16,"key":"Explosive Potion"},{"floor":18,"key":"AttackPotion"}],"is_trial":false,"path_per_floor":["M","?","M","M","?","R","M","M","T","M","E","R","$","M","R","B",null,"M","M","$","M"],"character_chosen":"HERMIT","items_purchased":["HornCleat","hermit:TakeAim","ClockworkSouvenir","hermit:Dive"],"campfire_rested":1,"item_purchase_floors":[13,13,20,20],"current_hp_per_floor":[75,75,71,71,71,71,66,64,64,58,41,63,63,63,63,41,75,62,16,16,0,0],"gold":108,"neow_bonus":"RANDOM_COLORLESS","is_daily":false,"chose_seed":false,"campfire_upgraded":2,"win_rate":0.0,"timestamp":1613661662,"path_taken":["M","?","M","M","?","R","M","M","T","M","E","R","$","?","R","BOSS","M","M","$","M"],"items_purchased_type":["Relic","Card","Relic","Card"],"build_version":"2020-12-22","purchased_purges":1,"victory":false,"max_hp_per_floor":[75,75,75,75,75,75,75,75,75,75,75,75,75,75,75,75,75,77,77,77,77,77],"card_choices":[{"not_picked":["ReplayTheSpireMod:Private Reserves","Mind Blast"],"picked":"Blind","floor":0},{"not_picked":["hermit:SprayPray","hermit:Ricochet","hermit:Gestalt"],"picked":"SKIP","floor":1},{"not_picked":["hermit:GoldenBullet","hermit:FullyLoaded"],"picked":"hermit:Shortfuse","floor":3},{"not_picked":["hermit:Ricochet","hermit:Grudge"],"picked":"hermit:Enervate","floor":4},{"not_picked":["hermit:HighCaliber","hermit:Headshot"],"picked":"hermit:Deadeye","floor":7},{"not_picked":["hermit:BodyArmor","hermit:TakeAim"],"picked":"hermit:DeadOrAlive","floor":8},{"not_picked":["hermit:HoleUp","hermit:Malice"],"picked":"hermit:FlashPowder","floor":10},{"not_picked":["hermit:CursedWeapon","hermit:Spite"],"picked":"hermit:Deadeye","floor":11},{"not_picked":["hermit:Dive","hermit:Malice"],"picked":"hermit:BigShot","floor":14},{"not_picked":["hermit:BlackWind","hermit:FromBeyond"],"picked":"hermit:RoundhouseKick","floor":16},{"not_picked":["hermit:HighCaliber","hermit:Horror","hermit:SprayPray"],"picked":"Singing Bowl","floor":18},{"not_picked":["hermit:Ricochet","hermit:Showdown"],"picked":"hermit:GhostlyPresence+1","floor":19}],"player_experience":996643,"relics_obtained":[{"floor":9,"key":"Matryoshka"},{"floor":11,"key":"Replay:WaspNest"}],"event_choices":[{"damage_healed":0,"gold_gain":0,"player_choice":"Box","damage_taken":0,"relics_obtained":["Singing Bowl"],"max_hp_gain":0,"max_hp_loss":0,"event_name":"Big Fish","floor":2,"gold_loss":0,"cards_obtained":["Regret"]},{"damage_healed":0,"gold_gain":275,"player_choice":"Desecrate","damage_taken":0,"max_hp_gain":0,"max_hp_loss":0,"event_name":"Golden Shrine","floor":5,"gold_loss":0,"cards_obtained":["Regret"]}],"is_beta":false,"boss_relics":[{"not_picked":["Coffee Dripper","Honey Jar"],"picked":"Black Star"}],"items_purged_floors":[13],"is_endless":false,"potions_floor_spawned":[1,7,8,16,18,19],"killed_by":"Cultist and Chosen","ascension_level":0}}