{"host":"ox77rn1xcurm2t5a","time":1613684374,"event":{"mods":["2.2 Compatiblity","AchievementEnabler","Act Like it!","Aspiration","BaseMod","Best Route Mod","Better Match","Better Note","Better Sensory Stone","Block Reminder","Colored Map","Colored Powertips","Conjunction","Conspire","Custom Start","Energized Spire","GifTheSpireLib","Gold Saver","Gremlin Skip","Halation","Highlight Path","Hubris","Infinite Spire","Minty Spire (QoL Compilation)","Pale of the Ancients","Quick Restart","Replay The Spire","Reworked Bosses","ShortenTheSpire","Spire Exporter","StSLib","Stuff the Spire","Wandering Minibosses"],"gold_per_floor":[112,129,129,144,164,164,197,197,197,197,197],"floor_reached":10,"language":"ENG","playtime":170,"items_purged":[],"score":95,"play_id":"cc93cf37-1bd0-4058-baaf-19c386dfd824","local_time":"20210218233934","is_ascension_mode":true,"campfire_choices":[{"floor":6.0,"key":"RECALL"},{"data":"Headbutt","floor":8,"key":"SMITH"}],"circlet_count":0,"master_deck":["Strike_R","Strike_R","Strike_R","Strike_R","Strike_R","Defend_R","Defend_R","Defend_R","Defend_R","Bash+1","Twin Strike","Cleave","Headbutt+1","Heavy Blade"],"relics":["Burning Blood","NeowsBlessing","Question Card"],"acts_visited":["Exordium"],"potions_floor_usage":[],"damage_taken":[{"damage":0.0,"enemies":"conspire:RoseBush","floor":1.0,"turns":1.0},{"damage":0.0,"enemies":"Cultist","floor":2.0,"turns":1.0},{"damage":0.0,"enemies":"Jaw Worm","floor":4.0,"turns":1.0},{"damage":22.0,"enemies":"Lots of Slimes","floor":5.0,"turns":5.0},{"damage":40,"enemies":"Lagavulin","floor":7,"turns":5},{"damage":32,"enemies":"Replay:BlueRogue","floor":10,"turns":3}],"seed_played":"-385560895344222000","potions_obtained":[{"floor":1.0,"key":"Languid Potion"}],"is_trial":false,"path_per_floor":["M","M","?","M","M","R","E","R","T","E"],"character_chosen":"IRONCLAD","items_purchased":[],"campfire_rested":0,"item_purchase_floors":[],"current_hp_per_floor":[78,80,80,80,64,64,30,30,30,0,0],"gold":197,"neow_bonus":"THREE_ENEMY_KILL","is_daily":false,"chose_seed":false,"campfire_upgraded":1,"win_rate":0.0,"timestamp":1613684374,"path_taken":["M","M","?","M","?","R","E","R","T","E"],"items_purchased_type":[],"build_version":"2020-12-22","purchased_purges":0,"victory":false,"max_hp_per_floor":[80,80,80,80,80,80,80,80,80,80,80],"card_choices":[{"not_picked":["Shrug It Off","Fire Breathing","Warcry"],"picked":"SKIP","floor":1.0},{"not_picked":["Havoc","hubris:ReadiedAction"],"picked":"Twin Strike","floor":2.0},{"not_picked":["Sword Boomerang","ReplayTheSpireMod:Strike From Hell"],"picked":"Cleave","floor":4.0},{"not_picked":["Flex","ReplayTheSpireMod:Strike From Hell"],"picked":"Headbutt","floor":5.0},{"not_picked":["Iron Wave","Dark Embrace"],"picked":"Heavy Blade","floor":7}],"player_experience":3153215,"relics_obtained":[{"floor":7,"key":"Question Card"}],"event_choices":[{"damage_healed":0.0,"max_hp_gain":0.0,"max_hp_loss":0.0,"gold_gain":0.0,"event_name":"Upgrade Shrine","player_choice":"Upgraded","floor":3.0,"gold_loss":0.0,"damage_taken":0.0,"cards_upgraded":["Bash"]}],"is_beta":false,"boss_relics":[],"items_purged_floors":[],"is_endless":false,"potions_floor_spawned":[1],"killed_by":"Replay:BlueRogue","ascension_level":8}}