{"host":"7r6bd5ce6zscnmwq","time":1613650586,"event":{"mods":["BaseMod","Block Reminder","Colored Map","Colored Powertips","Curses Come First","Downfall","Minty Spire (QoL Compilation)","Quick Restart","Reliquary","Shop Mod","Spicy Shops","StSLib"],"gold_per_floor":[199,214,230,155,166,181,181,181,31,50,78,134,84,95,113,213,213,163,173,190,202,202,202,202,152,181,131,147,97,110,130,147,247,247,197,207,207,220,220,230,530,560,290,290,40,54,4,37,49,49,49,49,49,49],"floor_reached":52,"language":"ENG","playtime":4536,"items_purged":[],"score":772,"play_id":"78129f49-b3a2-4b40-af3b-3a5e5bee7671","local_time":"20210218211626","is_ascension_mode":true,"campfire_choices":[{"data":"Slimebound:Split","floor":1,"key":"SMITH"},{"data":"Slimebound:LivingWall","floor":9,"key":"SMITH"},{"data":"Slimebound:CorrosiveSpit","floor":13,"key":"SMITH"},{"data":"Slimebound:TagTeam","floor":18,"key":"SMITH"},{"data":"Slimebound:LeadByExample","floor":25,"key":"SMITH"},{"data":"Slimebound:RainOfGoop","floor":27,"key":"SMITH"},{"data":"Ghostly","floor":29,"key":"SMITH"},{"floor":35,"key":"RECALL"},{"data":"Slimebound:SelfFormingGoo","floor":45,"key":"SMITH"},{"floor":47,"key":"REST"}],"circlet_count":0,"master_deck":["Slimebound:Strike_Slimebound","Slimebound:Strike_Slimebound","Slimebound:Strike_Slimebound","Slimebound:Defend_Slimebound","Slimebound:Defend_Slimebound","Slimebound:Split+1","Slimebound:CorrosiveSpit+1","Slimebound:SplitMire","Slimebound:SlimeTap","Slimebound:RainOfGoop+1","Slimebound:LivingWall+1","Slimebound:ItLooksTasty","Slimebound:Repurpose","Slimebound:MinionMaster","Slimebound:TagTeam+1","Slimebound:LeadByExample+1","Ghostly+1","Ghostly","Ghostly","Ghostly","Ghostly","Slimebound:SelfFormingGoo+1","expansioncontent:HyperBeam"],"relics":["Slimebound:AbsorbEndCombat","Slimebound:GreedOozeRelic","reliquary:IridiumChain","downfall:HeartBlessingBlue","Gremlin Horn","Gremlin Horn","Busted Crown","Ancient Tea Set","reliquary:Knoch","Empty Cage","reliquary:Aerogel","Old Coin","reliquary:NewFriend","Meat on the Bone","downfall:HeartBlessingRed","downfall:HeartBlessingGreen","Centennial Puzzle"],"acts_visited":["Exordium","TheCity","TheBeyond","TheEnding"],"potions_floor_usage":[11,11,12,20,26,28,38,38,42,48,48,50,50],"damage_taken":[{"damage":1,"enemies":"Jaw Worm","floor":2,"turns":5},{"damage":0,"enemies":"2 Louse","floor":3,"turns":2},{"damage":0,"enemies":"Small Slimes","floor":5,"turns":3},{"damage":4,"enemies":"2 Fungi Beasts","floor":6,"turns":2},{"damage":16,"enemies":"Exordium Wildlife","floor":10,"turns":4},{"damage":4,"enemies":"3 Sentries","floor":11,"turns":6},{"damage":3,"enemies":"Gremlin Nob","floor":12,"turns":3},{"damage":0,"enemies":"Blue Slaver","floor":14,"turns":2},{"damage":7,"enemies":"2 Fungi Beasts","floor":15,"turns":3},{"damage":24,"enemies":"IC_STATUS_ARCHETYPE","floor":16,"turns":6},{"damage":0,"enemies":"Spheric Guardian","floor":19,"turns":3},{"damage":0,"enemies":"3 Byrds","floor":20,"turns":2},{"damage":29,"enemies":"Centurion and Healer","floor":21,"turns":5},{"damage":8,"enemies":"Slavers","floor":26,"turns":5},{"damage":16,"enemies":"3 Cultists","floor":28,"turns":4},{"damage":3,"enemies":"Snake Plant","floor":30,"turns":3},{"damage":3,"enemies":"Centurion and Healer","floor":31,"turns":5},{"damage":1,"enemies":"Snecko","floor":32,"turns":4},{"damage":9,"enemies":"WA_ARCHETYPE_CALM","floor":33,"turns":9},{"damage":2,"enemies":"Orb Walker","floor":36,"turns":4},{"damage":3,"enemies":"3 Darklings","floor":38,"turns":3},{"damage":14,"enemies":"Maw","floor":40,"turns":7},{"damage":4,"enemies":"Reptomancer","floor":42,"turns":5},{"damage":5,"enemies":"downfall:FleeingMerchant","floor":43,"turns":4},{"damage":15,"enemies":"4 Shapes","floor":46,"turns":5},{"damage":18,"enemies":"Giant Head","floor":48,"turns":7},{"damage":3,"enemies":"Sphere and 2 Shapes","floor":49,"turns":3},{"damage":9,"enemies":"SI_POISON_ARCHETYPE","floor":50,"turns":8},{"damage":47,"enemies":"downfall:CharBossMerchant","floor":52,"turns":6}],"seed_played":"-2987833950417645062","potions_obtained":[{"floor":5,"key":"LiquidBronze"},{"floor":10,"key":"LiquidMemories"},{"floor":11,"key":"SkillPotion"},{"floor":12,"key":"Weak Potion"},{"floor":14,"key":"Explosive Potion"},{"floor":21,"key":"Ancient Potion"},{"floor":30,"key":"Dexterity Potion"},{"floor":31,"key":"SneckoOil"},{"floor":32,"key":"SkillPotion"},{"floor":42,"key":"FearPotion"},{"floor":46,"key":"CultistPotion"},{"floor":48,"key":"Slimebound:SpawnSlimePotion"},{"floor":49,"key":"Regen Potion"}],"is_trial":false,"path_per_floor":["R","M","M","?","M","M","T","?","R","M","E","?","R","M","M","B",null,"R","M","M","M","?","?","T","R","E","R","M","R","M","M","M","B",null,"R","M","?","M","?","M","T","E","$","?","R","M","R","E","M","B",null,"E"],"character_chosen":"SLIMEBOUND","items_purchased":["Meat on the Bone"],"campfire_rested":1,"item_purchase_floors":[43],"current_hp_per_floor":[65,65,65,65,65,63,63,56,66,56,60,63,63,67,66,50,75,75,75,75,52,52,37,37,37,35,35,25,25,26,31,36,29,37,37,37,37,37,37,26,26,28,31,31,31,22,33,21,30,37,37,0,0,0],"gold":49,"neow_bonus":"HUNDRED_GOLD","is_daily":false,"chose_seed":false,"campfire_upgraded":8,"win_rate":0.0,"timestamp":1613650586,"path_taken":["R","M","M","?","M","M","T","?","R","M","E","?","R","M","M","BOSS","R","M","M","M","?","?","T","R","E","R","M","R","M","M","M","BOSS","R","M","?","M","?","M","T","E","$","?","R","M","R","E","M","BOSS","E"],"items_purchased_type":["Relic"],"build_version":"2020-12-22","purchased_purges":0,"victory":false,"max_hp_per_floor":[65,65,65,65,65,65,65,65,75,75,75,75,75,75,75,75,75,75,75,75,75,75,37,37,37,37,37,37,37,37,37,37,37,37,37,37,37,37,37,37,37,37,37,37,37,37,37,37,37,37,37,37,37,37],"card_choices":[{"not_picked":["Slimebound:DisruptingSlam","Slimebound:FlameTackle"],"picked":"Slimebound:SplitMire","floor":2},{"not_picked":["Slimebound:LeechingTouch","Slimebound:SplitMire"],"picked":"Slimebound:SlimeTap","floor":3},{"not_picked":["Slimebound:GoopTackle","Slimebound:FormOfPuddle"],"picked":"Slimebound:RainOfGoop","floor":5},{"not_picked":["Slimebound:SplitBruiser","Slimebound:SamplingLick"],"picked":"Slimebound:LivingWall","floor":6},{"not_picked":["Slimebound:SplitBruiser","Slimebound:TongueLash"],"picked":"Slimebound:ItLooksTasty","floor":10},{"not_picked":["Slimebound:ComboTackle","Slimebound:PressTheAttack"],"picked":"Slimebound:Repurpose","floor":11},{"not_picked":["Slimebound:Replication","Slimebound:LevelUp"],"picked":"Slimebound:MinionMaster","floor":14},{"not_picked":["Slimebound:LevelUp","Slimebound:LeechEnergy","Slimebound:Chomp"],"picked":"SKIP","floor":15},{"not_picked":["Slimebound:Recycling","Slimebound:LeechLife"],"picked":"Slimebound:TagTeam","floor":16},{"not_picked":["Slimebound:GoopTackle"],"picked":"SKIP","floor":19},{"not_picked":["Slimebound:FlameTackle"],"picked":"SKIP","floor":20},{"not_picked":[],"picked":"Slimebound:LeadByExample","floor":21},{"not_picked":["Slimebound:FinishingTackle"],"picked":"SKIP","floor":26},{"not_picked":["Slimebound:DivideAndConquer"],"picked":"SKIP","floor":28},{"not_picked":["Slimebound:ComboTackle"],"picked":"SKIP","floor":30},{"not_picked":["Slimebound:Schlurp+1"],"picked":"SKIP","floor":31},{"not_picked":["Slimebound:FormOfPuddle"],"picked":"SKIP","floor":32},{"not_picked":[],"picked":"Slimebound:SelfFormingGoo","floor":33},{"not_picked":["Slimebound:RainOfGoop+1"],"picked":"SKIP","floor":36},{"not_picked":["expansioncontent:YouAreMine","expansioncontent:InvincibleStrength"],"picked":"expansioncontent:HyperBeam","floor":37},{"not_picked":["Slimebound:LivingWall+1"],"picked":"SKIP","floor":38},{"not_picked":["Slimebound:AcidTongue+1"],"picked":"SKIP","floor":40},{"not_picked":["Slimebound:ItLooksTasty+1"],"picked":"SKIP","floor":42},{"not_picked":["Slimebound:Prepare"],"picked":"SKIP","floor":43},{"not_picked":["Slimebound:HauntingLick"],"picked":"SKIP","floor":46},{"not_picked":["Slimebound:SamplingLick+1"],"picked":"SKIP","floor":48},{"not_picked":["Slimebound:Replication"],"picked":"SKIP","floor":49}],"player_experience":703721,"relics_obtained":[{"floor":11,"key":"Gremlin Horn"},{"floor":12,"key":"reliquary:SculptingSteel"},{"floor":24,"key":"Ancient Tea Set"},{"floor":26,"key":"reliquary:Knoch"},{"floor":39,"key":"reliquary:Aerogel"},{"floor":41,"key":"Old Coin"},{"floor":42,"key":"reliquary:NewFriend"},{"floor":48,"key":"Centennial Puzzle"}],"event_choices":[{"damage_healed":0,"gold_gain":0,"player_choice":"Success","damage_taken":7,"relics_obtained":["reliquary:IridiumChain"],"max_hp_gain":0,"max_hp_loss":0,"event_name":"Scrap Ooze","floor":8,"gold_loss":0},{"damage_healed":0,"gold_gain":0,"player_choice":"Became a Ghost","damage_taken":0,"max_hp_gain":0,"max_hp_loss":38,"event_name":"Ghosts","floor":23,"gold_loss":0,"cards_obtained":["Ghostly","Ghostly","Ghostly","Ghostly","Ghostly"]}],"is_beta":false,"boss_relics":[{"not_picked":["Runic Pyramid","Philosopher\u0027s Stone"],"picked":"Busted Crown"},{"not_picked":["Slimebound:AbsorbEndCombatUpgraded","Runic Dome"],"picked":"Empty Cage"}],"items_purged_floors":[],"is_endless":false,"potions_floor_spawned":[5,10,11,12,14,21,30,31,32,42,46,48,49],"killed_by":"downfall:CharBossMerchant","ascension_level":1}}