{"host":"y6zg4wwu39otf01a","time":1613669363,"event":{"mods":["Act Like it!","Aspiration","BaseMod","Better Altar","Better Match","Better Note","Better Sensory Stone","Better Skull","Better Third Choice","Challenge The Spire","Colored Map","Colored Powertips","Conspire","GifTheSpireLib","Glutton Mod","Halation","Hermit","Highlight Path","Hubris","Infinite Spire","Mimic Mod","Minty Spire (QoL Compilation)","Quick Restart","Random Character Button","Rare Cards Sparkle","Reliquary","Replay The Spire","Retaliation","Ruina","Spicy Shops","StSLib","Stuff the Spire","The Blue Laboratory","The Construct","The Jungle"],"gold_per_floor":[118,138,138,151,14,14,14,14,14,14,32,32,51,51,51,153,153,171,171,171,21,21,21,50,50,50,66,66,76,1,1,1,99,99,110,210,225,225,225,225,225],"floor_reached":40,"language":"ENG","playtime":6670,"items_purged":[],"score":415,"play_id":"83ab7747-7728-4a96-a08e-03fcb27d0795","local_time":"20210218112923","is_ascension_mode":false,"campfire_choices":[{"data":"Crescendo","floor":6.0,"key":"SMITH"},{"data":"Dagger Throw","floor":7.0,"key":"SMITH"},{"data":"construct:AttackMode","floor":10.0,"key":"SMITH"},{"floor":15.0,"key":"DIG"},{"data":"Night Terror","floor":23.0,"key":"SMITH"},{"data":"Adrenaline","floor":28.0,"key":"SMITH"},{"floor":32.0,"key":"REST"}],"circlet_count":0,"master_deck":["construct:Strike_Gold","construct:Strike_Gold","construct:Strike_Gold","construct:Strike_Gold","construct:Defend_Gold+1","construct:Defend_Gold","construct:Defend_Gold","construct:Defend_Gold","construct:AttackMode+1","construct:DefenseMode","Dagger Throw+1","construct:LongRangeLance","Crescendo+1","construct:ChargeShot","construct:ModeShift","Adrenaline+1","Night Terror+1","Dodge and Roll","Choke","construct:HeavyBolt","infinitespire:NeuralNetwork","construct:GuardCore","Replay:Bootleg Shield Generator+1","construct:SweepLaser+1","construct:HammerDown","construct:OmegaCannon+1","construct:ModeShift+1","Replay:Fractal Strike"],"relics":["construct:Cogwheel","aspiration:Nostalgia","Replay:M_StaffOfTheSnake","CultistMask","halation:Komachan","Pet Ghost","aspiration:HatOfInfinitePower","reliquary:RedPaperclip","hubris:Towel","Membership Card","Replay:Baseball","Gremlin Food","TungstenRod","hubris:TerracottaHorce","halation:PinkSoulGem"],"acts_visited":["Exordium","Exordium","TheBeyond"],"potions_floor_usage":[],"damage_taken":[{"damage":5.0,"enemies":"2 Louse","floor":1.0,"turns":3.0},{"damage":6.0,"enemies":"Cultist","floor":2.0,"turns":4.0},{"damage":7.0,"enemies":"Small Slimes","floor":4.0,"turns":3.0},{"damage":3.0,"enemies":"Exordium Thugs","floor":11.0,"turns":3.0},{"damage":6.0,"enemies":"Exordium Wildlife","floor":13.0,"turns":2.0},{"damage":55.0,"enemies":"Fading Forest","floor":16.0,"turns":11.0},{"damage":2.0,"enemies":"ruina:2_Scarecrows","floor":18.0,"turns":2.0},{"damage":41.0,"enemies":"ruina:ServantOfWrath","floor":24.0,"turns":4.0},{"damage":7.0,"enemies":"ruina:BadWolf","floor":27.0,"turns":3.0},{"damage":9.0,"enemies":"ruina:Woodsman","floor":29.0,"turns":3.0},{"damage":39.0,"enemies":"ruina:Red_and_Wolf","floor":33.0,"turns":6.0},{"damage":8.0,"enemies":"Orb Walker","floor":35.0,"turns":2.0},{"damage":20.0,"enemies":"3 Shapes","floor":37.0,"turns":2.0},{"damage":31,"enemies":"Reptomancer","floor":40,"turns":2}],"seed_played":"-384998109882847540","potions_obtained":[{"floor":2.0,"key":"blueLaboratory:PhilterOfMotion"},{"floor":13.0,"key":"blueLaboratory:EnragingPotion"},{"floor":29.0,"key":"construct:ShiftPotion"},{"floor":37.0,"key":"Ancient Potion"}],"is_trial":false,"path_per_floor":["M","M","?","M","$","R","R","?","T","R","M","?","M","?","R_BF","B",null,"M","?","?","$","?","R","E","AVR","T","M","R","M","?","$","R","B",null,"M","?","M","?","?","E"],"character_chosen":"THE_CONSTRUCT_MOD","items_purchased":["halation:Komachan","Pet Ghost","Membership Card"],"campfire_rested":1,"item_purchase_floors":[5,5,21],"current_hp_per_floor":[80,74,74,67,67,67,67,60,60,60,57,57,51,44,44,9,85,83,95,95,95,95,95,54,54,54,47,47,38,38,38,67,28,80,72,72,52,52,29,0,0],"gold":225,"neow_bonus":"NOSTALGIA","is_daily":false,"chose_seed":false,"campfire_upgraded":5,"win_rate":0.0,"timestamp":1613669363,"path_taken":["M","M","?","M","?","R","R","?","T","R","?","?","M","?","R_BF","BOSS","M","?","?","$","?","R","E","AVR","T","?","R","M","?","$","R","BOSS","M","?","?","?","?","E"],"items_purchased_type":["Relic","Relic","Relic"],"build_version":"2020-12-22","purchased_purges":0,"victory":false,"max_hp_per_floor":[85,85,85,85,85,85,85,85,85,85,85,85,85,85,85,85,85,85,97,97,97,97,97,97,97,97,97,97,97,97,97,97,97,97,97,97,97,97,97,97,97],"card_choices":[{"not_picked":["construct:Analyze","construct:Backfire"],"picked":"Dagger Throw","floor":1.0},{"not_picked":["Acrobatics","construct:Anticipate"],"picked":"construct:LongRangeLance","floor":2.0},{"not_picked":["construct:Forcefield","Dagger Throw"],"picked":"Crescendo","floor":4.0},{"not_picked":["Outmaneuver","InnerPeace"],"picked":"WaveOfTheHand","floor":11.0},{"not_picked":["WaveOfTheHand","JustLucky"],"picked":"construct:ModeShift","floor":13.0},{"not_picked":["construct:LongRangeLance","construct:ShiftingStance"],"picked":"Adrenaline","floor":16.0},{"not_picked":["construct:Reinforce","construct:Backfire","construct:Failsafe"],"picked":"SKIP","floor":18.0},{"not_picked":["construct:PanicFire","construct:ShiftingStance"],"picked":"construct:HeavyBolt","floor":24.0},{"not_picked":["construct:Hazardproof+1","construct:Analyze+1","construct:Reinforce+1"],"picked":"SKIP","floor":27.0},{"not_picked":["construct:HeavyBolt+1","construct:Reinforce"],"picked":"construct:GuardCore","floor":29.0},{"not_picked":["ReplayTheSpireMod:Trickstab+1","Finesse+1"],"picked":"Replay:Bootleg Shield Generator+1","floor":30.0},{"not_picked":["construct:Accumulate+1","construct:Analyze+1"],"picked":"construct:SweepLaser+1","floor":30.0},{"not_picked":["construct:LongRangeLance","construct:HyperBeam"],"picked":"construct:HammerDown","floor":33.0},{"not_picked":["construct:SyphonStrike+1","construct:ScrapCannon+1"],"picked":"construct:OmegaCannon+1","floor":35.0},{"not_picked":["construct:SaveState","construct:HeavyBolt"],"picked":"construct:ModeShift+1","floor":37.0},{"not_picked":["infinitespire:TheBestDefense","hubris:Rewind"],"picked":"Replay:Fractal Strike","floor":39.0}],"player_experience":891022,"relics_obtained":[{"floor":9.0,"key":"Blue Doll"},{"floor":15.0,"key":"aspiration:HatOfInfinitePower"},{"floor":24.0,"key":"Replay:Baseball"},{"floor":26.0,"key":"TungstenRod"}],"event_choices":[{"damage_healed":0.0,"max_hp_gain":0.0,"max_hp_loss":0.0,"gold_gain":0.0,"event_name":"FaceTrader","player_choice":"Trade","floor":3.0,"gold_loss":0.0,"damage_taken":0.0,"relics_obtained":["CultistMask"]},{"damage_healed":0.0,"max_hp_gain":0.0,"max_hp_loss":0.0,"gold_gain":0.0,"event_name":"betterThird:BetterScrap","player_choice":"Relic ","floor":8.0,"gold_loss":0.0,"damage_taken":7.0,"cards_obtained":["Judgement"]},{"cards_removed":["Pain"],"damage_healed":0.0,"max_hp_gain":0.0,"max_hp_loss":0.0,"gold_gain":0.0,"event_name":"Golden Wing","player_choice":"Card Removal","floor":14.0,"gold_loss":0.0,"damage_taken":7.0},{"damage_healed":0.0,"max_hp_gain":0.0,"max_hp_loss":0.0,"gold_gain":0.0,"event_name":"betterMatch:BetterMatch","player_choice":"2","floor":30.0,"gold_loss":0.0,"damage_taken":0.0,"cards_obtained":["betterMatch:ColorlessUncommonCard","betterMatch:CommonCard"]},{"damage_healed":0.0,"max_hp_gain":0.0,"max_hp_loss":0.0,"gold_gain":100.0,"event_name":"Golden Shrine","player_choice":"Pray","floor":36.0,"gold_loss":0.0,"damage_taken":0.0}],"is_beta":false,"boss_relics":[{"not_picked":["halation:Yufonium","ChewingGum"],"picked":"reliquary:RedPaperclip"},{"not_picked":["reliquary:Ember","hubris:CrackedHourglass"],"picked":"hubris:TerracottaHorce"}],"items_purged_floors":[],"is_endless":false,"potions_floor_spawned":[2,13,29,37],"killed_by":"Reptomancer","ascension_level":0}}