{"host":"Doisman","time":1613677486,"event":{"mods":["AchievementEnabler","BaseMod","Better Note","Curses Come First","Minty Spire (QoL Compilation)","Permanent Neow","Quick Restart","Relic Stats","Replay The Spire","StSLib","slay the spire mod where everything is the same but ironclad has a cowboy hat"],"gold_per_floor":[110,60,35,35,51,51,51,51,51,17,17,30,55,67,67,165,165,175,175,175,175,192,218,218,245,245,279,226,239,14,28,28,132,132,132],"floor_reached":34,"language":"ENG","playtime":4223,"items_purged":[],"score":899,"play_id":"962afbaf-a2aa-4165-800c-8ee10baf9262","local_time":"20210218134446","is_ascension_mode":true,"campfire_choices":[{"data":"Eruption","floor":6.0,"key":"SMITH"},{"data":"ForeignInfluence","floor":8.0,"key":"SMITH"},{"data":"Vigilance","floor":11.0,"key":"SMITH"},{"data":"Consecrate","floor":15.0,"key":"SMITH"},{"data":"Omniscience","floor":24.0,"key":"SMITH"},{"data":"TalkToTheHand","floor":32.0,"key":"SMITH"}],"circlet_count":0,"master_deck":["Defend_P","Defend_P","Defend_P","Eruption+1","Vigilance+1","CurseOfTheBell","ReachHeaven","Protect","Consecrate+1","ForeignInfluence+1","Steam","BowlingBash+1","JustLucky","Omniscience+1","DeceiveReality+1","ForeignInfluence+1","WheelKick","DeceiveReality","Evaluate","Prostrate","JustLucky+1","DevaForm","TalkToTheHand+1","Wish"],"relics":["Calling Bell","Toy Ornithopter","Sundial","Pocketwatch","Bottled Lightning","Meat on the Bone","SlaversCollar","Damaru","Replay:Mystery Machine","Mirror","Replay:PocketPolymizer","Runic Dome"],"acts_visited":["Exordium","TheCity","TheBeyond"],"potions_floor_usage":[33,33],"damage_taken":[{"damage":0.0,"enemies":"2 Louse","floor":1.0,"turns":4.0},{"damage":0.0,"enemies":"Jaw Worm","floor":5.0,"turns":4.0},{"damage":0.0,"enemies":"Cultist","floor":12.0,"turns":2.0},{"damage":4.0,"enemies":"Gremlin Nob","floor":13.0,"turns":3.0},{"damage":0.0,"enemies":"3 Louse","floor":14.0,"turns":1.0},{"damage":0.0,"enemies":"Fading Forest","floor":16.0,"turns":11.0},{"damage":0.0,"enemies":"2 Thieves","floor":18.0,"turns":1.0},{"damage":0.0,"enemies":"Chosen","floor":22.0,"turns":3.0},{"damage":5.0,"enemies":"Slavers","floor":23.0,"turns":5.0},{"damage":0.0,"enemies":"Book of Stabbing","floor":25.0,"turns":2.0},{"damage":0.0,"enemies":"Gremlin Leader","floor":27.0,"turns":2.0},{"damage":0.0,"enemies":"Snake Plant","floor":29.0,"turns":2.0},{"damage":13.0,"enemies":"Centurion and Healer","floor":31.0,"turns":5.0},{"damage":25,"enemies":"Pondfish","floor":33,"turns":9}],"seed_played":"4643592950831011282","potions_obtained":[{"floor":12.0,"key":"Swift Potion"},{"floor":13.0,"key":"SkillPotion"},{"floor":22.0,"key":"Strength Potion"},{"floor":25.0,"key":"EntropicBrew"},{"floor":29.0,"key":"LiquidBronze"}],"is_trial":false,"path_per_floor":["M","?","$","?","M","R","?","R","T","$","R","M","E","M","R","B",null,"M","?","?","?","M","E","R","E","T","E","$","M","$","M","R","B",null],"character_chosen":"WATCHER","items_purchased":["Protect","BowlingBash+1","Prostrate","DevaForm","TalkToTheHand"],"campfire_rested":0,"item_purchase_floors":[3,10,28,30,30],"current_hp_per_floor":[72,72,72,65,65,65,65,65,65,65,65,65,61,61,61,71,72,72,72,72,72,72,67,67,72,72,72,72,72,72,59,59,44,72,72],"gold":132,"neow_bonus":"BOSS_RELIC","is_daily":false,"chose_seed":false,"campfire_upgraded":6,"win_rate":0.0,"timestamp":1613677486,"path_taken":["M","?","$","?","M","R","?","R","T","$","R","M","E","M","R","BOSS","M","?","?","?","?","E","R","E","T","E","$","M","?","M","R","BOSS"],"items_purchased_type":["Card","Card","Card","Card","Card"],"build_version":"2020-12-18","purchased_purges":0,"victory":false,"max_hp_per_floor":[72,72,72,72,72,72,72,72,72,72,72,72,72,72,72,72,72,72,72,72,72,72,72,72,72,72,72,72,72,72,72,72,72,72,72],"relic_stats":{"counters":[14,54],"Sundial":[14],"obtain_stats":[{"Replay:PocketPolymizer":27,"Damaru":23,"Replay:Mystery Machine":25,"Calling Bell":0,"SlaversCollar":17,"Runic Dome":34,"Sundial":0,"Bottled Lightning":9,"PureWater":0,"Mirror":26,"Toy Ornithopter":0,"Pocketwatch":0,"Meat on the Bone":13},{"Replay:PocketPolymizer":11,"Damaru":9,"Replay:Mystery Machine":10,"Calling Bell":0,"SlaversCollar":6,"Runic Dome":14,"Sundial":0,"Bottled Lightning":2,"PureWater":0,"Mirror":10,"Toy Ornithopter":0,"Pocketwatch":0,"Meat on the Bone":4},{"Replay:PocketPolymizer":38,"Damaru":34,"Replay:Mystery Machine":36,"Calling Bell":0,"SlaversCollar":25,"Runic Dome":54,"Sundial":0,"Bottled Lightning":8,"PureWater":0,"Mirror":36,"Toy Ornithopter":0,"Pocketwatch":0,"Meat on the Bone":13}],"Toy Ornithopter":15,"Pocketwatch":[66],"Meat on the Bone":0},"card_choices":[{"not_picked":["Halt","ClearTheMind"],"picked":"ReachHeaven","floor":1.0},{"not_picked":["CrushJoints","SignatureMove"],"picked":"Consecrate","floor":5.0},{"not_picked":["Study","SashWhip","CrushJoints"],"picked":"SKIP","floor":12.0},{"not_picked":["EmptyFist","Meditate"],"picked":"JustLucky","floor":13.0},{"not_picked":["SashWhip","Prostrate","Replay:ManipulateFuture"],"picked":"SKIP","floor":14.0},{"not_picked":["Blasphemy","DeusExMachina"],"picked":"Omniscience","floor":16.0},{"not_picked":["CrushJoints","Replay:Battleflow"],"picked":"DeceiveReality+1","floor":18.0},{"not_picked":["Adaptation","CrushJoints"],"picked":"WheelKick","floor":22.0},{"not_picked":["ConjureBlade","Protect"],"picked":"DeceiveReality","floor":23.0},{"not_picked":["EmptyFist","Vengeance+1","Consecrate"],"picked":"SKIP","floor":25.0},{"not_picked":["WheelKick","EmptyFist"],"picked":"Evaluate","floor":27.0},{"not_picked":["SashWhip","Pray"],"picked":"JustLucky+1","floor":29.0},{"not_picked":["CrushJoints","Consecrate","FlurryOfBlows+1"],"picked":"SKIP","floor":31.0},{"not_picked":["Vault","Blasphemy"],"picked":"Wish","floor":33}],"player_experience":765384,"relics_obtained":[{"floor":0.0,"key":"Toy Ornithopter"},{"floor":0.0,"key":"Sundial"},{"floor":0.0,"key":"Pocketwatch"},{"floor":9.0,"key":"Bottled Lightning"},{"floor":13.0,"key":"Meat on the Bone"},{"floor":23.0,"key":"Damaru"},{"floor":25.0,"key":"Replay:Mystery Machine"},{"floor":26.0,"key":"Mirror"},{"floor":27.0,"key":"Replay:PocketPolymizer"}],"event_choices":[{"cards_removed":["Strike_P"],"damage_healed":0.0,"max_hp_gain":0.0,"max_hp_loss":0.0,"gold_gain":0.0,"event_name":"The Cleric","player_choice":"Card Removal","floor":2.0,"gold_loss":50.0,"damage_taken":0.0},{"cards_removed":["Strike_P"],"damage_healed":0.0,"max_hp_gain":0.0,"max_hp_loss":0.0,"gold_gain":0.0,"event_name":"Golden Wing","player_choice":"Card Removal","floor":4.0,"gold_loss":0.0,"damage_taken":7.0},{"damage_healed":0.0,"max_hp_gain":0.0,"max_hp_loss":0.0,"gold_gain":0.0,"event_name":"Duplicator","player_choice":"Copied","floor":19.0,"gold_loss":0.0,"damage_taken":0.0,"cards_obtained":["ForeignInfluence"]},{"damage_healed":0.0,"max_hp_gain":0.0,"max_hp_loss":0.0,"gold_gain":0.0,"event_name":"betterNote:BetterNote","player_choice":"Ignored","floor":20.0,"gold_loss":0.0,"damage_taken":0.0,"cards_obtained":["Die Die Die"]},{"cards_removed":["Strike_P"],"damage_healed":0.0,"max_hp_gain":0.0,"max_hp_loss":0.0,"gold_gain":0.0,"event_name":"Purifier","player_choice":"Purged","floor":21.0,"gold_loss":0.0,"damage_taken":0.0}],"is_beta":true,"boss_relics":[{"not_picked":["Kintsugi","Replay:Ancient Bell"],"picked":"SlaversCollar"},{"not_picked":["Pandora\u0027s Box","Velvet Choker"],"picked":"Runic Dome"}],"items_purged_floors":[],"is_endless":false,"potions_floor_spawned":[12,13,22,25,29],"ascension_level":1}}