{"host":"6rz02yiipefhcw4r","time":1613648036,"event":{"mods":["2.2 Compatiblity","BaseMod","Block Reminder","Colored Map","Curses Come First","DeckTracker","Googly Eyes","Minty Spire (QoL Compilation)","Quick Restart","Rare Cards Sparkle","StSLib"],"gold_per_floor":[118,42,42,42,42,76,76,102,102,122,122,122],"floor_reached":11,"language":"ENG","playtime":231,"items_purged":[],"score":158,"play_id":"9efcdcec-2641-4929-8630-9c8b4d222a22","local_time":"20210218093356","is_ascension_mode":true,"campfire_choices":[{"floor":7.0,"key":"REST"}],"circlet_count":0,"master_deck":["AscendersBane","Strike_B","Strike_B+1","Strike_B","Strike_B+1","Defend_B","Defend_B","Defend_B","Defend_B","Zap+1","Dualcast+1","Streamline","Genetic Algorithm","Doom and Gloom+1","Self Repair","Barrage","Coolheaded"],"relics":["Cracked Core","Whetstone","War Paint","Bottled Tornado"],"acts_visited":["Exordium"],"potions_floor_usage":[11],"damage_taken":[{"damage":0.0,"enemies":"Cultist","floor":1.0,"turns":2.0},{"damage":32.0,"enemies":"Gremlin Nob","floor":6.0,"turns":4.0},{"damage":35.0,"enemies":"Lagavulin","floor":8.0,"turns":6.0},{"damage":7.0,"enemies":"Jaw Worm","floor":10.0,"turns":3.0},{"damage":34,"enemies":"Gremlin Nob","floor":11,"turns":3}],"seed_played":"5926438770790022004","potions_obtained":[{"floor":1.0,"key":"DuplicationPotion"},{"floor":8.0,"key":"Weak Potion"}],"is_trial":false,"path_per_floor":["M","$","?","?","?","E","R","E","T","M","E"],"character_chosen":"DEFECT","items_purchased":["Doom and Gloom"],"campfire_rested":1,"item_purchase_floors":[2],"current_hp_per_floor":[64,64,64,64,69,37,59,31,31,31,0,0],"gold":122,"neow_bonus":"THREE_CARDS","is_daily":false,"chose_seed":false,"campfire_upgraded":0,"win_rate":0.0,"timestamp":1613648036,"path_taken":["M","?","?","?","?","E","R","E","T","?","E"],"items_purchased_type":["Card"],"build_version":"2020-12-22","purchased_purges":0,"victory":false,"max_hp_per_floor":[71,71,71,71,76,76,76,76,76,76,76,76],"card_choices":[{"not_picked":["Leap","FTL"],"picked":"Streamline","floor":0.0},{"not_picked":["Undo","Turbo"],"picked":"Genetic Algorithm","floor":1.0},{"not_picked":["Sweeping Beam","Multi-Cast"],"picked":"Self Repair","floor":6.0},{"not_picked":["Reprogram","BootSequence"],"picked":"Barrage","floor":8.0},{"not_picked":["Hello World","Barrage"],"picked":"Coolheaded","floor":10.0}],"player_experience":809884,"relics_obtained":[{"floor":6.0,"key":"Whetstone"},{"floor":8.0,"key":"War Paint"},{"floor":9.0,"key":"Bottled Tornado"}],"event_choices":[{"damage_healed":0.0,"max_hp_gain":0.0,"max_hp_loss":0.0,"gold_gain":0.0,"event_name":"The Cleric","player_choice":"Leave","floor":3.0,"gold_loss":0.0,"damage_taken":0.0},{"damage_healed":0.0,"max_hp_gain":0.0,"max_hp_loss":0.0,"gold_gain":0.0,"event_name":"Living Wall","player_choice":"Grow","floor":4.0,"gold_loss":0.0,"damage_taken":0.0,"cards_upgraded":["Doom and Gloom"]},{"damage_healed":0.0,"max_hp_gain":5.0,"max_hp_loss":0.0,"gold_gain":0.0,"event_name":"Big Fish","player_choice":"Donut","floor":5.0,"gold_loss":0.0,"damage_taken":0.0}],"is_beta":false,"boss_relics":[],"items_purged_floors":[],"is_endless":false,"potions_floor_spawned":[1,8],"killed_by":"Gremlin Nob","ascension_level":20}}