{"host":"97k3n5kp0psabqmo","time":1613668707,"event":{"mods":["BaseMod","Colored Powertips","Minty Spire (QoL Compilation)"],"gold_per_floor":[367,367,118,118,136,136,166,441,465,482,482,70,70,85,85,181,181,198,828,838,661,679,679,223,223,223,234,262,275,301,318,318,318,318],"floor_reached":33,"language":"ENG","playtime":902,"items_purged":["Injury","Regret","Defend_R","Bash"],"score":392,"play_id":"91850af2-763e-4b79-9953-0ccfcfe10a4a","local_time":"20210218121827","is_ascension_mode":true,"campfire_choices":[{"data":"Perfected Strike","floor":6,"key":"SMITH"},{"data":"Perfected Strike","floor":11,"key":"SMITH"},{"data":"Shrug It Off","floor":13,"key":"SMITH"},{"data":"Shrug It Off","floor":15,"key":"SMITH"},{"floor":23,"key":"REST"},{"floor":32,"key":"RECALL"}],"circlet_count":0,"master_deck":["Strike_R","Strike_R","Strike_R","Strike_R","Strike_R","Defend_R+1","Defend_R+1","Perfected Strike+1","Shrug It Off+1","Perfected Strike+1","Shrug It Off+1","Shrug It Off","Twin Strike","Pommel Strike","Pommel Strike","Perfected Strike+1","Twin Strike+1","Battle Trance","Perfected Strike","Pommel Strike","True Grit"],"relics":["Burning Blood","Dream Catcher","Blue Candle","Oddly Smooth Stone","Calipers","Fusion Hammer","DollysMirror","Juzu Bracelet","Matryoshka","Darkstone Periapt","Toy Ornithopter"],"acts_visited":["Exordium","TheCity"],"potions_floor_usage":[16,16,20,30,33,33,33],"damage_taken":[{"damage":8,"enemies":"2 Louse","floor":1,"turns":3},{"damage":0,"enemies":"Jaw Worm","floor":5,"turns":4},{"damage":32,"enemies":"Gremlin Nob","floor":7,"turns":4},{"damage":3,"enemies":"Cultist","floor":10,"turns":2},{"damage":4,"enemies":"Blue Slaver","floor":14,"turns":2},{"damage":14,"enemies":"Hexaghost","floor":16,"turns":7},{"damage":5,"enemies":"Shell Parasite","floor":18,"turns":4},{"damage":0,"enemies":"2 Thieves","floor":20,"turns":4},{"damage":0,"enemies":"Snake Plant","floor":22,"turns":2},{"damage":10,"enemies":"Shelled Parasite and Fungi","floor":27,"turns":4},{"damage":9,"enemies":"Gremlin Leader","floor":28,"turns":4},{"damage":5,"enemies":"Centurion and Healer","floor":29,"turns":4},{"damage":6,"enemies":"Slavers","floor":30,"turns":5},{"damage":15,"enemies":"Snake Plant","floor":31,"turns":3},{"damage":71,"enemies":"Champ","floor":33,"turns":8}],"seed_played":"6057988007496696916","potions_obtained":[{"floor":7,"key":"DistilledChaos"},{"floor":10,"key":"DuplicationPotion"},{"floor":16,"key":"Dexterity Potion"},{"floor":22,"key":"BloodPotion"},{"floor":28,"key":"Strength Potion"},{"floor":29,"key":"Block Potion"},{"floor":30,"key":"Explosive Potion"}],"is_trial":false,"path_per_floor":["M","?","$","?","M","R","E","?","T","M","R","$","R","M","R","B",null,"M","?","M","$","M","R","$","?","T","M","E","M","E","M","R","B"],"character_chosen":"IRONCLAD","items_purchased":["Dream Catcher","Shrug It Off","Calipers","Pommel Strike","DollysMirror","Juzu Bracelet"],"campfire_rested":1,"item_purchase_floors":[3,3,12,21,24,24],"current_hp_per_floor":[78,62,62,62,68,68,42,42,42,45,45,45,45,47,47,39,80,80,11,17,17,23,47,47,47,47,43,40,41,41,32,32,0,0],"gold":318,"neow_bonus":"TWO_FIFTY_GOLD","is_daily":false,"chose_seed":false,"campfire_upgraded":4,"win_rate":0.0,"timestamp":1613668707,"path_taken":["M","?","$","?","?","R","E","?","T","?","R","$","R","M","R","BOSS","M","?","M","$","M","R","$","?","T","M","E","M","E","M","R","BOSS"],"items_purchased_type":["Relic","Card","Relic","Card","Relic","Relic"],"build_version":"2020-12-22","purchased_purges":4,"victory":false,"max_hp_per_floor":[80,80,80,80,80,80,80,80,80,80,80,80,80,80,80,80,80,80,80,80,80,80,80,80,80,80,80,80,80,80,80,80,80,80],"card_choices":[{"not_picked":["Pommel Strike","Second Wind"],"picked":"Perfected Strike","floor":1},{"not_picked":["Iron Wave","Anger"],"picked":"Perfected Strike","floor":5},{"not_picked":["Sword Boomerang","Thunderclap"],"picked":"Shrug It Off","floor":7},{"not_picked":["Thunderclap","Searing Blow"],"picked":"Shrug It Off","floor":10},{"not_picked":["Clash","Thunderclap"],"picked":"Twin Strike","floor":14},{"not_picked":["Iron Wave","Cleave","Rampage"],"picked":"SKIP","floor":18},{"not_picked":["Heavy Blade+1","Headbutt"],"picked":"Pommel Strike","floor":20},{"not_picked":["Anger","Cleave","Clash"],"picked":"SKIP","floor":22},{"not_picked":["Armaments","Sword Boomerang"],"picked":"Twin Strike+1","floor":27},{"not_picked":["Cleave+1","Fiend Fire"],"picked":"Battle Trance","floor":28},{"not_picked":["Havoc","Inflame"],"picked":"Perfected Strike","floor":29},{"not_picked":["Sever Soul+1","Dropkick"],"picked":"Pommel Strike","floor":30},{"not_picked":["Twin Strike","Shockwave"],"picked":"True Grit","floor":31}],"player_experience":95735,"relics_obtained":[{"floor":7,"key":"Blue Candle"},{"floor":9,"key":"Oddly Smooth Stone"},{"floor":26,"key":"Matryoshka"},{"floor":28,"key":"Darkstone Periapt"},{"floor":30,"key":"Toy Ornithopter"}],"event_choices":[{"damage_healed":0,"gold_gain":0,"player_choice":"Entered Light","damage_taken":16,"max_hp_gain":0,"max_hp_loss":0,"event_name":"Shining Light","floor":2,"gold_loss":0,"cards_upgraded":["Defend_R","Defend_R"]},{"cards_removed":["Defend_R"],"damage_healed":0,"gold_gain":0,"player_choice":"Purged","damage_taken":0,"max_hp_gain":0,"max_hp_loss":0,"event_name":"Purifier","floor":4,"gold_loss":0},{"damage_healed":0,"gold_gain":275,"player_choice":"Desecrate","damage_taken":0,"max_hp_gain":0,"max_hp_loss":0,"event_name":"Golden Shrine","floor":8,"gold_loss":0,"cards_obtained":["Regret"]},{"damage_healed":0,"gold_gain":630,"player_choice":"GOLD GOLD GOLD GOLD GOLD GOLD GOLD ","damage_taken":69,"max_hp_gain":0,"max_hp_loss":0,"event_name":"Knowing Skull","floor":19,"potions_obtained":[],"gold_loss":0,"cards_obtained":[]},{"damage_healed":0,"gold_gain":0,"player_choice":"Ignored","damage_taken":0,"max_hp_gain":0,"max_hp_loss":0,"event_name":"Vampires","floor":25,"gold_loss":0}],"is_beta":false,"boss_relics":[{"not_picked":["Coffee Dripper","Runic Cube"],"picked":"Fusion Hammer"}],"items_purged_floors":[3,12,21,24],"is_endless":false,"potions_floor_spawned":[7,10,16,22,28,29,30],"killed_by":"Champ","ascension_level":4}}