{"host":"ij6v9c62x5hkpuac","time":1613662666,"event":{"mods":["BaseMod","BetterRewards","Minty Spire (QoL Compilation)","Permanent Neow","Prisma Mod","Shop Mod","StSLib","Td1madao Mod","The Animator","The Servant 0.9.4","Yuri Mod"],"gold_per_floor":[114,129,129,147,166,166,195,213,288,388,388,398,298,308,308,387,387,399,418,4,4,4,4,15,15,15,34,34,34,34,69,69,143,143,153,163,163,12,29,29,29,29],"floor_reached":41,"language":"ENG","playtime":1839,"items_purged":[],"score":871,"play_id":"202333e5-eb8c-49e3-93f0-89a61b05902f","local_time":"20210218233746","is_ascension_mode":true,"campfire_choices":[{"floor":6,"key":"REST"},{"data":"Luminosity","floor":11,"key":"SMITH"},{"floor":15,"key":"REST"},{"floor":23,"key":"REST"},{"floor":25,"key":"REST"},{"data":"MoonPhase","floor":32,"key":"SMITH"},{"floor":40,"key":"REST"}],"circlet_count":0,"master_deck":["AscendersBane","Strike_S+1","Defend_S+1","Defend_S+1","Defend_S+1","Defend_S+1","KidneyShot","Exchange","FlawlessForm","Unruled","Luminosity+1","MoonPhase+1","Spin","MurderousAura","Spin","Sunlight","Moondial","Apotheosis+1","MoonPhase","BottledTime","TheWorld","Revamp+1","Alleviate+1","TimeTheft+1","Unruled","Thinking Ahead"],"relics":["Uniform","Odd Mushroom","HornCleat","Philosopher\u0027s Stone","MerchantsRug","Regal Pillow","yuri:PortableGlitches","Bag of Preparation","Astrolabe","Oddly Smooth Stone"],"acts_visited":["Exordium","TheCity","TheBeyond"],"potions_floor_usage":[7,16,31,41,41],"damage_taken":[{"damage":0,"enemies":"Small Slimes","floor":1,"turns":3},{"damage":12,"enemies":"Jaw Worm","floor":2,"turns":7},{"damage":0,"enemies":"Cultist","floor":4,"turns":4},{"damage":12,"enemies":"Blue Slaver","floor":5,"turns":5},{"damage":15,"enemies":"The Mushroom Lair","floor":7,"turns":6},{"damage":10,"enemies":"Red Slaver","floor":8,"turns":4},{"damage":0,"enemies":"Large Slime","floor":12,"turns":6},{"damage":0,"enemies":"Blue Slaver","floor":14,"turns":5},{"damage":2,"enemies":"The Guardian","floor":16,"turns":13},{"damage":25,"enemies":"Shell Parasite","floor":18,"turns":6},{"damage":13,"enemies":"3 Byrds","floor":19,"turns":5},{"damage":25,"enemies":"Shelled Parasite and Fungi","floor":24,"turns":6},{"damage":12,"enemies":"Cultist and Chosen","floor":27,"turns":6},{"damage":0,"enemies":"Book of Stabbing","floor":31,"turns":5},{"damage":0,"enemies":"Champ","floor":33,"turns":10},{"damage":3,"enemies":"3 Shapes","floor":35,"turns":4},{"damage":26,"enemies":"3 Darklings","floor":36,"turns":3},{"damage":9,"enemies":"Jaw Worm Horde","floor":39,"turns":3},{"damage":91,"enemies":"Giant Head","floor":41,"turns":13}],"seed_played":"-494545358139189653","potions_obtained":[{"floor":4,"key":"Energy Potion"},{"floor":5,"key":"SpeedPotion"},{"floor":7,"key":"LiquidMemories"},{"floor":8,"key":"Block Potion"},{"floor":18,"key":"Strength Potion"},{"floor":31,"key":"Explosive Potion"},{"floor":39,"key":"SkillPotion"}],"is_trial":false,"path_per_floor":["M","M","$","M","M","R","?","M","T","?","R","M","?","M","R","B",null,"M","M","$","?","?","R","M","R","T","M","?","$","$","E","R","B",null,"M","M","?","$","M","R","E"],"character_chosen":"THE_SERVANT","items_purchased":["MerchantsRug","Regal Pillow","Apotheosis","Oddly Smooth Stone"],"campfire_rested":5,"item_purchase_floors":[20,20,20,38],"current_hp_per_floor":[59,47,47,47,35,54,39,29,29,29,29,29,29,29,48,46,60,35,22,22,22,22,56,31,65,65,53,53,53,53,53,53,53,62,59,33,33,33,24,58,0,0],"gold":29,"neow_bonus":"ONE_RANDOM_RARE_CARD","is_daily":false,"chose_seed":false,"campfire_upgraded":2,"win_rate":0.0,"timestamp":1613662666,"path_taken":["M","M","$","M","M","R","?","M","T","?","R","?","?","?","R","BOSS","M","M","$","?","?","R","M","R","T","M","?","?","$","E","R","BOSS","M","M","?","$","M","R","E"],"items_purchased_type":["Relic","Relic","Card","Relic"],"build_version":"2020-12-22","purchased_purges":0,"victory":false,"max_hp_per_floor":[65,65,65,65,65,65,65,65,65,65,65,65,65,65,65,65,65,65,65,65,65,65,65,65,65,65,65,65,65,65,65,65,65,65,65,65,65,65,65,65,65,65],"card_choices":[{"not_picked":["Potential","Replace"],"picked":"Unruled","floor":1},{"not_picked":["MoonPhase","Ricochet"],"picked":"Luminosity","floor":2},{"not_picked":["Ricochet","TheWorld"],"picked":"MoonPhase","floor":4},{"not_picked":["RealityMarble","Potential","Alleviate"],"picked":"SKIP","floor":5},{"not_picked":["Rearm","Defy"],"picked":"Spin","floor":8},{"not_picked":["GearUp","Ricochet"],"picked":"MurderousAura","floor":12},{"not_picked":["Potential","Snipe"],"picked":"Spin","floor":14},{"not_picked":["SilverMatrix","PendulumOfEternity"],"picked":"Sunlight","floor":16},{"not_picked":["Starlight","Ricochet","GearUp"],"picked":"SKIP","floor":18},{"not_picked":["Advance","TimeWarp"],"picked":"Moondial","floor":19},{"not_picked":["ShiftingGears","Rearm"],"picked":"MoonPhase","floor":24},{"not_picked":["Defy","Rewind","RealityMarble"],"picked":"SKIP","floor":27},{"not_picked":["Rewind","Read"],"picked":"BottledTime","floor":31},{"not_picked":["Solidify","Duplication"],"picked":"TheWorld","floor":33},{"not_picked":["Ricochet","Contraction"],"picked":"Unruled","floor":35},{"not_picked":["Comet","Desolation+1","InstantArmor"],"picked":"SKIP","floor":36},{"not_picked":["Panacea","Forethought"],"picked":"Thinking Ahead","floor":37},{"not_picked":["DualDimension","Replace","Rearm"],"picked":"SKIP","floor":39}],"player_experience":679655,"relics_obtained":[{"floor":7,"key":"Odd Mushroom"},{"floor":9,"key":"HornCleat"},{"floor":26,"key":"yuri:PortableGlitches"},{"floor":31,"key":"Bag of Preparation"}],"event_choices":[{"damage_healed":0,"gold_gain":0,"player_choice":"Fought Mushrooms","damage_taken":0,"max_hp_gain":0,"max_hp_loss":0,"event_name":"Mushrooms","floor":7,"gold_loss":0},{"damage_healed":0,"gold_gain":100,"player_choice":"Pray","damage_taken":0,"max_hp_gain":0,"max_hp_loss":0,"event_name":"Golden Shrine","floor":10,"gold_loss":0},{"damage_healed":0,"gold_gain":0,"player_choice":"Paid Gold","damage_taken":0,"relics_obtained":["Turnip"],"max_hp_gain":0,"max_hp_loss":0,"event_name":"WeMeetAgain","floor":13,"gold_loss":100},{"damage_healed":0,"gold_gain":0,"player_choice":"Simplicity","damage_taken":0,"max_hp_gain":0,"max_hp_loss":0,"event_name":"Back to Basics","floor":28,"gold_loss":0,"cards_upgraded":["Strike_S","Strike_S","Strike_S","Strike_S","Defend_S","Defend_S","Defend_S","Defend_S"]},{"damage_healed":0,"gold_gain":0,"player_choice":"Memory 1","damage_taken":0,"max_hp_gain":0,"max_hp_loss":0,"event_name":"SensoryStone","floor":37,"gold_loss":0}],"is_beta":false,"boss_relics":[{"not_picked":["Coffee Dripper","Empty Cage"],"picked":"Philosopher\u0027s Stone"},{"not_picked":["Runic Pyramid","Busted Crown"],"picked":"Astrolabe"}],"items_purged_floors":[],"is_endless":false,"potions_floor_spawned":[4,5,7,8,14,18,24,31,35,39],"killed_by":"Giant Head","ascension_level":13}}