{"host":"tyeg9214rgutn7tb","time":1613668929,"event":{"mods":["BaseMod","Colored Map","Custom Start","Downfall","Minty Spire (QoL Compilation)","StSLib"],"gold_per_floor":[99,112,112,124,63,63,63,80,80,80,108,122,22,51,62,167,167,67,81,81,163,8,8,81,81,106,106,91,91,123,137,153,252,252,252,270,284,302,226,237,237,266,266,285,300,200,216,234,251,251,251,251,251,251],"floor_reached":52,"language":"ENG","playtime":3058,"items_purged":["downfall:Bewildered","sneckomod:TailWhip"],"score":1248,"play_id":"24c43d6f-0e0e-4c00-be63-75afa2727ec5","local_time":"20210218182209","is_ascension_mode":true,"campfire_choices":[{"floor":1,"key":"RECALL"},{"data":"sneckomod:WideSting","floor":6,"key":"SMITH"},{"data":"sneckomod:WideSting","floor":13,"key":"SMITH"},{"data":"sneckomod:UnknownBoss","floor":18,"key":"SMITH"},{"data":"sneckomod:MasterEye","floor":23,"key":"SMITH"},{"data":"sneckomod:UnknownRarePower","floor":27,"key":"SMITH"},{"data":"sneckomod:UnknownBoss","floor":35,"key":"SMITH"}],"circlet_count":0,"master_deck":["sneckomod:Strike+1","sneckomod:Defend","sneckomod:Defend","sneckomod:Defend","sneckomod:SnekBite","sneckomod:Unknown","sneckomod:Unknown","sneckomod:UnknownClassPURPLE","sneckomod:UnknownClassBLUE","sneckomod:UnknownUncommonSkill","sneckomod:WideSting+1","sneckomod:UnknownClassRED","sneckomod:QuickBite","sneckomod:WideSting+1","sneckomod:UnknownClassSLIMEBOUND","sneckomod:SoulDraw","sneckomod:Unknown2Cost","sneckomod:UnknownClassPURPLE","sneckomod:UnknownClassGUARDIAN","sneckomod:MasterEye+1","sneckomod:UnknownRarePower+1","sneckomod:UnknownClassBLUE","sneckomod:UnknownBlock+1","sneckomod:UnknownStrength","sneckomod:UnknownUncommonAttack","sneckomod:UnknownBoss+1","sneckomod:DiceCrush+1","sneckomod:UnknownStrength","sneckomod:SnakeSap","sneckomod:DiceBlock+1","sneckomod:SnekBeam+1","sneckomod:UnknownDexterity+1","sneckomod:UnknownRareSkill","expansioncontent:Chronoboost+1","sneckomod:UnknownUncommonPower+1","sneckomod:UnknownUncommonSkill","sneckomod:UnknownExhaust"],"relics":["sneckomod:SneckoSoul","Lantern","downfall:ShatteredFragment","Smiling Mask","downfall:HeartBlessingRed","Eternal Feather","Snecko Eye","downfall:HeartBlessingBlue","sneckomod:BabySnecko","White Beast Statue","Pear","Oddly Smooth Stone","Bottled Tornado","sneckomod:SneckoTalon","bronze:DonusWashers","Bag of Marbles","Regal Pillow","Incense Burner","downfall:HeartBlessingGreen"],"acts_visited":["Exordium","TheCity","TheBeyond","TheEnding"],"potions_floor_usage":[14,16,19,26,32,33,33,38,38,38,40,42,42,42,44,47,47,47,47,52,52,52],"damage_taken":[{"damage":4,"enemies":"2 Louse","floor":2,"turns":2},{"damage":0,"enemies":"Small Slimes","floor":4,"turns":4},{"damage":5,"enemies":"downfall:FleeingMerchant","floor":5,"turns":4},{"damage":2,"enemies":"Jaw Worm","floor":8,"turns":2},{"damage":6,"enemies":"Gremlin Nob","floor":11,"turns":3},{"damage":0,"enemies":"Large Slime","floor":12,"turns":3},{"damage":0,"enemies":"3 Sentries","floor":14,"turns":4},{"damage":0,"enemies":"Lots of Slimes","floor":15,"turns":1},{"damage":60,"enemies":"IC_STATUS_ARCHETYPE","floor":16,"turns":7},{"damage":4,"enemies":"downfall:LooterAlt2","floor":19,"turns":3},{"damage":5,"enemies":"downfall:FleeingMerchant","floor":22,"turns":4},{"damage":0,"enemies":"Book of Stabbing","floor":26,"turns":2},{"damage":0,"enemies":"downfall:FleeingMerchant","floor":28,"turns":4},{"damage":0,"enemies":"Gremlin Leader","floor":30,"turns":6},{"damage":5,"enemies":"Spheric Guardian","floor":31,"turns":4},{"damage":0,"enemies":"Centurion and Healer","floor":32,"turns":1},{"damage":23,"enemies":"DF_ARCHETYPE_CLAW","floor":33,"turns":8},{"damage":8,"enemies":"Orb Walker","floor":36,"turns":2},{"damage":15,"enemies":"3 Shapes","floor":37,"turns":4},{"damage":34,"enemies":"Writhing Mass","floor":38,"turns":6},{"damage":0,"enemies":"downfall:FleeingMerchant","floor":39,"turns":2},{"damage":0,"enemies":"Jaw Worm Horde","floor":40,"turns":3},{"damage":15,"enemies":"Nemesis","floor":42,"turns":7},{"damage":12,"enemies":"4 Shapes","floor":44,"turns":2},{"damage":0,"enemies":"Spire Growth","floor":45,"turns":5},{"damage":34,"enemies":"3 Darklings","floor":47,"turns":4},{"damage":10,"enemies":"Sphere and 2 Shapes","floor":48,"turns":4},{"damage":9,"enemies":"Spire Growth","floor":49,"turns":3},{"damage":33,"enemies":"SI_POISON_ARCHETYPE","floor":50,"turns":6},{"damage":102,"enemies":"downfall:CharBossMerchant","floor":52,"turns":8}],"seed_played":"3470421957403048372","potions_obtained":[{"floor":8,"key":"Explosive Potion"},{"floor":12,"key":"Swift Potion"},{"floor":15,"key":"Dexterity Potion"},{"floor":19,"key":"Regen Potion"},{"floor":22,"key":"LiquidMemories"},{"floor":26,"key":"EntropicBrew"},{"floor":28,"key":"Weak Potion"},{"floor":30,"key":"LiquidMemories"},{"floor":32,"key":"SteroidPotion"},{"floor":33,"key":"ColorlessPotion"},{"floor":36,"key":"FearPotion"},{"floor":37,"key":"DistilledChaos"},{"floor":38,"key":"Regen Potion"},{"floor":40,"key":"ColorlessPotion"},{"floor":42,"key":"Slimebound:ThreeZeroPotion"},{"floor":44,"key":"EssenceOfSteel"},{"floor":45,"key":"Strength Potion"},{"floor":47,"key":"Weak Potion"},{"floor":48,"key":"DistilledChaos"},{"floor":49,"key":"DuplicationPotion"}],"is_trial":false,"path_per_floor":["R","M","?","M","$","R","T","M","?","?","E","M","R","E","M","B",null,"R","M","?","T","$","R","T","?","E","R","$","?","E","M","M","B",null,"R","M","M","M","$","M","T","E","?","M","M","R","M","M","M","B",null,"E"],"character_chosen":"THE_SNECKO","items_purchased":["sneckomod:WideSting","sneckomod:UnknownClassGUARDIAN","sneckomod:MasterEye","sneckomod:SnakeSap","bronze:DonusWashers","Bag of Marbles"],"campfire_rested":0,"item_purchase_floors":[5,22,22,39,39,39],"current_hp_per_floor":[81,77,56,56,51,51,51,49,79,79,73,73,73,73,73,13,71,90,86,86,86,81,93,103,103,103,110,110,102,102,97,97,86,104,110,102,87,53,53,62,62,47,110,98,98,110,76,76,67,74,101,0,0,0],"gold":251,"neow_bonus":"RANDOM_COMMON_RELIC","is_daily":false,"chose_seed":false,"campfire_upgraded":6,"win_rate":0.0,"timestamp":1613668929,"path_taken":["R","M","?","M","$","R","T","M","?","?","E","M","R","E","M","BOSS","R","M","?","?","$","R","T","?","E","R","$","?","E","M","M","BOSS","R","M","?","M","$","M","T","E","?","M","?","R","M","M","M","BOSS","E"],"items_purchased_type":["Card","Card","Card","Card","Relic","Relic"],"build_version":"2020-12-22","purchased_purges":2,"victory":false,"max_hp_per_floor":[90,90,90,90,90,90,90,90,90,90,90,90,90,90,90,90,90,100,100,100,100,100,100,110,110,110,110,110,110,110,110,110,110,110,110,110,110,110,110,110,110,110,110,110,110,110,110,110,110,110,110,110,110,110],"card_choices":[{"not_picked":["sneckomod:WideSting","sneckomod:RainOfDice"],"picked":"sneckomod:UnknownClassPURPLE","floor":2},{"not_picked":["sneckomod:IronFang","sneckomod:MasterEye"],"picked":"sneckomod:UnknownClassBLUE","floor":4},{"not_picked":["sneckomod:UnknownClassHEXA_GHOST_PURPLE","sneckomod:DefensiveFlair"],"picked":"sneckomod:UnknownUncommonSkill","floor":5},{"not_picked":["sneckomod:UnknownClassTHE_BRONZE_AUTOMATON","sneckomod:PureSnecko"],"picked":"sneckomod:UnknownClassRED","floor":8},{"not_picked":["sneckomod:SoulDraw","sneckomod:QuickMove"],"picked":"sneckomod:QuickBite","floor":11},{"not_picked":["sneckomod:UnendingSupply","sneckomod:UnknownStrike"],"picked":"sneckomod:WideSting","floor":12},{"not_picked":["sneckomod:DiceCrush","sneckomod:ImprovisedAttack"],"picked":"sneckomod:UnknownClassSLIMEBOUND","floor":14},{"not_picked":["sneckomod:DiceBoulder","sneckomod:Nope"],"picked":"sneckomod:SoulDraw","floor":15},{"not_picked":["sneckomod:Transmogrify","sneckomod:UnknownRareAttack"],"picked":"sneckomod:UnknownBoss","floor":16},{"not_picked":["sneckomod:SlitherStrike","sneckomod:DiceBlock"],"picked":"sneckomod:Unknown2Cost","floor":19},{"not_picked":["sneckomod:MixItUp","sneckomod:UnknownClassHEXA_GHOST_PURPLE"],"picked":"sneckomod:UnknownClassPURPLE","floor":22},{"not_picked":["sneckomod:IronFang","sneckomod:UnknownClassTHE_CHAMP_GRAY"],"picked":"sneckomod:UnknownRarePower","floor":26},{"not_picked":["sneckomod:Unknown1Cost","sneckomod:SlitherStrike+1"],"picked":"sneckomod:UnknownClassBLUE","floor":28},{"not_picked":["sneckomod:SoulRoll","sneckomod:Unknown1Cost"],"picked":"sneckomod:UnknownBlock+1","floor":30},{"not_picked":["sneckomod:Mudshield","sneckomod:MixItUp"],"picked":"sneckomod:UnknownStrength","floor":31},{"not_picked":["sneckomod:SlitherStrike","sneckomod:SoulRoll"],"picked":"sneckomod:UnknownUncommonAttack","floor":32},{"not_picked":["sneckomod:Mudshield","sneckomod:GlitteringGambit"],"picked":"sneckomod:UnknownBoss","floor":33},{"not_picked":["sneckomod:Rotation+1","sneckomod:WideSting","sneckomod:SoulDraw+1"],"picked":"SKIP","floor":36},{"not_picked":["sneckomod:IronFang+1","sneckomod:SerpentIdol","sneckomod:DefensiveFlair"],"picked":"SKIP","floor":37},{"not_picked":["sneckomod:Unknown0Cost+1","sneckomod:Unknown1Cost"],"picked":"sneckomod:DiceCrush+1","floor":38},{"not_picked":["sneckomod:DefensiveFlair","sneckomod:SoulDraw"],"picked":"sneckomod:UnknownStrength","floor":39},{"not_picked":["sneckomod:Unknown1Cost","sneckomod:Memorize+1"],"picked":"sneckomod:DiceBlock+1","floor":40},{"not_picked":["sneckomod:SerpentIdol","sneckomod:IronFang+1"],"picked":"sneckomod:SnekBeam+1","floor":42},{"not_picked":["sneckomod:UnknownClassTHE_BRONZE_AUTOMATON+1","sneckomod:SerpentIdol+1"],"picked":"sneckomod:UnknownDexterity+1","floor":44},{"not_picked":["sneckomod:CheapStock","sneckomod:UnknownWeak+1"],"picked":"sneckomod:UnknownRareSkill","floor":45},{"not_picked":["sneckomod:UnknownClassHEXA_GHOST_PURPLE","sneckomod:UnknownBlock"],"picked":"sneckomod:UnknownUncommonPower+1","floor":47},{"not_picked":["sneckomod:Unknown1Cost+1","sneckomod:QuickBite"],"picked":"sneckomod:UnknownUncommonSkill","floor":48},{"not_picked":["sneckomod:IronFang+1","sneckomod:UnknownClassSLIMEBOUND"],"picked":"sneckomod:UnknownExhaust","floor":49}],"player_experience":742604,"relics_obtained":[{"floor":11,"key":"Smiling Mask"},{"floor":14,"key":"Eternal Feather"},{"floor":21,"key":"White Beast Statue"},{"floor":24,"key":"Pear"},{"floor":26,"key":"Oddly Smooth Stone"},{"floor":30,"key":"Bottled Tornado"},{"floor":41,"key":"Regal Pillow"},{"floor":42,"key":"Incense Burner"}],"event_choices":[{"damage_healed":30,"gold_gain":0,"player_choice":"Banana","damage_taken":0,"max_hp_gain":0,"max_hp_loss":0,"event_name":"Big Fish","floor":9,"gold_loss":0},{"damage_healed":0,"gold_gain":0,"player_choice":"Ignored","damage_taken":0,"max_hp_gain":0,"max_hp_loss":0,"event_name":"Ghosts","floor":25,"gold_loss":0},{"damage_healed":63,"gold_gain":0,"player_choice":"Full Heal","damage_taken":0,"max_hp_gain":0,"max_hp_loss":0,"event_name":"Wheel of Change","floor":43,"gold_loss":0}],"is_beta":false,"boss_relics":[{"not_picked":["Runic Pyramid","sneckomod:SneckoBoss"],"picked":"Snecko Eye"},{"not_picked":["Runic Dome","sneckomod:SuperSneckoSoul"],"picked":"sneckomod:SneckoTalon"}],"items_purged_floors":[22,39],"is_endless":false,"potions_floor_spawned":[8,12,15,19,22,26,28,30,31,32,33,36,37,38,39,40,42,44,45,47,48,49],"killed_by":"downfall:CharBossMerchant","ascension_level":9}}