{"host":"8g24zuco0epbjwbo","time":1613628088,"event":{"mods":["Act Like it!","Aspiration","Bard","BaseMod","Beaked The Cultist","Hermit","Hubris","Infinite Spire","Minty Spire (QoL Compilation)","Relic Stats","Reliquary","Replay The Spire","Ruina","Small Relic Pack","Spire Arcade","StSLib","The Blue Laboratory","The Construct","The IronCluck","The Judge","The Jungle","The Runesmith","[IsaacMod]????"],"gold_per_floor":[362,377,396,396,496,583,597,627,927,960,960,971,248,264,264,364,364,382,382,166,166,166,193,112,62,62,77,97,112,142,157,157,353,353,419,419,432,469,469,469,486,562,562,622,647,711,0,0,0],"floor_reached":48,"language":"ENG","playtime":2677,"items_purged":[],"score":678,"play_id":"0c3a7a30-927a-4de5-a464-73dc1b319e7d","local_time":"20210218010128","is_ascension_mode":true,"campfire_choices":[{"data":"ReplayTheSpireMod:Muscle Training","floor":15,"key":"SMITH"},{"data":"ReplayTheSpireMod:Muscle Training","floor":32,"key":"SMITH"},{"data":"Infernal Blade","floor":40,"key":"SMITH"}],"circlet_count":0,"master_deck":["Strike_R","Strike_R","Defend_R","Defend_R","EpicFetus","Shrug It Off","Flex","Hemogenesis","Warcry","Cleave","ReplayTheSpireMod:Muscle Training+1","Disarm","Shockwave","relicPack:TruthCard","beaked:KnowThyFoe","ruina:Smile","ruina:BlindRage","Inflame","Reaper","Barricade","Berserk","Flex+1","Evolve","True Grit","Infernal Blade+1","Clumsy","Fire Breathing","ReplayTheSpireMod:Muscle Training+1","Double Tap","Shrug It Off","Clothesline+1","hubris:Fate","Anger+1","Ghostly Armor+1","hubris:Fate","Ghostly Armor+1","True Grit+1"],"relics":["Burning Blood","HushsDoor","BloodDonationBag","Garlic","hubris:ToyBattleship","Old Coin","Anchor","relicPack:EdsArm","Torii","Pantograph","Electric Blood","hubris:Towel","Medical Kit","hubris:Icosahedron","ruina:Goodbye","HornCleat","ruina:FalsePresent","infinitespire:CheckeredPen","Eternal Feather","relicPack:KazumaCape","GuppysPaw","Busted Crown","BelialBook","Gremlin Food","Replay:Bottled Steam","reliquary:Spinner","Red Mask"],"acts_visited":["Exordium","Exordium","TheBeyond"],"potions_floor_usage":[29],"damage_taken":[{"damage":0.0,"enemies":"Cultist","floor":1.0,"turns":3.0},{"damage":2.0,"enemies":"Jaw Worm","floor":2.0,"turns":5.0},{"damage":6.0,"enemies":"infinitespire:Voidling","floor":3.0,"turns":5.0},{"damage":41.0,"enemies":"3 Sentries","floor":6.0,"turns":8.0},{"damage":5.0,"enemies":"Looter","floor":7.0,"turns":4.0},{"damage":27.0,"enemies":"Gremlin Nob","floor":8.0,"turns":5.0},{"damage":6.0,"enemies":"Replay:BlueRogue","floor":10.0,"turns":6.0},{"damage":11,"enemies":"Gremlin Gang","floor":12,"turns":4},{"damage":6,"enemies":"Blue Slaver","floor":14,"turns":5},{"damage":61,"enemies":"The Guardian","floor":16,"turns":6},{"damage":25,"enemies":"ruina:BadWolf","floor":18,"turns":5},{"damage":47,"enemies":"ruina:RoadHome","floor":23,"turns":6},{"damage":4,"enemies":"ruina:2_Scarecrows","floor":27,"turns":4},{"damage":6,"enemies":"ruina:KnightOfDespair","floor":28,"turns":2},{"damage":8,"enemies":"ruina:KingOfGreed","floor":29,"turns":3},{"damage":28,"enemies":"ruina:Mountain","floor":30,"turns":6},{"damage":4,"enemies":"ruina:QueenOfHate","floor":31,"turns":3},{"damage":62,"enemies":"ruina:Red_and_Wolf","floor":33,"turns":7},{"damage":46,"enemies":"3 Darklings","floor":35,"turns":4},{"damage":6,"enemies":"Orb Walker","floor":37,"turns":3},{"damage":6,"enemies":"4 Shapes","floor":41,"turns":1},{"damage":43,"enemies":"beaked:SuperParasite","floor":42,"turns":7},{"damage":5,"enemies":"Sphere and 2 Shapes","floor":44,"turns":3},{"damage":20,"enemies":"R_Hoarder","floor":45,"turns":10},{"damage":47,"enemies":"Transient","floor":46,"turns":5}],"seed_played":"700307801854309827","potions_obtained":[{"floor":8.0,"key":"blueLaboratory:RememoryPotion"},{"floor":12,"key":"DistilledChaos"},{"floor":14,"key":"Reflective Coating"},{"floor":16,"key":"blueLaboratory:ConflagurationPotion"},{"floor":29,"key":"SteroidPotion"}],"is_trial":false,"path_per_floor":["M","M","M","?","?","E","M","E","T","E","?","M","$","M","R","B",null,"M","?","$","?","?","E","$","?","T","M","M","M","E","M","R","B",null,"M","?","M","?","AVR","R","M","E","T","M","E","M","?","M"],"character_chosen":"IRONCLAD","items_purchased":["Torii","Pantograph","Reaper","Medical Kit","Evolve","Infernal Blade"],"campfire_rested":0,"item_purchase_floors":[13,13,13,20,20,24],"current_hp_per_floor":[62,66,66,66,66,21,27,11,11,16,16,18,18,29,29,23,75,65,65,65,65,65,44,44,40,40,47,54,68,53,55,70,43,70,46,30,30,2,2,23,23,19,19,30,42,14,14,0,0],"gold":0,"neow_bonus":"TWO_FIFTY_GOLD","is_daily":false,"chose_seed":false,"campfire_upgraded":3,"win_rate":0.0,"timestamp":1613628088,"path_taken":["M","?","M","?","?","E","M","E","T","E","?","M","$","M","R","BOSS","M","?","$","?","?","E","$","?","T","M","?","M","E","?","R","BOSS","M","?","M","?","AVR","R","M","E","T","M","E","?","?","M"],"items_purchased_type":["Relic","Relic","Card","Relic","Card","Card"],"build_version":"2020-12-22","purchased_purges":0,"victory":false,"max_hp_per_floor":[80,80,80,80,80,80,80,80,80,80,75,75,75,75,75,75,75,75,75,75,75,75,75,75,70,70,70,70,70,70,70,70,70,70,70,70,70,70,70,70,70,70,70,70,70,70,70,70,70],"relic_stats":{"Busted Crown":28,"Torii":41,"counters":[26,124],"Pantograph":25,"Eternal Feather":36,"Medical Kit":[0],"obtain_stats":[{"Torii":13,"GuppysPaw":38,"Burning Blood":0,"Old Coin":9,"Frozen Eye":27,"hubris:Icosahedron":21,"HornCleat":23,"Pantograph":13,"ruina:Goodbye":22,"Red Mask":47,"Electric Blood":17,"Replay:Bottled Steam":43,"KeepersGift":0,"Gremlin Food":42,"ruina:FalsePresent":25,"BelialBook":39,"Eternal Feather":30,"infinitespire:CheckeredPen":26,"reliquary:Spinner":45,"hubris:Towel":19,"Medical Kit":20,"relicPack:EdsArm":11,"Anchor":10,"Busted Crown":39,"relicPack:KazumaCape":34,"BloodDonationBag":6,"Garlic":6,"hubris:ToyBattleship":8,"HushsDoor":0,"BloodDonationMachine":0},{"Torii":8,"GuppysPaw":20,"Burning Blood":0,"Old Coin":6,"Frozen Eye":12,"hubris:Icosahedron":11,"HornCleat":12,"Pantograph":8,"ruina:Goodbye":11,"Red Mask":25,"Electric Blood":10,"Replay:Bottled Steam":22,"KeepersGift":0,"Gremlin Food":22,"ruina:FalsePresent":12,"BelialBook":20,"Eternal Feather":16,"infinitespire:CheckeredPen":12,"reliquary:Spinner":24,"hubris:Towel":11,"Medical Kit":11,"relicPack:EdsArm":7,"Anchor":7,"Busted Crown":20,"relicPack:KazumaCape":18,"BloodDonationBag":4,"Garlic":4,"hubris:ToyBattleship":6,"HushsDoor":0,"BloodDonationMachine":0},{"Torii":40,"GuppysPaw":94,"Burning Blood":0,"Old Coin":30,"Frozen Eye":62,"hubris:Icosahedron":56,"HornCleat":62,"Pantograph":40,"ruina:Goodbye":56,"Red Mask":120,"Electric Blood":51,"Replay:Bottled Steam":102,"KeepersGift":0,"Gremlin Food":102,"ruina:FalsePresent":62,"BelialBook":94,"Eternal Feather":77,"infinitespire:CheckeredPen":62,"reliquary:Spinner":115,"hubris:Towel":56,"Medical Kit":56,"relicPack:EdsArm":36,"Anchor":36,"Busted Crown":94,"relicPack:KazumaCape":87,"BloodDonationBag":19,"Garlic":21,"hubris:ToyBattleship":30,"HushsDoor":0,"BloodDonationMachine":0}],"Burning Blood":150},"card_choices":[{"not_picked":[],"picked":"EpicFetus","floor":0.0},{"not_picked":["Combust","Dark Embrace"],"picked":"Shrug It Off","floor":1.0},{"not_picked":["Clothesline","Seeing Red"],"picked":"Flex","floor":2.0},{"not_picked":["Rupture","Perfected Strike"],"picked":"Hemogenesis","floor":3.0},{"not_picked":["Wild Strike","Armaments"],"picked":"Warcry","floor":5.0},{"not_picked":["Seeing Red","Searing Blow"],"picked":"Cleave","floor":6.0},{"not_picked":["Flex","Headbutt"],"picked":"ReplayTheSpireMod:Muscle Training","floor":7.0},{"not_picked":["Whirlwind","Flex"],"picked":"Disarm","floor":8.0},{"not_picked":["Cleave","Clash"],"picked":"Shockwave","floor":10.0},{"not_picked":["Run Through","ReplayTheSpireMod:Strike From Hell"],"picked":"Inflame","floor":12},{"not_picked":["Replay:Undeath\u0027s Touch","Power Through"],"picked":"Barricade","floor":14},{"not_picked":["Reaper","Replay:Many Hands"],"picked":"Berserk","floor":16},{"not_picked":["Perfected Strike","Dark Embrace"],"picked":"Flex+1","floor":18},{"not_picked":["Flex","Disarm"],"picked":"True Grit","floor":23},{"not_picked":["Replay:Many Hands","Havoc","Replay:Undeath\u0027s Touch"],"picked":"SKIP","floor":27},{"not_picked":["Run Through","Cleave"],"picked":"Fire Breathing","floor":28},{"not_picked":["Ghostly Armor","Rampage+1"],"picked":"ReplayTheSpireMod:Muscle Training","floor":29},{"not_picked":["Clothesline","Battle Trance"],"picked":"Double Tap","floor":30},{"not_picked":["Massacre","Wild Strike"],"picked":"Shrug It Off","floor":31},{"not_picked":["Perfected Strike","Hemokinesis"],"picked":"Clothesline+1","floor":35},{"not_picked":["infinitespire:NeuralNetwork","infinitespire:Fortify"],"picked":"hubris:Fate","floor":36},{"not_picked":["Second Wind+1","hubris:SharpeningStone"],"picked":"Anger+1","floor":37},{"not_picked":["Shrug It Off","Infernal Blade+1"],"picked":"Ghostly Armor+1","floor":38},{"not_picked":[],"picked":"Ghostly Armor+1","floor":41},{"not_picked":["Replay:Undeath\u0027s Touch+1"],"picked":"SKIP","floor":42},{"not_picked":["Cleave+1"],"picked":"SKIP","floor":44},{"not_picked":["Berserk"],"picked":"SKIP","floor":45},{"not_picked":[],"picked":"True Grit+1","floor":46}],"player_experience":424680,"relics_obtained":[{"floor":6.0,"key":"Garlic"},{"floor":8.0,"key":"hubris:ToyBattleship"},{"floor":9.0,"key":"Old Coin"},{"floor":10.0,"key":"Anchor"},{"floor":23,"key":"HornCleat"},{"floor":26,"key":"infinitespire:CheckeredPen"},{"floor":30,"key":"Eternal Feather"},{"floor":38,"key":"GuppysPaw"},{"floor":42,"key":"Gremlin Food"},{"floor":43,"key":"Replay:Bottled Steam"},{"floor":45,"key":"reliquary:Spinner"}],"event_choices":[{"damage_healed":0.0,"max_hp_gain":0.0,"max_hp_loss":0.0,"gold_gain":0.0,"event_name":"NoteForYourself","player_choice":"Ignored","floor":4.0,"gold_loss":0.0,"damage_taken":0.0},{"damage_healed":0,"gold_gain":0,"player_choice":"Paid","damage_taken":0,"relics_obtained":["Red Mask"],"max_hp_gain":0,"max_hp_loss":0,"event_name":"Tomb of Lord Red Mask","floor":47,"gold_loss":711}],"is_beta":false,"boss_relics":[{"not_picked":["hubris:BlackHole","Runic Pyramid"],"picked":"Electric Blood"},{"not_picked":[]},{"not_picked":["Runic Dome","Velvet Choker"],"picked":"relicPack:KazumaCape"},{"not_picked":[]}],"items_purged_floors":[],"is_endless":false,"potions_floor_spawned":[8,12,14,16,29,30,35,41,44],"killed_by":"Spire Growth","ascension_level":1}}