{"host":"0ssbae92yp6998o9","time":1613642767,"event":{"mods":["ATMod(°¢èªMod)","BaseMod","Marisa£¨ìFÓê¡¡Ä§ÀíÉ³£©","Minty Spire (QoL Compilation)","READ ME - Guardian Mod","Shop Mod","Spicy Shops","StSLib","The Marked","Waifu the Spire"],"gold_per_floor":[112,112,62,62,137,176,176,30,112,112,127,127,127,147,147,147,147],"floor_reached":16,"language":"ZHT","playtime":575,"items_purged":[],"score":106,"play_id":"7118503a-a11e-4118-8bc2-d84e3b0080ff","local_time":"20210218180607","is_ascension_mode":true,"campfire_choices":[{"data":"AT_EssenceShift","floor":7,"key":"SMITH"},{"data":"Occultation","floor":10,"key":"SMITH"},{"data":"PowerUp","floor":13,"key":"SMITH"},{"data":"DarkMatter","floor":15,"key":"SMITH"}],"circlet_count":0,"master_deck":["Strike_MRS+1","Strike_MRS","Defend_MRS","Defend_MRS","MasterSpark","UpSweep+1","AT_EssenceShift+1","PowerUp+1","Occultation+1","Acceleration","DarkMatter+1"],"relics":["MiniHakkero","AT_ATBox","Golden Idol","SproutingBranch","Membership Card","InkBottle"],"acts_visited":["Exordium"],"potions_floor_usage":[16],"damage_taken":[{"damage":5,"enemies":"Small Slimes","floor":1,"turns":3},{"damage":25,"enemies":"3 Sentries","floor":6,"turns":8},{"damage":7,"enemies":"Jaw Worm","floor":11,"turns":3},{"damage":0,"enemies":"2 Louse","floor":14,"turns":2},{"damage":30,"enemies":"Slime Boss","floor":16,"turns":8}],"seed_played":"-6007373631273071305","potions_obtained":[{"floor":1,"key":"Ancient Potion"},{"floor":14,"key":"ShroomBrew"}],"is_trial":false,"path_per_floor":["M","?","?","?","?","E","R","$","T","R","M","?","R","M","R","B"],"character_chosen":"MARISA","items_purchased":["Membership Card"],"campfire_rested":0,"item_purchase_floors":[8],"current_hp_per_floor":[63,63,63,50,39,14,14,14,14,14,16,9,9,14,14,0,0],"gold":147,"neow_bonus":"REMOVE_TWO","is_daily":false,"chose_seed":false,"campfire_upgraded":4,"win_rate":0.0,"timestamp":1613642767,"path_taken":["M","?","?","?","?","E","R","$","T","R","M","?","R","M","R","BOSS"],"items_purchased_type":["Relic"],"build_version":"2020-12-22","purchased_purges":0,"victory":false,"max_hp_per_floor":[68,63,63,63,63,63,63,63,63,63,63,63,63,63,63,63,63],"card_choices":[{"not_picked":["DarkSpark","LuminesStrike"],"picked":"PowerUp","floor":1},{"not_picked":["LuminesStrike","JA"],"picked":"Occultation","floor":6},{"not_picked":["DarkMatter","AsteroidBelt"],"picked":"Acceleration","floor":11},{"not_picked":["GalacticHalo","6A"],"picked":"DarkMatter","floor":14}],"player_experience":245575,"relics_obtained":[{"floor":6,"key":"SproutingBranch"},{"floor":9,"key":"InkBottle"}],"event_choices":[{"damage_healed":0,"gold_gain":0,"player_choice":"Lose Max HP","damage_taken":0,"relics_obtained":["Golden Idol"],"max_hp_gain":0,"max_hp_loss":5,"event_name":"Golden Idol","floor":2,"gold_loss":0},{"cards_removed":["Defend_MRS"],"damage_healed":0,"gold_gain":0,"player_choice":"Card Removal","damage_taken":0,"max_hp_gain":0,"max_hp_loss":0,"event_name":"The Cleric","floor":3,"gold_loss":50},{"damage_healed":0,"gold_gain":0,"player_choice":"Entered Light","damage_taken":13,"max_hp_gain":0,"max_hp_loss":0,"event_name":"Shining Light","floor":4,"gold_loss":0,"cards_upgraded":["UpSweep","Strike_MRS"]},{"damage_healed":0,"gold_gain":75,"player_choice":"Gather Gold","damage_taken":11,"max_hp_gain":0,"max_hp_loss":0,"event_name":"World of Goop","floor":5,"gold_loss":0},{"cards_removed":["Defend_MRS"],"damage_healed":0,"gold_gain":0,"player_choice":"Card Removal","damage_taken":7,"max_hp_gain":0,"max_hp_loss":0,"event_name":"Golden Wing","floor":12,"gold_loss":0}],"is_beta":false,"boss_relics":[],"items_purged_floors":[],"is_endless":false,"potions_floor_spawned":[1,14],"killed_by":"Slime Boss","ascension_level":2}}