{"host":"3z9xbwjeimmg738z","time":1613677684,"event":{"mods":["100% Spire Juice","2.2 Compatiblity","Act Like it!","AlwaysNeverKeys","Bard","BaseMod","Beaked The Cultist","Better Altar","Better Match","Better Note","Better Sensory Stone","Better Skull","Better Synergies","Better Third Choice","Bossed Relics","CapriCore","Colored Powertips","Defuse TimeMaze Blight","Dio Mod","Displayed Cursed Tome","Faster Ascension Climbing","GifTheSpireLib","Marisa????????","Minty Spire (QoL Compilation)","Pale of the Ancients","Permanent Neow","Replay The Spire","Ruina","Shapeshifter Mod","Smile Girya","StSLib","The Showman","TheBandit","Uncapped"],"gold_per_floor":[114,114,114,61,76,407,423,451,451,528,572,206,225,246,246,362,362,381,416,461,461,266,266,119,161,187,215,215,215,245,245,263,263,263,385,385,385,385],"floor_reached":37,"language":"ENG","playtime":1933,"items_purged":["StSShapeShifter:UnicornForm"],"score":387,"play_id":"0c6ba6b9-3eb2-4ccd-b960-15e59e64e268","local_time":"20210218114804","daily_mods":["SealedDeck"],"is_ascension_mode":true,"campfire_choices":[{"floor":15,"key":"REST"},{"data":"StSShapeShifter:Spring","floor":23,"key":"SMITH"},{"floor":31,"key":"REST"},{"data":"StSShapeShifter:GoldenBerries","floor":34,"key":"SMITH"}],"circlet_count":0,"master_deck":["StSShapeShifter:Sapling","StSShapeShifter:OakBlade","StSShapeShifter:RockSlide","StSShapeShifter:RockSlide","StSShapeShifter:FesteringBite","StSShapeShifter:AdaptiveStrikes","StSShapeShifter:RockSlide","StSShapeShifter:BloomingSlash","StSShapeShifter:BarkSkin","StSShapeShifter:BurstingSpore","StSShapeShifter:BladeOfGrass","StSShapeShifter:GoldenBerries","StSShapeShifter:BaskInBloom","StSShapeShifter:FoxForm","StSShapeShifter:BaskInBloom","StSShapeShifter:PoisonIvy","StSShapeShifter:Spring+1","StSShapeShifter:GoldenBerries+1","StSShapeShifter:Garden+1","ruina:FadedMemories","StSShapeShifter:VineHandcuffs","Pot Of Greed","Pot Of Greed","StSShapeShifter:TopazSkin"],"relics":["StSShapeShifter:AnimalHeart","StSShapeShifter:TheShapeShiftersMagnolia","Old Coin","HornCleat","StSShapeShifter:LoyalLobster","Boot","Membership Card","Anchor","Astrolabe","Potion Belt","Turnip","Orrery","Ice Cream","Singing Bowl","Happy Flower","Grinning Jar","SlaversCollar"],"acts_visited":["Exordium","ruina:Briah","TheBeyond"],"potions_floor_usage":[12,13,27,27,35],"damage_taken":[{"damage":0,"enemies":"Small Slimes","floor":1,"turns":2},{"damage":0,"enemies":"2 Louse","floor":5,"turns":2},{"damage":16,"enemies":"3 Sentries","floor":6,"turns":3},{"damage":10,"enemies":"Jaw Worm","floor":7,"turns":3},{"damage":42,"enemies":"Gremlin Nob","floor":8,"turns":5},{"damage":21,"enemies":"3 Sentries","floor":11,"turns":5},{"damage":0,"enemies":"3 Louse","floor":13,"turns":2},{"damage":0,"enemies":"2 Fungi Beasts","floor":14,"turns":3},{"damage":21,"enemies":"The Guardian","floor":16,"turns":10},{"damage":8,"enemies":"ruina:Nosferatu","floor":18,"turns":4},{"damage":42,"enemies":"ruina:BadWolf","floor":19,"turns":5},{"damage":25,"enemies":"ruina:Mountain","floor":25,"turns":5},{"damage":12,"enemies":"ruina:RoadHome","floor":27,"turns":3},{"damage":2,"enemies":"ruina:KingOfGreed","floor":30,"turns":5},{"damage":18,"enemies":"ruina:QueenOfHate","floor":32,"turns":4},{"damage":21,"enemies":"ruina:Ozma","floor":35,"turns":6},{"damage":0,"enemies":"3 Shapes","floor":37,"turns":1}],"seed_played":"4345520156073335701","potions_obtained":[{"floor":7,"key":"SpeedPotion"},{"floor":11,"key":"Block Potion"},{"floor":13,"key":"LiquidMemories"},{"floor":16,"key":"SkillPotion"},{"floor":20,"key":"DuplicationPotion"},{"floor":27,"key":"CultistPotion"}],"is_trial":true,"path_per_floor":["M","?","?","$","M","E","M","E","T","?","E","$","M","M","R","B",null,"M","M","?","T","$","R","$","E","T","E","PTL","PTL","M","R","M","?","R","B",null,"M"],"character_chosen":"SHAPESHIFTER","items_purchased":["StSShapeShifter:BladeOfGrass","Membership Card","Fruit Juice","Anchor","StSShapeShifter:BaskInBloom","StSShapeShifter:PoisonIvy","ruina:FadedMemories","Orrery","StSShapeShifter:VineHandcuffs","Ice Cream"],"campfire_rested":2,"item_purchase_floors":[4,12,12,12,12,12,22,22,22,24],"current_hp_per_floor":[78,78,83,83,83,70,60,24,24,24,9,14,14,19,45,30,88,82,50,28,28,28,28,28,14,14,7,7,7,20,47,46,74,74,73,96,96,96],"gold":385,"neow_bonus":"","is_daily":false,"chose_seed":false,"campfire_upgraded":2,"win_rate":0.0,"timestamp":1613677684,"path_taken":["M","?","?","$","M","E","M","E","T","?","E","$","?","M","R","BOSS","M","M","?","?","?","R","$","E","T","E","PTL","PTL","M","R","M","?","R","BOSS","M"],"items_purchased_type":["Card","Relic","Potion","Relic","Card","Card","Card","Relic","Card","Relic"],"build_version":"2020-12-22","purchased_purges":1,"victory":false,"max_hp_per_floor":[78,78,83,83,83,83,83,83,83,83,83,88,88,88,88,88,88,88,88,88,88,88,88,88,90,90,92,92,92,92,92,94,94,94,96,96,96,96],"card_choices":[{"not_picked":["StSShapeShifter:BloomingSlash","StSShapeShifter:OakBlade","StSShapeShifter:FallingLeaves"],"picked":"SKIP","floor":1},{"not_picked":["StSShapeShifter:FlowerShield","StSShapeShifter:Guard"],"picked":"StSShapeShifter:GoldenBerries","floor":5},{"not_picked":["StSShapeShifter:ShiftingStrike","StSShapeShifter:Winter"],"picked":"StSShapeShifter:BaskInBloom","floor":6},{"not_picked":["StSShapeShifter:VileMushroom","StSShapeShifter:ShiftingStrike","StSShapeShifter:Sapling"],"picked":"SKIP","floor":7},{"not_picked":["StSShapeShifter:Sapling","StSShapeShifter:DeerForm"],"picked":"StSShapeShifter:FoxForm","floor":8},{"not_picked":["StSShapeShifter:Hunt","StSShapeShifter:OakBlade","StSShapeShifter:Rabid"],"picked":"SKIP","floor":11},{"not_picked":["StSShapeShifter:DiverseSpirit","StSShapeShifter:SquirrelForm","StSShapeShifter:FallingLeaves"],"picked":"SKIP","floor":13},{"not_picked":["StSShapeShifter:Guard","StSShapeShifter:ShiftingStrike","StSShapeShifter:Rabid"],"picked":"SKIP","floor":14},{"not_picked":["StSShapeShifter:Sap_Burst","StSShapeShifter:SkullBash"],"picked":"StSShapeShifter:Spring","floor":16},{"not_picked":["StSShapeShifter:DeerForm","StSShapeShifter:PorcupineForm+1"],"picked":"StSShapeShifter:GoldenBerries","floor":18},{"not_picked":["StSShapeShifter:BurstingSpore","StSShapeShifter:SunflowerShuriken"],"picked":"StSShapeShifter:Garden+1","floor":19},{"not_picked":["StSShapeShifter:Maul","StSShapeShifter:RockSlide","StSShapeShifter:BloomingSlash+1"],"picked":"Singing Bowl","floor":25},{"not_picked":["StSShapeShifter:WiltingWrath","StSShapeShifter:TopazSkin","StSShapeShifter:ThornToss"],"picked":"Singing Bowl","floor":27},{"not_picked":["StSShapeShifter:FallingLeaves","StSShapeShifter:Tornado"],"picked":"StSShapeShifter:TopazSkin","floor":30},{"not_picked":["StSShapeShifter:FlowerShield","StSShapeShifter:BloomingSlash+1","StSShapeShifter:PantherForm"],"picked":"Singing Bowl","floor":32},{"not_picked":["StSShapeShifter:BurstOfLifeEscapeDeath","StSShapeShifter:SkullBash","StSShapeShifter:LionForm"],"picked":"Singing Bowl","floor":35}],"player_experience":214117,"relics_obtained":[{"floor":6,"key":"Old Coin"},{"floor":8,"key":"HornCleat"},{"floor":9,"key":"StSShapeShifter:LoyalLobster"},{"floor":11,"key":"Boot"},{"floor":20,"key":"Potion Belt"},{"floor":21,"key":"Turnip"},{"floor":25,"key":"Singing Bowl"},{"floor":26,"key":"Happy Flower"},{"floor":27,"key":"Grinning Jar"}],"event_choices":[{"damage_healed":0,"gold_gain":0,"player_choice":"Donut","damage_taken":0,"max_hp_gain":5,"max_hp_loss":0,"event_name":"Big Fish","floor":3,"gold_loss":0},{"damage_healed":0,"gold_gain":77,"player_choice":"Gained Gold","damage_taken":0,"max_hp_gain":0,"max_hp_loss":0,"event_name":"Golden Wing","floor":10,"gold_loss":0}],"is_beta":false,"boss_relics":[{"not_picked":["Sozu","Replay:Grab Bag"],"picked":"Astrolabe"},{"not_picked":["Painkiller Herb","Snecko Heart"],"picked":"SlaversCollar"}],"items_purged_floors":[12],"is_endless":false,"potions_floor_spawned":[7,11,13,16,18,19,27],"killed_by":"3 Shapes","ascension_level":1}}