{"host":"9tgfjs6cfo6gkncq","time":1613629681,"event":{"mods":["Aspiration","BaseMod","Better Vampires","CapriCore","Colored Powertips","Friendly Minions","GifTheSpireLib","Marisa£®ÏF”Í°°ƒß¿Ì…≥£©","Minty Spire (QoL Compilation)","MostiFishMod","Quick Restart","Reimu£®≤©¿ˆ¡È√Œ£©","Replay The Spire","Spicy Shops","StSLib","TestMod","The Alterego","The Immortal","The Servant 0.9.4","[IsaacMod]“‘»ˆº‚À˛","°æπ¶ƒ‹Mod°ø¥œ√˜µƒ◊Ó÷’Boss"],"gold_per_floor":[113,157,177,352,399,399,493,524,524,524,539,539,539,539],"floor_reached":13,"language":"ZHS","playtime":692,"items_purged":[],"score":91,"play_id":"f166827a-45b4-49c4-ad49-eed76988196d","local_time":"20210218142801","is_ascension_mode":true,"campfire_choices":[{"data":"ReplayReversal","floor":6,"key":"SMITH"},{"data":"Bash","floor":10,"key":"SMITH"}],"circlet_count":0,"master_deck":["Strike_R","Strike_R","Strike_R","Strike_R","Strike_R","Defend_R","Defend_R","Defend_R","Bash+1","ReplayReversal+1","Life Link","Doubt","Replay:Undeath\u0027s Touch","Rage","Evolve","ReplayTheSpireMod:Limb From Limb","Cleave","Ghostly Armor","Armaments","Pommel Strike"],"relics":["Burning Blood","testmod-TestBox","HushsDoor","DaveBox","White Beast Statue","testmod-DeterminationOfClimber","aspiration:Nostalgia","Cracked Core","SynthV:TestCard","Juzu Bracelet","BloodBag","testmod-TurbochargingSystem","Replay:Bottled Snecko","Replay:PocketPolymizer","Oddly Smooth Stone"],"acts_visited":["Exordium"],"potions_floor_usage":[5,8,11],"damage_taken":[{"damage":12,"enemies":"Small Slimes","floor":1,"turns":3},{"damage":2,"enemies":"Jaw Worm","floor":3,"turns":3},{"damage":0,"enemies":"Cultist","floor":5,"turns":3},{"damage":0,"enemies":"Hiden Room Battle","floor":7,"turns":2},{"damage":15,"enemies":"Gremlin Nob","floor":8,"turns":2},{"damage":0,"enemies":"3 Louse","floor":11,"turns":2},{"damage":0,"enemies":"Replay:BlueRogue","floor":13,"turns":1}],"seed_played":"-7694863501751380274","potions_obtained":[{"floor":1,"key":"testmod-EscapePotion"},{"floor":2,"key":"Swift Potion"},{"floor":3,"key":"PowerPotion"},{"floor":5,"key":"Milkshake"},{"floor":7,"key":"SkillPotion"},{"floor":8,"key":"Block Potion"},{"floor":11,"key":"Energy Potion"}],"is_trial":false,"path_per_floor":["M","?","M","?","M","R","?","E","T","R","M","?","E"],"character_chosen":"IRONCLAD","items_purchased":[],"campfire_rested":0,"item_purchase_floors":[],"current_hp_per_floor":[75,75,80,80,80,80,87,78,78,78,87,87,87,87],"gold":539,"neow_bonus":"NOSTALGIA","is_daily":false,"chose_seed":false,"campfire_upgraded":2,"win_rate":0.0,"timestamp":1613629681,"path_taken":["M","?","M","?","M","R","?","E","T","R","M","?","E"],"items_purchased_type":[],"build_version":"2020-12-22","purchased_purges":0,"victory":false,"max_hp_per_floor":[80,80,80,80,80,80,87,87,87,87,87,87,87,87],"card_choices":[{"not_picked":[],"picked":"Bomb","floor":0.0},{"not_picked":["Sentinel","Pommel Strike"],"picked":"ReplayReversal","floor":1},{"not_picked":["Thunderclap","Blood for Blood","Clothesline","Fire Breathing"],"picked":"Life Link","floor":3},{"not_picked":["Twin Strike","Run Through","Pommel Strike","Massacre"],"picked":"Replay:Undeath\u0027s Touch","floor":5},{"not_picked":["Wild Strike","Twin Strike","Uppercut","Replay:Undeath\u0027s Touch"],"picked":"Rage","floor":8},{"not_picked":["Wild Strike","Warcry","MostiFishMod:DarkDeal","Armaments","Thunderclap"],"picked":"SKIP","floor":11}],"player_experience":116933,"relics_obtained":[{"floor":1,"key":"SynthV:TestCard"},{"floor":2,"key":"Juzu Bracelet"},{"floor":7,"key":"testmod-TurbochargingSystem"},{"floor":7,"key":"Replay:Bottled Snecko"},{"floor":8,"key":"Replay:PocketPolymizer"},{"floor":9,"key":"Oddly Smooth Stone"}],"event_choices":[{"damage_healed":0,"gold_gain":175,"player_choice":"AGREE","damage_taken":0,"max_hp_gain":0,"max_hp_loss":0,"event_name":"Liars Game","floor":4,"gold_loss":0,"cards_obtained":["Doubt"]},{"damage_healed":0,"gold_gain":0,"player_choice":"Fight","damage_taken":0,"max_hp_gain":0,"max_hp_loss":0,"event_name":"HidenRoomEvent","floor":7,"gold_loss":0}],"is_beta":false,"boss_relics":[],"items_purged_floors":[],"is_endless":false,"potions_floor_spawned":[1,3,5,7,8,11],"killed_by":"Replay:BlueRogue","ascension_level":2}}