{"host":"ibtxpp7hbhk6t4eo","time":1613634682,"event":{"mods":["Act Like it!","Arknights","BaseMod","Gensokyo","Minty Spire (QoL Compilation)","MostiFishMod","Relic Filter Mod","StSLib"],"gold_per_floor":[117,137,137,137,153,328,328,358,358,244,257,292,292,308,308,407,407,417,417,451,219,239,274,285,285,334,347,347,193,193,205,205,310,310,328,328,345,345,365,398,410,422,457,483,114,114,127,178,178,153],"floor_reached":51,"language":"ZHS","playtime":1837,"items_purged":["Doubt"],"score":780,"play_id":"294c1ef6-8cbd-405d-b71a-ae3ade495712","local_time":"20210218155122","is_ascension_mode":false,"campfire_choices":[{"data":"ats:Flexible Camouflage","floor":7,"key":"SMITH"},{"data":"ats:Emotion Absorption","floor":15,"key":"SMITH"},{"data":"ats:Phantom","floor":30,"key":"SMITH"},{"data":"ats:Thorns","floor":32,"key":"SMITH"},{"data":"MostiFishMod:StoryBook","floor":41,"key":"SMITH"},{"data":"MostiFishMod:JungleRules","floor":49,"key":"SMITH"}],"circlet_count":0,"master_deck":["ats:Armor Crushing Shot+1","ats:Defend","ats:Defend","ats:Defend","ats:Defend","ats:Emotion Absorption+1","ats:Flexible Camouflage+1","ats:Curse Doll","ats:Closed Bolt Burst Fire","ats:Burning Ground","ats:Composite Medical Shells","ats:Charging Defense","ats:Overload","ats:Phantom+1","ats:Durian","ats:Assault Order","ats:Apocalypse","MostiFishMod:StoryBook+1","ats:Volcano","ats:Thorns+1","ats:Ignite","ats:Chain Hook","ats:Ignite","ats:Sword Rain","ats:Calcification","ats:Healing Drone+1","ats:Soul Absorption","MostiFishMod:JungleRules+1","ats:Counter Healing Mode","ats:Very Hot Blade","ats:Sunburst+1","ats:Sunburst","ats:Mental Burst","ats:Red Shift+1"],"relics":["ats:Sanity","DaveBox","NeowsBlessing","RhineSuit","SynthV:TestCard","ats:Lavender","ats:Originium","ats:Spiritual Recovery","SynthV:C4","Happy Flower","ChiXiaoBlade","Red Mask","Shuriken","Akabeko","Strawberry","PreservedInsect","xbg","MawBank","ats:Berate","Torii","Bottled Flame","ats:Emergency Defibrillator"],"acts_visited":["Exordium","TheCity","TheBeyond"],"potions_floor_usage":[14,22,33,33],"damage_taken":[{"damage":0,"enemies":"ats:Genji","floor":1,"turns":1},{"damage":0,"enemies":"Cultist","floor":2,"turns":1},{"damage":0,"enemies":"2 Louse","floor":5,"turns":1},{"damage":10,"enemies":"3 Sentries","floor":8,"turns":4},{"damage":4,"enemies":"Large Slime","floor":11,"turns":3},{"damage":6,"enemies":"Gremlin Nob","floor":12,"turns":4},{"damage":0,"enemies":"Looter","floor":14,"turns":2},{"damage":0,"enemies":"Slime Boss","floor":16,"turns":6},{"damage":0,"enemies":"Spheric Guardian","floor":18,"turns":3},{"damage":0,"enemies":"Masked Bandits","floor":20,"turns":3},{"damage":0,"enemies":"2 Thieves","floor":22,"turns":2},{"damage":23,"enemies":"Slavers","floor":23,"turns":3},{"damage":7,"enemies":"Centurion and Healer","floor":24,"turns":3},{"damage":13,"enemies":"3 Cultists","floor":27,"turns":3},{"damage":13,"enemies":"Chosen and Byrds","floor":31,"turns":3},{"damage":36,"enemies":"Collector","floor":33,"turns":4},{"damage":13,"enemies":"3 Darklings","floor":35,"turns":2},{"damage":14,"enemies":"3 Shapes","floor":37,"turns":3},{"damage":0,"enemies":"3 Darklings","floor":39,"turns":3},{"damage":20,"enemies":"Nemesis","floor":40,"turns":3},{"damage":11,"enemies":"4 Shapes","floor":44,"turns":3},{"damage":14,"enemies":"Sphere and 2 Shapes","floor":47,"turns":2},{"damage":2,"enemies":"2 Orb Walkers","floor":48,"turns":4},{"damage":31,"enemies":"Time Eater","floor":50,"turns":5}],"seed_played":"-5530970606328701243","potions_obtained":[{"floor":5,"key":"Block Potion"},{"floor":11,"key":"ColorlessPotion"},{"floor":20,"key":"Block Potion"},{"floor":23,"key":"FearPotion"},{"floor":31,"key":"SkillPotion"},{"floor":39,"key":"Ancient Potion"},{"floor":40,"key":"Weak Potion"},{"floor":48,"key":"ats:Emergency Sanity Potion"}],"is_trial":false,"path_per_floor":["M","M","?","?","M","?","R","E","T","$","M","E","?","M","R","B",null,"M","?","?","$","M","E","M","?","T","M","?","$","R","M","R","B",null,"M","?","M","?","M","E","R","?","T","M","$","T","M","?","R","B",null],"character_chosen":"DOCTOR_CLASS","items_purchased":["ats:Composite Medical Shells","MostiFishMod:StoryBook","ats:Blood Oath","PreservedInsect","ats:Sunburst","Torii"],"campfire_rested":0,"item_purchase_floors":[10,21,21,29,45,45],"current_hp_per_floor":[72,72,60,60,60,60,60,53,53,53,51,48,34,35,35,40,72,72,72,72,72,72,57,59,59,59,52,59,59,59,52,52,26,79,69,69,62,62,72,62,62,62,62,57,57,57,44,54,54,32],"gold":153,"neow_bonus":"THREE_ENEMY_KILL","is_daily":false,"chose_seed":false,"campfire_upgraded":6,"win_rate":0.0,"timestamp":1613634682,"path_taken":["M","M","?","?","?","?","R","E","T","$","M","E","?","M","R","BOSS","M","?","?","$","M","E","M","?","T","?","?","$","R","?","R","BOSS","M","?","?","?","M","E","R","?","T","M","$","?","M","?","R","BOSS"],"items_purchased_type":["Card","Card","Card","Relic","Card","Relic"],"build_version":"2020-12-22","purchased_purges":1,"victory":true,"max_hp_per_floor":[72,72,72,72,72,72,72,72,72,72,72,72,72,72,72,72,72,72,72,72,72,72,72,72,72,72,72,79,79,79,79,79,79,79,79,79,79,79,79,79,79,79,79,79,79,79,79,79,79,79],"card_choices":[{"not_picked":["ats:Absolute Focus","ats:Flame Of Heaven","ats:Literary Storm"],"picked":"SKIP","floor":1},{"not_picked":["ats:Spore Proliferation","ats:Shadow Raid","ats:Blood Oath","ats:Poison Spread"],"picked":"ats:Flexible Camouflage","floor":2},{"not_picked":["ats:Revitalization","ats:Part Time Job","ats:Cat Scratch","ats:Shell Defense"],"picked":"ats:Closed Bolt Burst Fire","floor":5},{"not_picked":["ats:LN2 Cannon","ats:Serious Mode","ats:Rat Pack","ats:Explosion Area Strengthen"],"picked":"ats:Burning Ground","floor":8},{"not_picked":["ats:Collapsing Strike","ats:Chain Hook","ats:Hook Shot","ats:Curse Doll"],"picked":"ats:Charging Defense","floor":11},{"not_picked":["ats:Blood Oath","ats:Poison Spread","ats:Powerful Strike","ats:Chain Hook"],"picked":"ats:Overload","floor":12},{"not_picked":["ats:Literary Storm","ats:Thermite Blade","ats:Directed Diagnosis","ats:Powerful Strike"],"picked":"ats:Phantom","floor":14},{"not_picked":["ats:True Silver Slash","ats:Wolf Pack","ats:Nebulous Foxfire","ats:Soul Rend"],"picked":"ats:Durian","floor":16},{"not_picked":["ats:LN2 Cannon+1","ats:Consecutive Shot Auto+1","ats:Very Hot Blade","ats:Revitalization+1"],"picked":"ats:Assault Order","floor":18},{"not_picked":["ats:Defend Order+1","ats:Charging Defense+1","ats:Flexible Camouflage","ats:Support Order"],"picked":"ats:Apocalypse","floor":20},{"not_picked":["ats:Blood Oath","ats:Explosion Area Strengthen","ats:Ignite","ats:Leaping Hammer"],"picked":"ats:Volcano","floor":22},{"not_picked":["ats:Revitalization","ats:Blood Oath","ats:Poison Spread","ats:Support Order"],"picked":"ats:Thorns","floor":23},{"not_picked":["ats:Explosion Area Strengthen","ats:Consecutive Shot Auto","ats:Assault Order","ats:Flexible Camouflage"],"picked":"ats:Ignite","floor":24},{"not_picked":["ats:Guardian Obelisk","ats:Counter Healing Mode","ats:Blood Oath","ats:Guard Mode+1"],"picked":"ats:Ignite","floor":27},{"not_picked":["ats:Cat Scratch+1","ats:Assault Order","ats:Poison Spread","ats:Revitalization"],"picked":"ats:Sword Rain","floor":31},{"not_picked":["ats:Soul Rend","ats:Nebulous Foxfire","ats:Dogmatic Field","ats:Ambush"],"picked":"ats:Calcification","floor":33},{"not_picked":["ats:Closed Bolt Burst Fire+1","ats:Shadow Raid","ats:Automatic Cover","ats:Burning Ground"],"picked":"ats:Healing Drone+1","floor":35},{"not_picked":["ats:Apocalypse+1","ats:Blood Oath","ats:Hammer On","ats:Ignite+1"],"picked":"ats:Soul Absorption","floor":37},{"not_picked":["Flash of Steel","Bandage Up","Trip","Master of Strategy"],"picked":"MostiFishMod:JungleRules","floor":38},{"not_picked":["ats:Flexible Camouflage","ats:Guard Mode","ats:Absolute Focus+1","ats:Blood Oath+1"],"picked":"ats:Counter Healing Mode","floor":39},{"not_picked":["ats:Guard Mode","ats:Sashimi Platter","ats:Ignite","ats:Dogmatic Field"],"picked":"ats:Very Hot Blade","floor":40},{"not_picked":["ats:Blood Oath","ats:Hammer On","ats:Explosion Area Strengthen+1","ats:Powerful Strike"],"picked":"ats:Sunburst+1","floor":44},{"not_picked":["ats:Powerful Strike+1","ats:Beaten Up+1","ats:Disruption Kick","ats:Absolute Focus+1"],"picked":"ats:Mental Burst","floor":47},{"not_picked":["ats:Sashimi Platter","ats:Ignite","ats:Beaten Up","ats:Consecutive Shot Auto"],"picked":"ats:Red Shift+1","floor":48}],"player_experience":51988,"relics_obtained":[{"floor":1,"key":"SynthV:TestCard"},{"floor":8,"key":"ats:Originium"},{"floor":8,"key":"ats:Spiritual Recovery"},{"floor":9,"key":"SynthV:C4"},{"floor":12,"key":"ats:Originium"},{"floor":12,"key":"Happy Flower"},{"floor":20,"key":"Red Mask"},{"floor":23,"key":"ats:Originium"},{"floor":23,"key":"Shuriken"},{"floor":26,"key":"Akabeko"},{"floor":40,"key":"ats:Originium"},{"floor":40,"key":"MawBank"},{"floor":43,"key":"ats:Berate"},{"floor":46,"key":"Bottled Flame"},{"floor":48,"key":"ats:Emergency Defibrillator"}],"event_choices":[{"damage_healed":0,"gold_gain":0,"player_choice":"Success","damage_taken":12,"relics_obtained":["ats:Lavender"],"max_hp_gain":0,"max_hp_loss":0,"event_name":"Scrap Ooze","floor":3,"gold_loss":0},{"damage_healed":0,"gold_gain":0,"cards_transformed":["ats:Strike V"],"player_choice":"Transformed","damage_taken":0,"max_hp_gain":0,"max_hp_loss":0,"event_name":"Transmorgrifier","floor":4,"gold_loss":0,"cards_obtained":["ats:Curse Doll"]},{"damage_healed":0,"gold_gain":175,"player_choice":"AGREE","damage_taken":0,"max_hp_gain":0,"max_hp_loss":0,"event_name":"Liars Game","floor":6,"gold_loss":0,"cards_obtained":["Doubt"]},{"damage_healed":0,"gold_gain":0,"player_choice":"Entered Light","damage_taken":14,"max_hp_gain":0,"max_hp_loss":0,"event_name":"Shining Light","floor":13,"gold_loss":0,"cards_upgraded":["ats:Strike S","ats:Armor Crushing Shot"]},{"cards_removed":["ats:Strike S"],"damage_healed":0,"gold_gain":0,"player_choice":"Elegance","damage_taken":0,"max_hp_gain":0,"max_hp_loss":0,"event_name":"Back to Basics","floor":19,"gold_loss":0},{"damage_healed":0,"gold_gain":0,"player_choice":"Fought Bandits","damage_taken":0,"max_hp_gain":0,"max_hp_loss":0,"event_name":"Masked Bandits","floor":20,"gold_loss":0},{"damage_healed":0,"gold_gain":0,"cards_transformed":["ats:Strike G"],"player_choice":"Transformed","damage_taken":0,"max_hp_gain":0,"max_hp_loss":0,"event_name":"Transmorgrifier","floor":25,"gold_loss":0,"cards_obtained":["ats:Chain Hook"]},{"damage_healed":0,"gold_gain":0,"player_choice":"Gave Potion","damage_taken":0,"relics_obtained":["Strawberry"],"max_hp_gain":0,"max_hp_loss":0,"event_name":"WeMeetAgain","floor":28,"gold_loss":0},{"cards_removed":["ats:Strike C"],"damage_healed":0,"gold_gain":0,"player_choice":"Purged","damage_taken":0,"max_hp_gain":0,"max_hp_loss":0,"event_name":"Purifier","floor":36,"gold_loss":0},{"damage_healed":0,"gold_gain":0,"player_choice":"Memory 1","damage_taken":0,"max_hp_gain":0,"max_hp_loss":0,"event_name":"SensoryStone","floor":38,"gold_loss":0},{"cards_removed":["ats:Blood Oath"],"damage_healed":0,"gold_gain":0,"player_choice":"Removed Attack","damage_taken":0,"max_hp_gain":0,"max_hp_loss":0,"event_name":"Falling","floor":42,"gold_loss":0},{"damage_healed":0,"gold_gain":0,"player_choice":"Fight","damage_taken":0,"max_hp_gain":0,"max_hp_loss":0,"event_name":"Mysterious Sphere","floor":48,"gold_loss":0}],"is_beta":false,"boss_relics":[{"not_picked":["Philosopher\u0027s Stone","Coffee Dripper"],"picked":"ChiXiaoBlade"},{"not_picked":["Cursed Key","EE1DDrone"],"picked":"xbg"}],"items_purged_floors":[10],"is_endless":false,"potions_floor_spawned":[5,11,20,23,31,39,40,48],"ascension_level":0}}