{"host":"tf5skwcwe0vlu2md","time":1613660544,"event":{"mods":["BaseMod","Downfall","Highlight Path","Minty Spire (QoL Compilation)","Quick Restart","StSLib","The Hierophant"],"gold_per_floor":[114,128,142,107,107,141,60,90,90,90,109,31,60,72,72,171,171,191,206,206,222,31,31,31],"floor_reached":23,"playtime":1130,"items_purged":[],"score":243,"play_id":"7efd8dcd-c8dc-429e-a5ad-9bb7cfb2bb14","local_time":"20210219020224","is_ascension_mode":true,"campfire_choices":[{"data":"Defragment","floor":10,"key":"SMITH"},{"data":"Echo Form","floor":15,"key":"SMITH"}],"circlet_count":0,"master_deck":["Strike_B","Strike_B","Strike_B","Strike_B+1","Defend_B","Defend_B","Defend_B","Zap","Dualcast","Leap","Tempest","Streamline+1","Defragment+1","Echo Form+1","Storm","Tempest","Self Repair+1","Buffer+1","Defragment+1","Storm+1","Self Repair+1"],"relics":["Cracked Core","PreservedInsect","Anchor","TungstenRod","Singing Bowl","Frozen Egg 2","Coffee Dripper","MutagenicStrength","Whetstone"],"acts_visited":["Exordium","TheCity"],"potions_floor_usage":[16,16,19,21],"damage_taken":[{"damage":18,"enemies":"Jaw Worm","floor":1,"turns":4},{"damage":2,"enemies":"2 Louse","floor":2,"turns":2},{"damage":1,"enemies":"Small Slimes","floor":3,"turns":3},{"damage":10,"enemies":"Gremlin Nob","floor":6,"turns":3},{"damage":17,"enemies":"Lagavulin","floor":8,"turns":5},{"damage":0,"enemies":"Blue Slaver","floor":11,"turns":3},{"damage":15,"enemies":"Gremlin Nob","floor":13,"turns":3},{"damage":0,"enemies":"Exordium Wildlife","floor":14,"turns":3},{"damage":5,"enemies":"Slime Boss","floor":16,"turns":7},{"damage":3,"enemies":"Shell Parasite","floor":18,"turns":3},{"damage":32,"enemies":"2 Thieves","floor":19,"turns":4},{"damage":32,"enemies":"Centurion and Healer","floor":21,"turns":6},{"damage":38,"enemies":"Gremlin Leader","floor":23,"turns":2}],"seed_played":"1212986954404025439","potions_obtained":[{"floor":3,"key":"SteroidPotion"},{"floor":13,"key":"SteroidPotion"},{"floor":16,"key":"Block Potion"},{"floor":19,"key":"AttackPotion"}],"is_trial":false,"path_per_floor":["M","M","M","?","?","E","$","E","T","R","M","$","E","M","R","B",null,"M","M","?","M","$","E"],"character_chosen":"DEFECT","items_purchased":["Defragment","Storm","Self Repair+1","Whetstone"],"campfire_rested":0,"item_purchase_floors":[7,12,22,22],"current_hp_per_floor":[57,55,54,72,65,55,55,38,38,38,40,40,25,25,25,20,77,77,57,57,35,35,0,0],"gold":31,"neow_bonus":"RANDOM_COMMON_RELIC","is_daily":false,"chose_seed":false,"campfire_upgraded":2,"win_rate":0.0,"timestamp":1613660544,"path_taken":["M","M","M","?","?","E","?","E","T","R","M","?","E","M","R","BOSS","M","M","?","M","$","E"],"items_purchased_type":["Card","Card","Card","Relic"],"build_version":"2020-12-13","purchased_purges":0,"victory":false,"max_hp_per_floor":[75,75,75,75,75,75,75,75,75,75,77,77,77,77,77,77,77,77,79,79,79,79,79,79],"card_choices":[{"not_picked":["Compile Driver","Recycle","Steam"],"picked":"SKIP","floor":1},{"not_picked":["Go for the Eyes","Conserve Battery"],"picked":"Leap","floor":2},{"not_picked":["Glacier","Go for the Eyes"],"picked":"Tempest","floor":3},{"not_picked":["Hologram","Glacier"],"picked":"Streamline","floor":6},{"not_picked":["Steam Power","Rebound"],"picked":"Echo Form","floor":8},{"not_picked":["Streamline","Compile Driver","Leap"],"picked":"Singing Bowl","floor":11},{"not_picked":["Darkness","Stack"],"picked":"Tempest","floor":13},{"not_picked":["Glacier","Reprogram"],"picked":"Self Repair+1","floor":14},{"not_picked":["Machine Learning+1","Echo Form+1"],"picked":"Buffer+1","floor":16},{"not_picked":["Sunder","Turbo"],"picked":"Defragment+1","floor":18},{"not_picked":["Sweeping Beam","FTL","Beam Cell"],"picked":"Singing Bowl","floor":19},{"not_picked":["Redo+1","Rebound"],"picked":"Storm+1","floor":21}],"player_experience":278091,"relics_obtained":[{"floor":6,"key":"Anchor"},{"floor":8,"key":"TungstenRod"},{"floor":9,"key":"Singing Bowl"},{"floor":13,"key":"Frozen Egg 2"}],"event_choices":[{"damage_healed":18,"gold_gain":0,"player_choice":"Healed","damage_taken":0,"max_hp_gain":0,"max_hp_loss":0,"event_name":"The Cleric","floor":4,"gold_loss":35},{"cards_removed":["Defend_B"],"damage_healed":0,"gold_gain":0,"player_choice":"Card Removal","damage_taken":7,"max_hp_gain":0,"max_hp_loss":0,"event_name":"Golden Wing","floor":5,"gold_loss":0},{"damage_healed":0,"gold_gain":0,"player_choice":"Inject Mutagens","damage_taken":0,"relics_obtained":["MutagenicStrength"],"max_hp_gain":0,"max_hp_loss":0,"event_name":"Drug Dealer","floor":20,"gold_loss":0}],"is_beta":false,"boss_relics":[{"not_picked":["Philosopher\u0027s Stone","SlaversCollar"],"picked":"Coffee Dripper"}],"items_purged_floors":[],"is_endless":false,"potions_floor_spawned":[3,13,16,19],"killed_by":"Gremlin Leader","ascension_level":3}}