{"host":"vps8b43x7l1xjn40","time":1613691973,"event":{"mods":["AchievementEnabler","Aspiration","BaseMod","Colored Map","Colored Powertips","Custom Start","Duelist Mod","Hubris","Infinite Spire","KinomotoSakuraMod(ñÿîVñ{?)","Koishi","MarisaÅiñ∂âJÅ@ñÇóùçπÅj","Minty Spire (QoL Compilation)","Prisma Mod","Quick Restart","RemiliaÅiÂQïƒ‰ª?Åj","Replay The Spire","StSLib","Td1madao Mod","The Bladedancer","The Bug Knight","The Cursed","The Jungle","The Mystic","The Necromancer","The Senshi","The Servant 0.9.4","YoumuÅiç∞ÈÆódöÎÅj","Yuyuko"],"gold_per_floor":[116,116,116,2217,2237,2270,2286,1776,1776,1776,1802,1819,1844,1856,1856,1959,1959,1959,1959,1983,1943,1700,1734,1747,1763,1763,1773,1806,1818,1818,1818,1818,1922,1922,1936,1955,1955,1955,1955],"floor_reached":38,"language":"JPN","playtime":4728,"items_purged":["Defend_R","Strike_R"],"score":714,"play_id":"b58f8119-9b52-46d7-b67a-c110b2afaed8","local_time":"20210219084613","is_ascension_mode":true,"campfire_choices":[{"floor":15,"key":"DIG"},{"floor":32,"key":"REST"}],"circlet_count":0,"master_deck":["Strike_R","Strike_R","Strike_R","Strike_R","Defend_R","Defend_R","Defend_R","Bash","Anger","Clash","Flex","Ghostly Armor","Fire Breathing","Mind Blast","Secret Technique","Good Instincts","Panache","Twin Strike","Headbutt","Cleave","Dropkick","Inflame","Discovery","Flex","Flex","Spot Weakness","Pommel Strike","Bludgeon+1","Shrug It Off","Sword Boomerang","Whirlwind","Heavy Blade","Anger","Heavy Blade+1","Flex","DoubleSpark","Singularity+1"],"relics":["Burning Blood","aspiration:Nostalgia","theDuelist:CardPoolMinusRelic","Nunchaku","ReplayTheSpireMod:ShopPack","hubris:SlimyHat","Chemical X","Letter Opener","hubris:Spice","Replay:Multitool","Iron Hammer","ChewingGum","aspiration:Stabinomicon","aspiration:HiddenCompartment","Medical Kit","Replay:Bottled Eggs","aspiration:FrozenJewel","Toolbox","aspiration:MarisaSkillbook"],"acts_visited":["Exordium","TheCity","TheBeyond"],"potions_floor_usage":[4,6,7,11,11,12,16,16,23,23,25,25,38,38],"damage_taken":[{"damage":5,"enemies":"Cultist","floor":1,"turns":4},{"damage":5,"enemies":"2 Louse","floor":5,"turns":3},{"damage":19,"enemies":"HollowMod:MossKnight","floor":6,"turns":8},{"damage":5,"enemies":"Jaw Worm","floor":7,"turns":3},{"damage":38,"enemies":"Replay:BlueRogue","floor":11,"turns":5},{"damage":7,"enemies":"Exordium Thugs","floor":12,"turns":3},{"damage":20,"enemies":"Lagavulin","floor":13,"turns":4},{"damage":5,"enemies":"Looter","floor":14,"turns":3},{"damage":10,"enemies":"Hexaghost","floor":16,"turns":5},{"damage":2,"enemies":"Chosen","floor":18,"turns":2},{"damage":32,"enemies":"Nightmare","floor":23,"turns":4},{"damage":0,"enemies":"Spheric Guardian","floor":24,"turns":2},{"damage":20,"enemies":"Centurion and Healer","floor":25,"turns":3},{"damage":0,"enemies":"Chosen and Byrds","floor":27,"turns":4},{"damage":0,"enemies":"theDuelist:KaibaA2","floor":28,"turns":2},{"damage":19,"enemies":"Snake Plant","floor":29,"turns":2},{"damage":8,"enemies":"Pondfish","floor":33,"turns":6},{"damage":8,"enemies":"Orb Walker","floor":35,"turns":2},{"damage":0,"enemies":"3 Darklings","floor":36,"turns":1},{"damage":0,"enemies":"infinitespire:Three Voidlings","floor":38,"turns":3},{"damage":259,"enemies":"Nightmare_Alpha","floor":38,"turns":8}],"seed_played":"7978417920076986089","potions_obtained":[{"floor":3,"key":"Elixir"},{"floor":3,"key":"Doom Potion"},{"floor":3,"key":"SteroidPotion"},{"floor":5,"key":"BloodPotion"},{"floor":6,"key":"CultistPotion"},{"floor":7,"key":"FearPotion"},{"floor":11,"key":"Adrenaline Potion"},{"floor":14,"key":"SpeedPotion"},{"floor":21,"key":"Toxic Potion"},{"floor":21,"key":"SkillPotion"},{"floor":21,"key":"DuplicationPotion"},{"floor":23,"key":"Swift Potion"},{"floor":24,"key":"LiquidMemories"},{"floor":35,"key":"SkillPotion"}],"is_trial":false,"path_per_floor":["M","?","?","$","M","E","M","$","T","?","E","M","E","M","R_BF","B",null,"M","?","T","?","$","NM","M","M","T","M","E","M","?","AVR","R","B",null,"M","M","?","?"],"character_chosen":"IRONCLAD","items_purchased":["Clash","Flex","Ghostly Armor","Fire Breathing","Mind Blast","Nunchaku","ReplayTheSpireMod:ShopPack","Fruit Juice","Strength Potion","Chemical X","Cleave","Dropkick","Inflame","Discovery","Medical Kit","Shrug It Off","Sword Boomerang"],"campfire_rested":1,"item_purchase_floors":[4,4,4,4,4,4,4,4,4,8,8,8,8,8,22,22,22],"current_hp_per_floor":[80,80,80,85,85,72,85,85,85,85,61,60,46,47,47,43,93,93,77,77,77,77,51,57,43,51,57,63,50,50,50,80,78,101,99,101,101,0,0],"gold":1955,"neow_bonus":"NOSTALGIA","is_daily":false,"chose_seed":false,"campfire_upgraded":0,"win_rate":0.0,"timestamp":1613691973,"path_taken":["M","?","?","$","M","E","?","$","T","?","E","M","E","M","R_BF","BOSS","M","?","?","?","$","NM","M","M","T","?","E","M","?","AVR","R","BOSS","M","M","?","?"],"items_purchased_type":["Card","Card","Card","Card","Card","Relic","Relic","Potion","Potion","Relic","Card","Card","Card","Card","Relic","Card","Card"],"build_version":"2020-12-22","purchased_purges":2,"victory":false,"max_hp_per_floor":[80,80,80,85,85,85,85,85,85,85,93,93,93,93,93,93,93,93,93,93,93,93,93,93,93,101,101,101,101,101,101,101,101,101,101,101,101,101,101],"card_choices":[{"not_picked":["hubris:CleavingFinish","Dark Embrace","True Grit"],"picked":"SKIP","floor":1},{"not_picked":["Chrysalis","ReplayTheSpireMod:Necrogeddon"],"picked":"Secret Technique","floor":4},{"not_picked":["Apotheosis","Specialist"],"picked":"Good Instincts","floor":4},{"not_picked":["Magnetism","Survey Options"],"picked":"Panache","floor":4},{"not_picked":["Evolve","Burning Pact","Armaments"],"picked":"SKIP","floor":5},{"not_picked":["Headbutt","Immolate"],"picked":"Twin Strike","floor":6},{"not_picked":["Perfected Strike","hubris:ReadiedAction"],"picked":"Headbutt","floor":7},{"not_picked":["hubris:CleavingFinish","Spot Weakness"],"picked":"Flex","floor":11},{"not_picked":["Warcry","True Grit"],"picked":"Flex","floor":12},{"not_picked":["hubris:CleavingFinish","Brutality"],"picked":"Spot Weakness","floor":13},{"not_picked":["Sword Boomerang","Ghostly Armor"],"picked":"Pommel Strike","floor":14},{"not_picked":["Demonic Infusion","Corruption"],"picked":"Bludgeon","floor":16},{"not_picked":["Evolve","Second Wind","hubris:SharpeningStone"],"picked":"SKIP","floor":18},{"not_picked":["Abandon+1","Entrench"],"picked":"Whirlwind","floor":23},{"not_picked":["Dropkick","Wild Strike"],"picked":"Heavy Blade","floor":24},{"not_picked":["Second Wind","Massacre","infinitespire:OneForAll"],"picked":"SKIP","floor":25},{"not_picked":["Combust+1","Flex"],"picked":"Anger","floor":27},{"not_picked":["Brutality","Cleave"],"picked":"Heavy Blade+1","floor":28},{"not_picked":["Dropkick","Burning Pact"],"picked":"Flex","floor":29},{"not_picked":["WitchLeyline+1","Sever Soul+1","StarlightTyphoon"],"picked":"DoubleSpark","floor":35},{"not_picked":["UnstableBomb","Iron Wave","Intimidate+1"],"picked":"Singularity+1","floor":36}],"player_experience":15751,"relics_obtained":[{"floor":6,"key":"hubris:SlimyHat"},{"floor":9,"key":"Letter Opener"},{"floor":11,"key":"hubris:Spice"},{"floor":13,"key":"Replay:Multitool"},{"floor":15,"key":"Iron Hammer"},{"floor":19,"key":"aspiration:Stabinomicon"},{"floor":20,"key":"aspiration:HiddenCompartment"},{"floor":23,"key":"Replay:Bottled Eggs"},{"floor":26,"key":"hubris:Spice"},{"floor":28,"key":"aspiration:FrozenJewel"}],"event_choices":[{"damage_healed":0,"gold_gain":0,"player_choice":"Got Potions","damage_taken":0,"max_hp_gain":0,"max_hp_loss":0,"event_name":"Lab","floor":3,"gold_loss":0},{"damage_healed":0,"gold_gain":0,"player_choice":"Obtained Book","damage_taken":16,"max_hp_gain":0,"max_hp_loss":0,"event_name":"Cursed Tome","floor":19,"gold_loss":0},{"damage_healed":0,"gold_gain":0,"player_choice":"Bought 3 Potions","damage_taken":0,"max_hp_gain":0,"max_hp_loss":0,"event_name":"The Woman in Blue","floor":21,"gold_loss":0},{"damage_healed":0,"gold_gain":0,"player_choice":"Ignored","damage_taken":0,"max_hp_gain":0,"max_hp_loss":0,"event_name":"Tomb of Lord Red Mask","floor":37,"gold_loss":0}],"is_beta":false,"boss_relics":[{"not_picked":["infinitespire:Burning Sword","hubris:Spice"],"picked":"ChewingGum"},{"not_picked":["hubris:Spice","hubris:Spice"],"picked":"aspiration:MarisaSkillbook"}],"items_purged_floors":[4,8],"is_endless":false,"potions_floor_spawned":[5,6,7,11,14,23,24,35,38],"killed_by":"Nightmare_Alpha","ascension_level":1}}