{"host":"5td1gsj4mnrioltg","time":1613635519,"event":{"mods":["2.2 Compatiblity","AchievementEnabler","Act Like it!","Aspiration","BaseMod","Beaked The Cultist","Better Altar","Better Match","Better Note","Better Sensory Stone","Better Silent Start","Better Skull","Better Third Choice","Better Vampires","BetterRewards","Bossed Relics","Colored Map","Colored Powertips","Displayed Cursed Tome","Downfall","Emptier Cage","Evolution","Friendly Minions","GifTheSpireLib","Highlight Path","Ironclad Rager","Jedi Mod","JesterMod","Mad Scientist","Menagerie","Minty Spire (QoL Compilation)","Permanent Neow","Quick Restart","Reliquary","Replay The Spire","Reworked Bosses","Shade Mod","Shapeshifter Mod","Spicy Shops","StSLib","The Blue Laboratory","The Dragon Tamer","The Dragonkin","The Druid","The Elementalist","The Marked","The Necromancer","The Runesmith","Thieving Mod","Transform Curses","Wandering Minibosses"],"gold_per_floor":[114,289,299,72,72,72,84,119,119,119,119,19,19,37,37,37,37,157,157,175,175,188,208,224,224,258,258,327,202,220,220,220,70,70,194,194,219,582,582,915,933,933,966,364,364,364,384,484,494,522,522,522],"floor_reached":53,"language":"ENG","playtime":2654,"items_purged":["Doubt","Regret","StSShapeShifter:ShapeShifter_Strike","StSShapeShifter:ShapeShifter_Defend","StSShapeShifter:ShapeShifter_Strike"],"score":824,"play_id":"e2a5e17d-42cf-45d6-a44c-0d43a6003e3d","local_time":"20210218000519","is_ascension_mode":true,"campfire_choices":[{"data":"StSShapeShifter:LionForm","floor":10,"key":"SMITH"},{"data":"StSShapeShifter:ReplenishingNectar","floor":17,"key":"SMITH"},{"data":"StSShapeShifter:EntForm","floor":25,"key":"SMITH"},{"data":"StSShapeShifter:CosmicShifter","floor":27,"key":"SMITH"},{"data":"StSShapeShifter:VineHandcuffs","floor":34,"key":"SMITH"},{"data":"StSShapeShifter:RhinoCalfForm","floor":42,"key":"SMITH"},{"floor":46,"key":"RECALL"},{"floor":51,"key":"REST"}],"circlet_count":0,"master_deck":["StSShapeShifter:RockSlide","StSShapeShifter:ShapeShifter_Strike+1","StSShapeShifter:ShapeShifter_Strike+1","StSShapeShifter:ShapeShifter_Defend","StSShapeShifter:ShapeShifter_Defend","StSShapeShifter:Tortoise_Form","StSShapeShifter:Lynx_Form","StSShapeShifter:MonkeyForm","StSShapeShifter:ReplenishingNectar+1","StSShapeShifter:VineHandcuffs+1","StSShapeShifter:LionForm+1","StSShapeShifter:BurrBomb","StSShapeShifter:CosmicShifter+1","StSShapeShifter:EntForm+1","StSShapeShifter:HummingbirdForm","StSShapeShifter:GoldenBerries+1","StSShapeShifter:RhinoCalfForm+1","StSShapeShifter:PoisonIvy+1","Madness","Madness","StSShapeShifter:CosmicShifter","StSShapeShifter:PowerShifter"],"relics":["StSShapeShifter:AnimalHeart","StSShapeShifter:TheShapeShiftersMagnolia","EVO:Axolotl","Replay:Baseball","jedi:crownofsimplicity","jedi:bottledfury","Shuriken","aspiration:PoetsPen_weak","Enchiridion","Mummified Hand","StSShapeShifter:ThornsOfSummi","aspiration:RitualStick","Tiny House","Old Coin","reliquary:SilkGlove","Guardian:BottledAnomaly","Whetstone","ReplayTheSpireMod:TigerMarble"],"acts_visited":["Exordium","TheCity","TheBeyond"],"potions_floor_usage":[20,22,26,41,52,52],"damage_taken":[{"damage":6,"enemies":"Cultist","floor":1,"turns":4},{"damage":2,"enemies":"Jaw Worm","floor":3,"turns":4},{"damage":7,"enemies":"2 Louse","floor":7,"turns":3},{"damage":15,"enemies":"Lagavulin","floor":8,"turns":12},{"damage":8,"enemies":"Large Slime","floor":14,"turns":4},{"damage":8,"enemies":"The Guardian","floor":18,"turns":9},{"damage":6,"enemies":"Shell Parasite","floor":20,"turns":5},{"damage":22,"enemies":"2 Thieves","floor":22,"turns":4},{"damage":12,"enemies":"3 Cultists","floor":23,"turns":3},{"damage":13,"enemies":"Shelled Parasite and Fungi","floor":24,"turns":9},{"damage":14,"enemies":"Slavers","floor":26,"turns":4},{"damage":11,"enemies":"Chosen and Byrds","floor":30,"turns":4},{"damage":83,"enemies":"bossMod:newCollector","floor":35,"turns":9},{"damage":20,"enemies":"Orb Walker","floor":37,"turns":6},{"damage":11,"enemies":"Mind Bloom Boss Battle","floor":38,"turns":6},{"damage":7,"enemies":"3 Shapes","floor":41,"turns":4},{"damage":28,"enemies":"R_Hoarder","floor":43,"turns":8},{"damage":29,"enemies":"Jaw Worm Horde","floor":47,"turns":4},{"damage":18,"enemies":"Spire Growth","floor":49,"turns":5},{"damage":92,"enemies":"Nemesis","floor":50,"turns":9},{"damage":82,"enemies":"bossMod:newShapes","floor":52,"turns":9}],"seed_played":"3591420203486748718","potions_obtained":[{"floor":7,"key":"jedi:StrikingPotion"},{"floor":18,"key":"Swift Potion"},{"floor":22,"key":"blueLaboratory:HorrorPotion"},{"floor":24,"key":"FairyPotion"},{"floor":30,"key":"blueLaboratory:BottledHope"},{"floor":35,"key":"blueLaboratory:AbyssPotion"}],"is_trial":false,"path_per_floor":["M","?","M","$","PTL","PTL","M","E","?","R","T","$","?","M","?","$","R","B",null,"M","?","M","M","M","R","E","R","T","$","M","?","?","$","R","B",null,"M","?","?","?","M","R","E","$","T","R","M","?","M","E","R","B",null],"character_chosen":"SHAPESHIFTER","items_purchased":["jedi:crownofsimplicity","Guardian:BottledAnomaly","Whetstone","SteroidPotion","blueLaboratory:BottleOfRum"],"campfire_rested":1,"item_purchase_floors":[4,44,44,44,44],"current_hp_per_floor":[72,72,70,70,70,70,64,51,51,51,51,51,51,46,46,46,46,42,72,66,50,36,34,42,42,54,54,54,54,61,47,47,47,47,14,72,72,66,57,57,50,50,67,67,67,67,65,65,66,13,34,24],"gold":522,"neow_bonus":"RANDOM_EVENT","is_daily":false,"chose_seed":false,"campfire_upgraded":6,"win_rate":0.0,"timestamp":1613635519,"path_taken":["M","?","M","?","PTL","PTL","M","E","?","R","T","$","?","M","?","$","R","BOSS","M","?","M","M","M","R","E","R","T","$","M","?","?","$","R","BOSS","M","?","?","?","?","R","E","$","T","R","M","?","M","E","R","BOSS"],"items_purchased_type":["Relic","Relic","Relic","Potion","Potion"],"build_version":"2020-12-22","purchased_purges":5,"victory":true,"max_hp_per_floor":[78,78,78,78,78,78,78,78,72,72,72,72,72,72,72,72,72,72,72,72,72,72,72,72,72,72,72,72,72,72,72,72,72,72,72,72,72,72,72,72,72,72,72,72,72,72,72,72,72,72,72,72],"card_choices":[{"not_picked":["StSShapeShifter:Rest","StSShapeShifter:RockSlide"],"picked":"StSShapeShifter:MonkeyForm","floor":1},{"not_picked":["StSShapeShifter:GoldenBerries","StSShapeShifter:BloomingSlash"],"picked":"StSShapeShifter:ReplenishingNectar","floor":3},{"not_picked":["StSShapeShifter:SquirrelForm","StSShapeShifter:Guard"],"picked":"StSShapeShifter:VineHandcuffs","floor":7},{"not_picked":["StSShapeShifter:BarkSkin","StSShapeShifter:BurstingSpore"],"picked":"StSShapeShifter:LionForm","floor":8},{"not_picked":["StSShapeShifter:HummingbirdForm","StSShapeShifter:FallingLeaves","StSShapeShifter:BladeOfGrass"],"picked":"SKIP","floor":14},{"not_picked":["StSShapeShifter:Earthquake","StSShapeShifter:Winter"],"picked":"StSShapeShifter:BurrBomb","floor":18},{"not_picked":["StSShapeShifter:FlowerShield","StSShapeShifter:AdaptiveStrikes","StSShapeShifter:Roar"],"picked":"SKIP","floor":20},{"not_picked":["StSShapeShifter:PorcupineForm","StSShapeShifter:Flood"],"picked":"StSShapeShifter:CosmicShifter","floor":22},{"not_picked":["StSShapeShifter:RockSlide+1","StSShapeShifter:Roar"],"picked":"StSShapeShifter:EntForm","floor":23},{"not_picked":["StSShapeShifter:BarkSkin","StSShapeShifter:BladeOfGrass+1"],"picked":"StSShapeShifter:HummingbirdForm","floor":24},{"not_picked":["StSShapeShifter:FullMoon","StSShapeShifter:VineHandcuffs"],"picked":"StSShapeShifter:GoldenBerries+1","floor":26},{"not_picked":["StSShapeShifter:OakBlade","StSShapeShifter:DeerForm","StSShapeShifter:VileMushroom"],"picked":"SKIP","floor":30},{"not_picked":["StSShapeShifter:Summon_Mountains","StSShapeShifter:Uproot_Redwood"],"picked":"StSShapeShifter:RhinoCalfForm","floor":35},{"not_picked":["StSShapeShifter:VineHandcuffs","StSShapeShifter:ReplenishingNectar+1"],"picked":"StSShapeShifter:PoisonIvy+1","floor":37},{"not_picked":["StSShapeShifter:MonkeyForm+1","StSShapeShifter:FallingLeaves","StSShapeShifter:ShiftingStrike"],"picked":"SKIP","floor":41},{"not_picked":["StSShapeShifter:ThornToss","StSShapeShifter:Maul+1"],"picked":"StSShapeShifter:CosmicShifter","floor":43},{"not_picked":["StSShapeShifter:Rest+1","StSShapeShifter:Sapling+1","StSShapeShifter:RockSlide+1"],"picked":"SKIP","floor":47},{"not_picked":["StSShapeShifter:FallingLeaves","StSShapeShifter:SkullBash","StSShapeShifter:ThornToss"],"picked":"SKIP","floor":49},{"not_picked":["StSShapeShifter:WaspSwarmForm","StSShapeShifter:PoisonIvy"],"picked":"StSShapeShifter:PowerShifter","floor":50}],"player_experience":1370168,"relics_obtained":[{"floor":8,"key":"jedi:bottledfury"},{"floor":11,"key":"Shuriken"},{"floor":26,"key":"Mummified Hand"},{"floor":28,"key":"StSShapeShifter:ThornsOfSummi"},{"floor":38,"key":"Old Coin"},{"floor":43,"key":"reliquary:SilkGlove"},{"floor":50,"key":"ReplayTheSpireMod:TigerMarble"}],"event_choices":[{"damage_healed":0.0,"max_hp_gain":0.0,"max_hp_loss":0.0,"gold_gain":0.0,"event_name":"Big Fish","player_choice":"Box","floor":0.0,"gold_loss":0.0,"damage_taken":0.0,"relics_obtained":["Replay:Baseball"],"cards_obtained":["Regret"]},{"damage_healed":0,"gold_gain":175,"player_choice":"AGREE","damage_taken":114,"max_hp_gain":0,"max_hp_loss":0,"event_name":"betterThird:BetterSerpent","floor":2,"gold_loss":0},{"damage_healed":0,"gold_gain":0,"player_choice":"Lose Max HP","damage_taken":0,"relics_obtained":["Golden Idol"],"max_hp_gain":0,"max_hp_loss":6,"event_name":"Golden Idol","floor":9,"gold_loss":0},{"damage_healed":0,"gold_gain":0,"player_choice":"Searched \u00270\u0027 times","damage_taken":0,"max_hp_gain":0,"max_hp_loss":0,"event_name":"Dead Adventurer","floor":13,"gold_loss":0},{"damage_healed":0,"gold_gain":0,"player_choice":"Obtained Book","damage_taken":16,"max_hp_gain":0,"max_hp_loss":0,"event_name":"Cursed Tome","floor":21,"gold_loss":0},{"cards_removed":["StSShapeShifter:ShapeShifter_Defend"],"damage_healed":0,"gold_gain":0,"player_choice":"Elegance","damage_taken":0,"max_hp_gain":0,"max_hp_loss":0,"event_name":"betterThird:BetterWriting","floor":32,"gold_loss":0},{"damage_healed":0,"gold_gain":0,"player_choice":"Fight","damage_taken":0,"max_hp_gain":0,"max_hp_loss":0,"event_name":"MindBloom","floor":38,"gold_loss":0},{"damage_healed":0,"gold_gain":0,"player_choice":"Embrace Madness","damage_taken":9,"max_hp_gain":0,"max_hp_loss":0,"event_name":"Winding Halls","floor":39,"gold_loss":0,"cards_obtained":["Madness","Madness"]},{"damage_healed":0,"gold_gain":333,"player_choice":"Gave Idol","damage_taken":0,"max_hp_gain":0,"max_hp_loss":0,"event_name":"The Moai Head","floor":40,"relics_lost":["Golden Idol"],"gold_loss":0},{"damage_healed":0,"gold_gain":100,"player_choice":"Pray","damage_taken":0,"max_hp_gain":0,"max_hp_loss":0,"event_name":"Golden Shrine","floor":48,"gold_loss":0}],"is_beta":false,"boss_relics":[{"not_picked":["reliquary:Ember","jesterMod:MachoBrace"],"picked":"aspiration:PoetsPen_weak"},{"not_picked":["Fusion Hammer","aspiration:FutureDiary"],"picked":"Tiny House"}],"items_purged_floors":[4,12,29,33,44],"is_endless":false,"potions_floor_spawned":[7,18,22,24,30,35,47,49,50],"ascension_level":2}}