{"host":"eawh33iyj6swubhn","time":1613628593,"event":{"mods":["Act Like it!","Arknights","BaseMod","Best Route Mod","Better Third Choice","Downfall","GifTheSpireLib","HololiveMod","Minty Spire (QoL Compilation)","Permanent Neow","Reliquary","Replay The Spire","StSLib","Stuff the Spire","The Animator","egg"],"gold_per_floor":[119,119,70,80,80,80,111,111,191,45,78,95,95,95,95,194,194,206,206,206,217,217,217],"floor_reached":22,"language":"ENG","playtime":1783,"items_purged":[],"score":190,"play_id":"fd285abf-b22c-4955-b71a-509ef97da0e9","local_time":"20210218030953","is_ascension_mode":false,"campfire_choices":[{"floor":6,"key":"REST"},{"floor":8,"key":"REST"},{"floor":15,"key":"REST"}],"circlet_count":0,"master_deck":["ats:Strike G","ats:Strike S","ats:Strike V","ats:Armor Crushing Shot","ats:Defend","ats:Defend","ats:Defend","ats:Emotion Absorption","ats:Volcano","ats:Hammer On","ats:Closed Bolt Burst Fire","ats:Shadow Raid","StuffTheSpire:Innocence","ats:Healing Drone","ats:Assault Order","Finesse","ats:Volcano","ats:Healing Drone","ats:Shadow Assault","ats:Ignite","ats:Sunburst+1"],"relics":["ats:Sanity Plus","ats:Originium","MealTicket","Snack Pack","reliquary:SharkskinSheath","ReplayFunnel"],"acts_visited":["Exordium","TheCity"],"potions_floor_usage":[11,16,21,21,21],"damage_taken":[{"damage":11,"enemies":"2 Louse","floor":1,"turns":2},{"damage":10,"enemies":"Jaw Worm","floor":4,"turns":4},{"damage":57,"enemies":"Gremlin Nob","floor":7,"turns":7},{"damage":28,"enemies":"3 Sentries","floor":11,"turns":10},{"damage":1,"enemies":"Cultist","floor":12,"turns":3},{"damage":43,"enemies":"The Guardian","floor":16,"turns":13},{"damage":20,"enemies":"2 Thieves","floor":18,"turns":5},{"damage":54,"enemies":"Spheric Guardian","floor":21,"turns":8},{"damage":18,"enemies":"Snecko","floor":22,"turns":3}],"seed_played":"-3472603624459018369","potions_obtained":[{"floor":7,"key":"Swift Potion"},{"floor":12,"key":"ColorlessPotion"},{"floor":20,"key":"Dexterity Potion"},{"floor":20,"key":"FearPotion"},{"floor":20,"key":"BlessingOfTheForge"}],"is_trial":false,"path_per_floor":["M","?","$","M","?","R","E","R","T","$","E","M","T","?","R","B",null,"M","?","?","M","M"],"character_chosen":"DOCTOR_CLASS","items_purchased":["ats:Closed Bolt Burst Fire","ats:Assault Order","Finesse"],"campfire_rested":3,"item_purchase_floors":[3,10,10],"current_hp_per_floor":[61,61,61,51,44,65,8,29,29,44,36,37,37,37,58,52,72,54,54,54,12,0,0],"gold":217,"neow_bonus":"TRANSFORM_CARD","is_daily":false,"chose_seed":false,"campfire_upgraded":0,"win_rate":0.0,"timestamp":1613628593,"path_taken":["M","?","?","?","?","R","E","R","T","$","E","M","?","?","R","BOSS","M","?","?","?","M"],"items_purchased_type":["Card","Card","Card"],"build_version":"2020-12-13","purchased_purges":0,"victory":false,"max_hp_per_floor":[72,72,72,72,72,72,72,72,72,72,72,72,72,72,72,72,72,72,72,72,72,72,72],"card_choices":[{"not_picked":["ats:Song Of Battle","ats:Directed Diagnosis"],"picked":"ats:Hammer On","floor":1},{"not_picked":["ats:Powerful Strike","ats:Closed Bolt Burst Fire"],"picked":"ats:Shadow Raid","floor":4},{"not_picked":["ats:Neurotoxin","ats:Roar Of Ursus"],"picked":"ats:Healing Drone","floor":7},{"not_picked":["ats:Apocalypse","ats:Leaping Hammer"],"picked":"ats:Volcano","floor":11},{"not_picked":["ats:Shell Defense","ats:Hammer On"],"picked":"ats:Healing Drone","floor":12},{"not_picked":["ats:Disruption Kick","ats:Wolf Pack"],"picked":"ats:Shadow Assault","floor":16},{"not_picked":["ats:Curse Doll","ats:Explosion Area Strengthen+1"],"picked":"ats:Ignite","floor":18},{"not_picked":["ats:Poison Spread","ats:Leaping Hammer"],"picked":"ats:Sunburst+1","floor":21}],"player_experience":37269,"relics_obtained":[{"floor":7,"key":"ats:Originium"},{"floor":7,"key":"MealTicket"},{"floor":9,"key":"Snack Pack"},{"floor":11,"key":"ats:Originium"},{"floor":11,"key":"reliquary:SharkskinSheath"},{"floor":13,"key":"ReplayFunnel"}],"event_choices":[{"cards_removed":["ats:Defend"],"damage_healed":0,"gold_gain":0,"player_choice":"Offered Basic","damage_taken":0,"max_hp_gain":0,"max_hp_loss":0,"event_name":"Bonfire Elementals","floor":2,"gold_loss":0},{"damage_healed":0,"gold_gain":0,"player_choice":"LEAVE","damage_taken":0,"max_hp_gain":0,"max_hp_loss":0,"event_name":"betterThird:BetterScrap","floor":14,"gold_loss":0,"cards_obtained":["Replay:DivineShield"]},{"damage_healed":0,"gold_gain":0,"player_choice":"Got Potions","damage_taken":0,"max_hp_gain":0,"max_hp_loss":0,"event_name":"Lab","floor":20,"gold_loss":0}],"is_beta":false,"boss_relics":[{"not_picked":["Replay:Bronze Core","Snecko Eye"],"picked":"ats:Sanity Plus"}],"items_purged_floors":[],"is_endless":false,"potions_floor_spawned":[7,12],"killed_by":"Snecko","ascension_level":0}}