{"host":"e326moqq81vao3qq","time":1613683688,"event":{"mods":["BaseMod","Colored Powertips","Highlight Path","Minty Spire (QoL Compilation)","Quick Restart","Relic Stats","Spicy Shops","StSLib"],"gold_per_floor":[114,114,114,134,16,54,79,113,165,165,188,42,58,72,72,198,198,222,222,222,222],"floor_reached":20,"language":"ENG","playtime":1014,"items_purged":[],"score":261,"play_id":"c3b963b2-b762-4e77-bb47-28d0d51226f8","local_time":"20210218162808","is_ascension_mode":true,"campfire_choices":[{"data":"Consume","floor":15,"key":"SMITH"}],"circlet_count":0,"master_deck":["Strike_B","Strike_B","Strike_B","Defend_B","Defend_B","Defend_B","Defend_B","Zap","Dualcast","Consume+1","Chaos","Sunder","Loop+1","Coolheaded","Self Repair","Cold Snap","Ball Lightning","Force Field","Compile Driver","Core Surge","Barrage"],"relics":["Cracked Core","NeowsBlessing","Golden Idol","Mummified Hand","Orichalcum","Happy Flower","Philosopher\u0027s Stone","Nloth\u0027s Gift"],"acts_visited":["Exordium","TheCity"],"potions_floor_usage":[8,13,16,20],"damage_taken":[{"damage":0,"enemies":"Small Slimes","floor":1,"turns":1},{"damage":0,"enemies":"2 Louse","floor":4,"turns":1},{"damage":0,"enemies":"Gremlin Nob","floor":6,"turns":1},{"damage":3,"enemies":"Cultist","floor":7,"turns":4},{"damage":34,"enemies":"3 Sentries","floor":8,"turns":11},{"damage":0,"enemies":"Gremlin Gang","floor":11,"turns":5},{"damage":4,"enemies":"Large Slime","floor":13,"turns":6},{"damage":1,"enemies":"3 Louse","floor":14,"turns":4},{"damage":16,"enemies":"Slime Boss","floor":16,"turns":10},{"damage":13,"enemies":"2 Thieves","floor":18,"turns":4},{"damage":60,"enemies":"3 Byrds","floor":20,"turns":3}],"seed_played":"-231494289850373115","potions_obtained":[{"floor":1,"key":"CultistPotion"},{"floor":8,"key":"Block Potion"},{"floor":11,"key":"Dexterity Potion"},{"floor":14,"key":"LiquidMemories"}],"is_trial":false,"path_per_floor":["M","?","?","M","$","E","M","E","T","?","M","$","M","M","R","B",null,"M","?","M"],"character_chosen":"DEFECT","items_purchased":["Loop","Coolheaded","Happy Flower"],"campfire_rested":0,"item_purchase_floors":[5,5,12],"current_hp_per_floor":[75,75,57,57,57,57,61,34,34,34,43,43,48,56,56,49,69,58,58,0,0],"gold":222,"neow_bonus":"THREE_ENEMY_KILL","is_daily":false,"chose_seed":false,"campfire_upgraded":1,"win_rate":0.0,"timestamp":1613683688,"path_taken":["M","?","?","M","$","E","M","E","T","?","M","$","M","M","R","BOSS","M","?","?"],"items_purchased_type":["Card","Card","Relic"],"build_version":"2020-12-22","purchased_purges":0,"victory":false,"max_hp_per_floor":[75,75,75,75,75,75,75,75,75,75,75,75,75,75,75,75,75,75,75,75,75],"relic_stats":{"Happy Flower":[9],"counters":[11,48],"Golden Idol":65,"Mummified Hand":[15],"Nloth\u0027s Gift":0,"Orichalcum":[48],"obtain_stats":[{"Blood Vial":9,"NeowsBlessing":0,"Happy Flower":12,"Golden Idol":3,"Mummified Hand":6,"Philosopher\u0027s Stone":17,"Nloth\u0027s Gift":19,"Orichalcum":8,"Cracked Core":0},{"Blood Vial":5,"NeowsBlessing":0,"Happy Flower":6,"Golden Idol":1,"Mummified Hand":3,"Philosopher\u0027s Stone":9,"Nloth\u0027s Gift":10,"Orichalcum":5,"Cracked Core":0},{"Blood Vial":18,"NeowsBlessing":0,"Happy Flower":22,"Golden Idol":1,"Mummified Hand":3,"Philosopher\u0027s Stone":41,"Nloth\u0027s Gift":45,"Orichalcum":18,"Cracked Core":0}]},"card_choices":[{"not_picked":["Self Repair","Static Discharge"],"picked":"Consume","floor":1},{"not_picked":["Turbo","Conserve Battery"],"picked":"Sunder","floor":4},{"not_picked":["Streamline","Glacier"],"picked":"Self Repair","floor":6},{"not_picked":["FTL","Sweeping Beam","Consume"],"picked":"SKIP","floor":7},{"not_picked":["Go for the Eyes","Aggregate"],"picked":"Cold Snap","floor":8},{"not_picked":["Go for the Eyes","White Noise"],"picked":"Ball Lightning","floor":11},{"not_picked":["Skim","Coolheaded"],"picked":"Force Field","floor":13},{"not_picked":["Multi-Cast","Force Field"],"picked":"Compile Driver","floor":14},{"not_picked":["Hyperbeam","Thunder Strike"],"picked":"Core Surge","floor":16},{"not_picked":["Ball Lightning","Cold Snap"],"picked":"Barrage","floor":18}],"player_experience":235905,"relics_obtained":[{"floor":6,"key":"Mummified Hand"},{"floor":8,"key":"Orichalcum"},{"floor":9,"key":"Blood Vial"}],"event_choices":[{"damage_healed":0,"gold_gain":0,"cards_transformed":["Strike_B"],"player_choice":"Change","damage_taken":0,"max_hp_gain":0,"max_hp_loss":0,"event_name":"Living Wall","floor":2,"gold_loss":0,"cards_obtained":["Chaos"]},{"damage_healed":0,"gold_gain":0,"player_choice":"Take Damage","damage_taken":18,"relics_obtained":["Golden Idol"],"max_hp_gain":0,"max_hp_loss":0,"event_name":"Golden Idol","floor":3,"gold_loss":0},{"damage_healed":0,"gold_gain":0,"player_choice":"Forge","damage_taken":0,"max_hp_gain":0,"max_hp_loss":0,"event_name":"Accursed Blacksmith","floor":10,"gold_loss":0,"cards_upgraded":["Loop"]},{"damage_healed":0,"gold_gain":0,"player_choice":"Traded Relic","damage_taken":0,"relics_obtained":["Nloth\u0027s Gift"],"max_hp_gain":0,"max_hp_loss":0,"event_name":"N\u0027loth","floor":19,"relics_lost":["Blood Vial"],"gold_loss":0}],"is_beta":false,"boss_relics":[{"not_picked":["Empty Cage","Ectoplasm"],"picked":"Philosopher\u0027s Stone"}],"items_purged_floors":[],"is_endless":false,"potions_floor_spawned":[1,8,11,14],"killed_by":"3 Byrds","ascension_level":5}}