{"host":"a3gu5zu37ht99mpa","time":1613629199,"event":{"mods":["100% Spire Juice","Act Like it!","BaseMod","Better Silent Start","Better Third Choice","BetterRewards","Conspire","Downfall","Energized Spire","Friendly Minions","GifTheSpireLib","Gold Saver","Gremlin Mod","Halation","Hallownest","Hermit","HololiveMod","JesterMod","Koishi","Lobotomy","LobotomyExtend","Luminous","Minty Spire (QoL Compilation)","Reliquary","Shade Mod","StSLib","Stuff the Spire","The Administrix","The Animator","The Bug Knight","The Hayseed","The Necromancer","The Runesmith","The Saiyan","The Senshi","The Showman","The Wild Card","Virulent Crown","Wandering Minibosses","WarShipGirlsR/????R mod","Yohane!","Yuyuko","yUi","??????REMEMod"],"gold_per_floor":[283,283,283,213,237,290,290,290,290,329,354,372,397,419,419,526,526,555,570,570,630,242,279,279,279,279,312,322,322],"floor_reached":28,"language":"ENG","playtime":2535,"items_purged":[],"score":350,"play_id":"a6321bb0-dc89-45fa-afdc-499e62e03231","local_time":"20210218011959","is_ascension_mode":false,"campfire_choices":[{"data":"Hololive_CallUsadaPekora","floor":7,"key":"SMITH"},{"data":"Hololive_Recruit","floor":15,"key":"SMITH"}],"circlet_count":0,"master_deck":["Hololive_CallMinatoAqua","Hololive_CallUsadaPekora+1","Hololive_CallMurasakiShion","Hololive_CallShiranuiFlare","Hololive_CallSpadeEcho","Hololive_Breathe","Hololive_Strike","Hololive_Strike","Hololive_Defend","Hololive_Defend","bronze:Philosophize","OSAHOGD","Hololive_CallSpadeEcho","Hololive_CallMoonaHoshinova","Hololive_LuckPotion","Hololive_Recruit+1","Hololive_LuckPotion","Hololive_Breathe","Hololive_CallTsunomakiWatame","Hololive_CallFriendA","WallGazer","Hololive_CallAZKi","Mercenary","Hololive_AWSL","GreedKing","Hololive_Psychosis","LittleHelper","Hololive_CallUruhaRushia","QueenBee","Hololive_Breathe+1","Hololive_IdolExercise","Hololive_CallOzoraSubaru","Hololive_CandyCastle","SilentOrchestra","Hololive_CallKiryuuCoco"],"relics":["Hololive_TheStar","REME_ComplimentaryCards","CogitoBucket","LetterFromLob","halation:PinkSoulGem","Hallownest:SalubrasBlessingRelic","Hallownest:StagBellRelic1","REME_LimitBreaker","Bottled Lightning","AspirationHeart","bronze:MakeshiftBattery","LuminousBracelet","halation:EternalFortune","Lee\u0027s Waffle","Gambling Chip","Pantograph"],"acts_visited":["Hallownest:Greenpath","Hallownest:CityofTears"],"potions_floor_usage":[12,19,19,25],"damage_taken":[{"damage":0,"enemies":"Hallownest:monsterHuskWarrior","floor":1,"turns":3},{"damage":0,"enemies":"Hallownest:monsterHuskGuard","floor":5,"turns":3},{"damage":0,"enemies":"Hallownest:eliteMossKnight","floor":6,"turns":8},{"damage":0,"enemies":"Hallownest:eliteVengeflyKing","floor":10,"turns":6},{"damage":7,"enemies":"Hallownest:2_Tiktiks_and_1_Crawlid","floor":11,"turns":4},{"damage":0,"enemies":"Hallownest:1_Ooma_and_2_Uuma","floor":12,"turns":5},{"damage":1,"enemies":"Hallownest:Guard_and_Warrior","floor":13,"turns":4},{"damage":0,"enemies":"Hallownest:MossCreep_and_Mosskin","floor":14,"turns":4},{"damage":7,"enemies":"Hallownest:BossFalseKnight","floor":16,"turns":7},{"damage":2,"enemies":"Hallownest:2_Mistakes","floor":18,"turns":5},{"damage":58,"enemies":"Hallownest:Flukemon_and_Top","floor":19,"turns":12},{"damage":13,"enemies":"Hallownest:Glutton_and_Coward","floor":21,"turns":5},{"damage":3,"enemies":"Hallownest:eliteWatcherKnight","floor":23,"turns":13},{"damage":1,"enemies":"Hallownest:eliteWatcherKnight","floor":25,"turns":4},{"damage":0,"enemies":"Hallownest:Master_and_Novice","floor":27,"turns":4},{"damage":70,"enemies":"Hallownest:monsterMisterMushroom","floor":28,"turns":3}],"seed_played":"-5332139003284466223","potions_obtained":[{"floor":1,"key":"SkillPotion"},{"floor":12,"key":"conspire:TimeTravelPotion"},{"floor":13,"key":"Swift Potion"},{"floor":14,"key":"SteroidPotion"},{"floor":21,"key":"LiquidMemories"}],"is_trial":false,"path_per_floor":["M","?","?","?","M","E","R","?","T","E","M","M","M","M","R","B",null,"M","M","?","M","$","E","?","?","T","M","M"],"character_chosen":"Hololive_HololiveCharacter","items_purchased":["Lee\u0027s Waffle","Hololive_IdolExercise","Hololive_CallOzoraSubaru"],"campfire_rested":0,"item_purchase_floors":[22,22,22],"current_hp_per_floor":[35,35,35,35,35,35,35,35,35,35,35,45,44,44,44,37,45,44,28,31,27,73,67,67,68,68,59,0,0],"gold":322,"neow_bonus":"","is_daily":false,"chose_seed":false,"campfire_upgraded":2,"win_rate":0.0,"timestamp":1613629199,"path_taken":["M","?","?","?","M","E","R","?","T","E","M","M","?","M","R","BOSS","M","?","?","M","$","E","?","?","T","M","?"],"items_purchased_type":["Relic","Card","Card"],"build_version":"2020-12-22","purchased_purges":0,"victory":false,"max_hp_per_floor":[35,35,35,35,35,35,35,35,35,35,35,45,45,45,45,45,45,46,62,65,66,73,67,67,68,68,59,60,60],"card_choices":[{"not_picked":["QueenOfHatred","MHz"],"picked":"OSAHOGD","floor":1},{"not_picked":["Hololive_CallOmaruPolka","Hololive_OvertimeWork","Hololive_CallInugamiKorone"],"picked":"Hololive_CallSpadeEcho","floor":1},{"not_picked":["Hololive_OpenUp","Hololive_CallTokoyamiTowa","Hololive_LuckPotion"],"picked":"Hololive_CallMoonaHoshinova","floor":5},{"not_picked":["Hololive_CallHoshimachiSuisei","Hololive_CallAkiRosenthal","Hololive_Watashimo"],"picked":"Hololive_LuckPotion","floor":6},{"not_picked":[],"picked":"Hololive_Recruit","floor":8},{"not_picked":["Hololive_HuntDinosaur","Hololive_Rebound","Hololive_Psychosis"],"picked":"Hololive_LuckPotion","floor":10},{"not_picked":["Hololive_CallShishiroBotan","Hololive_OpenUp","Hololive_Rebound"],"picked":"Hololive_Breathe","floor":11},{"not_picked":["Hololive_LuckPotion","Hololive_CallMurasakiShion","Hololive_CallYogiri"],"picked":"Hololive_CallTsunomakiWatame","floor":12},{"not_picked":["Hololive_CallAkiRosenthal","Hololive_Rebound","Hololive_Breathe"],"picked":"Hololive_CallFriendA","floor":13},{"not_picked":["UniverseFragment","CherryBlossoms"],"picked":"WallGazer","floor":14},{"not_picked":["Hololive_Drill","Hololive_CallFriendA","Hololive_Rebound"],"picked":"Hololive_CallAZKi","floor":14},{"not_picked":["CrumblingArmor","SpiderBud"],"picked":"Mercenary","floor":16},{"not_picked":["Hololive_ScarfAndHalo","Hololive_Nanodesu","Hololive_ASMR"],"picked":"Hololive_AWSL","floor":16},{"not_picked":["MHz","FairyFestival"],"picked":"GreedKing","floor":18},{"not_picked":["Hololive_Sequa","Hololive_CallAZKi","Hololive_BringToTrial"],"picked":"Hololive_Psychosis","floor":18},{"not_picked":["Laetitia","UniverseFragment"],"picked":"LittleHelper","floor":19},{"not_picked":["Hololive_CallYogiri","Hololive_BeCareful","Hololive_LuckPotion"],"picked":"Hololive_CallUruhaRushia","floor":19},{"not_picked":["BeautyBeast","Bloodbath"],"picked":"QueenBee","floor":21},{"not_picked":["Hololive_CallNekomataOkayu","Hololive_Psychosis","Hololive_CallShirakamiFubuki"],"picked":"Hololive_Breathe+1","floor":21},{"not_picked":["Hololive_CallOmaruPolka","Hololive_Rebound","Hololive_FlareMind"],"picked":"Hololive_CandyCastle","floor":23},{"not_picked":["Wellcheers","CrumblingArmor"],"picked":"BigBird","floor":23},{"not_picked":["LongBird","DreamingCurrent"],"picked":"SilentOrchestra","floor":27},{"not_picked":["Hololive_Rebound","Hololive_OvertimeWork","Hololive_LuckPotion+1"],"picked":"Hololive_CallKiryuuCoco","floor":27}],"player_experience":125201,"relics_obtained":[{"floor":1,"key":"LetterFromLob"},{"floor":6,"key":"REME_LimitBreaker"},{"floor":10,"key":"Bottled Lightning"},{"floor":23,"key":"halation:EternalFortune"},{"floor":23,"key":"Gambling Chip"},{"floor":26,"key":"Pantograph"}],"event_choices":[],"is_beta":false,"boss_relics":[{"not_picked":["Ectoplasm","conspire:RunicOctahedron"],"picked":"bronze:MakeshiftBattery"}],"items_purged_floors":[],"is_endless":false,"potions_floor_spawned":[1,12,13,14,18,21,25],"killed_by":"Hallownest:monsterMisterMushroom","ascension_level":0}}