{"host":"2sct7qpnpunnnd84","time":1613615614,"event":{"mods":["BaseMod","Googly Eyes","Minty Spire (QoL Compilation)","Quick Restart","Shop Mod","StSLib","The IronCluck"],"gold_per_floor":[364,70,88,88,163,163,179,195,219,230,9,9,9,27,27,129,129,144,144,144,70,88,88,108,108,177,197,208,208,208,39,39,142,142,152,9,20,20,39,39,139,159,186,203,183,202,218,232,232,232,232],"floor_reached":50,"language":"ENG","playtime":3402,"items_purged":["Pain","Shame"],"score":488,"play_id":"3ff0223b-220c-4bd8-9730-d54f1b0b552d","local_time":"20210217183334","is_ascension_mode":false,"campfire_choices":[{"floor":6.0,"key":"REST"},{"floor":13.0,"key":"REST"},{"data":"Blade Dance","floor":15.0,"key":"SMITH"},{"floor":23.0,"key":"REST"},{"data":"After Image","floor":25.0,"key":"SMITH"},{"data":"Cloak And Dagger","floor":30.0,"key":"SMITH"},{"floor":32.0,"key":"REST"},{"floor":40.0,"key":"REST"},{"floor":49.0,"key":"REST"}],"circlet_count":0,"master_deck":["Strike_G+1","Strike_G+1","Strike_G+1","Strike_G+1","Defend_G+1","Defend_G+1","Defend_G+1","Defend_G+1","Defend_G+1","Survivor","Neutralize","Dagger Spray","Accuracy+1","Blade Dance+1","Infinite Blades","Blur","Blade Dance+1","Noxious Fumes","Corpse Explosion","Crippling Poison","After Image+1","Backstab+1","Infinite Blades","Slice","Flying Knee+1","Terror","Cloak And Dagger+1","Cloak And Dagger","Slice+1","Storm of Steel","Deadly Poison","Footwork","Pain","Flying Knee+1"],"relics":["Ring of the Snake","Oddly Smooth Stone","Ancient Tea Set","Cursed Key","Molten Egg 2","Busted Crown","TwistedFunnel","Anchor"],"acts_visited":["Exordium","TheCity","TheBeyond"],"potions_floor_usage":[],"damage_taken":[{"damage":4.0,"enemies":"Cultist","floor":1.0,"turns":4.0},{"damage":0.0,"enemies":"2 Louse","floor":3.0,"turns":2.0},{"damage":1.0,"enemies":"Jaw Worm","floor":7.0,"turns":5.0},{"damage":1.0,"enemies":"Blue Slaver","floor":8.0,"turns":3.0},{"damage":0.0,"enemies":"Exordium Wildlife","floor":10.0,"turns":3.0},{"damage":0.0,"enemies":"Lots of Slimes","floor":14.0,"turns":2.0},{"damage":37.0,"enemies":"The Guardian","floor":16.0,"turns":7.0},{"damage":0.0,"enemies":"Chosen","floor":18.0,"turns":3.0},{"damage":0.0,"enemies":"2 Thieves","floor":22.0,"turns":4.0},{"damage":6.0,"enemies":"Snecko","floor":24.0,"turns":4.0},{"damage":2.0,"enemies":"Snake Plant","floor":27.0,"turns":4.0},{"damage":0.0,"enemies":"Centurion and Healer","floor":28.0,"turns":5.0},{"damage":8.0,"enemies":"Champ","floor":33.0,"turns":7.0},{"damage":1.0,"enemies":"3 Darklings","floor":35.0,"turns":5.0},{"damage":0.0,"enemies":"Orb Walker","floor":37.0,"turns":3.0},{"damage":10.0,"enemies":"Spire Growth","floor":39.0,"turns":3.0},{"damage":10.0,"enemies":"Writhing Mass","floor":42.0,"turns":5.0},{"damage":23.0,"enemies":"Maw","floor":44.0,"turns":6.0},{"damage":0.0,"enemies":"3 Darklings","floor":46.0,"turns":1.0},{"damage":2.0,"enemies":"Jaw Worm Horde","floor":47.0,"turns":3.0},{"damage":29.0,"enemies":"Writhing Mass","floor":48.0,"turns":6.0},{"damage":69,"enemies":"Time Eater","floor":50,"turns":8}],"seed_played":"5336882457290059081","potions_obtained":[{"floor":3.0,"key":"FearPotion"},{"floor":7.0,"key":"AttackPotion"},{"floor":18.0,"key":"SpeedPotion"},{"floor":22.0,"key":"AttackPotion"},{"floor":27.0,"key":"Ancient Potion"},{"floor":37.0,"key":"SkillPotion"},{"floor":39.0,"key":"FairyPotion"},{"floor":44.0,"key":"Fire Potion"},{"floor":45.0,"key":"DistilledChaos"},{"floor":46.0,"key":"GamblersBrew"}],"is_trial":false,"path_per_floor":["M","$","M","?","?","R","M","M","T","M","$","?","R","M","R","B",null,"M","?","?","$","M","R","M","R","T","M","M","?","R","$","R","B",null,"M","$","M","?","M","R","?","M","T","M","?","M","M","M","R","B"],"character_chosen":"THE_SILENT","items_purchased":["Oddly Smooth Stone","Accuracy","Blade Dance","Noxious Fumes","Corpse Explosion","Infinite Blades","Cloak And Dagger","Slice+1","TwistedFunnel"],"campfire_rested":6,"item_purchase_floors":[2,2,11,11,11,21,31,31,36],"current_hp_per_floor":[66,66,66,66,55,70,69,68,68,68,68,54,70,70,70,33,70,70,57,57,57,57,75,69,69,69,67,67,67,67,67,75,67,75,74,74,74,74,64,75,75,65,65,42,42,42,40,11,33,0,0],"gold":232,"neow_bonus":"TWO_FIFTY_GOLD","is_daily":false,"chose_seed":false,"campfire_upgraded":3,"win_rate":0.0,"timestamp":1613615614,"path_taken":["M","$","?","?","?","R","M","M","T","M","$","?","R","M","R","BOSS","M","?","?","?","?","R","M","R","T","M","M","?","R","$","R","BOSS","M","$","M","?","M","R","?","?","T","?","?","M","?","M","R","BOSS"],"items_purchased_type":["Relic","Card","Card","Card","Card","Card","Card","Card","Relic"],"build_version":"2020-12-22","purchased_purges":2,"victory":false,"max_hp_per_floor":[70,70,70,70,70,70,70,70,70,70,70,70,70,70,70,70,70,70,75,75,75,75,75,75,75,75,75,75,75,75,75,75,75,75,75,75,75,75,75,75,75,75,75,75,75,75,75,75,75,75,75],"card_choices":[{"not_picked":["Choke","Predator"],"picked":"Dagger Spray","floor":1.0},{"not_picked":["Deflect","PiercingWail"],"picked":"Blade Dance","floor":3.0},{"not_picked":["Deflect","Sucker Punch"],"picked":"Infinite Blades","floor":7.0},{"not_picked":["Dagger Throw","All Out Attack","Quick Slash"],"picked":"SKIP","floor":8.0},{"not_picked":["PiercingWail","Expertise"],"picked":"Blur","floor":10.0},{"not_picked":["Catalyst","Backflip"],"picked":"Crippling Poison","floor":14.0},{"not_picked":["Storm of Steel","Doppelganger"],"picked":"After Image","floor":16.0},{"not_picked":["Slice","Expertise+1"],"picked":"Backstab+1","floor":18.0},{"not_picked":["Calculated Gamble+1","Underhanded Strike"],"picked":"Slice","floor":22.0},{"not_picked":["Acrobatics","Dodge and Roll","Tactician+1"],"picked":"SKIP","floor":24.0},{"not_picked":["Dodge and Roll","Distraction"],"picked":"Flying Knee+1","floor":27.0},{"not_picked":["Sucker Punch+1","Outmaneuver"],"picked":"Terror","floor":28.0},{"not_picked":["Adrenaline","Grand Finale+1"],"picked":"Storm of Steel","floor":33.0},{"not_picked":[],"picked":"Deadly Poison","floor":35.0},{"not_picked":[],"picked":"Footwork","floor":37.0},{"not_picked":["Dodge and Roll"],"picked":"SKIP","floor":39.0},{"not_picked":["Acrobatics+1"],"picked":"SKIP","floor":42.0},{"not_picked":["Setup+1"],"picked":"SKIP","floor":44.0},{"not_picked":["Backflip+1"],"picked":"SKIP","floor":46.0},{"not_picked":[],"picked":"Flying Knee+1","floor":47.0},{"not_picked":["Setup"],"picked":"SKIP","floor":48.0}],"player_experience":3439514,"relics_obtained":[{"floor":9.0,"key":"Ancient Tea Set"},{"floor":26.0,"key":"Molten Egg 2"},{"floor":43.0,"key":"Anchor"}],"event_choices":[{"damage_healed":0.0,"max_hp_gain":0.0,"max_hp_loss":0.0,"gold_gain":0.0,"event_name":"Living Wall","player_choice":"Grow","floor":4.0,"gold_loss":0.0,"damage_taken":0.0,"cards_upgraded":["Accuracy"]},{"damage_healed":0.0,"max_hp_gain":0.0,"max_hp_loss":0.0,"gold_gain":75.0,"event_name":"World of Goop","player_choice":"Gather Gold","floor":5.0,"gold_loss":0.0,"damage_taken":11.0},{"damage_healed":0.0,"max_hp_gain":0.0,"max_hp_loss":0.0,"gold_gain":0.0,"event_name":"Shining Light","player_choice":"Entered Light","floor":12.0,"gold_loss":0.0,"damage_taken":14.0,"cards_upgraded":["Defend_G","Blade Dance"]},{"damage_healed":0.0,"max_hp_gain":5.0,"max_hp_loss":0.0,"gold_gain":0.0,"event_name":"Forgotten Altar","player_choice":"Shed Blood","floor":19.0,"gold_loss":0.0,"damage_taken":18.0},{"damage_healed":0.0,"max_hp_gain":0.0,"max_hp_loss":0.0,"gold_gain":0.0,"event_name":"Back to Basics","player_choice":"Simplicity","floor":20.0,"gold_loss":0.0,"damage_taken":0.0,"cards_upgraded":["Strike_G","Strike_G","Strike_G","Strike_G","Strike_G","Defend_G","Defend_G","Defend_G","Defend_G"]},{"damage_healed":0.0,"max_hp_gain":0.0,"max_hp_loss":0.0,"gold_gain":0.0,"event_name":"The Library","player_choice":"Read","floor":29.0,"gold_loss":0.0,"damage_taken":0.0,"cards_obtained":["Cloak And Dagger"]},{"cards_removed":["Strike_G"],"damage_healed":0.0,"max_hp_gain":0.0,"max_hp_loss":0.0,"gold_gain":0.0,"event_name":"Falling","player_choice":"Removed Attack","floor":38.0,"gold_loss":0.0,"damage_taken":0.0},{"damage_healed":0.0,"max_hp_gain":0.0,"max_hp_loss":0.0,"gold_gain":100.0,"event_name":"Golden Shrine","player_choice":"Pray","floor":41.0,"gold_loss":0.0,"damage_taken":0.0},{"damage_healed":0.0,"max_hp_gain":0.0,"max_hp_loss":0.0,"gold_gain":0.0,"event_name":"The Woman in Blue","player_choice":"Bought 1 Potion","floor":45.0,"gold_loss":0.0,"damage_taken":0.0}],"is_beta":false,"boss_relics":[{"not_picked":["Ectoplasm","Coffee Dripper"],"picked":"Cursed Key"},{"not_picked":["Runic Dome","Tiny House"],"picked":"Busted Crown"}],"items_purged_floors":[2,31],"is_endless":false,"potions_floor_spawned":[3,7,18,22,27,37,39,44,46],"killed_by":"Time Eater","ascension_level":0}}