{"host":"7e6a7vfmtx61a48y","time":1613662295,"event":{"mods":["BaseMod","Better Note","BetterRewards","Block Reminder","Colored Powertips","Curses Come First","Gremlin Skip","Hubris","Minty Spire (QoL Compilation)","Quick Restart","Rare Cards Sparkle","Reliquary","StSLib","SuperFastMode"],"gold_per_floor":[112,131,151,151,151,151,166,201,201,201,232,257,295,308,308,427,427,445,35,48,66,66,66,97,97,174,174,10,23,37,68,68,198,198,217,517,532,56,80,80,119,119,119,119,119,163,163,83,83,83],"floor_reached":51,"language":"ENG","playtime":2368,"items_purged":["Strike_R","Strike_R"],"score":1406,"play_id":"49d6ed34-d494-4c37-8ef1-309ccd752363","local_time":"20210218233135","is_ascension_mode":true,"campfire_choices":[{"floor":6.0,"key":"REST"},{"data":"Apotheosis","floor":10.0,"key":"SMITH"},{"data":"Flex","floor":15.0,"key":"SMITH"},{"floor":23.0,"key":"REST"},{"floor":25.0,"key":"REST"},{"floor":27.0,"key":"DIG"},{"floor":32.0,"key":"REST"},{"floor":40.0,"key":"REST"},{"floor":42.0,"key":"DIG"},{"floor":44.0,"key":"DIG"},{"floor":47,"key":"REST"},{"floor":49,"key":"DIG"}],"circlet_count":0,"master_deck":["AscendersBane","Strike_R","Strike_R","Defend_R","Defend_R","Defend_R","Defend_R","Bash","Apotheosis+1","Thunderclap","Iron Wave+1","Injury","Flex+1","Battle Trance","Exhume","Double Tap","Flame Barrier","Envenom","Slice","Heavy Blade"],"relics":["Black Blood","reliquary:PorcupineQuills","hubris:EmptyBottle","Du-Vu Doll","Golden Idol","Lantern","The Courier","Regal Pillow","Blood Vial","hubris:Backtick","Shovel","hubris:GlazedTorus","Nunchaku","Blue Candle","hubris:BottledRain","Orichalcum","Potion Belt","hubris:DisguiseKit","Oddly Smooth Stone","Cauldron","Bag of Marbles","reliquary:PartyBalloon","hubris:Potato","Bottled Flame","reliquary:Firecrackers","Centennial Puzzle","hubris:ChampionShield","Pen Nib"],"acts_visited":["Exordium","TheCity","TheBeyond"],"potions_floor_usage":[46,46,46,50,50,50,50,50,50,50,50,50,50,50],"damage_taken":[{"damage":4.0,"enemies":"Jaw Worm","floor":1.0,"turns":4.0},{"damage":2.0,"enemies":"Cultist","floor":2.0,"turns":4.0},{"damage":5.0,"enemies":"2 Louse","floor":3.0,"turns":3.0},{"damage":10.0,"enemies":"Lots of Slimes","floor":7.0,"turns":5.0},{"damage":20.0,"enemies":"Lagavulin","floor":8.0,"turns":3.0},{"damage":0.0,"enemies":"Gremlin Nob","floor":11.0,"turns":3.0},{"damage":0.0,"enemies":"2 Fungi Beasts","floor":12.0,"turns":4.0},{"damage":8.0,"enemies":"Lagavulin","floor":13.0,"turns":5.0},{"damage":0.0,"enemies":"Blue Slaver","floor":14.0,"turns":2.0},{"damage":39.0,"enemies":"Hexaghost","floor":16.0,"turns":9.0},{"damage":32.0,"enemies":"Shell Parasite","floor":18.0,"turns":6.0},{"damage":14.0,"enemies":"Chosen","floor":20.0,"turns":4.0},{"damage":29.0,"enemies":"3 Cultists","floor":21.0,"turns":5.0},{"damage":40.0,"enemies":"Gremlin Leader","floor":24.0,"turns":7.0},{"damage":18.0,"enemies":"Snake Plant","floor":29.0,"turns":2.0},{"damage":23.0,"enemies":"Centurion and Healer","floor":30.0,"turns":5.0},{"damage":51.0,"enemies":"Slavers","floor":31.0,"turns":4.0},{"damage":86.0,"enemies":"Champ","floor":33.0,"turns":9.0},{"damage":43.0,"enemies":"3 Shapes","floor":35.0,"turns":5.0},{"damage":15.0,"enemies":"Orb Walker","floor":37.0,"turns":4.0},{"damage":28.0,"enemies":"4 Shapes","floor":39.0,"turns":6.0},{"damage":25.0,"enemies":"Reptomancer","floor":41.0,"turns":4.0},{"damage":38,"enemies":"Nemesis","floor":46,"turns":7},{"damage":45,"enemies":"Awakened One","floor":50,"turns":9}],"seed_played":"2440049889829238206","potions_obtained":[{"floor":2.0,"key":"ColorlessPotion"},{"floor":8.0,"key":"FearPotion"},{"floor":13.0,"key":"DistilledChaos"},{"floor":14.0,"key":"FairyPotion"},{"floor":18.0,"key":"PowerPotion"},{"floor":30.0,"key":"FearPotion"},{"floor":31.0,"key":"SpeedPotion"},{"floor":38.0,"key":"EntropicBrew"},{"floor":38.0,"key":"PowerPotion"},{"floor":38.0,"key":"AttackPotion"},{"floor":38.0,"key":"LiquidMemories"}],"is_trial":false,"path_per_floor":["M","M","M","?","?","R","M","E","T","R","E","M","E","M","R","B",null,"M","$","M","M","?","R","E","R","T","R","$","M","M","E","R","B",null,"M","?","M","$","M","R","E","R","T","R","?","E","R","$","R","B",null],"character_chosen":"IRONCLAD","items_purchased":["reliquary:PorcupineQuills","hubris:EmptyBottle","Apotheosis","Block Potion","hubris:GlazedTorus","Nunchaku","Potion Belt","Energy Potion","Oddly Smooth Stone","Cauldron","Bag of Marbles","reliquary:PartyBalloon"],"campfire_rested":6,"item_purchase_floors":[0,0,0,0,19,19,28,28,38,38,38,38],"current_hp_per_floor":[50,54,55,48,48,72,68,54,54,54,60,66,64,72,72,41,70,46,46,40,19,19,58,26,65,65,65,65,55,40,22,61,30,68,39,39,38,38,24,63,52,52,52,52,52,28,67,67,67,36],"gold":83,"neow_bonus":"","is_daily":false,"chose_seed":false,"campfire_upgraded":2,"win_rate":0.0,"timestamp":1613662295,"path_taken":["M","M","M","?","?","R","M","E","T","R","E","M","E","M","R","BOSS","M","$","M","M","?","R","E","R","T","R","$","?","M","E","R","BOSS","M","?","?","$","M","R","E","R","T","R","?","E","R","$","R","BOSS"],"items_purchased_type":["Relic","Relic","Card","Potion","Relic","Relic","Relic","Potion","Relic","Relic","Relic","Relic"],"build_version":"2020-12-22","purchased_purges":2,"victory":true,"max_hp_per_floor":[80,80,80,80,80,80,80,80,80,80,80,80,80,80,80,80,80,80,80,80,80,80,80,80,80,80,80,80,80,80,80,80,80,80,80,80,80,80,80,80,80,80,80,80,80,80,80,80,80,80],"card_choices":[{"not_picked":["Sword Boomerang","Anger"],"picked":"Thunderclap","floor":1.0},{"not_picked":["Warcry","hubris:CleavingFinish","Body Slam"],"picked":"SKIP","floor":2.0},{"not_picked":["Feel No Pain","Carnage"],"picked":"Iron Wave","floor":3.0},{"not_picked":["Anger","Havoc"],"picked":"Flex","floor":7.0},{"not_picked":["Headbutt","Offering","Rupture"],"picked":"SKIP","floor":8.0},{"not_picked":["Headbutt","Bloodletting","Spot Weakness"],"picked":"SKIP","floor":11.0},{"not_picked":["Heavy Blade","Entrench"],"picked":"Battle Trance","floor":12.0},{"not_picked":["Carnage","Twin Strike","Clothesline"],"picked":"SKIP","floor":13.0},{"not_picked":["Flex","Battle Trance","Shrug It Off"],"picked":"SKIP","floor":14.0},{"not_picked":["Berserk","Impervious"],"picked":"Exhume","floor":16.0},{"not_picked":["Pommel Strike","Thunderclap","Perfected Strike"],"picked":"SKIP","floor":18.0},{"not_picked":["hubris:ReadiedAction","Thunderclap","Twin Strike"],"picked":"SKIP","floor":20.0},{"not_picked":["Anger","Havoc+1","Twin Strike"],"picked":"SKIP","floor":21.0},{"not_picked":["Burning Pact+1","Clothesline"],"picked":"Double Tap","floor":24.0},{"not_picked":["Perfected Strike","Whirlwind","Sword Boomerang"],"picked":"SKIP","floor":29.0},{"not_picked":["Rupture","Wild Strike","Havoc"],"picked":"SKIP","floor":30.0},{"not_picked":["Sword Boomerang","Clash"],"picked":"Flame Barrier","floor":31.0},{"not_picked":["hubris:StunningStrike","Juggernaut","Immolate"],"picked":"Envenom","floor":33.0},{"not_picked":["Cleave","Uppercut+1","Heavy Blade","Backflip"],"picked":"SKIP","floor":35.0},{"not_picked":["Sword Boomerang","Havoc","Clothesline"],"picked":"Slice","floor":37.0},{"not_picked":["Sentinel","Shrug It Off","Blur"],"picked":"Heavy Blade","floor":39.0},{"not_picked":["Headbutt","Impervious","hubris:ReadiedAction","Bouncing Flask"],"picked":"SKIP","floor":41.0},{"not_picked":["Metallicize","Second Wind","Inflame","Catalyst"],"picked":"SKIP","floor":46}],"player_experience":374808,"relics_obtained":[{"floor":8.0,"key":"Lantern"},{"floor":9.0,"key":"The Courier"},{"floor":11.0,"key":"Regal Pillow"},{"floor":13.0,"key":"Blood Vial"},{"floor":24.0,"key":"Blue Candle"},{"floor":26.0,"key":"hubris:BottledRain"},{"floor":27.0,"key":"Orichalcum"},{"floor":31.0,"key":"hubris:DisguiseKit"},{"floor":41.0,"key":"hubris:Potato"},{"floor":42.0,"key":"Bottled Flame"},{"floor":43.0,"key":"reliquary:Firecrackers"},{"floor":44.0,"key":"Centennial Puzzle"},{"floor":46,"key":"hubris:ChampionShield"},{"floor":49,"key":"Pen Nib"}],"event_choices":[{"cards_removed":["Strike_R"],"damage_healed":0.0,"max_hp_gain":0.0,"max_hp_loss":0.0,"gold_gain":0.0,"event_name":"Golden Wing","player_choice":"Card Removal","floor":4.0,"gold_loss":0.0,"damage_taken":7.0},{"damage_healed":0.0,"max_hp_gain":0.0,"max_hp_loss":0.0,"gold_gain":0.0,"event_name":"Golden Idol","player_choice":"Take Wound","floor":5.0,"gold_loss":0.0,"damage_taken":0.0,"relics_obtained":["Golden Idol"],"cards_obtained":["Injury"]},{"damage_healed":0.0,"max_hp_gain":0.0,"max_hp_loss":0.0,"gold_gain":0.0,"event_name":"Accursed Blacksmith","player_choice":"Forge","floor":22.0,"gold_loss":0.0,"damage_taken":0.0,"cards_upgraded":["Iron Wave"]},{"damage_healed":0.0,"max_hp_gain":0.0,"max_hp_loss":0.0,"gold_gain":300.0,"event_name":"Wheel of Change","player_choice":"Gold","floor":36.0,"gold_loss":0.0,"damage_taken":0.0},{"damage_healed":0.0,"max_hp_gain":0.0,"max_hp_loss":0.0,"gold_gain":0.0,"event_name":"Duplicator","player_choice":"Ignored","floor":45.0,"gold_loss":0.0,"damage_taken":0.0}],"is_beta":false,"boss_relics":[{"not_picked":["reliquary:WritOfMandamus","Fusion Hammer"],"picked":"hubris:Backtick"},{"not_picked":["Runic Dome","Black Star"],"picked":"Black Blood"}],"items_purged_floors":[19,48],"is_endless":false,"potions_floor_spawned":[2,8,13,14,18,20,30,31,39,46],"ascension_level":12}}