{"host":"z439itq93uucuvou","time":1613683091,"event":{"mods":["BaseMod","Colored Powertips","Jorbs\u0027s Wanderer Trilogy","Minty Spire (QoL Compilation)","StSLib"],"gold_per_floor":[15,35,55,74,74,74,86,86,86,102,102,102],"floor_reached":11,"language":"ENG","playtime":434,"items_purged":[],"score":159,"play_id":"41bebdf8-3687-4b1d-9427-5dbb5ea65b73","local_time":"20210218131811","is_ascension_mode":true,"campfire_choices":[{"data":"Feed","floor":6.0,"key":"SMITH"},{"floor":8.0,"key":"REST"}],"circlet_count":0,"master_deck":["AscendersBane","Strike_R","Strike_R","Strike_R","Strike_R","Strike_R","Defend_R","Defend_R","Defend_R","Defend_R","Bash","Feed+1","Thunderclap","Wild Strike","Spot Weakness","Armaments","Sever Soul"],"relics":["Burning Blood","Darkstone Periapt","Bottled Lightning"],"acts_visited":["Exordium"],"potions_floor_usage":[11,11],"damage_taken":[{"damage":15.0,"enemies":"Small Slimes","floor":1.0,"turns":4.0},{"damage":18.0,"enemies":"Cultist","floor":2.0,"turns":5.0},{"damage":12.0,"enemies":"Jaw Worm","floor":3.0,"turns":2.0},{"damage":42.0,"enemies":"Exordium Thugs","floor":4.0,"turns":5.0},{"damage":12.0,"enemies":"3 Louse","floor":7.0,"turns":4.0},{"damage":21.0,"enemies":"Large Slime","floor":10.0,"turns":4.0},{"damage":38,"enemies":"3 Sentries","floor":11,"turns":6}],"seed_played":"-8638541105394810511","potions_obtained":[{"floor":1.0,"key":"Swift Potion"},{"floor":7.0,"key":"GamblersBrew"},{"floor":10.0,"key":"SkillPotion"}],"is_trial":false,"path_per_floor":["M","M","M","M","?","R","M","R","T","M","E"],"character_chosen":"IRONCLAD","items_purchased":[],"campfire_rested":1,"item_purchase_floors":[],"current_hp_per_floor":[62,53,50,17,17,17,15,42,42,31,0,0],"gold":102,"neow_bonus":"THREE_RARE_CARDS","is_daily":false,"chose_seed":false,"campfire_upgraded":1,"win_rate":0.0,"timestamp":1613683091,"path_taken":["M","M","M","M","?","R","M","R","T","M","E"],"items_purchased_type":[],"build_version":"2020-12-22","purchased_purges":0,"victory":false,"max_hp_per_floor":[78,81,84,87,87,87,91,91,91,95,95,95],"card_choices":[{"not_picked":["Exhume","Offering"],"picked":"Feed","floor":0.0},{"not_picked":["Ghostly Armor","Body Slam"],"picked":"Thunderclap","floor":1.0},{"not_picked":["Anger","Havoc"],"picked":"Wild Strike","floor":2.0},{"not_picked":["Anger","Thunderclap","Heavy Blade"],"picked":"SKIP","floor":3.0},{"not_picked":["Heavy Blade","Bloodletting"],"picked":"Spot Weakness","floor":4.0},{"not_picked":["Thunderclap","Pummel"],"picked":"Armaments","floor":7.0},{"not_picked":["Clothesline","Cleave"],"picked":"Sever Soul","floor":10.0}],"player_experience":1506027,"relics_obtained":[{"floor":5.0,"key":"Darkstone Periapt"},{"floor":9.0,"key":"Bottled Lightning"}],"event_choices":[{"damage_healed":0.0,"max_hp_gain":0.0,"max_hp_loss":0.0,"gold_gain":0.0,"event_name":"Wheel of Change","player_choice":"Relic","floor":5.0,"gold_loss":0.0,"damage_taken":0.0}],"is_beta":false,"boss_relics":[],"items_purged_floors":[],"is_endless":false,"potions_floor_spawned":[1,7,10],"killed_by":"3 Sentries","ascension_level":20}}