{"host":"ababi7n1w04ome7c","time":1613621802,"event":{"mods":["AchievementEnabler","BaseMod","Colored Map","Minty Spire (QoL Compilation)","Permanent Neow","StSLib","everything is the same but u backflip on backflip"],"gold_per_floor":[110,285,301,147,147,172,172,202,248,267,267,300,317,328,328,428,428],"floor_reached":16,"language":"KOR","playtime":386,"items_purged":["Doubt"],"score":286,"play_id":"a565623c-55ea-49fe-82ad-3a749ed3621a","local_time":"20210218131642","is_ascension_mode":true,"campfire_choices":[{"data":"Accuracy","floor":7.0,"key":"SMITH"},{"floor":11.0,"key":"REST"},{"data":"Poisoned Stab","floor":15,"key":"SMITH"}],"circlet_count":0,"master_deck":["Strike_G","Strike_G","Strike_G","Strike_G","Defend_G","Defend_G","Defend_G","Defend_G","Defend_G","Survivor","Neutralize","Cloak And Dagger","Accuracy+1","Dagger Throw","Poisoned Stab+1"],"relics":["Ring of the Snake","NeowsBlessing","Orichalcum","Boot","Pen Nib","Thread and Needle"],"acts_visited":["Exordium"],"potions_floor_usage":[12,12,16],"damage_taken":[{"damage":0.0,"enemies":"Small Slimes","floor":1.0,"turns":1.0},{"damage":0.0,"enemies":"2 Louse","floor":3.0,"turns":1.0},{"damage":0.0,"enemies":"Lagavulin","floor":6.0,"turns":1.0},{"damage":29.0,"enemies":"Gremlin Nob","floor":8.0,"turns":5.0},{"damage":0.0,"enemies":"Cultist","floor":10.0,"turns":3.0},{"damage":0,"enemies":"Lagavulin","floor":12,"turns":2},{"damage":0,"enemies":"3 Louse","floor":13,"turns":4},{"damage":0,"enemies":"2 Fungi Beasts","floor":14,"turns":4},{"damage":28,"enemies":"Slime Boss","floor":16,"turns":13}],"seed_played":"-5355282643930144955","potions_obtained":[{"floor":1.0,"key":"FearPotion"},{"floor":3.0,"key":"LiquidMemories"},{"floor":10.0,"key":"CunningPotion"},{"floor":12,"key":"Explosive Potion"},{"floor":16,"key":"DuplicationPotion"}],"is_trial":false,"path_per_floor":["M","?","M","$","?","E","R","E","T","M","R","E","M","M","R","B"],"character_chosen":"THE_SILENT","items_purchased":["Accuracy"],"campfire_rested":1,"item_purchase_floors":[4],"current_hp_per_floor":[63,63,63,63,63,63,63,34,34,34,55,55,55,55,55,27,27],"gold":428,"neow_bonus":"THREE_ENEMY_KILL","is_daily":false,"chose_seed":true,"campfire_upgraded":2,"win_rate":0.0,"timestamp":1613621802,"path_taken":["M","?","M","$","?","E","R","E","T","M","R","E","M","M","R","BOSS"],"items_purchased_type":["Card"],"build_version":"2020-12-22","purchased_purges":1,"victory":false,"max_hp_per_floor":[70,70,70,70,70,70,70,70,70,70,70,70,70,70,70,70,70],"card_choices":[{"not_picked":["Heel Hook","Underhanded Strike","Sucker Punch"],"picked":"SKIP","floor":1.0},{"not_picked":["Quick Slash","Bane"],"picked":"Cloak And Dagger","floor":3.0},{"not_picked":["Deadly Poison","Unload","Bullet Time"],"picked":"SKIP","floor":6.0},{"not_picked":["Backflip","Masterful Stab"],"picked":"Dagger Throw","floor":8.0},{"not_picked":["Underhanded Strike","Deadly Poison","Slice"],"picked":"SKIP","floor":10.0},{"not_picked":["Dagger Throw","Backstab","Outmaneuver"],"picked":"SKIP","floor":12},{"not_picked":["Expertise","Dodge and Roll","Deadly Poison"],"picked":"SKIP","floor":13},{"not_picked":["Deflect","Dodge and Roll"],"picked":"Poisoned Stab","floor":14}],"player_experience":343317,"relics_obtained":[{"floor":6.0,"key":"Orichalcum"},{"floor":8.0,"key":"Boot"},{"floor":9.0,"key":"Pen Nib"},{"floor":12,"key":"Thread and Needle"}],"event_choices":[{"damage_healed":0.0,"max_hp_gain":0.0,"max_hp_loss":0.0,"gold_gain":175.0,"event_name":"Liars Game","player_choice":"AGREE","floor":2.0,"gold_loss":0.0,"damage_taken":0.0,"cards_obtained":["Doubt"]},{"cards_removed":["Strike_G"],"damage_healed":0.0,"max_hp_gain":0.0,"max_hp_loss":0.0,"gold_gain":0.0,"event_name":"Living Wall","player_choice":"Forget","floor":5.0,"gold_loss":0.0,"damage_taken":0.0}],"is_beta":false,"boss_relics":[],"items_purged_floors":[4],"is_endless":false,"potions_floor_spawned":[1,3,10,12,16],"killed_by":"Slime Boss","ascension_level":6}}