{"host":"jfbo3eu2ui08ej1u","time":1613688012,"event":{"mods":["2.2 Compatiblity","AchievementEnabler","Act Like it!","Aspiration","BaseMod","Better Altar","Better Match","Better Note","Better Sensory Stone","Better Skull","Better Third Choice","Block Reminder","Colored Map","Colored Powertips","Conspire","DeckTracker","Displayed Cursed Tome","Energized Spire","Fox Events","GifTheSpireLib","Hermit","Hubris","Infinite Spire","Marked Mod","Minty Spire (QoL Compilation)","Monster B Gone","Pale of the Ancients","Poor People Problems","Quick Restart","Relic Filter","Reliquary","Reorder Act Four","Replay The Spire","Shop Mod","Spicy Shops","Spire Arcade","StSLib","Stuff the Spire","The Blue Laboratory","The Disciple","The Forsaken","The Hierophant","The Marked","Uncapped","Unceasing Turn Reminder","Wandering Minibosses"],"gold_per_floor":[113,27,40,50,0,0,12,12],"floor_reached":7,"language":"ENG","playtime":5721,"items_purged":[],"score":82,"play_id":"9464a2e3-e8d6-4252-bf40-c041e0acbe17","local_time":"20210218174012","is_ascension_mode":true,"campfire_choices":[{"data":"MarkedMod:PinPointDefense","floor":6,"key":"SMITH"}],"circlet_count":0,"master_deck":["AscendersBane","Strike_P","Strike_P","Strike_P","Strike_P","Defend_P","Defend_P","Defend_P","Defend_P","Eruption","Vigilance","BowlingBash","MarkedMod:PinPointDefense+1","ThirdEye","PathToVictory","conspire:SpireCoStock"],"relics":["PureWater"],"acts_visited":["Exordium"],"potions_floor_usage":[7],"damage_taken":[{"damage":4.0,"enemies":"2 Louse","floor":1.0,"turns":4.0},{"damage":22.0,"enemies":"Jaw Worm","floor":3.0,"turns":7.0},{"damage":1,"enemies":"Cultist","floor":4,"turns":4},{"damage":48,"enemies":"Gremlin Nob","floor":7,"turns":5}],"seed_played":"-6389560225150653401","potions_obtained":[{"floor":4,"key":"blueLaboratory:BottleOfVodka"}],"is_trial":false,"path_per_floor":["M","$","M","M","?","R","E"],"character_chosen":"WATCHER","items_purchased":["MarkedMod:PinPointDefense"],"campfire_rested":0,"item_purchase_floors":[2],"current_hp_per_floor":[63,63,41,40,40,40,0,0],"gold":12,"neow_bonus":"TEN_PERCENT_HP_BONUS","is_daily":false,"chose_seed":false,"campfire_upgraded":1,"win_rate":0.0,"timestamp":1613688012,"path_taken":["M","$","M","M","?","R","E"],"items_purchased_type":["Card"],"build_version":"2020-12-22","purchased_purges":0,"victory":false,"max_hp_per_floor":[74,74,74,74,74,74,74,74],"card_choices":[{"not_picked":["SignatureMove","SandsOfTime"],"picked":"BowlingBash","floor":1.0},{"not_picked":["Indignation","Consecrate"],"picked":"ThirdEye","floor":3.0},{"not_picked":["Replay:AtTheReady","EmptyBody"],"picked":"PathToVictory","floor":4}],"player_experience":1341945,"relics_obtained":[],"event_choices":[{"damage_healed":0,"gold_gain":0,"player_choice":"Invest 1","damage_taken":0,"max_hp_gain":0,"max_hp_loss":0,"event_name":"conspire:Investor","floor":5,"gold_loss":0}],"is_beta":false,"boss_relics":[],"items_purged_floors":[],"is_endless":false,"potions_floor_spawned":[4],"killed_by":"Gremlin Nob","ascension_level":20}}