{"host":"h3ogdo6no3ehk88q","time":1613685755,"event":{"mods":["AchievementEnabler","BaseMod","Hermit","Marisa????????","Minty Spire (QoL Compilation)","StSLib","SuperFastMode","The Bug Knight","The Cursed","The Disciple","The Necromancer","The Servant 0.9.4"],"gold_per_floor":[363,363,437,289,308,338,338,361,389,402,426,452,69,69,82,82,82,6,6,105,105,80,80,80,5,23,23,23,23],"floor_reached":28,"language":"ENG","playtime":683,"items_purged":["Strike_R","Injury"],"score":377,"play_id":"beff3888-e67b-4599-b116-f323dcab94ff","local_time":"20210218170235","is_ascension_mode":true,"campfire_choices":[{"floor":7.0,"key":"REST"},{"floor":19.0,"key":"REST"},{"floor":27,"key":"REST"}],"circlet_count":0,"master_deck":["AscendersBane","Strike_R","Strike_R","Strike_R","Defend_R","Defend_R","Defend_R","Bash","Hemokinesis","Shrug It Off","Metallicize","Shrug It Off","Intimidate","Infernal Blade","Twin Strike","Impervious","Shockwave","Necronomicurse","Uppercut"],"relics":["Burning Blood","OrangePellets","Question Card","Tiny Chest","Pear","Orichalcum","Dream Catcher","Membership Card","Girya","Golden Idol","Black Star","Magic Flower","Necronomicon"],"acts_visited":["Exordium","TheCity"],"potions_floor_usage":[22],"damage_taken":[{"damage":17.0,"enemies":"2 Louse","floor":1.0,"turns":3.0},{"damage":6.0,"enemies":"Jaw Worm","floor":5.0,"turns":3.0},{"damage":33.0,"enemies":"Gremlin Nob","floor":6.0,"turns":4.0},{"damage":50.0,"enemies":"Lagavulin","floor":9.0,"turns":8.0},{"damage":5.0,"enemies":"Cultist","floor":10.0,"turns":4.0},{"damage":4.0,"enemies":"Looter","floor":15.0,"turns":4.0},{"damage":39.0,"enemies":"The Guardian","floor":20.0,"turns":13.0},{"damage":20,"enemies":"2 Thieves","floor":22,"turns":5},{"damage":43,"enemies":"3 Cultists","floor":26,"turns":8},{"damage":76,"enemies":"Gremlin Leader","floor":28,"turns":5}],"seed_played":"-3822731669498034327","potions_obtained":[{"floor":5.0,"key":"LiquidMemories"},{"floor":20.0,"key":"Block Potion"},{"floor":22,"key":"Ancient Potion"}],"is_trial":false,"path_per_floor":["M","?","?","$","M","E","R","T","E","M","T","T","$","?","M","$","?","$","R","B",null,"M","T","?","?","M","R","E"],"character_chosen":"IRONCLAD","items_purchased":["OrangePellets","Membership Card","Girya","FairyPotion","Energy Potion"],"campfire_rested":3,"item_purchase_floors":[4,13,13,13,18],"current_hp_per_floor":[57,62,62,62,62,35,56,56,22,23,23,23,23,23,25,25,25,25,49,16,66,52,52,36,36,45,69,0,0],"gold":23,"neow_bonus":"TWO_FIFTY_GOLD","is_daily":false,"chose_seed":false,"campfire_upgraded":0,"win_rate":0.0,"timestamp":1613685755,"path_taken":["M","?","?","?","M","E","R","?","E","M","T","T","$","?","?","$","?","$","R","BOSS","M","?","?","?","M","R","E"],"items_purchased_type":["Relic","Relic","Relic","Potion","Potion"],"build_version":"2020-12-22","purchased_purges":2,"victory":false,"max_hp_per_floor":[68,73,73,73,73,73,73,73,83,83,83,83,83,83,83,83,83,83,83,83,83,83,83,83,83,83,83,83,83],"card_choices":[{"not_picked":["Body Slam","Wild Strike"],"picked":"Hemokinesis","floor":1.0},{"not_picked":["Clothesline","Fire Breathing"],"picked":"Shrug It Off","floor":5.0},{"not_picked":["Twin Strike","Thunderclap"],"picked":"Metallicize","floor":6.0},{"not_picked":["Iron Wave","Combust","Intimidate"],"picked":"Shrug It Off","floor":9.0},{"not_picked":["Thunderclap","Armaments","Havoc"],"picked":"Intimidate","floor":10.0},{"not_picked":["Shrug It Off","Combust","Seeing Red","Dropkick"],"picked":"SKIP","floor":15.0},{"not_picked":["Armaments","Body Slam","Heavy Blade"],"picked":"Twin Strike","floor":19.0},{"not_picked":["Feed","Demon Form","Fiend Fire"],"picked":"Impervious","floor":20.0},{"not_picked":["True Grit","Perfected Strike","Flex"],"picked":"Shockwave","floor":22},{"not_picked":["Sword Boomerang","Feel No Pain","Iron Wave"],"picked":"Uppercut","floor":26}],"player_experience":912203,"relics_obtained":[{"floor":6.0,"key":"Question Card"},{"floor":8.0,"key":"Tiny Chest"},{"floor":9.0,"key":"Pear"},{"floor":11.0,"key":"Orichalcum"},{"floor":12.0,"key":"Dream Catcher"},{"floor":23,"key":"Magic Flower"},{"floor":24,"key":"Necronomicon"}],"event_choices":[{"damage_healed":0.0,"max_hp_gain":5.0,"max_hp_loss":0.0,"gold_gain":0.0,"event_name":"Big Fish","player_choice":"Donut","floor":2.0,"gold_loss":0.0,"damage_taken":0.0},{"damage_healed":0.0,"max_hp_gain":0.0,"max_hp_loss":0.0,"gold_gain":74.0,"event_name":"Golden Wing","player_choice":"Gained Gold","floor":3.0,"gold_loss":0.0,"damage_taken":0.0},{"damage_healed":0.0,"max_hp_gain":0.0,"max_hp_loss":0.0,"gold_gain":0.0,"cards_transformed":["Strike_R"],"event_name":"Transmorgrifier","player_choice":"Transformed","floor":14.0,"gold_loss":0.0,"damage_taken":0.0,"cards_obtained":["Infernal Blade"]},{"damage_healed":0.0,"max_hp_gain":0.0,"max_hp_loss":0.0,"gold_gain":0.0,"event_name":"Golden Idol","player_choice":"Take Wound","floor":17.0,"gold_loss":0.0,"damage_taken":0.0,"relics_obtained":["Golden Idol"],"cards_obtained":["Injury"]},{"damage_healed":0,"gold_gain":0,"player_choice":"Obtained Book","damage_taken":16,"max_hp_gain":0,"max_hp_loss":0,"event_name":"Cursed Tome","floor":24,"gold_loss":0},{"cards_removed":["Defend_R"],"damage_healed":0,"gold_gain":0,"player_choice":"Gave Gold","damage_taken":0,"max_hp_gain":0,"max_hp_loss":0,"event_name":"Beggar","floor":25,"gold_loss":75}],"is_beta":false,"boss_relics":[{"not_picked":["Ectoplasm","Fusion Hammer"],"picked":"Black Star"}],"items_purged_floors":[13,18],"is_endless":false,"potions_floor_spawned":[5,20,22],"killed_by":"Gremlin Leader","ascension_level":14}}