{"host":"n1v11un6j7y72mz7","time":1613632066,"event":{"mods":["Act Like it!","BaseMod","Downfall","Minty Spire (QoL Compilation)","Reliquary","StSLib","The Animator","Waifu the Spire"],"gold_per_floor":[115,115,127,27,27,27,27,60,60,85,129,129,95,128,128,128,128,128,128],"floor_reached":17,"language":"ZHS","playtime":500,"items_purged":["Guardian:Strike_Guardian"],"score":143,"play_id":"e75a32b2-97da-4658-812a-5a82b5993526","local_time":"20210218150746","is_ascension_mode":true,"campfire_choices":[{"data":"Guardian:TwinSlam","floor":7,"key":"SMITH"},{"data":"Guardian:ChargeUp","floor":12,"key":"SMITH"},{"data":"Guardian:PrismaticBeam","floor":16,"key":"SMITH"}],"circlet_count":0,"master_deck":["Guardian:Strike_Guardian","Guardian:Strike_Guardian","Guardian:Defend_Guardian","Guardian:Defend_Guardian","Guardian:Defend_Guardian","Guardian:Defend_Guardian","Guardian:CurlUp","Guardian:TwinSlam+1","Guardian:ShieldCharger","Guardian:PiercingHide","Guardian:ChargeUp+1","Guardian:PrismaticBeam+1"],"relics":["Guardian:ModeShifter","reliquary:WeakTea","Blue Candle","Letter Opener","Golden Idol","Vajra","reliquary:SilkGlove","reliquary:TatteredRug"],"acts_visited":["Exordium"],"potions_floor_usage":[8,8,11],"damage_taken":[{"damage":4,"enemies":"Jaw Worm","floor":1,"turns":6},{"damage":10,"enemies":"Cultist","floor":3,"turns":4},{"damage":11,"enemies":"Lagavulin","floor":8,"turns":7},{"damage":7,"enemies":"3 Sentries","floor":11,"turns":5},{"damage":7,"enemies":"Gremlin Nob","floor":14,"turns":4},{"damage":37,"enemies":"The Guardian","floor":17,"turns":8}],"seed_played":"-913030215203827614","potions_obtained":[{"floor":1,"key":"EssenceOfSteel"},{"floor":3,"key":"ColorlessPotion"},{"floor":8,"key":"ColorlessPotion"}],"is_trial":false,"path_per_floor":["M","?","M","$","?","?","R","E","?","T","E","R","$","E","?","R","B"],"character_chosen":"GUARDIAN","items_purchased":["Guardian:PiercingHide","Guardian:PrismaticBeam"],"campfire_rested":0,"item_purchase_floors":[4,13],"current_hp_per_floor":[76,76,66,66,61,54,54,43,43,43,36,36,36,29,34,34,0,0,0],"gold":128,"neow_bonus":"RANDOM_COMMON_RELIC","is_daily":false,"chose_seed":false,"campfire_upgraded":3,"win_rate":0.0,"timestamp":1613632066,"path_taken":["M","?","?","$","?","?","R","E","?","T","E","R","?","E","?","R","BOSS"],"items_purchased_type":["Card","Card"],"build_version":"2020-12-22","purchased_purges":1,"victory":false,"max_hp_per_floor":[80,80,80,80,80,80,80,80,74,74,74,74,74,74,79,79,79,79,79],"card_choices":[{"not_picked":["Guardian:FuturePlans","Guardian:PrismaticBarrier"],"picked":"Guardian:Gem_Fragmented","floor":1},{"not_picked":["Guardian:VentSteam","Guardian:PrimingBeam"],"picked":"Guardian:ShieldCharger","floor":3},{"not_picked":["Guardian:DecasProtection","Guardian:Harden"],"picked":"Guardian:ChargeUp","floor":8},{"not_picked":["Guardian:BodySlam","Guardian:PiercingHide"],"picked":"Guardian:Gem_Orange","floor":11},{"not_picked":["Guardian:TemporalShield","Guardian:DonusPower"],"picked":"Guardian:Gem_White","floor":14}],"player_experience":209722,"relics_obtained":[{"floor":8,"key":"Letter Opener"},{"floor":10,"key":"Vajra"},{"floor":11,"key":"reliquary:SilkGlove"},{"floor":14,"key":"reliquary:TatteredRug"}],"event_choices":[{"cards_removed":["Guardian:Strike_Guardian"],"damage_healed":0,"gold_gain":0,"player_choice":"Card Removal","damage_taken":7,"max_hp_gain":0,"max_hp_loss":0,"event_name":"Golden Wing","floor":6,"gold_loss":0},{"damage_healed":0,"gold_gain":0,"player_choice":"Lose Max HP","damage_taken":0,"relics_obtained":["Golden Idol"],"max_hp_gain":0,"max_hp_loss":6,"event_name":"Golden Idol","floor":9,"gold_loss":0},{"damage_healed":0,"gold_gain":0,"player_choice":"Donut","damage_taken":0,"max_hp_gain":5,"max_hp_loss":0,"event_name":"Big Fish","floor":15,"gold_loss":0}],"is_beta":false,"boss_relics":[],"items_purged_floors":[4],"is_endless":false,"potions_floor_spawned":[1,3,8],"killed_by":"The Guardian","ascension_level":4}}