{"host":"rmsq46plbpwfbxcc","time":1613636257,"event":{"mods":["AchievementEnabler","BaseMod","Colored Map","Colored Powertips","DeckTracker","KOR Keyword Fix","Minty Spire (QoL Compilation)","Permanent Neow","Quick Restart","SuperFastMode"],"gold_per_floor":[109,34,52,52,64,64,97,97,97,110,10,20,51,65,65,164,164,175,175,193,18,93,120,133,133,133,133,146,146,146,162,162,265,265,282,60,60,76,96,96,130,130,130,130,159,170,170,199,199,199,199,199,24,51,51,51],"floor_reached":55,"language":"KOR","playtime":2058,"items_purged":["Defend_G","Defend_G","Defend_G","Strike_G","Decay"],"score":1411,"play_id":"5023f90d-d28e-4e05-a063-75b646109b05","local_time":"20210218171737","is_ascension_mode":true,"campfire_choices":[{"data":"Neutralize","floor":6.0,"key":"SMITH"},{"data":"Acrobatics","floor":8.0,"key":"SMITH"},{"data":"Calculated Gamble","floor":15.0,"key":"SMITH"},{"data":"Blade Dance","floor":25,"key":"SMITH"},{"data":"Finisher","floor":29,"key":"SMITH"},{"data":"Backflip","floor":32,"key":"SMITH"},{"data":"Accuracy","floor":40,"key":"SMITH"},{"data":"Adrenaline","floor":42,"key":"SMITH"},{"data":"Survivor","floor":44,"key":"SMITH"},{"floor":49,"key":"RECALL"},{"data":"Escape Plan","floor":52,"key":"SMITH"}],"circlet_count":0,"master_deck":["AscendersBane","Defend_G","Survivor+1","Neutralize+1","Grand Finale+1","Endless Agony+1","Tools of the Trade+1","Backflip+1","Acrobatics+1","Escape Plan+1","Calculated Gamble+1","Adrenaline+1","Tactician+1","Blade Dance+1","Finisher+1","Adrenaline+1","Accuracy+1"],"relics":["Astrolabe","Shuriken","HornCleat","Meat on the Bone","Empty Cage","Art of War","Bottled Lightning","Black Star","Mercury Hourglass","Question Card","InkBottle","Omamori","Dream Catcher","Vajra","Pantograph","Letter Opener"],"acts_visited":["Exordium","TheCity","TheBeyond","TheEnding"],"potions_floor_usage":[55,55],"damage_taken":[{"damage":0.0,"enemies":"Cultist","floor":1.0,"turns":4.0},{"damage":0.0,"enemies":"Small Slimes","floor":3.0,"turns":4.0},{"damage":1.0,"enemies":"2 Louse","floor":5.0,"turns":3.0},{"damage":23.0,"enemies":"Gremlin Nob","floor":7.0,"turns":4.0},{"damage":5.0,"enemies":"Gremlin Gang","floor":10.0,"turns":4.0},{"damage":3.0,"enemies":"Looter","floor":12.0,"turns":3.0},{"damage":0.0,"enemies":"Lagavulin","floor":13.0,"turns":4.0},{"damage":12.0,"enemies":"Lots of Slimes","floor":14.0,"turns":3.0},{"damage":5.0,"enemies":"The Guardian","floor":16.0,"turns":7.0},{"damage":0.0,"enemies":"Spheric Guardian","floor":18.0,"turns":1.0},{"damage":4.0,"enemies":"3 Byrds","floor":20.0,"turns":3.0},{"damage":0,"enemies":"Slavers","floor":23,"turns":1},{"damage":13,"enemies":"Snecko","floor":24,"turns":4},{"damage":5,"enemies":"Snake Plant","floor":28,"turns":2},{"damage":8,"enemies":"Shelled Parasite and Fungi","floor":31,"turns":2},{"damage":0,"enemies":"Collector","floor":33,"turns":2},{"damage":9,"enemies":"3 Darklings","floor":35,"turns":2},{"damage":3,"enemies":"Orb Walker","floor":38,"turns":3},{"damage":0,"enemies":"Jaw Worm Horde","floor":39,"turns":1},{"damage":18,"enemies":"Reptomancer","floor":41,"turns":4},{"damage":0,"enemies":"Giant Head","floor":45,"turns":3},{"damage":0,"enemies":"Transient","floor":46,"turns":5},{"damage":0,"enemies":"Reptomancer","floor":48,"turns":1},{"damage":4,"enemies":"Donu and Deca","floor":50,"turns":2},{"damage":14,"enemies":"Shield and Spear","floor":54,"turns":2},{"damage":104,"enemies":"The Heart","floor":55,"turns":5}],"seed_played":"6263708903028088864","potions_obtained":[{"floor":3.0,"key":"Weak Potion"},{"floor":5.0,"key":"Weak Potion"},{"floor":10.0,"key":"Strength Potion"},{"floor":14.0,"key":"Weak Potion"},{"floor":19.0,"key":"SkillPotion"},{"floor":20.0,"key":"EssenceOfSteel"}],"is_trial":false,"path_per_floor":["M","$","M","$","M","R","E","R","T","M","$","M","E","M","R","B",null,"M","?","M","$","?","E","M","R","T","$","M","R","?","M","R","B",null,"M","$","?","M","M","R","E","R","T","R","E","M","$","E","R","B",null,"R","$","E","B"],"character_chosen":"THE_SILENT","items_purchased":["Blade Dance","Accuracy"],"campfire_rested":0,"item_purchase_floors":[21,36],"current_hp_per_floor":[63,63,63,63,62,62,39,39,39,34,34,31,31,31,31,38,62,62,62,58,58,51,51,38,38,38,38,45,45,45,37,37,37,62,53,53,53,50,50,50,44,44,44,44,44,44,44,44,44,40,63,63,63,49,0,0],"gold":51,"neow_bonus":"BOSS_RELIC","is_daily":false,"chose_seed":false,"campfire_upgraded":10,"win_rate":0.0,"timestamp":1613636257,"path_taken":["M","$","M","?","M","R","E","R","T","M","$","M","E","M","R","BOSS","M","?","?","$","?","E","M","R","T","$","?","R","?","M","R","BOSS","M","?","?","M","M","R","E","R","T","R","E","?","$","E","R","BOSS","R","$","E","BOSS"],"items_purchased_type":["Card","Card"],"build_version":"2020-12-22","purchased_purges":5,"victory":false,"max_hp_per_floor":[70,70,70,70,70,70,70,70,70,70,70,70,70,70,70,70,70,70,70,70,70,70,70,70,70,70,70,70,70,70,70,70,70,70,70,70,70,70,70,70,70,70,70,70,70,70,70,70,70,70,70,70,70,70,70,70],"card_choices":[{"not_picked":["Deflect","Sucker Punch"],"picked":"Backflip","floor":1.0},{"not_picked":["Eviscerate","Leg Sweep"],"picked":"Acrobatics","floor":3.0},{"not_picked":["Dodge and Roll","Quick Slash","Poisoned Stab"],"picked":"SKIP","floor":5.0},{"not_picked":["Endless Agony","Deadly Poison","Flying Knee"],"picked":"SKIP","floor":7.0},{"not_picked":["Flying Knee","Underhanded Strike","Setup"],"picked":"SKIP","floor":10.0},{"not_picked":["Poisoned Stab","Underhanded Strike"],"picked":"Escape Plan","floor":12.0},{"not_picked":["Deadly Poison","Infinite Blades","Endless Agony"],"picked":"SKIP","floor":13.0},{"not_picked":["Dash","Dodge and Roll"],"picked":"Calculated Gamble","floor":14.0},{"not_picked":["Storm of Steel","Corpse Explosion"],"picked":"Adrenaline","floor":16.0},{"not_picked":["Dodge and Roll","Reflex"],"picked":"Tactician+1","floor":18.0},{"not_picked":["Quick Slash","Caltrops","Backflip"],"picked":"SKIP","floor":20.0},{"not_picked":["Noxious Fumes","PiercingWail"],"picked":"Finisher","floor":23},{"not_picked":["Slice","Concentrate+1","Cloak And Dagger"],"picked":"SKIP","floor":24},{"not_picked":["Finisher","Flying Knee+1","Tactician"],"picked":"SKIP","floor":28},{"not_picked":["Bane+1","Acrobatics","Poisoned Stab"],"picked":"SKIP","floor":31},{"not_picked":["Tools of the Trade","Die Die Die"],"picked":"Adrenaline","floor":33},{"not_picked":["Dagger Throw","Sucker Punch+1","Flying Knee+1"],"picked":"SKIP","floor":35},{"not_picked":["Dagger Spray","Blur+1","Blade Dance"],"picked":"SKIP","floor":38},{"not_picked":["Acrobatics","Cloak And Dagger+1","Backflip+1"],"picked":"SKIP","floor":39},{"not_picked":["Corpse Explosion","Backflip+1","Poisoned Stab+1"],"picked":"SKIP","floor":41},{"not_picked":["Deflect","Outmaneuver","Noxious Fumes","Endless Agony"],"picked":"SKIP","floor":45},{"not_picked":["Acrobatics","Footwork","Outmaneuver+1","Slice"],"picked":"SKIP","floor":46},{"not_picked":["Backflip+1","Concentrate","Dagger Spray","Choke+1"],"picked":"SKIP","floor":48},{"not_picked":["Tools of the Trade","Deadly Poison+1","Underhanded Strike","Quick Slash+1"],"picked":"SKIP","floor":54}],"player_experience":655636,"relics_obtained":[{"floor":7.0,"key":"Shuriken"},{"floor":9.0,"key":"HornCleat"},{"floor":13.0,"key":"Meat on the Bone"},{"floor":23,"key":"Art of War"},{"floor":26,"key":"Bottled Lightning"},{"floor":41,"key":"Mercury Hourglass"},{"floor":41,"key":"Question Card"},{"floor":45,"key":"InkBottle"},{"floor":45,"key":"Omamori"},{"floor":48,"key":"Dream Catcher"},{"floor":48,"key":"Vajra"},{"floor":54,"key":"Pantograph"},{"floor":54,"key":"Letter Opener"}],"event_choices":[{"damage_healed":0.0,"max_hp_gain":0.0,"max_hp_loss":0.0,"gold_gain":0.0,"event_name":"Lab","player_choice":"Got Potions","floor":19.0,"gold_loss":0.0,"damage_taken":0.0},{"damage_healed":0,"gold_gain":75,"player_choice":"Touch","damage_taken":7,"max_hp_gain":0,"max_hp_loss":0,"event_name":"FaceTrader","floor":22,"gold_loss":0},{"damage_healed":0,"gold_gain":0,"player_choice":"Upgraded","damage_taken":0,"max_hp_gain":0,"max_hp_loss":0,"event_name":"Upgrade Shrine","floor":30,"gold_loss":0,"cards_upgraded":["Adrenaline"]},{"damage_healed":0,"gold_gain":0,"player_choice":"Cursed","damage_taken":0,"max_hp_gain":0,"max_hp_loss":0,"event_name":"Wheel of Change","floor":37,"gold_loss":0,"cards_obtained":["Decay"]}],"is_beta":false,"boss_relics":[{"not_picked":["Snecko Eye","Cursed Key"],"picked":"Empty Cage"},{"not_picked":["Velvet Choker","SacredBark"],"picked":"Black Star"}],"items_purged_floors":[2,11,21,36,53],"is_endless":false,"potions_floor_spawned":[3,5,10,14,16,20,24,31,33,35,46,48],"killed_by":"The Heart","ascension_level":11}}