{"host":"djfsqftupta9xgss","time":1613650722,"event":{"mods":["ATMod(°¢èªMod)","Act Like it!","BaseMod","Gensokyo","Minty Spire (QoL Compilation)","MostiFishMod","Replay The Spire","Spicy Shops","StSLib","TestMod"],"gold_per_floor":[111,111,71,96,112,153,232,232,232,268,206,13,44,65,65,224,224,248,248,248,22,22,50,50,676,676,702,729,476,495,514,514,637,637,654,68,1066,1066,1147,1147,1201,1201,1201,1255,1290,1390,1390,1179,1179,1299,1347,1347,1347,915,991,1015],"floor_reached":57,"language":"ZHS","playtime":2557,"items_purged":["Strike_B","Defend_B","Defend_B","MostiFishMod:Prepare","Auto Shields"],"score":3935,"play_id":"79acbdfd-6616-45ff-8b8f-ad0641cd199f","local_time":"20210218201842","is_ascension_mode":true,"campfire_choices":[{"data":"AT_FamilyPortrait","floor":8,"key":"SMITH"},{"data":"Strike_B","floor":15,"key":"PURGE"},{"floor":24,"key":"RECALL"},{"data":"MostiFishMod:ReadyAimFire","floor":32,"key":"SMITH"},{"data":"Pot Of Greed","floor":40,"key":"SMITH"},{"data":"AT_StudyProgram","floor":42,"key":"SMITH"},{"data":"Hyperbeam+1","floor":47,"key":"PURGE"},{"data":"MostiFishMod:Prepare","floor":49,"key":"SMITH"},{"data":"Biased Cognition","floor":53,"key":"PURGE"}],"circlet_count":0,"master_deck":["AscendersBane","AT_FamilyPortrait+1","Coolheaded+1","Skim+1","Pot Of Greed+1","Heatsinks+1","MostiFishMod:Distribution","Echo Form","Capacitor","MostiFishMod:ReadyAimFire+1","Pot Of Greed+1","MostiFishMod:Prepare+1","MostiFishMod:ActiveDefenseSystem","AT_StudyProgram+1","Stack+1","MostiFishMod:ReadyAimFire+1","Turbo","Sadistic Nature+1","testmod-Dream+1"],"relics":["AT_ATBox","DaveBox","testmod-TestBox","testmod-AscensionHeart","Ying","testmod-TimeTraveler","SynthV:TestCard","Bloody Idol","testmod-DragonStarHat","testmod-IndustrialRevolution","Akabeko","BargainBundle","Membership Card","Geode","Grinning Jar","FossilizedHelix","Replay:PocketPolymizer","ClockworkSouvenir","DianDianMeat","DaCapo","WingedGreaves","testmod-Fortitude","Vajra","Mirror","AT_EbonyIvory","testmod-IntensifyImprint","testmod-Charity","Sundial","FeatherPendant","Singing Bowl","AT_MibuBalloonWealth","Calipers","BrkXgEgg","Gambling Chip","Replay:Bottled Flurry","DataDisk","SynthV:C4","ReplayFunnel","Replay:Multitool","Turnip","AT_SpeedBoots","Replay:Wax Seal","Blood Vial","testmod-Antiphasic","Sling","Replay:Accelerometer"],"acts_visited":["Exordium","TheCity","TheBeyond","TheEnding"],"potions_floor_usage":[7,10,25,27],"damage_taken":[{"damage":2.0,"enemies":"2 Louse","floor":1.0,"turns":2.0},{"damage":3.0,"enemies":"Small Slimes","floor":4.0,"turns":3.0},{"damage":0.0,"enemies":"Cultist","floor":5.0,"turns":3.0},{"damage":13,"enemies":"3 Sentries","floor":6,"turns":7},{"damage":0,"enemies":"Lagavulin Event","floor":7,"turns":1},{"damage":0,"enemies":"Gremlin Nob","floor":10,"turns":2},{"damage":0,"enemies":"Replay:BlueRogue","floor":13,"turns":3},{"damage":0,"enemies":"Blue Slaver","floor":14,"turns":1},{"damage":12,"enemies":"Hexaghost","floor":16,"turns":6},{"damage":0,"enemies":"3 Byrds","floor":18,"turns":4},{"damage":0,"enemies":"Book of Stabbing","floor":23,"turns":5},{"damage":0,"enemies":"Replay:Snechameleon","floor":25,"turns":4},{"damage":0,"enemies":"Gremlin Leader","floor":27,"turns":4},{"damage":13,"enemies":"Replay:Snechameleon","floor":28,"turns":5},{"damage":0,"enemies":"Chosen","floor":30,"turns":3},{"damage":0,"enemies":"3 Cultists","floor":31,"turns":3},{"damage":0,"enemies":"Champ","floor":33,"turns":4},{"damage":0,"enemies":"3 Darklings","floor":35,"turns":2},{"damage":0,"enemies":"3 Shapes","floor":39,"turns":1},{"damage":0,"enemies":"Giant Head","floor":41,"turns":1},{"damage":0,"enemies":"R_Hoarder","floor":44,"turns":1},{"damage":0,"enemies":"Maw","floor":45,"turns":1},{"damage":0,"enemies":"Reptomancer","floor":46,"turns":1},{"damage":0,"enemies":"Awakened One","floor":50,"turns":2},{"damage":0,"enemies":"Donu and Deca","floor":51,"turns":1},{"damage":0,"enemies":"Shield and Spear","floor":55,"turns":1},{"damage":18,"enemies":"The Heart","floor":56,"turns":4}],"seed_played":"-732073336691687851","potions_obtained":[{"floor":3.0,"key":"Dexterity Potion"},{"floor":3.0,"key":"Toxic Potion"},{"floor":4.0,"key":"Adrenaline Potion"},{"floor":7,"key":"Death Potion"},{"floor":25,"key":"LiquidBronze"},{"floor":27,"key":"Adrenaline Potion"},{"floor":28,"key":"Elixir"}],"is_trial":false,"path_per_floor":["M","?","?","M","M","E","?","R","T","E","$","$","E","M","R","B",null,"M","?","?","$","?","E","R","E","T","E","E","$","M","M","R","B",null,"M","$","?","?","M","R","E","R","T","E","M","E","R","$","R","B","B",null,"R","$","E","B",null],"character_chosen":"DEFECT","items_purchased":["BargainBundle","Membership Card","Geode","Grinning Jar","Heatsinks","MostiFishMod:Distribution","FossilizedHelix","Replay:PocketPolymizer","Adrenaline Potion","Elixir","ClockworkSouvenir","DianDianMeat","testmod-SpacePotion","WingedGreaves","testmod-Charity","Sundial","Singing Bowl","AT_MibuBalloonWealth","Calipers","BrkXgEgg","Gambling Chip","Turnip","AT_SpeedBoots","Replay:Wax Seal","Blood Vial","testmod-Antiphasic","Sling","testmod-Dream+1"],"campfire_rested":0,"item_purchase_floors":[11,11,11,11,11,11,11,11,11,11,12,12,21,21,29,29,36,36,36,36,36,48,48,54,54,54,54,54],"current_hp_per_floor":[63,51,51,49,50,39,43,43,43,48,48,48,51,52,54,51,77,82,82,82,89,89,101,108,117,117,118,111,121,122,132,142,148,148,149,154,155,155,161,172,177,189,189,205,209,216,230,233,248,258,265,265,281,304,310,303],"gold":1015,"neow_bonus":"BOSS_RELIC","is_daily":false,"chose_seed":false,"campfire_upgraded":5,"win_rate":0.0,"timestamp":1613650722,"path_taken":["M","?","?","?","M","E","?","R","T","E","?","$","E","M","R","BOSS","M","?","?","$","?","E","R","E","T","E","E","$","?","M","R","BOSS","M","$","?","?","M","R","E","R","T","E","M","E","R","$","R","BOSS","BOSS","R","$","E","BOSS"],"items_purchased_type":["Relic","Relic","Relic","Relic","Card","Card","Relic","Relic","Potion","Potion","Relic","Relic","Potion","Relic","Relic","Relic","Relic","Relic","Relic","Relic","Relic","Relic","Relic","Relic","Relic","Relic","Relic","Card"],"build_version":"2020-12-22","purchased_purges":5,"victory":true,"max_hp_per_floor":[71,71,71,71,71,72,72,72,72,73,73,73,75,75,77,85,85,89,89,89,89,89,101,108,117,117,118,119,121,122,132,142,148,148,149,154,155,155,161,172,177,189,189,205,209,216,230,233,248,258,265,265,281,304,310,316],"card_choices":[{"not_picked":["Steam","Tempest"],"picked":"Coolheaded","floor":1.0},{"not_picked":["Beam Cell","MostiFishMod:PushDownKick","Sweeping Beam","Compile Driver"],"picked":"Ball Lightning","floor":4.0},{"not_picked":["Scrape","Fission","Steam","Blizzard"],"picked":"Skim","floor":5.0},{"not_picked":["MostiFishMod:StrandedSiren","Multi-Cast","Echo Form","Thunder Strike"],"picked":"MostiFishMod:DeathFromBelow","floor":6},{"not_picked":["Rainbow","MostiFishMod:Culaccino","Reboot","Core Surge"],"picked":"Biased Cognition","floor":10},{"not_picked":["All For One","Amplify","Amplify","MostiFishMod:Exploitation"],"picked":"MostiFishMod:Prepare","floor":13},{"not_picked":["Rip and Tear","Conserve Battery","Beam Cell","Sweeping Beam","Compile Driver"],"picked":"SKIP","floor":14},{"not_picked":["Reboot","MostiFishMod:ActiveDefenseSystem","AT_RightCognition","MostiFishMod:InterfaceCompatibility"],"picked":"Echo Form","floor":16},{"not_picked":["Double Energy","Redo","Ball Lightning","Barrage"],"picked":"Capacitor","floor":18},{"not_picked":["MostiFishMod:Exploitation","Machine Learning","MostiFishMod:StarOceanB","Hyperbeam"],"picked":"MostiFishMod:ReadyAimFire","floor":23},{"not_picked":["MostiFishMod:TalkingToTheRain","Hyperbeam","MostiFishMod:DeathFromBelow","Multi-Cast"],"picked":"MostiFishMod:ActiveDefenseSystem","floor":25},{"not_picked":["Meteor Strike","MostiFishMod:Nova","MostiFishMod:DeathFromBelow","Machine Learning","MostiFishMod:Culaccino"],"picked":"SKIP","floor":27},{"not_picked":["Core Surge","MostiFishMod:Exploitation","Buffer","Buffer","MostiFishMod:Distribution"],"picked":"SKIP","floor":28},{"not_picked":["Streamline","Chaos","Stack","Steam","Gash"],"picked":"SKIP","floor":30},{"not_picked":["Go for the Eyes","Rebound","Sunder","Cold Snap"],"picked":"AT_StudyProgram","floor":31},{"not_picked":["MostiFishMod:Impulse+1","Chaos+1","Hologram","Streamline+1","MostiFishMod:PushDownKick"],"picked":"SKIP","floor":35},{"not_picked":["AT_HeatAcrobatics","Gash","Defragment","Rebound+1","MostiFishMod:FluxCapactior"],"picked":"Singing Bowl","floor":39},{"not_picked":["MostiFishMod:Distribution+1","MostiFishMod:StarOceanB","Creative AI","MostiFishMod:Culaccino","Electrodynamics"],"picked":"Singing Bowl","floor":41},{"not_picked":["MostiFishMod:StrandedSiren","Seek","Echo Form","Echo Form"],"picked":"MostiFishMod:ReadyAimFire","floor":44},{"not_picked":["Go for the Eyes+1","Barrage","Hello World","Darkness","Static Discharge"],"picked":"Singing Bowl","floor":45},{"not_picked":["Rainbow","MostiFishMod:Nova","Meteor Strike","MostiFishMod:InterfaceCompatibility","MostiFishMod:StrandedSiren"],"picked":"Singing Bowl","floor":46},{"not_picked":["AT_RightCognition","Meteor Strike","Biased Cognition","Fission+1","Multi-Cast"],"picked":"Singing Bowl","floor":55}],"player_experience":397778,"relics_obtained":[{"floor":1.0,"key":"SynthV:TestCard"},{"floor":6,"key":"testmod-DragonStarHat"},{"floor":7,"key":"testmod-IndustrialRevolution"},{"floor":10,"key":"Akabeko"},{"floor":13,"key":"DaCapo"},{"floor":23,"key":"testmod-Fortitude"},{"floor":25,"key":"Vajra"},{"floor":26,"key":"Mirror"},{"floor":27,"key":"AT_EbonyIvory"},{"floor":28,"key":"testmod-IntensifyImprint"},{"floor":38,"key":"Replay:Bottled Flurry"},{"floor":41,"key":"DataDisk"},{"floor":43,"key":"SynthV:C4"},{"floor":44,"key":"ReplayFunnel"},{"floor":46,"key":"Replay:Multitool"},{"floor":55,"key":"Replay:Accelerometer"}],"event_choices":[{"damage_healed":0.0,"max_hp_gain":0.0,"max_hp_loss":0.0,"gold_gain":0.0,"event_name":"Golden Idol","player_choice":"Take Damage","floor":2.0,"gold_loss":0.0,"damage_taken":24.0,"relics_obtained":["Golden Idol"]},{"damage_healed":0.0,"max_hp_gain":0.0,"max_hp_loss":0.0,"gold_gain":0.0,"event_name":"The Woman in Blue","player_choice":"Bought 3 Potions","floor":3.0,"gold_loss":0.0,"damage_taken":0.0},{"damage_healed":0,"gold_gain":0,"player_choice":"Searched \u00271\u0027 times","damage_taken":0,"max_hp_gain":0,"max_hp_loss":0,"event_name":"Dead Adventurer","floor":7,"gold_loss":0},{"cards_removed":["Strike_B"],"damage_healed":0,"gold_gain":0,"player_choice":"Elegance","damage_taken":0,"max_hp_gain":0,"max_hp_loss":0,"event_name":"Back to Basics","floor":19,"gold_loss":0},{"damage_healed":0,"gold_gain":0,"player_choice":"Gave Idol","damage_taken":0,"relics_obtained":["Bloody Idol"],"max_hp_gain":0,"max_hp_loss":0,"event_name":"Forgotten Altar","floor":20,"relics_lost":["Golden Idol"],"gold_loss":0},{"damage_healed":0,"gold_gain":0,"player_choice":"Upgraded","damage_taken":0,"max_hp_gain":0,"max_hp_loss":0,"event_name":"Upgrade Shrine","floor":22,"gold_loss":0,"cards_upgraded":["Heatsinks"]},{"damage_healed":0,"gold_gain":999,"player_choice":"Sell","damage_taken":0,"max_hp_gain":0,"max_hp_loss":0,"event_name":"¶÷ÂåË¹µÄÅÌ×Ó","floor":37,"relics_lost":["testmod-Temperance"],"gold_loss":0},{"damage_healed":0,"gold_gain":0,"player_choice":"Relic","damage_taken":0,"max_hp_gain":0,"max_hp_loss":0,"event_name":"Wheel of Change","floor":38,"gold_loss":0}],"is_beta":false,"boss_relics":[{"not_picked":["ExusiaiGun","testmod-BatchProcessingSystem"],"picked":"testmod-Temperance"},{"not_picked":["Replay:Bronze Core","Abe\u0027s Treasure"],"picked":"FeatherPendant"}],"items_purged_floors":[11,21,29,48,54],"is_endless":false,"potions_floor_spawned":[4,7,13,16,25,27,28,30,45],"ascension_level":20}}