{"host":"Doisman","time":1613625211,"event":{"mods":["AchievementEnabler","BaseMod","Better Note","Curses Come First","Minty Spire (QoL Compilation)","Permanent Neow","Quick Restart","Relic Stats","Replay The Spire","StSLib","slay the spire mod where everything is the same but ironclad has a cowboy hat"],"gold_per_floor":[112,129,139,157,157,186,186,217,217,217,14,14,30,30,30,129,129,144,144,159,173,189,189,189],"floor_reached":23,"language":"ENG","playtime":699,"items_purged":[],"score":213,"play_id":"2a8345a3-6472-43c6-82aa-dfde8d033803","local_time":"20210217231331","is_ascension_mode":true,"campfire_choices":[{"data":"Bash","floor":7.0,"key":"SMITH"},{"data":"Uppercut","floor":10.0,"key":"SMITH"},{"data":"Clothesline","floor":12.0,"key":"SMITH"},{"data":"Replay:Undeath\u0027s Touch","floor":15.0,"key":"SMITH"}],"circlet_count":0,"master_deck":["Strike_R","Strike_R","Strike_R","Strike_R","Strike_R","Defend_R+1","Defend_R","Defend_R","Defend_R","Bash+1","Metallicize+1","Uppercut+1","Clothesline+1","Shrug It Off","Disarm+1","Shrug It Off","Replay:Undeath\u0027s Touch+1","Barricade","Body Slam+1"],"relics":["Sozu","Letter Opener","Happy Flower","Onion Ring","ReplayTheSpireMod:Lightbulb","Guide Book","Runic Pyramid"],"acts_visited":["Exordium","TheCity"],"potions_floor_usage":[],"damage_taken":[{"damage":0.0,"enemies":"Small Slimes","floor":1.0,"turns":2.0},{"damage":3.0,"enemies":"Jaw Worm","floor":2.0,"turns":3.0},{"damage":0.0,"enemies":"Cultist","floor":3.0,"turns":2.0},{"damage":5.0,"enemies":"Exordium Thugs","floor":4.0,"turns":5.0},{"damage":24.0,"enemies":"3 Sentries","floor":6.0,"turns":7.0},{"damage":11.0,"enemies":"Gremlin Nob","floor":8.0,"turns":3.0},{"damage":0.0,"enemies":"Blue Slaver","floor":13.0,"turns":3.0},{"damage":18.0,"enemies":"Fading Forest","floor":16.0,"turns":11.0},{"damage":9.0,"enemies":"3 Byrds","floor":18.0,"turns":7.0},{"damage":12.0,"enemies":"2 Thieves","floor":20.0,"turns":3.0},{"damage":15.0,"enemies":"Snake Plant","floor":21.0,"turns":3.0},{"damage":16.0,"enemies":"3 Cultists","floor":22.0,"turns":6.0},{"damage":0,"enemies":"Replay:Snechameleon","floor":23,"turns":1}],"seed_played":"-36100942850207895","potions_obtained":[],"is_trial":false,"path_per_floor":["M","M","M","M","?","E","R","E","T","R","$","R","M","?","R","B",null,"M","?","M","M","M","E"],"character_chosen":"IRONCLAD","items_purchased":["Guide Book","Shrug It Off"],"campfire_rested":0,"item_purchase_floors":[11,11],"current_hp_per_floor":[80,77,77,72,65,41,41,30,30,30,30,30,30,30,30,22,80,71,71,59,44,28,28,28],"gold":189,"neow_bonus":"BOSS_RELIC","is_daily":false,"chose_seed":false,"campfire_upgraded":4,"win_rate":0.0,"timestamp":1613625211,"path_taken":["M","M","M","M","?","E","R","E","T","R","$","R","M","?","R","BOSS","M","?","M","M","M","E"],"items_purchased_type":["Relic","Card"],"build_version":"2020-12-18","purchased_purges":0,"victory":false,"max_hp_per_floor":[80,80,80,80,80,80,80,80,80,80,80,80,80,80,80,80,80,80,80,80,80,80,80,80],"relic_stats":{"Sozu":5,"Happy Flower":[12],"counters":[13,55],"Letter Opener":[59],"obtain_stats":[{"Sozu":0,"Happy Flower":6,"Guide Book":11,"Onion Ring":8,"Letter Opener":5,"ReplayTheSpireMod:Lightbulb":9,"Burning Blood":0,"Runic Pyramid":17},{"Sozu":0,"Happy Flower":5,"Guide Book":6,"Onion Ring":6,"Letter Opener":4,"ReplayTheSpireMod:Lightbulb":6,"Burning Blood":0,"Runic Pyramid":8},{"Sozu":0,"Happy Flower":19,"Guide Book":22,"Onion Ring":22,"Letter Opener":12,"ReplayTheSpireMod:Lightbulb":22,"Burning Blood":0,"Runic Pyramid":36}]},"card_choices":[{"not_picked":["Havoc","Clash"],"picked":"Metallicize","floor":1.0},{"not_picked":["Defy Death","Metallicize"],"picked":"Uppercut","floor":2.0},{"not_picked":["Body Slam","Heavy Blade"],"picked":"Clothesline","floor":3.0},{"not_picked":["Massacre","Warcry"],"picked":"Shrug It Off","floor":4.0},{"not_picked":["Shrug It Off","Perfected Strike"],"picked":"Disarm","floor":6.0},{"not_picked":["Clash","Twin Strike","Iron Wave"],"picked":"SKIP","floor":8.0},{"not_picked":["Perfected Strike","Pummel"],"picked":"Replay:Undeath\u0027s Touch","floor":13.0},{"not_picked":["Brutality","Limit Break"],"picked":"Barricade","floor":16.0},{"not_picked":["Armaments","Havoc"],"picked":"Body Slam+1","floor":18.0},{"not_picked":["Cleave","Havoc+1","Wild Strike"],"picked":"SKIP","floor":20.0},{"not_picked":["Warcry","Iron Wave","Cleave"],"picked":"SKIP","floor":21.0},{"not_picked":["Fire Breathing","Flex","Second Wind"],"picked":"SKIP","floor":22}],"player_experience":760481,"relics_obtained":[{"floor":6.0,"key":"Happy Flower"},{"floor":8.0,"key":"Onion Ring"},{"floor":9.0,"key":"ReplayTheSpireMod:Lightbulb"}],"event_choices":[{"damage_healed":0.0,"max_hp_gain":0.0,"max_hp_loss":0.0,"gold_gain":0.0,"event_name":"Scrap Ooze","player_choice":"Success","floor":5.0,"gold_loss":0.0,"damage_taken":7.0,"relics_obtained":["Letter Opener"]},{"damage_healed":0.0,"max_hp_gain":0.0,"max_hp_loss":0.0,"gold_gain":0.0,"event_name":"betterNote:BetterNote","player_choice":"Ignored","floor":19.0,"gold_loss":0.0,"damage_taken":0.0,"cards_obtained":["Die Die Die"]}],"is_beta":true,"boss_relics":[{"not_picked":["ReplayTheSpireMod:DimensionalGlitch","Snecko Eye"],"picked":"Runic Pyramid"}],"items_purged_floors":[],"is_endless":false,"potions_floor_spawned":[4,6,8,18,21],"killed_by":"Replay:Snechameleon","ascension_level":1}}