{"host":"vm8b3ptwl81uq21f","time":1613610668,"event":{"mods":["Act Like it!","Aspiration","BaseMod","BetterRewards","Colored Map","Colored Powertips","Conspire","Gensokyo","GifTheSpireLib","Googly Eyes","GungeonMod","Halation","Hubris","Infinite Spire","Minty Spire (QoL Compilation)","Quick Restart","Rare Cards Sparkle","Reliquary","Replay The Spire","Shop Mod","Spicy Shops","Spire Arcade","StSLib","Stuff the Spire","The IronCluck","The Jungle","[IsaacMod]????"],"gold_per_floor":[117,134,146,71,21,21,21],"floor_reached":6,"language":"ENG","playtime":278,"items_purged":["Strike_B"],"score":50,"play_id":"cd245bc5-21e1-4c53-a353-bf698c40e841","local_time":"20210217201108","is_ascension_mode":true,"campfire_choices":[],"circlet_count":0,"master_deck":["Strike_B","Strike_B","Defend_B","Defend_B","Defend_B","Defend_B","Zap","Dualcast","Gash+1","Scrape","Go for the Eyes"],"relics":["Cracked Core","HushsDoor","MerchantsRug","Diplopia","conspire:GlowingRock","reliquary:TridentHead"],"acts_visited":["Exordium"],"potions_floor_usage":[6],"damage_taken":[{"damage":1,"enemies":"Cultist","floor":1,"turns":3},{"damage":0,"enemies":"Small Slimes","floor":2,"turns":2},{"damage":0,"enemies":"2 Louse","floor":3,"turns":2},{"damage":22,"enemies":"3 Sentries","floor":6,"turns":4}],"seed_played":"2969451348255648332","potions_obtained":[{"floor":3,"key":"FocusPotion"}],"is_trial":false,"path_per_floor":["M","M","M","$","?","E"],"character_chosen":"DEFECT","items_purchased":["MerchantsRug","Diplopia","Gash+1","conspire:GlowingRock","reliquary:TridentHead"],"campfire_rested":0,"item_purchase_floors":[0,0,0,0,0],"current_hp_per_floor":[21,21,21,21,21,0,0],"gold":21,"neow_bonus":"","is_daily":false,"chose_seed":false,"campfire_upgraded":0,"win_rate":0.0,"timestamp":1613610668,"path_taken":["M","M","M","$","?","E"],"items_purchased_type":["Relic","Relic","Card","Relic","Relic"],"build_version":"2020-12-22","purchased_purges":1,"victory":false,"max_hp_per_floor":[75,75,75,75,75,75,75],"card_choices":[{"not_picked":["Crystallizer","aspiration:Polymerization","conspire:Rain"],"picked":"SKIP","floor":1},{"not_picked":["Chill","Coolheaded"],"picked":"Scrape","floor":2},{"not_picked":["Pulse","StuffTheSpire:LoadUp"],"picked":"Go for the Eyes","floor":3}],"player_experience":425146,"relics_obtained":[],"event_choices":[{"cards_removed":["Strike_B"],"damage_healed":0,"gold_gain":0,"player_choice":"Card Removal","damage_taken":0,"max_hp_gain":0,"max_hp_loss":0,"event_name":"The Cleric","floor":5,"gold_loss":50}],"is_beta":false,"boss_relics":[],"items_purged_floors":[4],"is_endless":false,"potions_floor_spawned":[3],"killed_by":"3 Sentries","ascension_level":8}}