{"host":"z439itq93uucuvou","time":1613681803,"event":{"mods":["BaseMod","Colored Powertips","Jorbs\u0027s Wanderer Trilogy","Minty Spire (QoL Compilation)","StSLib"],"gold_per_floor":[14,25,40,53,64,64,79,104,130,130,146,146,164,193,193,264,264,274,32,32,46,46,73,73,73,73,73,102,111,111,36,36,36,36],"floor_reached":33,"language":"ENG","playtime":1505,"items_purged":["Decay"],"score":715,"play_id":"c51869c6-2bfa-45b0-aa75-a9d42de26121","local_time":"20210218125643","is_ascension_mode":true,"campfire_choices":[{"data":"Infinite Blades","floor":6.0,"key":"SMITH"},{"data":"Cloak And Dagger","floor":10.0,"key":"SMITH"},{"floor":12.0,"key":"REST"},{"data":"Finisher","floor":15.0,"key":"SMITH"},{"floor":24,"key":"REST"},{"data":"Burst","floor":27,"key":"SMITH"},{"floor":30,"key":"REST"},{"floor":32,"key":"REST"}],"circlet_count":0,"master_deck":["AscendersBane","Strike_G","Strike_G","Strike_G","Defend_G","Defend_G","Defend_G","Defend_G","Survivor","Neutralize","Panache","Blade Dance","Sucker Punch","Finisher+1","Infinite Blades+1","Blade Dance","Cloak And Dagger+1","Envenom","Catalyst","Dash","Burst+1","Night Terror+1","Cloak And Dagger+1","Well Laid Plans+1","Cloak And Dagger+1","Flechettes","Accuracy","J.A.X.","Leg Sweep","Cloak And Dagger+1"],"relics":["Ring of the Snake","Potion Belt","Centennial Puzzle","Prayer Wheel","Astrolabe","Vajra","Nilry\u0027s Codex","Nunchaku","CeramicFish"],"acts_visited":["Exordium","TheCity"],"potions_floor_usage":[23],"damage_taken":[{"damage":11.0,"enemies":"Cultist","floor":1.0,"turns":6.0},{"damage":4.0,"enemies":"Jaw Worm","floor":2.0,"turns":5.0},{"damage":0.0,"enemies":"2 Louse","floor":3.0,"turns":4.0},{"damage":10.0,"enemies":"Large Slime","floor":4.0,"turns":6.0},{"damage":0.0,"enemies":"2 Fungi Beasts","floor":5.0,"turns":2.0},{"damage":2.0,"enemies":"Exordium Wildlife","floor":7.0,"turns":2.0},{"damage":5.0,"enemies":"3 Sentries","floor":8.0,"turns":2.0},{"damage":8.0,"enemies":"Exordium Thugs","floor":11.0,"turns":2.0},{"damage":16.0,"enemies":"3 Louse","floor":13.0,"turns":3.0},{"damage":14.0,"enemies":"Lagavulin","floor":14.0,"turns":7.0},{"damage":0.0,"enemies":"Slime Boss","floor":16.0,"turns":5.0},{"damage":5.0,"enemies":"2 Thieves","floor":18.0,"turns":3.0},{"damage":7.0,"enemies":"Shell Parasite","floor":21.0,"turns":2.0},{"damage":14,"enemies":"Slavers","floor":23,"turns":3},{"damage":23,"enemies":"Gremlin Leader","floor":28,"turns":3},{"damage":47,"enemies":"Automaton","floor":33,"turns":6}],"seed_played":"-6305351374423479652","potions_obtained":[{"floor":5.0,"key":"PowerPotion"},{"floor":7.0,"key":"Explosive Potion"},{"floor":8.0,"key":"Poison Potion"},{"floor":13.0,"key":"Poison Potion"},{"floor":14.0,"key":"Swift Potion"},{"floor":16.0,"key":"SkillPotion"},{"floor":21.0,"key":"Energy Potion"}],"is_trial":false,"path_per_floor":["M","M","M","M","M","R","M","E","T","R","M","R","M","E","R","B",null,"M","$","?","M","?","E","R","?","T","R","E","?","R","$","R","B"],"character_chosen":"THE_SILENT","items_purchased":["Vajra","Accuracy"],"campfire_rested":4,"item_purchase_floors":[19,19],"current_hp_per_floor":[48,44,44,34,34,34,32,27,27,27,19,38,22,8,8,8,52,47,47,47,40,19,5,24,24,24,24,1,1,20,20,39,0,0],"gold":36,"neow_bonus":"RANDOM_COLORLESS_2","is_daily":false,"chose_seed":false,"campfire_upgraded":4,"win_rate":0.0,"timestamp":1613681803,"path_taken":["M","M","M","M","M","R","M","E","T","R","M","R","?","E","R","BOSS","M","$","?","M","?","E","R","?","T","R","E","?","R","$","R","BOSS"],"items_purchased_type":["Relic","Card"],"build_version":"2020-12-22","purchased_purges":1,"victory":false,"max_hp_per_floor":[66,66,66,66,66,66,66,66,66,66,66,66,66,66,66,66,66,66,66,66,66,66,66,66,66,66,66,66,66,66,66,66,66,66],"card_choices":[{"not_picked":["Metamorphosis","Master of Strategy"],"picked":"Panache","floor":0.0},{"not_picked":["Calculated Gamble","Skewer"],"picked":"Blade Dance","floor":1.0},{"not_picked":["Catalyst","Outmaneuver"],"picked":"Sucker Punch","floor":2.0},{"not_picked":["Dagger Throw","All Out Attack"],"picked":"Finisher","floor":3.0},{"not_picked":["Distraction","Prepared"],"picked":"Infinite Blades","floor":4.0},{"not_picked":["Footwork","Phantasmal Killer"],"picked":"Blade Dance","floor":5.0},{"not_picked":["Bane","PiercingWail"],"picked":"Cloak And Dagger","floor":7.0},{"not_picked":["Dodge and Roll","PiercingWail"],"picked":"Envenom","floor":8.0},{"not_picked":["Dodge and Roll","Distraction"],"picked":"Catalyst","floor":11.0},{"not_picked":["Caltrops","Infinite Blades"],"picked":"Dash","floor":13.0},{"not_picked":["Storm of Steel","Slice","Outmaneuver"],"picked":"SKIP","floor":14.0},{"not_picked":["Bullet Time","Malaise"],"picked":"Burst","floor":16.0},{"not_picked":["Calculated Gamble","Slice"],"picked":"Cloak And Dagger+1","floor":18.0},{"not_picked":["Acrobatics","Dagger Throw"],"picked":"Flechettes","floor":18.0},{"not_picked":["Infinite Blades","Venomology"],"picked":"Leg Sweep","floor":21.0},{"not_picked":["Cloak And Dagger","Calculated Gamble","Backstab"],"picked":"SKIP","floor":21.0},{"not_picked":["Slice","Footwork"],"picked":"Cloak And Dagger+1","floor":23},{"not_picked":["Deadly Poison","Reflex","Dodge and Roll"],"picked":"SKIP","floor":28}],"player_experience":1503872,"relics_obtained":[{"floor":8.0,"key":"Potion Belt"},{"floor":9.0,"key":"Centennial Puzzle"},{"floor":14.0,"key":"Prayer Wheel"},{"floor":22.0,"key":"Nilry\u0027s Codex"},{"floor":23,"key":"Nunchaku"},{"floor":28,"key":"CeramicFish"}],"event_choices":[{"damage_healed":0.0,"max_hp_gain":0.0,"max_hp_loss":0.0,"gold_gain":0.0,"event_name":"Drug Dealer","player_choice":"Obtain J.A.X.","floor":20.0,"gold_loss":0.0,"damage_taken":0.0,"cards_obtained":["J.A.X."]},{"damage_healed":0.0,"max_hp_gain":0.0,"max_hp_loss":0.0,"gold_gain":0.0,"event_name":"Cursed Tome","player_choice":"Obtained Book","floor":22.0,"gold_loss":0.0,"damage_taken":21.0},{"damage_healed":0,"gold_gain":0,"player_choice":"Ignored","damage_taken":0,"max_hp_gain":0,"max_hp_loss":0,"event_name":"Vampires","floor":25,"gold_loss":0},{"damage_healed":0,"gold_gain":0,"player_choice":"Smashed Altar","damage_taken":0,"max_hp_gain":0,"max_hp_loss":0,"event_name":"Forgotten Altar","floor":29,"gold_loss":0,"cards_obtained":["Decay"]}],"is_beta":false,"boss_relics":[{"not_picked":["SlaversCollar","Velvet Choker"],"picked":"Astrolabe"}],"items_purged_floors":[31],"is_endless":false,"potions_floor_spawned":[5,7,8,13,14,16,21],"killed_by":"Automaton","ascension_level":20}}