{"host":"8fnghcq8tvbg6z9e","time":1613653027,"event":{"mods":["BaseMod","Downfall","Minty Spire (QoL Compilation)","Quick Restart","StSLib"],"gold_per_floor":[99,99,99,99,111,124,147,147,160,160,335,335,346,346,359,457,457,457,472,495,70,84,84,84,96,131,147,147,147,147,147,147],"floor_reached":30,"language":"ZHS","playtime":1069,"items_purged":["Doubt"],"score":238,"play_id":"adfa4cb8-dcd1-4f08-b8f7-1dfb7a97dc8f","local_time":"20210218205707","is_ascension_mode":false,"campfire_choices":[{"data":"Slimebound:Split","floor":1.0,"key":"SMITH"},{"data":"Slimebound:CorrosiveSpit","floor":10.0,"key":"SMITH"},{"data":"Slimebound:LeechEnergy","floor":12.0,"key":"SMITH"},{"data":"Slimebound:DouseInSlime","floor":18.0,"key":"SMITH"},{"floor":23.0,"key":"RECALL"}],"circlet_count":0,"master_deck":["Slimebound:Tackle","Slimebound:Split+1","Slimebound:CorrosiveSpit+1","Slimebound:SplitAcid","Slimebound:LeechingTouch","Slimebound:LeechEnergy+1","Slimebound:RejuvenatingLick","Slimebound:MegaLick","Slimebound:LevelUp+1","Slimebound:SplitLeeching","Slimebound:DouseInSlime+1","Slimebound:DouseInSlime","Slimebound:AcidTongue","Slimebound:SlimeSpikes","Slimebound:SelfFormingGoo","Slimebound:HauntingLick","Slimebound:RainOfGoop","Slimebound:Repurpose","Slimebound:SamplingLick","Slimebound:SamplingLick+1","Slimebound:SpikyOuterGoop","Slimebound:LeechingTouch","Slimebound:LeechEnergy+1","Slimebound:RallyTheTroops"],"relics":["Slimebound:AbsorbEndCombat","downfall:HeartsMalice","Smiling Mask","Oddly Smooth Stone","Pandora\u0027s Box","FossilizedHelix","Ice Cream","Slimebound:AggressiveSlimeRelic","Enchiridion","Blue Candle"],"acts_visited":["Exordium","TheCity"],"potions_floor_usage":[27,27],"damage_taken":[{"damage":0.0,"enemies":"Cultist","floor":2.0,"turns":1.0},{"damage":0.0,"enemies":"2 Louse","floor":3.0,"turns":1.0},{"damage":0.0,"enemies":"Small Slimes","floor":4.0,"turns":1.0},{"damage":6.0,"enemies":"Red Slaver","floor":5.0,"turns":4.0},{"damage":14.0,"enemies":"Exordium Wildlife","floor":6.0,"turns":3.0},{"damage":3.0,"enemies":"Blue Slaver","floor":9.0,"turns":3.0},{"damage":6.0,"enemies":"2 Fungi Beasts","floor":13.0,"turns":3.0},{"damage":5.0,"enemies":"Gremlin Gang","floor":15.0,"turns":4.0},{"damage":43.0,"enemies":"IC_STATUS_ARCHETYPE","floor":16.0,"turns":9.0},{"damage":0.0,"enemies":"Spheric Guardian","floor":19.0,"turns":3.0},{"damage":0.0,"enemies":"downfall:FleeingMerchant","floor":21.0,"turns":4.0},{"damage":0.0,"enemies":"Snake Plant","floor":22.0,"turns":3.0},{"damage":16,"enemies":"3 Cultists","floor":25,"turns":5},{"damage":20,"enemies":"Book of Stabbing","floor":26,"turns":5},{"damage":25,"enemies":"Sentry and Sphere","floor":27,"turns":6},{"damage":0,"enemies":"Cultist and Chosen","floor":30,"turns":1}],"seed_played":"984785974581605165","potions_obtained":[{"floor":5.0,"key":"Fire Potion"},{"floor":6.0,"key":"Fire Potion"},{"floor":19.0,"key":"Dexterity Potion"},{"floor":26,"key":"Fire Potion"},{"floor":27,"key":"PowerPotion"}],"is_trial":false,"path_per_floor":["R","M","M","M","M","M","T","?","M","R","?","R","M","?","M","B",null,"R","M","T","$","M","R","T","M","E","M","?","T","M"],"character_chosen":"SLIMEBOUND","items_purchased":["FossilizedHelix","Slimebound:SpikyOuterGoop"],"campfire_rested":0,"item_purchase_floors":[21,21],"current_hp_per_floor":[65,65,65,65,63,53,53,50,51,51,51,51,49,49,48,13,65,65,65,65,65,65,65,65,53,41,20,4,4,4,4,4],"gold":147,"neow_bonus":"THREE_ENEMY_KILL","is_daily":false,"chose_seed":false,"campfire_upgraded":4,"win_rate":0.0,"timestamp":1613653027,"path_taken":["R","M","M","M","?","M","T","?","M","R","?","R","M","?","M","BOSS","R","M","?","$","M","R","T","M","E","M","?","?","M"],"items_purchased_type":["Relic","Card"],"build_version":"2020-12-22","purchased_purges":1,"victory":false,"max_hp_per_floor":[65,65,65,65,65,65,65,65,65,65,65,65,65,65,65,65,65,65,65,65,65,65,65,65,65,65,65,65,65,65,65,65],"card_choices":[{"not_picked":["Slimebound:PressTheAttack","Slimebound:Replication"],"picked":"Slimebound:SplitAcid","floor":2.0},{"not_picked":["Slimebound:ComboTackle","Slimebound:SplitMire"],"picked":"Slimebound:LeechingTouch","floor":3.0},{"not_picked":["Slimebound:HauntingLick","Slimebound:FormOfPuddle"],"picked":"Slimebound:LeechEnergy","floor":4.0},{"not_picked":["Slimebound:ProtectTheBoss","Slimebound:Grow"],"picked":"Slimebound:RejuvenatingLick","floor":5.0},{"not_picked":["Slimebound:DivideAndConquer","Slimebound:ForwardTackle"],"picked":"Slimebound:MegaLick","floor":6.0},{"not_picked":["Slimebound:SlimeBarrage","Slimebound:RollThrough"],"picked":"Slimebound:LevelUp","floor":9.0},{"not_picked":["Slimebound:LevelUp","Slimebound:SlimeTap"],"picked":"Slimebound:SplitLeeching","floor":13.0},{"not_picked":["Slimebound:RollThrough","Slimebound:DivideAndConquer","Slimebound:SplitBruiser"],"picked":"SKIP","floor":15.0},{"not_picked":["Slimebound:CheckThePlaybook","Slimebound:PrepareCrush"],"picked":"Slimebound:DouseInSlime","floor":16.0},{"not_picked":["Slimebound:LivingWall","Slimebound:SplitBruiser"],"picked":"Slimebound:SamplingLick","floor":19.0},{"not_picked":["Slimebound:FormOfPuddle","Slimebound:Chomp+1"],"picked":"Slimebound:SamplingLick+1","floor":21.0},{"not_picked":["Slimebound:FinishingTackle","Slimebound:PressTheAttack+1"],"picked":"Slimebound:LeechingTouch","floor":22.0},{"not_picked":["Slimebound:ForwardTackle","Slimebound:SplitMire+1"],"picked":"Slimebound:LeechEnergy+1","floor":25},{"not_picked":["Slimebound:GoopTackle","Slimebound:Prepare","Slimebound:LivingWall"],"picked":"SKIP","floor":26},{"not_picked":["Slimebound:ForwardTackle","Slimebound:ComboTackle"],"picked":"Slimebound:RallyTheTroops","floor":27}],"player_experience":182710,"relics_obtained":[{"floor":7.0,"key":"Smiling Mask"},{"floor":24.0,"key":"Ice Cream"},{"floor":26,"key":"Slimebound:AggressiveSlimeRelic"},{"floor":28,"key":"Enchiridion"},{"floor":29,"key":"Blue Candle"}],"event_choices":[{"damage_healed":0.0,"max_hp_gain":0.0,"max_hp_loss":0.0,"gold_gain":0.0,"event_name":"Scrap Ooze","player_choice":"Success","floor":8.0,"gold_loss":0.0,"damage_taken":3.0,"relics_obtained":["Oddly Smooth Stone"]}],"is_beta":false,"boss_relics":[{"not_picked":["Cursed Key","Runic Dome"],"picked":"Pandora\u0027s Box"}],"items_purged_floors":[21],"is_endless":false,"potions_floor_spawned":[5,6,19,26,27],"killed_by":"Cultist and Chosen","ascension_level":0}}