{"host":"bvc3bp2iol2n355r","time":1613634669,"event":{"mods":["AchievementEnabler","BaseMod","Dark Map","Downfall","Minty Spire (QoL Compilation)","Relic Stats","StSLib"],"gold_per_floor":[99,109,109,122,122,153,229,529,548,582,606,624,624,661,688,784,784,684,704,723,749,771,790,816,521,521,52,80,100,0,85,95,200,200,200,215,215,233,249,14,14,14,29,29,59,77,77,127,144,144],"floor_reached":51,"language":"ENG","playtime":3275,"items_purged":["hexamod:Strike","hexamod:Strike","hexamod:Defend"],"score":1008,"play_id":"8dfae04b-48ae-4f34-b835-e63dbf85e827","local_time":"20210218025109","is_ascension_mode":true,"campfire_choices":[{"data":"hexamod:Float","floor":1.0,"key":"SMITH"},{"floor":13.0,"key":"REST"},{"data":"hexamod:GhostOfSpirePast","floor":18.0,"key":"SMITH"},{"floor":26.0,"key":"RECALL"},{"data":"hexamod:ForkedFlame","floor":30.0,"key":"SMITH"},{"data":"hexamod:ForkedFlame","floor":35.0,"key":"SMITH"},{"data":"hexamod:RetreatToShadows","floor":42.0,"key":"SMITH"},{"floor":44.0,"key":"REST"},{"data":"hexamod:BacktrackSmack","floor":47,"key":"SMITH"}],"circlet_count":0,"master_deck":["hexamod:Strike","hexamod:Strike","hexamod:Defend","hexamod:Defend","hexamod:Defend","hexamod:Sear+1","hexamod:Float+1","hexamod:FlamesFromBeyond+1","hexamod:BurningTouch","hexamod:ShieldOfDarkness","hexamod:SpectralSpark","hexamod:GhostOfSpirePast+1","hexamod:BacktrackSmack+1","hexamod:PhantomFireball","hexamod:Incineration+1","hexamod:ExtraCrispy","hexamod:RetreatToShadows+1","hexamod:ForkedFlame+1","hexamod:SuperheatedStrike+1","hexamod:Hexaguard","hexamod:HeatCrush","hexamod:ThermalTransfer","hexamod:Hexaguard","hexamod:ForkedFlame+1","hexamod:RadiantFlame+1","hexamod:BacktrackSmack+1","hexamod:RadiantFlame"],"relics":["hexamod:UnbrokenSoul","Toy Ornithopter","Ornamental Fan","Old Coin","Ice Cream","Lizard Tail","downfall:HeartBlessingGreen","hexamod:TheBrokenSeal","Potion Belt","PreservedInsect","Calipers","Torii","downfall:HeartBlessingRed","SacredBark","Bird Faced Urn","TheAbacus","Eternal Feather","FossilizedHelix"],"acts_visited":["Exordium","TheCity","TheBeyond"],"potions_floor_usage":[46,50],"damage_taken":[{"damage":9.0,"enemies":"2 Louse","floor":2.0,"turns":3.0},{"damage":2.0,"enemies":"Jaw Worm","floor":4.0,"turns":3.0},{"damage":23.0,"enemies":"Gremlin Nob","floor":6.0,"turns":4.0},{"damage":0.0,"enemies":"Cultist","floor":9.0,"turns":3.0},{"damage":0.0,"enemies":"3 Sentries","floor":10.0,"turns":8.0},{"damage":1.0,"enemies":"downfall:LooterAlt","floor":11.0,"turns":3.0},{"damage":6.0,"enemies":"3 Louse","floor":12.0,"turns":3.0},{"damage":3.0,"enemies":"Gremlin Nob","floor":14.0,"turns":3.0},{"damage":21.0,"enemies":"Exordium Wildlife","floor":15.0,"turns":5.0},{"damage":19.0,"enemies":"WA_ARCHETYPE_RETAIN","floor":16.0,"turns":5.0},{"damage":11.0,"enemies":"Spheric Guardian","floor":19.0,"turns":3.0},{"damage":37.0,"enemies":"downfall:LooterAlt2","floor":20.0,"turns":4.0},{"damage":6.0,"enemies":"Centurion and Healer","floor":21.0,"turns":3.0},{"damage":37.0,"enemies":"Snecko","floor":22.0,"turns":5.0},{"damage":24.0,"enemies":"Snake Plant","floor":23.0,"turns":3.0},{"damage":0.0,"enemies":"downfall:FleeingMerchant","floor":25.0,"turns":4.0},{"damage":7.0,"enemies":"downfall:FleeingMerchant","floor":27.0,"turns":4.0},{"damage":1.0,"enemies":"Book of Stabbing","floor":28.0,"turns":3.0},{"damage":0.0,"enemies":"3 Cultists","floor":29.0,"turns":3.0},{"damage":0.0,"enemies":"Cultist and Chosen","floor":32.0,"turns":3.0},{"damage":13.0,"enemies":"DF_ARCHETYPE_CLAW","floor":33.0,"turns":6.0},{"damage":1.0,"enemies":"Orb Walker","floor":36.0,"turns":2.0},{"damage":12.0,"enemies":"3 Darklings","floor":38.0,"turns":3.0},{"damage":18.0,"enemies":"Jaw Worm Horde","floor":39.0,"turns":3.0},{"damage":0.0,"enemies":"downfall:FleeingMerchant","floor":40.0,"turns":2.0},{"damage":3.0,"enemies":"Maw","floor":43.0,"turns":4.0},{"damage":0.0,"enemies":"Giant Head","floor":45.0,"turns":5.0},{"damage":2,"enemies":"4 Shapes","floor":46,"turns":5},{"damage":16,"enemies":"4 Shapes","floor":48,"turns":6},{"damage":0,"enemies":"Transient","floor":49,"turns":5},{"damage":3,"enemies":"IC_BLOCK_ARCHETYPE","floor":50,"turns":7}],"seed_played":"505995388653766138","potions_obtained":[{"floor":6.0,"key":"Slimebound:ThreeZeroPotion"},{"floor":9.0,"key":"SpeedPotion"},{"floor":9.0,"key":"DistilledChaos"},{"floor":10.0,"key":"GamblersBrew"},{"floor":11.0,"key":"champ:CounterPotion"},{"floor":12.0,"key":"hexamod:DoubleChargePotion"},{"floor":14.0,"key":"SpeedPotion"},{"floor":14.0,"key":"PowerPotion"},{"floor":15.0,"key":"Dexterity Potion"},{"floor":16.0,"key":"DistilledChaos"},{"floor":19.0,"key":"SpeedPotion"},{"floor":20.0,"key":"DistilledChaos"},{"floor":22.0,"key":"LiquidBronze"},{"floor":23.0,"key":"champ:CounterPotion"},{"floor":29.0,"key":"FairyPotion"},{"floor":32.0,"key":"FearPotion"},{"floor":36.0,"key":"Swift Potion"},{"floor":46,"key":"Energy Potion"},{"floor":49,"key":"Swift Potion"}],"is_trial":false,"path_per_floor":["R","M","?","M","?","E","T","T","M","E","M","M","R","E","M","B",null,"R","M","M","M","M","M","T","$","R","$","E","M","R","?","M","B",null,"R","M","?","M","M","$","T","R","M","R","E","M","R","?","M","B",null],"character_chosen":"THE_SPIRIT","items_purchased":["PreservedInsect","hexamod:Hexaguard","Calipers","hexamod:ThermalTransfer","Bird Faced Urn","TheAbacus"],"campfire_rested":2,"item_purchase_floors":[25,25,27,27,40,40],"current_hp_per_floor":[70,61,61,59,59,36,36,36,36,46,45,44,65,67,46,32,70,70,59,22,21,80,56,56,56,56,49,48,48,48,34,34,26,80,80,79,79,67,49,49,49,49,50,74,80,80,80,64,70,77],"gold":144,"neow_bonus":"UPGRADE_CARD","is_daily":false,"chose_seed":false,"campfire_upgraded":6,"win_rate":0.0,"timestamp":1613634669,"path_taken":["R","M","?","M","?","E","T","?","M","E","M","?","R","E","M","BOSS","R","M","M","M","M","M","T","$","R","$","E","M","R","?","M","BOSS","R","M","?","M","M","$","T","R","M","R","E","M","R","?","M","BOSS"],"items_purchased_type":["Relic","Card","Relic","Card","Relic","Relic"],"build_version":"2020-12-22","purchased_purges":3,"victory":true,"max_hp_per_floor":[70,70,70,70,70,70,70,70,70,70,70,70,70,70,70,70,70,70,70,70,70,80,80,80,80,80,80,80,80,80,80,80,80,80,80,80,80,80,80,80,80,80,80,80,80,80,80,80,80,80],"relic_stats":{"Lizard Tail":35,"TheAbacus":[42],"Torii":7,"counters":[31,123],"Ornamental Fan":[84],"Bird Faced Urn":[25],"Eternal Feather":0,"PreservedInsect":166,"obtain_stats":[{"Ice Cream":10,"Potion Belt":24,"Calipers":27,"Torii":28,"downfall:HeartBlessingRed":30,"SacredBark":34,"hexamod:TheBrokenSeal":22,"downfall:HeartBlessingGreen":18,"Eternal Feather":45,"PreservedInsect":25,"Old Coin":8,"Lizard Tail":14,"TheAbacus":40,"hexamod:UnbrokenSoul":17,"Ornamental Fan":7,"Bird Faced Urn":40,"hexamod:SpiritBrand":0,"Toy Ornithopter":6,"FossilizedHelix":48},{"Ice Cream":5,"Potion Belt":15,"Calipers":17,"Torii":18,"downfall:HeartBlessingRed":19,"SacredBark":21,"hexamod:TheBrokenSeal":14,"downfall:HeartBlessingGreen":10,"Eternal Feather":27,"PreservedInsect":16,"Old Coin":3,"Lizard Tail":8,"TheAbacus":25,"hexamod:UnbrokenSoul":10,"Ornamental Fan":3,"Bird Faced Urn":25,"hexamod:SpiritBrand":0,"Toy Ornithopter":3,"FossilizedHelix":29},{"Ice Cream":21,"Potion Belt":58,"Calipers":66,"Torii":69,"downfall:HeartBlessingRed":72,"SacredBark":81,"hexamod:TheBrokenSeal":55,"downfall:HeartBlessingGreen":40,"Eternal Feather":100,"PreservedInsect":62,"Old Coin":10,"Lizard Tail":30,"TheAbacus":91,"hexamod:UnbrokenSoul":40,"Ornamental Fan":10,"Bird Faced Urn":91,"hexamod:SpiritBrand":0,"Toy Ornithopter":10,"FossilizedHelix":111}],"Toy Ornithopter":43},"card_choices":[{"not_picked":["hexamod:FastForward","hexamod:InspiringFlames"],"picked":"hexamod:FlamesFromBeyond","floor":2.0},{"not_picked":["hexamod:FlamesFromBeyond","hexamod:BacktrackSmack"],"picked":"hexamod:FourthSeal","floor":4.0},{"not_picked":["hexamod:StepThrough","hexamod:CatchUp"],"picked":"hexamod:BurningTouch","floor":6.0},{"not_picked":["hexamod:PowerFromBeyond","hexamod:RadiantFlame"],"picked":"hexamod:SecondSeal","floor":9.0},{"not_picked":["hexamod:SuperheatedStrike","hexamod:BacktrackSmack"],"picked":"hexamod:ShieldOfDarkness","floor":10.0},{"not_picked":["hexamod:AdvancingGuard","hexamod:HauntingEcho"],"picked":"hexamod:SpectralSpark","floor":11.0},{"not_picked":["hexamod:GhostflameInferno","hexamod:SwordOfDarkness"],"picked":"hexamod:GhostOfSpirePast","floor":12.0},{"not_picked":["hexamod:ThermalTransfer","hexamod:GhostShield"],"picked":"hexamod:BacktrackSmack","floor":14.0},{"not_picked":["hexamod:NightmareGuise","hexamod:GhostShield"],"picked":"hexamod:PhantomFireball","floor":15.0},{"not_picked":["hexamod:ApocalypseNow","hexamod:Toasty"],"picked":"hexamod:FifthSeal","floor":16.0},{"not_picked":["hexamod:ThirdSeal","hexamod:FourthSeal"],"picked":"hexamod:SixthSeal","floor":19.0},{"not_picked":["hexamod:FastForward","hexamod:ThermalTransfer"],"picked":"hexamod:Incineration+1","floor":19.0},{"not_picked":["hexamod:FourthSeal","hexamod:ThirdSeal"],"picked":"hexamod:FirstSeal","floor":20.0},{"not_picked":["hexamod:Hexaguard+1","hexamod:SwordOfDarkness"],"picked":"hexamod:ExtraCrispy","floor":20.0},{"not_picked":["hexamod:SixthSeal","hexamod:FirstSeal"],"picked":"hexamod:ThirdSeal","floor":21.0},{"not_picked":["hexamod:HeatMetal","hexamod:RadiantFlame","hexamod:HauntingEcho+1"],"picked":"SKIP","floor":21.0},{"not_picked":["hexamod:ShieldOfDarkness","hexamod:PhantomFireball"],"picked":"hexamod:RetreatToShadows","floor":22.0},{"not_picked":["hexamod:FastForward+1","hexamod:ShieldOfDarkness"],"picked":"hexamod:ForkedFlame","floor":23.0},{"not_picked":["hexamod:SpectersWail","hexamod:Firestarter+1"],"picked":"hexamod:SuperheatedStrike+1","floor":25.0},{"not_picked":["hexamod:ShieldOfDarkness","hexamod:RainOfEmbers"],"picked":"hexamod:HeatCrush","floor":27.0},{"not_picked":["hexamod:PhantomFireball+1","hexamod:SpectersWail","hexamod:FlamesFromBeyond"],"picked":"SKIP","floor":28.0},{"not_picked":["hexamod:RetreatToShadows","hexamod:Again+1"],"picked":"hexamod:Hexaguard","floor":29.0},{"not_picked":["hexamod:Firestarter+1","hexamod:CatchUp+1","hexamod:NightmareGuise"],"picked":"SKIP","floor":32.0},{"not_picked":["hexamod:GhostOfSpirePresent","hexamod:FifthSeal"],"picked":"hexamod:ForkedFlame","floor":33.0},{"not_picked":["hexamod:SuperheatedStrike+1","hexamod:HauntingEcho+1"],"picked":"hexamod:RadiantFlame+1","floor":36.0},{"not_picked":["hexamod:SpectralAdrenaline+1","hexamod:FourthSeal","hexamod:FlamesFromBeyond+1"],"picked":"SKIP","floor":38.0},{"not_picked":["hexamod:BurningTouch+1","hexamod:EtherealExpedition","hexamod:ThirdSeal"],"picked":"SKIP","floor":39.0},{"not_picked":["hexamod:BacktrackSmack","hexamod:GhostflameInferno","hexamod:GhostflameBarrier"],"picked":"SKIP","floor":40.0},{"not_picked":["hexamod:FlamesFromBeyond+1","hexamod:AdvancingGuard","hexamod:InspiringFlames"],"picked":"SKIP","floor":43.0},{"not_picked":["hexamod:RadiantFlame","hexamod:SkipABeat+1","hexamod:StepThrough"],"picked":"SKIP","floor":45.0},{"not_picked":["hexamod:HeatCrush+1","hexamod:GhostLash"],"picked":"hexamod:BacktrackSmack+1","floor":46},{"not_picked":["hexamod:HauntingEcho","hexamod:BurningTouch"],"picked":"hexamod:RadiantFlame","floor":49}],"player_experience":595674,"relics_obtained":[{"floor":6.0,"key":"Toy Ornithopter"},{"floor":7.0,"key":"Ornamental Fan"},{"floor":8.0,"key":"Old Coin"},{"floor":10.0,"key":"Ice Cream"},{"floor":14.0,"key":"Lizard Tail"},{"floor":24.0,"key":"Potion Belt"},{"floor":28.0,"key":"Torii"},{"floor":45.0,"key":"Eternal Feather"},{"floor":48,"key":"FossilizedHelix"}],"event_choices":[{"damage_healed":0.0,"max_hp_gain":0.0,"max_hp_loss":0.0,"gold_gain":0.0,"event_name":"Living Wall","player_choice":"Grow","floor":5.0,"gold_loss":0.0,"damage_taken":0.0,"cards_upgraded":["hexamod:FlamesFromBeyond"]}],"is_beta":false,"boss_relics":[{"not_picked":["Runic Pyramid","Tiny House"],"picked":"hexamod:UnbrokenSoul"},{"not_picked":["Astrolabe","Runic Dome"],"picked":"SacredBark"}],"items_purged_floors":[25,27,40],"is_endless":false,"potions_floor_spawned":[9,11,12,14,15,22,23,29,32,36,39,46,49],"ascension_level":4}}