{"host":"c83fcgyuu74iknko","time":1613618392,"event":{"mods":["BaseMod","BetterRewards","Colored Map","Colored Powertips","Minty Spire (QoL Compilation)","Quick Restart","StSLib","The Animator","The Senshi"],"gold_per_floor":[113,113,128,2,2,2,29,47,47,61,87,105,133,153,153,153,153],"floor_reached":16,"language":"ENG","playtime":571,"items_purged":["Defend_P"],"score":137,"play_id":"7e427c64-1b75-44a8-bf08-ab8b6b0d7862","local_time":"20210217191952","is_ascension_mode":false,"campfire_choices":[{"floor":6,"key":"RECALL"},{"data":"Adaptation","floor":15,"key":"SMITH"}],"circlet_count":0,"master_deck":["Strike_P","Strike_P","Strike_P","Defend_P","Defend_P","Defend_P","Eruption","Vigilance","Consecrate","Protect","PathToVictory+1","MentalFortress","EmptyBody","Protect","MentalFortress","Halt","Adaptation+1","LikeWater"],"relics":["PureWater","NeowsBlessing","Mummified Hand","Eternal Feather","Tiny Chest","Odd Mushroom"],"acts_visited":["Exordium"],"potions_floor_usage":[],"damage_taken":[{"damage":0,"enemies":"2 Louse","floor":1,"turns":2},{"damage":0,"enemies":"Cultist","floor":3,"turns":1},{"damage":0,"enemies":"Lagavulin","floor":7,"turns":1},{"damage":6,"enemies":"Jaw Worm","floor":8,"turns":3},{"damage":0,"enemies":"3 Louse","floor":10,"turns":4},{"damage":25,"enemies":"Gremlin Nob","floor":11,"turns":5},{"damage":1,"enemies":"2 Fungi Beasts","floor":12,"turns":4},{"damage":3,"enemies":"The Mushroom Lair","floor":13,"turns":4},{"damage":8,"enemies":"Red Slaver","floor":14,"turns":4},{"damage":53,"enemies":"Slime Boss","floor":16,"turns":3}],"seed_played":"-5786724806100914741","potions_obtained":[{"floor":7,"key":"GamblersBrew"},{"floor":10,"key":"Dexterity Potion"},{"floor":11,"key":"Block Potion"},{"floor":13,"key":"Energy Potion"}],"is_trial":false,"path_per_floor":["M","?","M","$","?","R","E","M","T","M","E","M","?","M","R","B"],"character_chosen":"WATCHER","items_purchased":["PathToVictory"],"campfire_rested":0,"item_purchase_floors":[4],"current_hp_per_floor":[72,72,72,72,72,72,72,66,66,66,41,40,37,29,38,0,0],"gold":153,"neow_bonus":"THREE_ENEMY_KILL","is_daily":false,"chose_seed":false,"campfire_upgraded":1,"win_rate":0.0,"timestamp":1613618392,"path_taken":["M","?","?","$","?","R","E","M","T","M","E","M","?","M","R","BOSS"],"items_purchased_type":["Card"],"build_version":"2020-12-22","purchased_purges":1,"victory":false,"max_hp_per_floor":[72,72,72,72,72,72,72,72,72,72,72,72,72,72,72,72,72],"card_choices":[{"not_picked":["CutThroughFate","FlurryOfBlows"],"picked":"Consecrate","floor":1},{"not_picked":["Tantrum","FlyingSleeves"],"picked":"Protect","floor":3},{"not_picked":["Blasphemy","ThirdEye"],"picked":"MentalFortress","floor":7},{"not_picked":["Wallop","CutThroughFate"],"picked":"EmptyBody","floor":8},{"not_picked":["BowlingBash","FollowUp"],"picked":"Protect","floor":10},{"not_picked":["Blasphemy","FlyingSleeves"],"picked":"MentalFortress","floor":11},{"not_picked":["Indignation","TalkToTheHand"],"picked":"Halt","floor":12},{"not_picked":["FlurryOfBlows","Worship"],"picked":"Adaptation","floor":13},{"not_picked":["SashWhip","EmptyBody"],"picked":"LikeWater","floor":14}],"player_experience":265694,"relics_obtained":[{"floor":7,"key":"Mummified Hand"},{"floor":9,"key":"Eternal Feather"},{"floor":11,"key":"Tiny Chest"},{"floor":13,"key":"Odd Mushroom"}],"event_choices":[{"cards_removed":["Strike_P"],"damage_healed":0,"gold_gain":0,"player_choice":"Offered Basic","damage_taken":0,"max_hp_gain":0,"max_hp_loss":0,"event_name":"Bonfire Elementals","floor":2,"gold_loss":0},{"damage_healed":0,"gold_gain":0,"player_choice":"Grow","damage_taken":0,"max_hp_gain":0,"max_hp_loss":0,"event_name":"Living Wall","floor":5,"gold_loss":0,"cards_upgraded":["PathToVictory"]},{"damage_healed":0,"gold_gain":0,"player_choice":"Fought Mushrooms","damage_taken":0,"max_hp_gain":0,"max_hp_loss":0,"event_name":"Mushrooms","floor":13,"gold_loss":0}],"is_beta":false,"boss_relics":[],"items_purged_floors":[4],"is_endless":false,"potions_floor_spawned":[7,10,11,13],"killed_by":"Slime Boss","ascension_level":0}}