{"host":"z9rwthyxsf7d04ix","time":1613692326,"event":{"mods":["AchievementEnabler","BaseMod","Colored Map","Colored Powertips","Minty Spire (QoL Compilation)","Quick Restart"],"gold_per_floor":[110,110,130,130,140,170,187,207,234,277,289,319,363,393,405,519,531,554,586,223,223,233,233,33,33,58,58,58,93,21,47,47,151,151,166,183,45,45,95,95,128,148,201,232,259,279,296,36,36,140,140,158,32,96,61,86,113,113,144,189,189,206,221,221,36,36,132,132,145,179,205,205,108,108,134,144,171,171,188,188,35,45,45,140,140,157,167,177,399,399,399],"floor_reached":90,"language":"ENG","playtime":5944,"items_purged":["Defend_R","Defend_R","Defend_R","Defend_R","Strike_R"],"score":2165,"play_id":"5bbf3d46-3d1e-45b4-b805-93e7830b1672","local_time":"20210219015206","is_ascension_mode":true,"campfire_choices":[{"floor":11,"key":"REST"},{"floor":15,"key":"REST"},{"data":"Demon Form","floor":23,"key":"SMITH"},{"floor":25,"key":"REST"},{"data":"Barricade","floor":27,"key":"SMITH"},{"floor":32,"key":"REST"},{"data":"Fusion","floor":40,"key":"SMITH"},{"data":"Dark Embrace","floor":49,"key":"SMITH"},{"data":"Anger","floor":58,"key":"SMITH"},{"data":"Rage","floor":61,"key":"SMITH"},{"data":"Juggernaut","floor":64,"key":"SMITH"},{"data":"Metallicize","floor":66,"key":"SMITH"},{"data":"Feel No Pain","floor":74,"key":"SMITH"},{"data":"A Thousand Cuts","floor":78,"key":"SMITH"},{"data":"Reboot","floor":80,"key":"SMITH"},{"data":"Bash","floor":83,"key":"SMITH"}],"circlet_count":0,"master_deck":["Bash+1","Spot Weakness+1","Rage+1","Infernal Blade+1","Shrug It Off","Iron Wave","Iron Wave","Barricade+1","Intimidate","Anger+1","Demon Form+1","Battle Trance","TalkToTheHand+1","Fusion+1","Reboot+1","Predator+1","Setup+1","Ragnarok","Battle Trance+1","Juggernaut+1","Panache","Dark Embrace+1","Venomology","Corruption","Heavy Blade","Iron Wave","Venomology+1","Metallicize+1","BootSequence","Bite","Bite","Bite","Bite","Bite","Feel No Pain+1","A Thousand Cuts+1","BootSequence","Magnetism","Consecrate+1"],"relics":["Burning Blood","Mercury Hourglass","PreservedInsect","MawBank","Red Skull","Nunchaku","Philosopher\u0027s Stone","Oddly Smooth Stone","PrismaticShard","Self Forming Clay","Membership Card","Pen Nib","Calipers","Tiny Chest","Bag of Preparation","Black Star","Ancient Tea Set","Bird Faced Urn","Charon\u0027s Ashes","MealTicket","Akabeko","Vajra","Omamori","Happy Flower","Toolbox","Calling Bell","Boot","Meat on the Bone","Dead Branch","Kunai","War Paint","Lantern","Brimstone","Red Mask","ClockworkSouvenir","Thread and Needle"],"acts_visited":["Exordium","TheCity","TheBeyond","Exordium","TheCity","TheBeyond"],"potions_floor_usage":[6,16,16,41,50,52,54,67,69,71,82,84,84,88,90],"damage_taken":[{"damage":7,"enemies":"Small Slimes","floor":1,"turns":4},{"damage":0,"enemies":"2 Louse","floor":3,"turns":2},{"damage":1,"enemies":"Jaw Worm","floor":5,"turns":3},{"damage":29,"enemies":"3 Sentries","floor":6,"turns":7},{"damage":8,"enemies":"Gremlin Gang","floor":7,"turns":3},{"damage":13,"enemies":"Red Slaver","floor":8,"turns":3},{"damage":22,"enemies":"Lagavulin","floor":10,"turns":4},{"damage":11,"enemies":"2 Fungi Beasts","floor":12,"turns":4},{"damage":14,"enemies":"3 Sentries","floor":13,"turns":4},{"damage":0,"enemies":"Blue Slaver","floor":14,"turns":3},{"damage":49,"enemies":"The Guardian","floor":16,"turns":8},{"damage":21,"enemies":"2 Thieves","floor":18,"turns":4},{"damage":23,"enemies":"Chosen","floor":19,"turns":6},{"damage":10,"enemies":"Centurion and Healer","floor":22,"turns":5},{"damage":15,"enemies":"Slavers","floor":29,"turns":4},{"damage":17,"enemies":"Book of Stabbing","floor":31,"turns":4},{"damage":21,"enemies":"Champ","floor":33,"turns":7},{"damage":19,"enemies":"3 Darklings","floor":35,"turns":5},{"damage":2,"enemies":"3 Shapes","floor":36,"turns":5},{"damage":0,"enemies":"Mind Bloom Boss Battle","floor":39,"turns":4},{"damage":12,"enemies":"Giant Head","floor":41,"turns":8},{"damage":0,"enemies":"Transient","floor":42,"turns":5},{"damage":24,"enemies":"Reptomancer","floor":44,"turns":5},{"damage":23,"enemies":"Writhing Mass","floor":46,"turns":4},{"damage":15,"enemies":"Jaw Worm Horde","floor":47,"turns":3},{"damage":70,"enemies":"Donu and Deca","floor":50,"turns":6},{"damage":0,"enemies":"Jaw Worm","floor":52,"turns":2},{"damage":34,"enemies":"Lagavulin Event","floor":54,"turns":3},{"damage":7,"enemies":"3 Sentries","floor":56,"turns":2},{"damage":0,"enemies":"Lagavulin","floor":57,"turns":3},{"damage":0,"enemies":"Gremlin Nob","floor":59,"turns":2},{"damage":0,"enemies":"Small Slimes","floor":62,"turns":1},{"damage":0,"enemies":"Cultist","floor":63,"turns":1},{"damage":51,"enemies":"Hexaghost","floor":67,"turns":3},{"damage":23,"enemies":"2 Thieves","floor":69,"turns":3},{"damage":5,"enemies":"Masked Bandits","floor":70,"turns":3},{"damage":37,"enemies":"Gremlin Leader","floor":71,"turns":3},{"damage":23,"enemies":"Slavers","floor":75,"turns":3},{"damage":18,"enemies":"Spheric Guardian","floor":76,"turns":3},{"damage":9,"enemies":"Book of Stabbing","floor":77,"turns":2},{"damage":0,"enemies":"Centurion and Healer","floor":79,"turns":2},{"damage":0,"enemies":"Cultist and Chosen","floor":82,"turns":5},{"damage":1,"enemies":"Collector","floor":84,"turns":3},{"damage":7,"enemies":"3 Shapes","floor":86,"turns":4},{"damage":0,"enemies":"Orb Walker","floor":87,"turns":3},{"damage":44,"enemies":"Writhing Mass","floor":88,"turns":3},{"damage":100,"enemies":"Nemesis","floor":90,"turns":3}],"seed_played":"-8463077135481843054","potions_obtained":[{"floor":3,"key":"LiquidBronze"},{"floor":5,"key":"PowerPotion"},{"floor":8,"key":"AttackPotion"},{"floor":10,"key":"Weak Potion"},{"floor":22,"key":"Energy Potion"},{"floor":31,"key":"LiquidMemories"},{"floor":47,"key":"DuplicationPotion"},{"floor":50,"key":"Energy Potion"},{"floor":52,"key":"Fruit Juice"},{"floor":56,"key":"GamblersBrew"},{"floor":62,"key":"Explosive Potion"},{"floor":63,"key":"ColorlessPotion"},{"floor":69,"key":"AttackPotion"},{"floor":75,"key":"BloodPotion"}],"is_trial":true,"path_per_floor":["M","?","M","?","M","E","M","M","T","E","R","M","E","M","R","B",null,"M","M","$","?","M","R","$","R","T","R","?","E","$","E","R","B",null,"M","M","$","T","?","R","E","M","T","E","T","M","M","$","R","B",null,"M","$","?","?","E","E","R","E","T","R","M","M","R","$","R","B",null,"M","?","E","?","$","R","E","M","E","R","M","R","$","M","R","B",null,"M","M","M","?","E"],"character_chosen":"IRONCLAD","items_purchased":["Oddly Smooth Stone","PrismaticShard","Membership Card","Tiny Chest","Ancient Tea Set","Panache","Toolbox","Dark Embrace","Corruption","Lantern","Brimstone","Metallicize","Feel No Pain","ClockworkSouvenir","Thread and Needle"],"campfire_rested":4,"item_purchase_floors":[20,20,24,30,37,48,48,48,53,65,65,65,73,73,81],"current_hp_per_floor":[79,72,78,78,80,57,55,48,48,32,56,51,43,49,73,30,80,65,48,48,48,44,44,44,68,68,68,68,59,59,48,72,57,80,67,71,71,71,80,80,74,80,80,65,65,56,51,66,66,14,80,85,85,57,78,84,85,85,85,85,85,85,85,85,85,85,56,85,70,79,57,57,72,72,67,67,76,76,85,85,85,85,85,85,85,85,85,68,68,0,0],"gold":399,"neow_bonus":"","is_daily":false,"chose_seed":false,"campfire_upgraded":12,"win_rate":0.0,"timestamp":1613692326,"path_taken":["M","?","M","?","M","E","M","M","T","E","R","M","E","M","R","BOSS","M","M","$","?","M","R","$","R","T","R","?","E","?","E","R","BOSS","M","?","$","?","?","R","E","M","T","E","?","M","M","?","R","BOSS","M","$","?","?","?","E","R","E","T","R","?","M","R","?","R","BOSS","M","?","?","?","?","R","E","M","E","R","M","R","$","M","R","BOSS","M","M","M","?","?"],"items_purchased_type":["Relic","Relic","Relic","Relic","Relic","Card","Relic","Card","Card","Relic","Relic","Card","Card","Relic","Relic"],"build_version":"2020-12-22","purchased_purges":5,"victory":false,"max_hp_per_floor":[80,80,80,80,80,80,80,80,80,80,80,80,80,80,80,80,80,80,80,80,80,80,80,80,80,80,80,80,80,80,80,80,80,80,80,80,80,80,80,80,80,80,80,80,80,80,80,80,80,80,80,85,85,85,85,85,85,85,85,85,85,85,85,85,85,85,85,85,85,85,85,85,85,85,85,85,85,85,85,85,85,85,85,85,85,85,85,85,85,85,85],"card_choices":[{"not_picked":["Heavy Blade","Perfected Strike"],"picked":"Spot Weakness","floor":1},{"not_picked":["Sword Boomerang","Combust"],"picked":"Rage","floor":3},{"not_picked":["Warcry","Perfected Strike"],"picked":"Infernal Blade","floor":5},{"not_picked":["Clash","Double Tap"],"picked":"Shrug It Off","floor":6},{"not_picked":["Clash","Clothesline"],"picked":"Iron Wave","floor":7},{"not_picked":["Sentinel","Headbutt"],"picked":"Iron Wave","floor":8},{"not_picked":["Thunderclap","Rage"],"picked":"Barricade","floor":10},{"not_picked":["Shrug It Off","Warcry","Twin Strike"],"picked":"SKIP","floor":12},{"not_picked":["Inflame","Clothesline"],"picked":"Intimidate","floor":13},{"not_picked":["Wild Strike","Pommel Strike"],"picked":"Anger","floor":14},{"not_picked":["Double Tap","Juggernaut"],"picked":"Demon Form","floor":16},{"not_picked":["Clash","Pummel+1"],"picked":"Battle Trance","floor":18},{"not_picked":["Uppercut","Havoc","Spot Weakness"],"picked":"SKIP","floor":19},{"not_picked":["Ball Lightning","Warcry","Poisoned Stab+1"],"picked":"SKIP","floor":22},{"not_picked":["Cloak And Dagger","FlyingSleeves"],"picked":"TalkToTheHand+1","floor":29},{"not_picked":["Panacea","Tantrum"],"picked":"Fusion","floor":31},{"not_picked":["Reaper","DeusExMachina"],"picked":"Reboot","floor":33},{"not_picked":["Barrage+1","Leap","All Out Attack+1"],"picked":"SKIP","floor":35},{"not_picked":["Static Discharge","Fusion+1"],"picked":"Predator+1","floor":36},{"not_picked":["Clash","Blade Dance"],"picked":"Setup+1","floor":39},{"not_picked":["PathToVictory","Warcry"],"picked":"Ragnarok","floor":41},{"not_picked":["Body Slam","Halt"],"picked":"Battle Trance+1","floor":42},{"not_picked":["CrushJoints","Halt"],"picked":"Juggernaut","floor":44},{"not_picked":["Compile Driver+1","Eviscerate+1","Distraction+1"],"picked":"SKIP","floor":46},{"not_picked":["Sucker Punch","Tempest+1","Coolheaded+1"],"picked":"SKIP","floor":47},{"not_picked":["Exhume","Tools of the Trade"],"picked":"Venomology","floor":50},{"not_picked":["Poisoned Stab","Dagger Throw","EmptyFist"],"picked":"SKIP","floor":52},{"not_picked":["Flying Knee","Wild Strike"],"picked":"Heavy Blade","floor":56},{"not_picked":["Cloak And Dagger","Go for the Eyes"],"picked":"Iron Wave","floor":57},{"not_picked":["Searing Blow","JustLucky"],"picked":"Venomology","floor":59},{"not_picked":["ClearTheMind","Redo","Aggregate"],"picked":"SKIP","floor":62},{"not_picked":["Force Field","Streamline","Wild Strike"],"picked":"SKIP","floor":63},{"not_picked":["BowlingBash","Masterful Stab","Well Laid Plans"],"picked":"SKIP","floor":69},{"not_picked":["EmptyFist+1","ClearTheMind"],"picked":"BootSequence","floor":70},{"not_picked":["ClearTheMind+1","Flex","ReachHeaven"],"picked":"SKIP","floor":71},{"not_picked":["Barrage+1","Halt","Deadly Poison"],"picked":"SKIP","floor":75},{"not_picked":["Dodge and Roll","FollowUp+1"],"picked":"A Thousand Cuts","floor":76},{"not_picked":["Headbutt","ConjureBlade","Shrug It Off"],"picked":"SKIP","floor":77},{"not_picked":["Cleave+1","Blood for Blood","Pommel Strike"],"picked":"SKIP","floor":79},{"not_picked":["BowlingBash","Chaos"],"picked":"BootSequence","floor":82},{"not_picked":["Double Tap","Scrawl"],"picked":"Magnetism","floor":84},{"not_picked":["Poisoned Stab","Dodge and Roll","Dagger Spray+1"],"picked":"SKIP","floor":86},{"not_picked":["Rebound","Melter+1","Streamline+1"],"picked":"SKIP","floor":87},{"not_picked":["Rebound+1","EmptyBody+1"],"picked":"Consecrate+1","floor":88}],"player_experience":750083,"relics_obtained":[{"floor":6,"key":"PreservedInsect"},{"floor":9,"key":"MawBank"},{"floor":10,"key":"Red Skull"},{"floor":13,"key":"Nunchaku"},{"floor":26,"key":"Pen Nib"},{"floor":29,"key":"Calipers"},{"floor":31,"key":"Bag of Preparation"},{"floor":38,"key":"Bird Faced Urn"},{"floor":39,"key":"Charon\u0027s Ashes"},{"floor":41,"key":"MealTicket"},{"floor":41,"key":"Akabeko"},{"floor":43,"key":"Vajra"},{"floor":44,"key":"Blood Vial"},{"floor":44,"key":"Omamori"},{"floor":45,"key":"Happy Flower"},{"floor":51,"key":"Boot"},{"floor":51,"key":"Meat on the Bone"},{"floor":51,"key":"Dead Branch"},{"floor":54,"key":"Kunai"},{"floor":60,"key":"War Paint"},{"floor":70,"key":"Red Mask"}],"event_choices":[{"damage_healed":0,"gold_gain":0,"player_choice":"Success","damage_taken":7,"relics_obtained":["Mercury Hourglass"],"max_hp_gain":0,"max_hp_loss":0,"event_name":"Scrap Ooze","floor":2,"gold_loss":0},{"damage_healed":0,"gold_gain":0,"player_choice":"Grow","damage_taken":0,"max_hp_gain":0,"max_hp_loss":0,"event_name":"Living Wall","floor":4,"gold_loss":0,"cards_upgraded":["Spot Weakness"]},{"damage_healed":0,"gold_gain":0,"player_choice":"Opened","damage_taken":0,"relics_obtained":["Self Forming Clay"],"max_hp_gain":0,"max_hp_loss":0,"event_name":"The Mausoleum","floor":21,"gold_loss":0},{"damage_healed":0,"gold_gain":0,"player_choice":"Ignored","damage_taken":0,"max_hp_gain":0,"max_hp_loss":0,"event_name":"Vampires","floor":28,"gold_loss":0},{"damage_healed":0,"gold_gain":0,"player_choice":"Fight","damage_taken":0,"max_hp_gain":0,"max_hp_loss":0,"event_name":"MindBloom","floor":39,"gold_loss":0},{"damage_healed":0,"gold_gain":0,"player_choice":"Searched \u00272\u0027 times","damage_taken":0,"max_hp_gain":0,"max_hp_loss":0,"event_name":"Dead Adventurer","floor":54,"gold_loss":0},{"damage_healed":21,"gold_gain":0,"player_choice":"Healed","damage_taken":0,"max_hp_gain":0,"max_hp_loss":0,"event_name":"The Cleric","floor":55,"gold_loss":35},{"damage_healed":0,"gold_gain":0,"player_choice":"Fought Bandits","damage_taken":0,"max_hp_gain":0,"max_hp_loss":0,"event_name":"Masked Bandits","floor":70,"gold_loss":0},{"damage_healed":0,"gold_gain":0,"player_choice":"Became a vampire (Vial)","damage_taken":0,"max_hp_gain":0,"max_hp_loss":0,"event_name":"Vampires","floor":72,"relics_lost":["Blood Vial"],"gold_loss":0,"cards_obtained":["Bite","Bite","Bite","Bite","Bite"]},{"damage_healed":0,"gold_gain":222,"player_choice":"Wore Mask","damage_taken":0,"max_hp_gain":0,"max_hp_loss":0,"event_name":"Tomb of Lord Red Mask","floor":89,"gold_loss":0}],"is_beta":false,"boss_relics":[{"not_picked":["Runic Pyramid","Astrolabe"],"picked":"Philosopher\u0027s Stone"},{"not_picked":["Snecko Eye","Cursed Key"],"picked":"Black Star"},{"not_picked":["Mark of Pain","Busted Crown"],"picked":"Calling Bell"},{"not_picked":["TwistingMind"],"picked":"GraspOfShadows"},{"not_picked":["GraspOfShadows"],"picked":"VoidEssence"}],"items_purged_floors":[20,24,37,48,53],"is_endless":true,"potions_floor_spawned":[3,5,8,10,14,22,31,33,36,39,47,50,52,56,62,63,67,69,75,79,84,86,88],"killed_by":"Nemesis","ascension_level":1}}