{"host":"0cm5wy4nhuju7tij","time":1613633733,"event":{"mods":["100% Spire Juice","2.2 Compatiblity","AchievementEnabler","Aspiration","BaseMod","Better Third Choice","BetterRewards","CCEM2","CapriCore","Colored Powertips","Curses Come First","Displayed Cursed Tome","Downfall","Energized Spire","Evolution","Filter the Spire","Fireblade Mod","Highlight Path","Jess\u0027s Bottle","Minty Spire (QoL Compilation)","Permanent Neow","Poor People Problems","Relic Filter Mod","Relic Stats","Shapeshifter Mod","Shop Mod","Spicy Shops","StSLib","The Cursed","The Servant 0.9.4","TheSurvivalist","TheVacant","Weighted Paths"],"gold_per_floor":[214,229,229,241,261,293,312,48,48,65,65,65,65,82,82,186,186,202,219,318,318,336,336,21,33,33,62,62,106,127,146,146,258,258,281,300,659,684,707,732,732,763,788,788,816,816,837,494,494,494,494,494,99,137,137,137],"floor_reached":55,"language":"ENG","playtime":4515,"items_purged":["Strike_S","Defend_S","Strike_S","Strike_S","Strike_S"],"score":986,"play_id":"17ae8a60-9e43-4e16-8c4d-530847725c93","local_time":"20210218023533","is_ascension_mode":true,"campfire_choices":[{"floor":11,"key":"REST"},{"data":"Spin","floor":13,"key":"SMITH"},{"floor":15,"key":"REST"},{"floor":23,"key":"RECALL"},{"floor":28,"key":"REST"},{"floor":32,"key":"DIG"},{"floor":41,"key":"REST"},{"floor":44,"key":"REST"},{"floor":46,"key":"DIG"},{"floor":49,"key":"REST"},{"floor":52,"key":"DIG"}],"circlet_count":0,"master_deck":["Defend_S","Defend_S","Defend_S","KidneyShot","Exchange+1","BottledTime","Spin+1","Defy","InstantArmor+1","Rearm","Barrier","Defy","Defy","GearUp","SoulSculpture","Starlight","SurpressingFire","Starlight","Contraction","Ricochet+1","BestPractice","SoulSculpture+1","ShiftingGears","FlawlessForm","Unruled+1","TimeWarp+1","Luminosity","Contraction+1","FanOfKnives+1","MurderousAura","Spin+1","FlawlessForm","MoonPhase","SilverBlades","SurpressingFire","SurpressingFire","Sabotage+1","Sunlight+1","SpecialFormula","DualDimension","Rewind"],"relics":["Uniform","EVO:Axolotl","CCEMRelics:IronFruit","CCEMRelics:TinyMinotavrHorn","Kunai","Fusion Hammer","Matryoshka","Membership Card","Vajra","Molten Egg 2","Orichalcum","Shovel","CeramicFish","Pantograph","MysterySword","Old Coin","CCEMRelics:SelfSharpeningBlade","Pen Nib","aspiration:ChemicalBlood","The Courier","Letter Opener","Regal Pillow","CCEMRelics:FryingPan","Bag of Marbles","Strawberry","Blood Vial","CCEMRelics:SoftDrink"],"acts_visited":["Exordium","TheCity","TheBeyond","TheEnding"],"potions_floor_usage":[16,50,50,54,55,55,55],"damage_taken":[{"damage":4,"enemies":"Cultist","floor":1,"turns":4},{"damage":3,"enemies":"Small Slimes","floor":2,"turns":4},{"damage":9,"enemies":"Jaw Worm","floor":4,"turns":3},{"damage":21,"enemies":"Exordium Thugs","floor":5,"turns":6},{"damage":26,"enemies":"Gremlin Nob","floor":6,"turns":6},{"damage":0,"enemies":"2 Fungi Beasts","floor":7,"turns":2},{"damage":0,"enemies":"Looter","floor":10,"turns":4},{"damage":0,"enemies":"Exordium Thugs","floor":14,"turns":2},{"damage":0,"enemies":"The Guardian","floor":16,"turns":15},{"damage":0,"enemies":"Spheric Guardian","floor":18,"turns":4},{"damage":2,"enemies":"2 Thieves","floor":19,"turns":3},{"damage":0,"enemies":"Centurion and Healer","floor":22,"turns":11},{"damage":0,"enemies":"Snake Plant","floor":25,"turns":4},{"damage":43,"enemies":"Slavers","floor":27,"turns":9},{"damage":0,"enemies":"Book of Stabbing","floor":29,"turns":6},{"damage":0,"enemies":"Cultist and Chosen","floor":30,"turns":4},{"damage":0,"enemies":"Snecko","floor":31,"turns":5},{"damage":0,"enemies":"Champ","floor":33,"turns":16},{"damage":0,"enemies":"3 Shapes","floor":35,"turns":3},{"damage":0,"enemies":"Orb Walker","floor":36,"turns":3},{"damage":0,"enemies":"Mind Bloom Boss Battle","floor":37,"turns":9},{"damage":48,"enemies":"4 Shapes","floor":38,"turns":6},{"damage":0,"enemies":"Sphere and 2 Shapes","floor":39,"turns":6},{"damage":2,"enemies":"Maw","floor":40,"turns":9},{"damage":19,"enemies":"Nemesis","floor":42,"turns":9},{"damage":0,"enemies":"3 Darklings","floor":45,"turns":6},{"damage":7,"enemies":"Writhing Mass","floor":47,"turns":6},{"damage":32,"enemies":"Donu and Deca","floor":50,"turns":8},{"damage":25,"enemies":"Shield and Spear","floor":54,"turns":8},{"damage":98,"enemies":"The Heart","floor":55,"turns":5}],"seed_played":"-7196345081181060911","potions_obtained":[{"floor":2,"key":"Strength Potion"},{"floor":4,"key":"ColorlessPotion"},{"floor":10,"key":"Explosive Potion"},{"floor":16,"key":"PowerPotion"},{"floor":25,"key":"LiquidMemories"},{"floor":27,"key":"Fruit Juice"},{"floor":50,"key":"Strength Potion"},{"floor":50,"key":"DuplicationPotion"},{"floor":54,"key":"Regen Potion"}],"is_trial":false,"path_per_floor":["M","M","?","M","M","E","M","$","T","M","R","?","R","M","R","B",null,"M","M","?","?","M","R","$","M","T","E","R","E","M","M","R","B",null,"M","M","?","M","M","M","R","E","T","R","M","R","M","$","R","B",null,"R","$","E","B"],"character_chosen":"THE_SERVANT","items_purchased":["Defy","Kunai","Membership Card","Vajra","Letter Opener","MoonPhase","SilverBlades","SurpressingFire","Regal Pillow","SurpressingFire","Bag of Marbles","Strawberry","Blood Vial","Sabotage+1","Sunlight+1","SpecialFormula","DualDimension"],"campfire_rested":6,"item_purchase_floors":[8,8,24,24,48,48,48,48,48,53,53,53,53,53,53,53,53],"current_hp_per_floor":[61,58,63,54,33,7,7,7,7,7,28,28,28,28,49,49,70,70,68,68,68,68,68,68,68,68,25,46,46,46,46,46,70,70,70,70,70,22,22,20,41,22,22,43,43,43,36,36,70,43,75,75,82,57,0,0],"gold":137,"neow_bonus":"HUNDRED_GOLD","is_daily":false,"chose_seed":false,"campfire_upgraded":1,"win_rate":0.0,"timestamp":1613633733,"path_taken":["M","M","?","M","M","E","M","$","T","?","R","?","R","M","R","BOSS","M","M","?","?","M","R","$","M","T","E","R","E","?","M","R","BOSS","M","M","?","M","M","M","R","E","T","R","M","R","M","$","R","BOSS","R","$","E","BOSS"],"items_purchased_type":["Card","Relic","Relic","Relic","Relic","Card","Card","Card","Relic","Card","Relic","Relic","Relic","Card","Card","Card","Card"],"build_version":"2020-12-22","purchased_purges":5,"victory":false,"max_hp_per_floor":[65,65,70,70,70,70,70,70,70,70,70,70,70,70,70,70,70,70,70,70,70,70,70,70,70,70,70,70,70,70,70,70,70,70,70,70,70,70,70,70,70,70,70,70,70,70,70,70,70,75,75,75,82,82,82,82],"relic_stats":{"Blood Vial":2,"Regal Pillow":13,"Shovel":3,"counters":[30,182],"CeramicFish":189,"Pantograph":47,"Pen Nib":[5],"Kunai":[21],"Letter Opener":[17],"Orichalcum":[204],"obtain_stats":[{"Regal Pillow":48,"CeramicFish":29,"Vajra":24,"CCEMRelics:SoftDrink":54,"Uniform":0,"EVO:Axolotl":0,"Old Coin":37,"Blood Vial":53,"Matryoshka":21,"Shovel":27,"CCEMRelics:SelfSharpeningBlade":42,"Pantograph":32,"Strawberry":53,"Fusion Hammer":17,"Kunai":8,"aspiration:ChemicalBlood":43,"Pen Nib":43,"The Courier":46,"Letter Opener":48,"Orichalcum":26,"CCEMRelics:IronFruit":3,"MysterySword":34,"CCEMRelics:FryingPan":52,"Molten Egg 2":26,"CCEMRelics:TinyMinotavrHorn":6,"Bag of Marbles":53,"Membership Card":24},{"Regal Pillow":27,"CeramicFish":15,"Vajra":12,"CCEMRelics:SoftDrink":29,"Uniform":0,"EVO:Axolotl":0,"Old Coin":21,"Blood Vial":28,"Matryoshka":11,"Shovel":14,"CCEMRelics:SelfSharpeningBlade":25,"Pantograph":17,"Strawberry":28,"Fusion Hammer":9,"Kunai":6,"aspiration:ChemicalBlood":25,"Pen Nib":25,"The Courier":26,"Letter Opener":27,"Orichalcum":13,"CCEMRelics:IronFruit":2,"MysterySword":18,"CCEMRelics:FryingPan":28,"Molten Egg 2":13,"CCEMRelics:TinyMinotavrHorn":5,"Bag of Marbles":28,"Membership Card":12},{"Regal Pillow":161,"CeramicFish":81,"Vajra":63,"CCEMRelics:SoftDrink":177,"Uniform":0,"EVO:Axolotl":0,"Old Coin":120,"Blood Vial":169,"Matryoshka":52,"Shovel":75,"CCEMRelics:SelfSharpeningBlade":149,"Pantograph":90,"Strawberry":169,"Fusion Hammer":45,"Kunai":25,"aspiration:ChemicalBlood":149,"Pen Nib":149,"The Courier":155,"Letter Opener":161,"Orichalcum":67,"CCEMRelics:IronFruit":8,"MysterySword":106,"CCEMRelics:FryingPan":169,"Molten Egg 2":67,"CCEMRelics:TinyMinotavrHorn":23,"Bag of Marbles":169,"Membership Card":63}]},"card_choices":[{"not_picked":["Unruled","Snipe"],"picked":"BottledTime","floor":1},{"not_picked":["Unruled","Revamp"],"picked":"Spin","floor":2},{"not_picked":["Hightail","FloweringNight"],"picked":"Defy","floor":4},{"not_picked":["ShatteredReality","Rewind"],"picked":"InstantArmor","floor":5},{"not_picked":["Defy","Sabotage"],"picked":"Rearm","floor":6},{"not_picked":["Rewind","BottledTime"],"picked":"Barrier","floor":7},{"not_picked":["Starlight","ShatteredReality"],"picked":"Defy","floor":10},{"not_picked":["Defy","Revamp"],"picked":"GearUp","floor":14},{"not_picked":["Deny","TheWorld"],"picked":"SoulSculpture","floor":16},{"not_picked":["MoonPhase","WasteNot"],"picked":"Starlight","floor":18},{"not_picked":["TimeWarp","Replace"],"picked":"SurpressingFire","floor":19},{"not_picked":["Revamp","WasteNot+1"],"picked":"Starlight","floor":22},{"not_picked":["Solidify","DoubleEdge"],"picked":"Contraction","floor":25},{"not_picked":["Read","Spin+1"],"picked":"Ricochet+1","floor":27},{"not_picked":["Revamp","Shuttle"],"picked":"BestPractice","floor":29},{"not_picked":["BottledTime+1","DoubleEdge+1"],"picked":"SoulSculpture+1","floor":30},{"not_picked":["Revamp","BottledTime"],"picked":"ShiftingGears","floor":31},{"not_picked":["ForgedInTime","TrueSight"],"picked":"FlawlessForm","floor":33},{"not_picked":["Ricochet+1","Starlight+1"],"picked":"Unruled+1","floor":35},{"not_picked":["Misdirection+1","Read"],"picked":"TimeWarp+1","floor":36},{"not_picked":["Rearm+1","Unruled+1"],"picked":"Luminosity","floor":37},{"not_picked":["Starlight+1","Sabotage+1"],"picked":"Contraction+1","floor":38},{"not_picked":["Rearm","Ricochet+1"],"picked":"FanOfKnives+1","floor":39},{"not_picked":["FastForward","Revamp+1"],"picked":"MurderousAura","floor":40},{"not_picked":["Starlight+1","Rearm+1","ShatteredReality+1"],"picked":"SKIP","floor":42},{"not_picked":["Alleviate+1","Replace"],"picked":"Spin+1","floor":45},{"not_picked":["Rearm","FanOfKnives+1"],"picked":"FlawlessForm","floor":47},{"not_picked":["Rearm+1","Comet+1"],"picked":"Rewind","floor":54}],"player_experience":452385,"relics_obtained":[{"floor":3,"key":"CCEMRelics:IronFruit"},{"floor":6,"key":"CCEMRelics:TinyMinotavrHorn"},{"floor":26,"key":"Molten Egg 2"},{"floor":26,"key":"Orichalcum"},{"floor":27,"key":"Shovel"},{"floor":29,"key":"CeramicFish"},{"floor":32,"key":"Pantograph"},{"floor":37,"key":"Old Coin"},{"floor":42,"key":"CCEMRelics:SelfSharpeningBlade"},{"floor":43,"key":"Pen Nib"},{"floor":43,"key":"aspiration:ChemicalBlood"},{"floor":46,"key":"The Courier"},{"floor":52,"key":"CCEMRelics:FryingPan"},{"floor":54,"key":"CCEMRelics:SoftDrink"}],"event_choices":[{"damage_healed":0,"gold_gain":0,"player_choice":"Relic","damage_taken":0,"max_hp_gain":0,"max_hp_loss":0,"event_name":"Wheel of Change","floor":3,"gold_loss":0},{"damage_healed":0,"gold_gain":0,"player_choice":"Forge","damage_taken":0,"max_hp_gain":0,"max_hp_loss":0,"event_name":"Accursed Blacksmith","floor":12,"gold_loss":0,"cards_upgraded":["InstantArmor"]},{"damage_healed":0,"gold_gain":99,"player_choice":"Steal","damage_taken":0,"max_hp_gain":0,"max_hp_loss":0,"event_name":"betterThird:BetterNest","floor":20,"gold_loss":0},{"damage_healed":0,"gold_gain":0,"player_choice":"Opened","damage_taken":0,"relics_obtained":["Matryoshka"],"max_hp_gain":0,"max_hp_loss":0,"event_name":"The Mausoleum","floor":21,"gold_loss":0},{"damage_healed":0,"gold_gain":0,"player_choice":"Fight","damage_taken":0,"max_hp_gain":0,"max_hp_loss":0,"event_name":"MindBloom","floor":37,"gold_loss":0}],"is_beta":false,"boss_relics":[{"not_picked":["CCEMRelics:DefectiveTurbocharger","CCEMRelics:TransientCore"],"picked":"Fusion Hammer"},{"not_picked":["energizedSpire:DeadBattery","energizedSpire:MagnifyingGlass"],"picked":"MysterySword"}],"items_purged_floors":[24,24,48,48,53],"is_endless":false,"potions_floor_spawned":[2,4,10,16,18,25,27,35,38,39,40,45],"killed_by":"The Heart","ascension_level":1}}