{"host":"sxnl403xm2xmiyj1","time":1613648562,"event":{"mods":["BaseMod","Colored Map","Keyboard Shortcuts","Koishi","Minty Spire (QoL Compilation)","Quick Restart","StSLib","SuperFastMode"],"gold_per_floor":[15,15,31,47,61,61,61],"floor_reached":6,"language":"KOR","playtime":175,"items_purged":[],"score":61,"play_id":"e70995b6-f403-4160-b275-422c8625e0f7","local_time":"20210218204242","is_ascension_mode":true,"campfire_choices":[],"circlet_count":0,"master_deck":["AscendersBane","Koishi:BasicStrike","Koishi:BasicStrike","Koishi:BasicStrike","Koishi:BasicStrike","Koishi:BasicDefend","Koishi:BasicDefend","Koishi:BasicDefend","Koishi:BasicDefend","Koishi:Provoke","Koishi:HauntingSlash","Koishi:SubterraneanRose","Koishi:PhantomStrike","Koishi:PhantomBarrier","Koishi:Untouchable"],"relics":["Koishi:ImaginaryFriend","CaptainsWheel"],"acts_visited":["Exordium"],"potions_floor_usage":[],"damage_taken":[{"damage":3.0,"enemies":"Jaw Worm","floor":1.0,"turns":5.0},{"damage":0.0,"enemies":"Small Slimes","floor":3.0,"turns":5.0},{"damage":0,"enemies":"Cultist","floor":4,"turns":4},{"damage":6,"enemies":"2 Fungi Beasts","floor":5,"turns":5},{"damage":51,"enemies":"Lagavulin","floor":6,"turns":12}],"seed_played":"4705559108311765439","potions_obtained":[{"floor":5,"key":"Weak Potion"}],"is_trial":false,"path_per_floor":["M","?","M","M","M","E"],"character_chosen":"KOISHI","items_purchased":[],"campfire_rested":0,"item_purchase_floors":[],"current_hp_per_floor":[54,54,56,57,51,0,0],"gold":61,"neow_bonus":"ONE_RARE_RELIC","is_daily":false,"chose_seed":false,"campfire_upgraded":0,"win_rate":0.0,"timestamp":1613648562,"path_taken":["M","?","M","M","M","E"],"items_purchased_type":[],"build_version":"2020-12-22","purchased_purges":0,"victory":false,"max_hp_per_floor":[60,60,60,60,60,60,60],"card_choices":[{"not_picked":["Koishi:BloodcurdlingScream","Koishi:Prune"],"picked":"Koishi:SubterraneanRose","floor":1.0},{"not_picked":["Koishi:RacingHeart","Koishi:DanmakuParanoia"],"picked":"Koishi:PhantomStrike","floor":3},{"not_picked":["Koishi:UnansweredLove","Koishi:ParalyzingFear"],"picked":"Koishi:PhantomBarrier","floor":4},{"not_picked":["Koishi:Possession","Koishi:UnseenTerror"],"picked":"Koishi:Untouchable","floor":5}],"player_experience":265992,"relics_obtained":[],"event_choices":[{"damage_healed":0.0,"max_hp_gain":0.0,"max_hp_loss":0.0,"gold_gain":0.0,"event_name":"Golden Idol","player_choice":"Ignored","floor":2.0,"gold_loss":0.0,"damage_taken":0.0}],"is_beta":false,"boss_relics":[],"items_purged_floors":[],"is_endless":false,"potions_floor_spawned":[3,5],"killed_by":"Lagavulin","ascension_level":12}}