{"host":"kb6kd92pmlm29812","time":1613610175,"event":{"mods":["AchievementEnabler","BaseMod","Colored Map","Highlight Path","Minty Spire (QoL Compilation)","Permanent Neow","Quick Restart","StSLib"],"gold_per_floor":[11,11,29,29,29,29,62,62,62,62,62],"floor_reached":10,"language":"ENG","playtime":383,"items_purged":[],"score":67,"play_id":"f45922de-3193-43b4-b8a4-4a46d1c38184","local_time":"20210217200255","is_ascension_mode":true,"campfire_choices":[{"floor":6,"key":"DIG"},{"floor":8,"key":"DIG"}],"circlet_count":0,"master_deck":["Strike_G","Strike_G","Strike_G","Strike_G","Defend_G","Defend_G","Defend_G","Defend_G+1","Defend_G","Survivor+1","Neutralize","Well Laid Plans","Outmaneuver","Sucker Punch","Eviscerate"],"relics":["Ring of the Snake","Shovel","Oddly Smooth Stone","War Paint","Boot","CaptainsWheel"],"acts_visited":["Exordium"],"potions_floor_usage":[],"damage_taken":[{"damage":0,"enemies":"Small Slimes","floor":1,"turns":5},{"damage":0,"enemies":"Jaw Worm","floor":3,"turns":6},{"damage":30,"enemies":"Gremlin Nob","floor":7,"turns":6},{"damage":0,"enemies":"3 Sentries","floor":10,"turns":1}],"seed_played":"775650073313526806","potions_obtained":[{"floor":7,"key":"LiquidBronze"}],"is_trial":false,"path_per_floor":["M","?","M","?","?","R","E","R","T","E"],"character_chosen":"THE_SILENT","items_purchased":[],"campfire_rested":0,"item_purchase_floors":[],"current_hp_per_floor":[70,70,70,63,63,63,33,33,33,33,33],"gold":62,"neow_bonus":"ONE_RARE_RELIC","is_daily":false,"chose_seed":false,"campfire_upgraded":0,"win_rate":0.0,"timestamp":1613610175,"path_taken":["M","?","M","?","?","R","E","R","T","E"],"items_purchased_type":[],"build_version":"2020-12-22","purchased_purges":0,"victory":false,"max_hp_per_floor":[70,70,70,70,70,70,70,70,70,70,70],"card_choices":[{"not_picked":["Poisoned Stab","Deadly Poison"],"picked":"Well Laid Plans","floor":1},{"not_picked":["Deflect","Prepared"],"picked":"Sucker Punch","floor":3},{"not_picked":["Sucker Punch","Deflect"],"picked":"Eviscerate","floor":7}],"player_experience":48850,"relics_obtained":[{"floor":6,"key":"War Paint"},{"floor":7,"key":"Boot"},{"floor":8,"key":"CaptainsWheel"}],"event_choices":[{"damage_healed":0,"gold_gain":0,"cards_transformed":["Strike_G"],"player_choice":"Change","damage_taken":0,"max_hp_gain":0,"max_hp_loss":0,"event_name":"Living Wall","floor":2,"gold_loss":0,"cards_obtained":["Outmaneuver"]},{"damage_healed":0,"gold_gain":0,"player_choice":"Success","damage_taken":7,"relics_obtained":["Oddly Smooth Stone"],"max_hp_gain":0,"max_hp_loss":0,"event_name":"Scrap Ooze","floor":4,"gold_loss":0},{"damage_healed":0,"gold_gain":0,"player_choice":"Ignored","damage_taken":0,"max_hp_gain":0,"max_hp_loss":0,"event_name":"Liars Game","floor":5,"gold_loss":0}],"is_beta":false,"boss_relics":[],"items_purged_floors":[],"is_endless":false,"potions_floor_spawned":[7],"killed_by":"3 Sentries","ascension_level":1}}