{"host":"121m0oxswv9tg9hk","time":1613647739,"event":{"mods":["AchievementEnabler","BaseMod","Better Third Choice","Hermit","Hubris","Minty Spire (QoL Compilation)","Replay The Spire","Shade Mod","StSLib","The Gatherer","The Hierophant"],"gold_per_floor":[111,127,127,139,156,183,183,183,183],"floor_reached":8,"language":"ENG","playtime":727,"items_purged":[],"score":116,"play_id":"b2e823b7-2532-49ed-be74-b33f35ba720e","local_time":"20210218122859","is_ascension_mode":true,"campfire_choices":[{"floor":7,"key":"REST"}],"circlet_count":0,"master_deck":["AscendersBane","Strike_G","Strike_G","Strike_G","Strike_G","Strike_G","Defend_G","Defend_G","Defend_G","Defend_G","Defend_G","Survivor","Neutralize","Flying Knee","Infinite Blades","Draining Mist","ReplayTheSpireMod:Shiv Toss","Poisoned Stab"],"relics":["Ring of the Snake","NeowsBlessing","hubris:PeanutButter"],"acts_visited":["Exordium"],"potions_floor_usage":[6,6],"damage_taken":[{"damage":0,"enemies":"Cultist","floor":1,"turns":1},{"damage":0,"enemies":"Small Slimes","floor":2,"turns":1},{"damage":0,"enemies":"Jaw Worm","floor":4,"turns":1},{"damage":28,"enemies":"Lots of Slimes","floor":5,"turns":7},{"damage":24,"enemies":"Replay:BlueRogue","floor":6,"turns":13},{"damage":41,"enemies":"Gremlin Nob","floor":8,"turns":5}],"seed_played":"5315606684517251991","potions_obtained":[{"floor":1,"key":"Weak Potion"},{"floor":2,"key":"Dexterity Potion"},{"floor":3,"key":"Regen Potion"}],"is_trial":false,"path_per_floor":["M","M","?","M","M","E","R","E"],"character_chosen":"THE_SILENT","items_purchased":[],"campfire_rested":1,"item_purchase_floors":[],"current_hp_per_floor":[59,59,59,59,31,22,41,0,0],"gold":183,"neow_bonus":"THREE_ENEMY_KILL","is_daily":false,"chose_seed":false,"campfire_upgraded":0,"win_rate":0.0,"timestamp":1613647739,"path_taken":["M","M","?","?","M","E","R","E"],"items_purchased_type":[],"build_version":"2020-12-22","purchased_purges":0,"victory":false,"max_hp_per_floor":[66,66,66,66,66,66,66,66,66],"card_choices":[{"not_picked":["Sneak Up","Endless Agony"],"picked":"Flying Knee","floor":1},{"not_picked":["Dagger Throw","Sucker Punch"],"picked":"Infinite Blades","floor":2},{"not_picked":["PiercingWail","Poisoned Stab"],"picked":"Draining Mist","floor":4},{"not_picked":["Prepared","Die Die Die"],"picked":"ReplayTheSpireMod:Shiv Toss","floor":5},{"not_picked":["Slice","Backflip"],"picked":"Poisoned Stab","floor":6}],"player_experience":2424442,"relics_obtained":[{"floor":6,"key":"hubris:PeanutButter"}],"event_choices":[{"damage_healed":0,"gold_gain":0,"player_choice":"Got Potions","damage_taken":0,"max_hp_gain":0,"max_hp_loss":0,"event_name":"Lab","floor":3,"gold_loss":0}],"is_beta":false,"boss_relics":[],"items_purged_floors":[],"is_endless":false,"potions_floor_spawned":[1,2],"killed_by":"Gremlin Nob","ascension_level":20}}