{"host":"frvsqvcs3hhpssre","time":1613631660,"event":{"mods":["100% Spire Juice","ATMod(°¢èªMod)","Act Like it!","Ascension Reborn","BaseMod","Better-Laid Plans","Challenge The Spire","Colored Powertips","Disable Question Mark Monsters","Highlight Path","Minty Spire (QoL Compilation)","MostiFishMod","Permanent Neow","Quick Restart","Relic Stats","StSLib","noobMod","óô»ðÖ¸ÄÏ"],"gold_per_floor":[92,112,5,5,5,39,39,39,63,97,117,131,26,40,40,139,19,37,66,81,97,27,57,69,97,122,136,76,76,108,118,118,217,217,231,25,169,47,47,102,216,305,332,384,427,513,557,557,557,582,582,582,30,112,137],"floor_reached":56,"language":"ZHS","playtime":2529,"items_purged":["Moonworks:Strike","Moonworks:Strike","Moonworks:Defend"],"score":1462,"play_id":"cdf469d8-a46f-4b80-a82c-428f878b9a4b","local_time":"20210218150100","is_ascension_mode":true,"campfire_choices":[{"data":"Moonworks:NicePresent","floor":7,"key":"SMITH"},{"data":"Moonworks:CloudOfSeagulls","floor":29,"key":"SMITH"},{"data":"Moonworks:EvilSpyWorkPreparation","floor":32,"key":"SMITH"},{"floor":49,"key":"RECALL"},{"data":"Moonworks:JonathanRush","floor":52,"key":"SMITH"}],"circlet_count":0,"master_deck":["Moonworks:Strike+1","Moonworks:Defend","Moonworks:Defend","Moonworks:Defend","Moonworks:Ambush","Moonworks:LongDistanceShot+1","Moonworks:LuckyCharm","Moonworks:BackdoorTrade","Moonworks:NicePresent+1","Moonworks:CookingTime","Moonworks:Wanted","Moonworks:Dash","Moonworks:Flamethrower+1","Moonworks:Bloodlust+1","Moonworks:MixPhenomenon","Moonworks:IndiscriminateFireSupport","Moonworks:EvilSpyWorkPreparation+1","Moonworks:CloudOfSeagulls+1","Moonworks:NicePresent","Moonworks:JonathanRush+1","Moonworks:RocketCannon","Moonworks:HolyNight","Moonworks:SakisCookie+1","Moonworks:CloudOfSeagulls+1","Flash of Steel","Moonworks:JonathanRush+1","Moonworks:JonathanRush+1","Moonworks:MixPhenomenon","Moonworks:NicePresent+1","Moonworks:EvilSpyWorkPreparation+1","Moonworks:JonathanRush+1","Moonworks:JonathanRush","Moonworks:JonathanRush"],"relics":["Moonworks:BrokenBomb","Moonworks:Homemark","ice","AT_ATBox","DaveBox","The Courier","SynthV:TestCard","MealTicket","Bag of Preparation","AT_ForceNature","JellyFishMachine","Moonworks:LittleGull","Darkstone Periapt","Whetstone","AT_SunfireAegis","AT_TrinityForce","AT_MibuBalloonWealth","AT_ArchangelStaff","Matryoshka","Lantern","Blue Candle","AT_SilvercatRing","Bronze Scales","AT_BladeRuinedKing","Akabeko"],"acts_visited":["Exordium","TheCity","TheBeyond","TheEnding"],"potions_floor_usage":[6,10,16,16,33],"damage_taken":[{"damage":0,"enemies":"Cultist","floor":1,"turns":4},{"damage":0,"enemies":"2 Louse","floor":2,"turns":2},{"damage":5,"enemies":"Jaw Worm","floor":3,"turns":2},{"damage":32,"enemies":"Gremlin Nob","floor":6,"turns":4},{"damage":0,"enemies":"Lagavulin","floor":10,"turns":2},{"damage":3,"enemies":"Exordium Thugs","floor":11,"turns":4},{"damage":0,"enemies":"Gremlin Gang","floor":12,"turns":3},{"damage":20,"enemies":"Looter","floor":13,"turns":3},{"damage":0,"enemies":"2 Fungi Beasts","floor":14,"turns":1},{"damage":70,"enemies":"Hexaghost","floor":16,"turns":15},{"damage":0,"enemies":"Spheric Guardian","floor":18,"turns":2},{"damage":24,"enemies":"2 Thieves","floor":19,"turns":3},{"damage":0,"enemies":"Sentry and Sphere","floor":20,"turns":2},{"damage":6,"enemies":"Centurion and Healer","floor":21,"turns":3},{"damage":46,"enemies":"Gremlin Leader","floor":23,"turns":4},{"damage":4,"enemies":"Cultist and Chosen","floor":24,"turns":3},{"damage":5,"enemies":"Book of Stabbing","floor":25,"turns":3},{"damage":4,"enemies":"Snake Plant","floor":27,"turns":2},{"damage":19,"enemies":"Slavers","floor":30,"turns":3},{"damage":0,"enemies":"3 Cultists","floor":31,"turns":2},{"damage":4,"enemies":"Champ","floor":33,"turns":5},{"damage":5,"enemies":"3 Shapes","floor":35,"turns":1},{"damage":0,"enemies":"3 Darklings","floor":37,"turns":1},{"damage":23,"enemies":"Nemesis","floor":40,"turns":5},{"damage":13,"enemies":"4 Shapes","floor":41,"turns":2},{"damage":4,"enemies":"Jaw Worm Horde","floor":42,"turns":2},{"damage":4,"enemies":"Giant Head","floor":44,"turns":4},{"damage":4,"enemies":"Transient","floor":45,"turns":5},{"damage":2,"enemies":"Sphere and 2 Shapes","floor":46,"turns":1},{"damage":16,"enemies":"Spire Growth","floor":47,"turns":2},{"damage":84,"enemies":"Time Eater","floor":50,"turns":7},{"damage":15,"enemies":"Shield and Spear","floor":54,"turns":2},{"damage":35,"enemies":"The Heart","floor":55,"turns":3}],"seed_played":"4539203750815054590","potions_obtained":[{"floor":1,"key":"Ancient Potion"},{"floor":2,"key":"Swift Potion"},{"floor":6,"key":"AttackPotion"},{"floor":11,"key":"DuplicationPotion"},{"floor":20,"key":"AttackPotion"},{"floor":25,"key":"Energy Potion"},{"floor":37,"key":"Swift Potion"}],"is_trial":false,"path_per_floor":["M","M","M","$","?","E","R","?","T","E","M","M","M","M","R","B",null,"M","M","M","M","?","E","M","E","T","M","$","R","E","M","R","B",null,"M","$","M","$","?","E","M","M","T","E","M","M","M","?","R","B",null,"R","$","E","B",null],"character_chosen":"THE_STARBREAKER","items_purchased":["AT_MibuBalloonWealth","AT_ArchangelStaff","AT_SilvercatRing","Bronze Scales","AT_BladeRuinedKing","Moonworks:JonathanRush"],"campfire_rested":0,"item_purchase_floors":[36,38,53,53,53,53],"current_hp_per_floor":[60,60,55,55,60,28,28,28,28,28,25,31,17,17,17,15,75,75,51,51,69,69,35,45,58,58,70,85,85,76,82,82,89,90,87,96,96,96,96,96,97,107,107,108,112,112,112,112,112,46,120,120,120,114,108],"gold":137,"neow_bonus":"HUNDRED_GOLD","is_daily":false,"chose_seed":false,"campfire_upgraded":4,"win_rate":0.0,"timestamp":1613631660,"path_taken":["M","M","M","?","?","E","R","?","T","E","?","M","M","M","R","BOSS","M","M","?","M","?","E","M","E","T","M","?","R","E","M","R","BOSS","M","$","?","$","?","E","M","M","T","E","M","M","M","?","R","BOSS","R","$","E","BOSS"],"items_purchased_type":["Relic","Relic","Relic","Relic","Relic","Card"],"build_version":"2020-12-22","purchased_purges":3,"victory":true,"max_hp_per_floor":[60,60,60,60,65,65,65,65,65,65,65,65,65,65,65,75,75,75,77,77,78,78,83,83,86,86,86,86,86,89,89,89,90,90,96,96,96,96,96,103,106,107,107,108,112,112,113,113,113,120,120,120,120,123,161],"relic_stats":{"Darkstone Periapt":0,"counters":[33,107],"Blue Candle":[0],"Bronze Scales":[12],"MealTicket":24,"Bag of Preparation":[58],"Whetstone":["Moonworks:LongDistanceShot","Moonworks:Strike"],"obtain_stats":[{"Darkstone Periapt":25,"Lantern":43,"AT_ATBox":0,"DaveBox":0,"AT_MibuBalloonWealth":36,"ice":0,"Bag of Preparation":9,"Whetstone":26,"AT_ArchangelStaff":38,"Matryoshka":40,"AT_TrinityForce":34,"MealTicket":6,"AT_ForceNature":10,"Moonworks:LittleGull":23,"JellyFishMachine":17,"Blue Candle":44,"The Courier":0,"AT_BladeRuinedKing":53,"AT_SilvercatRing":53,"Akabeko":54,"SynthV:TestCard":1,"Moonworks:Homemark":0,"Bronze Scales":53,"AT_SunfireAegis":30,"Moonworks:BrokenBomb":0},{"Darkstone Periapt":17,"Lantern":26,"AT_ATBox":0,"DaveBox":0,"AT_MibuBalloonWealth":22,"ice":0,"Bag of Preparation":4,"Whetstone":17,"AT_ArchangelStaff":23,"Matryoshka":24,"AT_TrinityForce":21,"MealTicket":4,"AT_ForceNature":5,"Moonworks:LittleGull":15,"JellyFishMachine":10,"Blue Candle":27,"The Courier":0,"AT_BladeRuinedKing":31,"AT_SilvercatRing":31,"Akabeko":32,"SynthV:TestCard":1,"Moonworks:Homemark":0,"Bronze Scales":31,"AT_SunfireAegis":19,"Moonworks:BrokenBomb":0},{"Darkstone Periapt":60,"Lantern":83,"AT_ATBox":0,"DaveBox":0,"AT_MibuBalloonWealth":73,"ice":0,"Bag of Preparation":12,"Whetstone":60,"AT_ArchangelStaff":74,"Matryoshka":79,"AT_TrinityForce":72,"MealTicket":12,"AT_ForceNature":14,"Moonworks:LittleGull":54,"JellyFishMachine":40,"Blue Candle":87,"The Courier":0,"AT_BladeRuinedKing":102,"AT_SilvercatRing":102,"Akabeko":104,"SynthV:TestCard":4,"Moonworks:Homemark":0,"Bronze Scales":102,"AT_SunfireAegis":65,"Moonworks:BrokenBomb":0}]},"card_choices":[{"not_picked":["Moonworks:Bloodlust","Moonworks:SakisCookie"],"picked":"Moonworks:LuckyCharm","floor":1},{"not_picked":["Moonworks:JonathanRush","Moonworks:BigMagnum","Moonworks:EvilSpyWorkPreparation","Moonworks:Assault"],"picked":"Moonworks:BackdoorTrade","floor":2},{"not_picked":["Moonworks:SakisCookie","Moonworks:AnotherUltimateWeapon","Moonworks:ImOnFire","Moonworks:LulusLuckyEgg","Moonworks:JonathanRush"],"picked":"SKIP","floor":3},{"not_picked":["Moonworks:BigMagnum","Moonworks:OutOfAmmo","Moonworks:AngelHand","Moonworks:Poppoformation"],"picked":"Moonworks:NicePresent","floor":6},{"not_picked":["Moonworks:BeyondHell","Moonworks:UnpaidWork","Moonworks:CompletionReward","Moonworks:SakisCookie","Moonworks:SweetBattle"],"picked":"SKIP","floor":10},{"not_picked":["Moonworks:RagingMadness","Moonworks:SweetBattle","Moonworks:CloudOfSeagulls","Moonworks:DeployBits"],"picked":"Moonworks:CookingTime","floor":11},{"not_picked":["Moonworks:JonathanRush","Moonworks:IntelligenceOfficer","Moonworks:EvilSpyWorkPreparation","Moonworks:UnluckyCharm"],"picked":"Moonworks:Wanted","floor":12},{"not_picked":["Moonworks:Assault","Moonworks:ImOnFire","Moonworks:BigMagnum","Moonworks:NicePresent"],"picked":"Moonworks:Dash","floor":13},{"not_picked":["Moonworks:CloudOfSeagulls","Moonworks:JonathanRush","Moonworks:RagingMadness","Moonworks:LulusLuckyEgg","Moonworks:SakisCookie"],"picked":"SKIP","floor":14},{"not_picked":["Moonworks:SinkOrSwim","Moonworks:EvilMastermind","Moonworks:PlushieMaster","Moonworks:Wanted"],"picked":"Moonworks:FinalBattle","floor":16},{"not_picked":["Moonworks:Poppoformation","Moonworks:Assault","Moonworks:LulusLuckyEgg","Moonworks:SakisCookie"],"picked":"Moonworks:Flamethrower+1","floor":18},{"not_picked":["Moonworks:Poppoformation","Moonworks:StiffCrystal","Moonworks:TacticalRetreat","Moonworks:SakisCookie"],"picked":"Moonworks:Bloodlust+1","floor":19},{"not_picked":["Moonworks:JonathanRush","Moonworks:NicePresent","Moonworks:x16BigRocket","Moonworks:CloudOfSeagulls"],"picked":"Moonworks:MixPhenomenon","floor":20},{"not_picked":["Moonworks:JonathanRush","Moonworks:ImOnFire","Moonworks:FinalSurgery","Moonworks:SakisCookie"],"picked":"Moonworks:IndiscriminateFireSupport","floor":21},{"not_picked":["Moonworks:RedAndBlue","Moonworks:FinalSurgery","Moonworks:ImOnFire","Moonworks:NicePresent"],"picked":"Moonworks:EvilSpyWorkPreparation","floor":23},{"not_picked":["Moonworks:AccelHyper","Moonworks:MiracleRedBeanIceCream","Moonworks:Assault","Moonworks:IndiscriminateFireSupport"],"picked":"Moonworks:CloudOfSeagulls","floor":24},{"not_picked":["Moonworks:DeployBits","Moonworks:IndiscriminateFireSupport+1","Moonworks:ImOnFire","Moonworks:IntelligenceOfficer"],"picked":"Moonworks:NicePresent","floor":25},{"not_picked":["Moonworks:SakisCookie+1","Moonworks:Poppoformation","Moonworks:NicePresent+1","Moonworks:ImmovableObject"],"picked":"Moonworks:JonathanRush+1","floor":27},{"not_picked":["Moonworks:CloudOfSeagulls+1","Moonworks:Bloodlust","Moonworks:CookingTime+1","Moonworks:NicePresent+1"],"picked":"Moonworks:RocketCannon","floor":30},{"not_picked":["Moonworks:StiffCrystal","Moonworks:SelfDestruct","Moonworks:Bloodlust+1","Moonworks:x16BigRocket+1","Moonworks:CastOff"],"picked":"SKIP","floor":31},{"not_picked":["Moonworks:EvilMastermind","Moonworks:Encore","Moonworks:OutOfAmmo","Moonworks:GoAway"],"picked":"Moonworks:HolyNight","floor":33},{"not_picked":["Moonworks:DeployBits","Moonworks:LulusLuckyEgg","Moonworks:AwakeningOfTalent+1","Moonworks:Assault"],"picked":"Moonworks:SakisCookie+1","floor":35},{"not_picked":["Moonworks:EvilSpyWorkPreparation","Moonworks:JonathanRush+1","Moonworks:IndiscriminateFireSupport","Moonworks:LulusLuckyEgg"],"picked":"Moonworks:CloudOfSeagulls+1","floor":37},{"not_picked":["Mind Blast","AT_EmpoweredMortalDraw","PanicButton","MostiFishMod:SupremeArchaeology"],"picked":"Flash of Steel","floor":39},{"not_picked":["Moonworks:ReproductionOfRecords+1","Moonworks:NicePresent","Moonworks:IndiscriminateFireSupport","Moonworks:DeployBits+1"],"picked":"Moonworks:JonathanRush","floor":40},{"not_picked":["Moonworks:CloudOfSeagulls+1","Moonworks:MixPhenomenon","Moonworks:RedAndBlue+1","Moonworks:LulusLuckyEgg+1"],"picked":"Moonworks:JonathanRush+1","floor":41},{"not_picked":["Moonworks:JonathanRush","Moonworks:DeployBits","Moonworks:ImOnFire","Moonworks:Wanted"],"picked":"Moonworks:MixPhenomenon","floor":42},{"not_picked":["Moonworks:AwakeningOfTalent","Moonworks:SinkOrSwim","Moonworks:LuckyCharm+1","Moonworks:CookingTime","Moonworks:FinalSurgery+1"],"picked":"SKIP","floor":44},{"not_picked":["Moonworks:BindingChains+1","Moonworks:BigMagnum+1","Moonworks:UnluckyCharm","Moonworks:LulusLuckyEgg+1"],"picked":"Moonworks:NicePresent+1","floor":45},{"not_picked":["Moonworks:ImOnFire","Moonworks:Heat300Percent+1","Moonworks:Bloodlust+1","Moonworks:Assault"],"picked":"Moonworks:EvilSpyWorkPreparation","floor":46},{"not_picked":["Moonworks:DeployBits+1","Moonworks:RagingMadness","Moonworks:Assault","Moonworks:MixPhenomenon+1"],"picked":"Moonworks:JonathanRush+1","floor":47},{"not_picked":["Moonworks:DeployBits+1","Moonworks:EvilSpyWorkPreparation+1","Moonworks:FinalBattle","Moonworks:ImOnFire"],"picked":"Moonworks:JonathanRush","floor":54}],"player_experience":63610,"relics_obtained":[{"floor":1,"key":"SynthV:TestCard"},{"floor":6,"key":"MealTicket"},{"floor":9,"key":"Bag of Preparation"},{"floor":10,"key":"AT_ForceNature"},{"floor":23,"key":"Moonworks:LittleGull"},{"floor":25,"key":"Darkstone Periapt"},{"floor":26,"key":"Whetstone"},{"floor":30,"key":"AT_SunfireAegis"},{"floor":40,"key":"Matryoshka"},{"floor":43,"key":"Lantern"},{"floor":44,"key":"Blue Candle"},{"floor":54,"key":"Akabeko"}],"event_choices":[{"damage_healed":0,"gold_gain":0,"player_choice":"Donut","damage_taken":0,"max_hp_gain":5,"max_hp_loss":0,"event_name":"Big Fish","floor":5,"gold_loss":0},{"cards_removed":["Moonworks:Strike"],"damage_healed":0,"gold_gain":0,"player_choice":"Purged","damage_taken":0,"max_hp_gain":0,"max_hp_loss":0,"event_name":"Purifier","floor":8,"gold_loss":0},{"damage_healed":0,"gold_gain":100,"player_choice":"Bet on Murderer","damage_taken":0,"max_hp_gain":0,"max_hp_loss":0,"event_name":"The Joust","floor":22,"gold_loss":50},{"damage_healed":0,"gold_gain":0,"player_choice":"Memory 1","damage_taken":0,"max_hp_gain":0,"max_hp_loss":0,"event_name":"SensoryStone","floor":39,"gold_loss":0},{"cards_removed":["Moonworks:FinalBattle"],"damage_healed":0,"gold_gain":0,"player_choice":"Removed Power","damage_taken":0,"max_hp_gain":0,"max_hp_loss":0,"event_name":"Falling","floor":48,"gold_loss":0}],"is_beta":false,"boss_relics":[{"not_picked":["Snecko Eye","Coffee Dripper"],"picked":"JellyFishMachine"},{"not_picked":["FeatherPendant","Moonworks:SBBomb"],"picked":"AT_TrinityForce"}],"items_purged_floors":[28,36,53],"is_endless":false,"potions_floor_spawned":[1,2,6,11,13,20,25,27,30,31,37,42,54],"ascension_level":0}}