{"host":"9rqk712yu6s3287p","time":1613636261,"event":{"mods":["ATMod(°¢èªMod)","Act Like it!","BaseMod","CapriCore","Chen","Gensokyo","Googly Eyes","Marisa£¨ìFÓê¡¡Ä§ÀíÉ³£©","Minty Spire (QoL Compilation)","MostiFishMod","Onozuka Komachi Mod","Reimu£¨²©ÀöÁéÃÎ£©","Remilia_Scarlet Moed£¨ÀÙÃ×ÀòÑÇ¡¤Ë¹¿¨À×ÌØ£©3.3.5","Remilia£¨ÀÙÃ×ÀòÑÇ£©","RumiaBox-Â¶Ã×æ«µÄÉñÃØºÐ×Ó","StSLib","The Administrix","The Immortal","The Servant 0.9.4","Yakumo Yukari mod","Youmu£¨»êÆÇÑýÃÎ£©","Yuyuko","[IsaacMod]ÒÔÈö¼âËþ","¡¾ÒÅÎï¿¨ÅÆ¡¿REMEMod"],"gold_per_floor":[132,189,249,279,359,437,536,623,623,729,927,1019,1143,1256,1268,1502,1514,1613,1709,1767,1836,1888,2102,2332,2546,2558,2790,3107,3407,3715,4024,4036,4473,4485,4497,4497],"floor_reached":35,"language":"ZHS","playtime":2061,"items_purged":[],"score":2467,"play_id":"c2b14b7e-6cd4-42c7-99a4-828ebf75bfaa","local_time":"20210218161741","daily_mods":["Shiny","Vintage","Heirloom","Time Dilation","Flight","Elite Swarm","Lethality","Midas","Binary"],"is_ascension_mode":true,"campfire_choices":[{"floor":15.0,"key":"RECALL"},{"data":"1","floor":32,"key":"LIFT"}],"circlet_count":0,"master_deck":["AscendersBane","TricksterDevil+1","BatForm+1","ForecastOfChange+1","CurseOfVladTepes+1","ScarletMeister+1","QueenOfMidnight+1","BloodyHallows+1","HeartBreak+1","BloodRain+1","EquivalentExchange+1","KillingBlow+1","BloodyCatastrophe+1","ChaoticDestiny+1","BloodySeventeenLaser+1","HellCatastrophe+1","ScarletCoffin+1","DemonKingCradle+1","TransientEternity+1","CeilingFear+1"],"relics":["Snecko Eye","Busted Crown","AT_ATBox","DaveBox","REME_ComplimentaryCards","HushsDoor","EdensBlessing","GuppysTail","BloodWine","AT_BladeRuinedKing","PreservedInsect","SynthV:TestCard","SumBook","UnicornStump","AT_BellowingDragoncrestRing","SharpPlug","SalivaCoin","AT_Kusabimaru","Omamori","Regal Pillow","Unceasing Top","REME_HandOfSuture","Dream Catcher","PunchingBag","TuHaoJin","GodSword1","Anchor","Bottled Flame","Prayer Wheel","Eternal Feather","Mango","Calipers","War Paint","AT_ImmortalShieldbow","MealTicket","Chaos","MawBank","ChampionBelt","Toxic Egg 2","TimeKeys","REME_DemonsWealth","FairyMaid","MegaBlast","Meat on the Bone","Ginger","TimeFreeze","Girya","Habit","AT_TheCollector","Ancient Tea Set","FossilizedHelix","BFFS","Strange Spoon","AddBug","AT_TheCollector","GreenFoldingFan","MagicDraw1","SentryEyes","TungstenRod","Mummified Hand","BookOfRevelations","AT_DeathDance","Gambling Chip"],"acts_visited":["Exordium","TheCity","TheBeyond"],"potions_floor_usage":[30],"damage_taken":[{"damage":9.0,"enemies":"Jaw Worm","floor":1.0,"turns":3.0},{"damage":0.0,"enemies":"Cultist","floor":2.0,"turns":2.0},{"damage":2.0,"enemies":"Small Slimes","floor":3.0,"turns":3.0},{"damage":0.0,"enemies":"Gremlin Gang","floor":4.0,"turns":5.0},{"damage":21.0,"enemies":"3 Louse","floor":5.0,"turns":3.0},{"damage":0.0,"enemies":"Lagavulin","floor":6.0,"turns":2.0},{"damage":0.0,"enemies":"Gremlin Nob","floor":7.0,"turns":2.0},{"damage":0.0,"enemies":"Lagavulin","floor":8.0,"turns":1.0},{"damage":4.0,"enemies":"Gremlin Nob","floor":10.0,"turns":2.0},{"damage":0.0,"enemies":"3 Sentries","floor":11.0,"turns":15.0},{"damage":12.0,"enemies":"Gremlin Nob","floor":12.0,"turns":3.0},{"damage":4.0,"enemies":"Lagavulin","floor":13.0,"turns":2.0},{"damage":12.0,"enemies":"3 Sentries","floor":14.0,"turns":3.0},{"damage":0.0,"enemies":"The Guardian","floor":16.0,"turns":3.0},{"damage":0.0,"enemies":"Gremlin Leader","floor":18.0,"turns":1.0},{"damage":0.0,"enemies":"REME_1_Revenger","floor":19.0,"turns":3.0},{"damage":5.0,"enemies":"Chosen","floor":20.0,"turns":5.0},{"damage":0.0,"enemies":"Shell Parasite","floor":21.0,"turns":1.0},{"damage":4.0,"enemies":"Sentry and Sphere","floor":22.0,"turns":3.0},{"damage":0.0,"enemies":"Gremlin Leader","floor":23.0,"turns":3.0},{"damage":20.0,"enemies":"Slavers","floor":24.0,"turns":3.0},{"damage":0.0,"enemies":"Book of Stabbing","floor":25.0,"turns":1.0},{"damage":0,"enemies":"Book of Stabbing","floor":27,"turns":2},{"damage":0,"enemies":"Gremlin Leader","floor":28,"turns":1},{"damage":2,"enemies":"Book of Stabbing","floor":29,"turns":2},{"damage":10,"enemies":"Slavers","floor":30,"turns":3},{"damage":0,"enemies":"Book of Stabbing","floor":31,"turns":2},{"damage":0,"enemies":"Collector","floor":33,"turns":1},{"damage":0,"enemies":"Giant Head","floor":35,"turns":1}],"seed_played":"-2068521940663394363","potions_obtained":[{"floor":1.0,"key":"Swift Potion"},{"floor":1.0,"key":"Dexterity Potion"},{"floor":2.0,"key":"GrandPatriotsElixir:ReiMu"},{"floor":3.0,"key":"DistilledChaos"},{"floor":3.0,"key":"ColorlessPotion"},{"floor":4.0,"key":"DistilledChaos"},{"floor":4.0,"key":"Fire Potion"},{"floor":5.0,"key":"DistilledChaos"},{"floor":6.0,"key":"REME_GoldPotion"},{"floor":7.0,"key":"SteroidPotion"},{"floor":11.0,"key":"DuplicationPotion"},{"floor":11.0,"key":"Energy Potion"},{"floor":12.0,"key":"Swift Potion"},{"floor":13.0,"key":"GrandPatriotsElixir:ReiMu"},{"floor":14.0,"key":"FearPotion"},{"floor":16.0,"key":"FearPotion"},{"floor":19.0,"key":"Weak Potion"},{"floor":20.0,"key":"GrandPatriotsElixir:ReiMu"},{"floor":22.0,"key":"GrandPatriotsElixir:ReiMu"},{"floor":24.0,"key":"DuplicationPotion"},{"floor":25,"key":"LiquidBronze"},{"floor":28,"key":"Energy Potion"},{"floor":33,"key":"EntropicBrew"}],"is_trial":true,"path_per_floor":["M","M","M","M","M","E","E","E","T","E","E","E","E","E","R","B",null,"M","M","M","M","M","E","E","M","T","E","E","E","E","E","R","B",null,"M"],"character_chosen":"REMILIA","items_purchased":[],"campfire_rested":0,"item_purchase_floors":[],"current_hp_per_floor":[54,54,52,52,47,49,50,50,50,64,84,84,84,84,84,84,84,84,84,79,79,75,75,70,70,70,70,83,84,84,84,84,84,84,84,84],"gold":4497,"neow_bonus":"","is_daily":false,"chose_seed":false,"campfire_upgraded":0,"win_rate":0.0,"timestamp":1613636261,"path_taken":["M","M","M","M","M","E","E","E","T","E","E","E","E","E","R","BOSS","M","M","M","M","M","E","E","M","T","E","E","E","E","E","R","BOSS","M"],"items_purchased_type":[],"build_version":"2020-12-22","purchased_purges":0,"victory":false,"max_hp_per_floor":[70,70,70,70,70,70,70,70,70,84,84,84,84,84,84,84,84,84,84,84,84,84,84,84,84,84,84,84,84,84,84,84,84,84,84,84],"card_choices":[{"not_picked":["BloodyHallows","ScarletCoffin"],"picked":"SKIP","floor":6.0},{"not_picked":["ScarletMeister","KillingBlow"],"picked":"SKIP","floor":7.0},{"not_picked":["EquivalentExchange","BloodySeventeenLaser"],"picked":"SKIP","floor":8.0},{"not_picked":["ChaoticDestiny","ForecastOfChange"],"picked":"SKIP","floor":10.0},{"not_picked":["CeilingFear","ChaoticDestiny"],"picked":"SKIP","floor":11.0},{"not_picked":["BatForm","ScarletMeister"],"picked":"SKIP","floor":12.0},{"not_picked":["BloodyCatastrophe+1","CeilingFear+1"],"picked":"SKIP","floor":13.0},{"not_picked":["HeartBreak","DemonKingCradle"],"picked":"SKIP","floor":14.0},{"not_picked":["KillingBlow","ChaoticDestiny+1","Parasite"],"picked":"SKIP","floor":18.0},{"not_picked":["ScarletMeister","KillingBlow","Injury"],"picked":"SKIP","floor":19.0},{"not_picked":["BloodyHallows+1","EquivalentExchange","Doubt"],"picked":"SKIP","floor":23.0},{"not_picked":["BloodyCatastrophe+1","KillingBlow","Poor:ReiMu"],"picked":"SKIP","floor":24.0},{"not_picked":["BatForm","BloodRain+1","Injury"],"picked":"SKIP","floor":27},{"not_picked":["ScarletMeister","BloodyCatastrophe+1","Clumsy"],"picked":"SKIP","floor":28},{"not_picked":["BloodyCatastrophe+1","CeilingFear+1","Pain"],"picked":"SKIP","floor":29},{"not_picked":["DemonKingCradle","HellCatastrophe","Injury"],"picked":"SKIP","floor":30},{"not_picked":["TransientEternity","ScarletMeister","Normality"],"picked":"SKIP","floor":31}],"player_experience":542336,"relics_obtained":[{"floor":1.0,"key":"AT_BladeRuinedKing"},{"floor":1.0,"key":"PreservedInsect"},{"floor":1.0,"key":"SynthV:TestCard"},{"floor":2.0,"key":"SumBook"},{"floor":2.0,"key":"UnicornStump"},{"floor":3.0,"key":"AT_BellowingDragoncrestRing"},{"floor":3.0,"key":"SharpPlug"},{"floor":3.0,"key":"SalivaCoin"},{"floor":4.0,"key":"AT_Kusabimaru"},{"floor":4.0,"key":"Omamori"},{"floor":4.0,"key":"Regal Pillow"},{"floor":4.0,"key":"Unceasing Top"},{"floor":4.0,"key":"REME_HandOfSuture"},{"floor":5.0,"key":"Dream Catcher"},{"floor":5.0,"key":"PunchingBag"},{"floor":5.0,"key":"TuHaoJin"},{"floor":6.0,"key":"GodSword1"},{"floor":7.0,"key":"Anchor"},{"floor":7.0,"key":"Bottled Flame"},{"floor":8.0,"key":"Prayer Wheel"},{"floor":10.0,"key":"Eternal Feather"},{"floor":10.0,"key":"Mango"},{"floor":11.0,"key":"Calipers"},{"floor":11.0,"key":"War Paint"},{"floor":11.0,"key":"AT_ImmortalShieldbow"},{"floor":11.0,"key":"MealTicket"},{"floor":12.0,"key":"Chaos"},{"floor":12.0,"key":"MawBank"},{"floor":13.0,"key":"ChampionBelt"},{"floor":13.0,"key":"Toxic Egg 2"},{"floor":14.0,"key":"TimeKeys"},{"floor":16.0,"key":"REME_DemonsWealth"},{"floor":18.0,"key":"MegaBlast"},{"floor":18.0,"key":"Meat on the Bone"},{"floor":19.0,"key":"Ginger"},{"floor":19.0,"key":"TimeFreeze"},{"floor":20.0,"key":"Girya"},{"floor":21.0,"key":"Habit"},{"floor":22.0,"key":"AT_TheCollector"},{"floor":24.0,"key":"Ancient Tea Set"},{"floor":24.0,"key":"FossilizedHelix"},{"floor":24.0,"key":"BFFS"},{"floor":24.0,"key":"Strange Spoon"},{"floor":25,"key":"AddBug"},{"floor":27,"key":"AT_TheCollector"},{"floor":27,"key":"GreenFoldingFan"},{"floor":28,"key":"MagicDraw1"},{"floor":29,"key":"SentryEyes"},{"floor":30,"key":"TungstenRod"},{"floor":30,"key":"Mummified Hand"},{"floor":30,"key":"BookOfRevelations"},{"floor":31,"key":"AT_DeathDance"}],"event_choices":[],"is_beta":false,"boss_relics":[{"not_picked":["Turnip","Vajra"],"picked":"FairyMaid"},{"not_picked":[]},{"not_picked":["TheBean","Empty Cage"],"picked":"Gambling Chip"},{"not_picked":[]}],"items_purged_floors":[],"is_endless":false,"potions_floor_spawned":[1,2,3,7,11,12,14,16,22,25,28,29,30,31,33],"killed_by":"Giant Head","ascension_level":20}}