{"host":"9709z2dy8v1s63sm","time":1613623997,"event":{"mods":["AchievementEnabler","BaseMod","Minty Spire (QoL Compilation)","StSLib","SuperFastMode"],"gold_per_floor":[116,136,211,136,136,136,136,154,178,178,178],"floor_reached":10,"language":"KOR","playtime":249,"items_purged":["Strike_R"],"score":104,"play_id":"43ccf4ee-663c-4b9b-9e09-4af0dc4b4e6d","local_time":"20210218135317","is_ascension_mode":true,"campfire_choices":[{"data":"Uppercut","floor":6.0,"key":"SMITH"}],"circlet_count":0,"master_deck":["AscendersBane","Strike_R","Strike_R","Strike_R+1","Strike_R","Defend_R","Defend_R","Defend_R","Defend_R","Bash+1","Berserk","Evolve","Uppercut+1"],"relics":["Burning Blood","PreservedInsect","Nunchaku"],"acts_visited":["Exordium"],"potions_floor_usage":[10],"damage_taken":[{"damage":3.0,"enemies":"2 Louse","floor":1.0,"turns":4.0},{"damage":12.0,"enemies":"Small Slimes","floor":2.0,"turns":5.0},{"damage":10,"enemies":"Jaw Worm","floor":8,"turns":4},{"damage":35,"enemies":"3 Sentries","floor":10,"turns":4}],"seed_played":"-57133699947649989","potions_obtained":[{"floor":8,"key":"BloodPotion"}],"is_trial":false,"path_per_floor":["M","M","?","$","?","R","?","M","T","E"],"character_chosen":"IRONCLAD","items_purchased":[],"campfire_rested":0,"item_purchase_floors":[],"current_hp_per_floor":[71,65,54,54,31,31,13,9,9,0,0],"gold":178,"neow_bonus":"ONE_RANDOM_RARE_CARD","is_daily":false,"chose_seed":false,"campfire_upgraded":1,"win_rate":0.0,"timestamp":1613623997,"path_taken":["M","M","?","$","?","R","?","M","T","E"],"items_purchased_type":[],"build_version":"2020-12-22","purchased_purges":1,"victory":false,"max_hp_per_floor":[75,75,75,75,75,75,75,75,75,75,75],"card_choices":[{"not_picked":["Warcry","Twin Strike"],"picked":"Evolve","floor":1.0},{"not_picked":["Flame Barrier","Havoc"],"picked":"Uppercut","floor":2.0},{"not_picked":["Fire Breathing","Clothesline","Twin Strike"],"picked":"SKIP","floor":8}],"player_experience":120494,"relics_obtained":[{"floor":9,"key":"Nunchaku"}],"event_choices":[{"damage_healed":0.0,"max_hp_gain":0.0,"max_hp_loss":0.0,"gold_gain":75.0,"event_name":"World of Goop","player_choice":"Gather Gold","floor":3.0,"gold_loss":0.0,"damage_taken":11.0},{"damage_healed":0.0,"max_hp_gain":0.0,"max_hp_loss":0.0,"gold_gain":0.0,"event_name":"Shining Light","player_choice":"Entered Light","floor":5.0,"gold_loss":0.0,"damage_taken":23.0,"cards_upgraded":["Strike_R","Bash"]},{"damage_healed":0.0,"max_hp_gain":0.0,"max_hp_loss":0.0,"gold_gain":0.0,"event_name":"Scrap Ooze","player_choice":"Success","floor":7.0,"gold_loss":0.0,"damage_taken":18.0,"relics_obtained":["PreservedInsect"]}],"is_beta":false,"boss_relics":[],"items_purged_floors":[4],"is_endless":false,"potions_floor_spawned":[8],"killed_by":"3 Sentries","ascension_level":17}}