{"host":"wshey5htrz8rni6u","time":1613644553,"event":{"mods":["2.2 Compatiblity","BaseMod","Block Reminder","Colored Map","Colored Powertips","Current Relic Mod","Curses Come First","Dark Map","Key Reminder","Keyboard Shortcuts","Minty Spire (QoL Compilation)","Potion Indicator Mod","Quick Restart","Random Character Button","Relic Sorter","Relic Stats","StSLib","SuperFastMode","Unceasing Turn Reminder","UnlockEverythingMod","Weighted Paths"],"gold_per_floor":[115,115,132,132,32,65,65,76,76,93,110,142,142,12,12,114,114,127,127,142,42,54,84,108,134,218,242,274,286,286],"floor_reached":29,"language":"ENG","playtime":3303,"items_purged":["Strike_G","Strike_G"],"score":433,"play_id":"f4c06286-4ffd-4545-9f87-d432e1d652b8","local_time":"20210218023553","is_ascension_mode":true,"campfire_choices":[{"floor":7,"key":"REST"},{"data":"Crippling Poison","floor":13,"key":"SMITH"},{"data":"Terror","floor":15,"key":"SMITH"}],"circlet_count":0,"master_deck":["Strike_G","Strike_G","Strike_G","Defend_G","Defend_G","Defend_G","Defend_G","Defend_G","Survivor","Neutralize+1","Footwork","Slice","Dagger Spray","Terror+1","Sucker Punch","Riddle With Holes","All Out Attack","Crippling Poison+1","Footwork","Reflex","Dagger Throw","Footwork","Storm of Steel","Dash","Endless Agony+1","Madness","Underhanded Strike","Distraction+1","Eviscerate","Calculated Gamble","Deflect","PiercingWail","Burst","PiercingWail","PiercingWail","Well Laid Plans+1","Footwork"],"relics":["Ring of the Snake","Tingsha","Lantern","Prayer Wheel","Happy Flower","HoveringKite","MawBank","Pantograph"],"acts_visited":["Exordium","TheCity"],"potions_floor_usage":[12,22,22,23,23,27],"damage_taken":[{"damage":0,"enemies":"Cultist","floor":1,"turns":5},{"damage":0,"enemies":"2 Louse","floor":3,"turns":4},{"damage":38,"enemies":"3 Sentries","floor":6,"turns":12},{"damage":2,"enemies":"Jaw Worm","floor":8,"turns":3},{"damage":0,"enemies":"Blue Slaver","floor":10,"turns":3},{"damage":0,"enemies":"Red Slaver","floor":11,"turns":3},{"damage":0,"enemies":"Gremlin Nob","floor":12,"turns":2},{"damage":18,"enemies":"Hexaghost","floor":16,"turns":9},{"damage":7,"enemies":"3 Byrds","floor":18,"turns":3},{"damage":2,"enemies":"Shell Parasite","floor":20,"turns":5},{"damage":8,"enemies":"Snake Plant","floor":22,"turns":3},{"damage":7,"enemies":"Book of Stabbing","floor":23,"turns":5},{"damage":11,"enemies":"Shelled Parasite and Fungi","floor":24,"turns":4},{"damage":12,"enemies":"3 Cultists","floor":25,"turns":5},{"damage":7,"enemies":"Snake Plant","floor":27,"turns":4},{"damage":0,"enemies":"Centurion and Healer","floor":28,"turns":9},{"damage":20,"enemies":"Sentry and Sphere","floor":29,"turns":4}],"seed_played":"2931689846190313145","potions_obtained":[{"floor":1,"key":"AttackPotion"},{"floor":10,"key":"SteroidPotion"},{"floor":12,"key":"SteroidPotion"},{"floor":20,"key":"DistilledChaos"},{"floor":22,"key":"GhostInAJar"},{"floor":25,"key":"Regen Potion"}],"is_trial":false,"path_per_floor":["M","?","M","?","$","E","R","M","T","M","M","E","R","$","R","B",null,"M","?","M","$","M","E","M","M","T","M","M","M"],"character_chosen":"THE_SILENT","items_purchased":["Dagger Spray","Dagger Throw","Footwork"],"campfire_rested":1,"item_purchase_floors":[5,14,14],"current_hp_per_floor":[63,56,56,56,56,18,39,37,37,37,37,37,37,37,37,19,57,50,50,48,48,40,33,22,10,10,17,17,0,0],"gold":286,"neow_bonus":"UPGRADE_CARD","is_daily":false,"chose_seed":false,"campfire_upgraded":2,"win_rate":0.0,"timestamp":1613644553,"path_taken":["M","?","M","?","$","E","R","M","T","M","M","E","R","?","R","BOSS","M","?","M","$","M","E","M","?","T","M","M","M"],"items_purchased_type":["Card","Card","Card"],"build_version":"2020-12-13","purchased_purges":2,"victory":false,"max_hp_per_floor":[70,70,70,70,70,70,70,70,70,70,70,70,70,70,70,70,70,70,70,70,70,70,70,70,70,70,70,70,70,70],"relic_stats":{"Happy Flower":[17],"counters":[17,83],"Pantograph":0,"HoveringKite":[17],"Tingsha":[139],"Prayer Wheel":9,"MawBank":72,"obtain_stats":[{"Lantern":6,"Happy Flower":12,"Pantograph":26,"HoveringKite":17,"Tingsha":2,"Prayer Wheel":9,"MawBank":23,"Ring of the Snake":0},{"Lantern":3,"Happy Flower":7,"Pantograph":14,"HoveringKite":8,"Tingsha":1,"Prayer Wheel":4,"MawBank":12,"Ring of the Snake":0},{"Lantern":21,"Happy Flower":32,"Pantograph":66,"HoveringKite":41,"Tingsha":5,"Prayer Wheel":24,"MawBank":57,"Ring of the Snake":0}],"Ring of the Snake":[35]},"card_choices":[{"not_picked":["Calculated Gamble","Prepared"],"picked":"Footwork","floor":1},{"not_picked":["Cloak And Dagger","Flechettes"],"picked":"Slice","floor":3},{"not_picked":["Dagger Spray","Outmaneuver"],"picked":"Terror","floor":6},{"not_picked":["Prepared","Slice"],"picked":"Sucker Punch","floor":8},{"not_picked":["Prepared","Dagger Throw"],"picked":"Riddle With Holes","floor":10},{"not_picked":["Underhanded Strike","Dagger Throw"],"picked":"All Out Attack","floor":10},{"not_picked":["Choke","PiercingWail"],"picked":"Crippling Poison","floor":11},{"not_picked":["Acrobatics","Backflip"],"picked":"Footwork","floor":11},{"not_picked":["Slice","Underhanded Strike"],"picked":"Reflex","floor":12},{"not_picked":["After Image","A Thousand Cuts"],"picked":"Storm of Steel","floor":16},{"not_picked":["Cloak And Dagger","All Out Attack"],"picked":"Dash","floor":18},{"not_picked":["Deadly Poison","Masterful Stab"],"picked":"Endless Agony+1","floor":18},{"not_picked":["Outmaneuver+1","Bane"],"picked":"Underhanded Strike","floor":20},{"not_picked":["Outmaneuver+1","Choke","Slice"],"picked":"SKIP","floor":20},{"not_picked":["Outmaneuver+1","Choke","Slice"],"picked":"SKIP","floor":20},{"not_picked":["Caltrops","Masterful Stab"],"picked":"Distraction+1","floor":22},{"not_picked":["Catalyst","Poisoned Stab"],"picked":"Eviscerate","floor":22},{"not_picked":["Underhanded Strike","Caltrops"],"picked":"Calculated Gamble","floor":23},{"not_picked":["Outmaneuver","Backstab"],"picked":"Deflect","floor":24},{"not_picked":["Expertise+1","Outmaneuver","Slice"],"picked":"SKIP","floor":24},{"not_picked":["Expertise+1","Outmaneuver","Slice"],"picked":"SKIP","floor":24},{"not_picked":["Bouncing Flask+1","Endless Agony"],"picked":"PiercingWail","floor":25},{"not_picked":["Underhanded Strike","Bane+1"],"picked":"Burst","floor":25},{"not_picked":["Distraction+1","Quick Slash+1"],"picked":"PiercingWail","floor":27},{"not_picked":["Reflex","Choke"],"picked":"PiercingWail","floor":27},{"not_picked":["PiercingWail","Prepared"],"picked":"Well Laid Plans+1","floor":28},{"not_picked":["Infinite Blades","Deflect"],"picked":"Footwork","floor":28}],"player_experience":103658,"relics_obtained":[{"floor":6,"key":"Lantern"},{"floor":9,"key":"Prayer Wheel"},{"floor":12,"key":"Happy Flower"},{"floor":23,"key":"MawBank"},{"floor":26,"key":"Pantograph"}],"event_choices":[{"damage_healed":0,"gold_gain":0,"player_choice":"Success","damage_taken":7,"relics_obtained":["Tingsha"],"max_hp_gain":0,"max_hp_loss":0,"event_name":"Scrap Ooze","floor":2,"gold_loss":0},{"damage_healed":0,"gold_gain":0,"player_choice":"Ignored","damage_taken":0,"max_hp_gain":0,"max_hp_loss":0,"event_name":"Liars Game","floor":4,"gold_loss":0},{"damage_healed":0,"gold_gain":0,"player_choice":"1 cards matched","damage_taken":0,"max_hp_gain":0,"max_hp_loss":0,"event_name":"Match and Keep!","floor":19,"gold_loss":0,"cards_obtained":["Madness"]}],"is_beta":false,"boss_relics":[{"not_picked":["Astrolabe","Snecko Eye"],"picked":"HoveringKite"}],"items_purged_floors":[5,21],"is_endless":false,"potions_floor_spawned":[1,10,12,20,22,25],"killed_by":"Sentry and Sphere","ascension_level":7}}