{"host":"z42sc0n2dozsmk72","time":1613651575,"event":{"mods":["AchievementEnabler","BaseMod","Better Third Choice","Colored Map","Curses Come First","Highlight Path","Minty Spire (QoL Compilation)","Permanent Neow","Quick Restart","Relic Stats","Shop Mod","StSLib","egg","slay the spire mod where everything is the same but ironclad has a cowboy hat"],"gold_per_floor":[112,125,137,137,157,157,190,190,236,236,236,271,286,318,318,415,415,435,447,480,492,43,71,71,21,21,21,56,69,88,102,102,200,200,219,237,250,472,472,472,488,488,542,552,582,251,279,294,294,294,294,294,18,51,51],"floor_reached":56,"language":"ENG","playtime":4418,"items_purged":["Strike_R","Defend_R","Dropkick"],"score":1567,"play_id":"e40d2d61-a3ae-4313-83d7-2c41844cef5c","local_time":"20210219013255","is_ascension_mode":true,"campfire_choices":[{"data":"Uppercut","floor":6.0,"key":"SMITH"},{"data":"Shrug It Off","floor":8.0,"key":"SMITH"},{"data":"Feel No Pain","floor":10.0,"key":"SMITH"},{"data":"Rupture","floor":15.0,"key":"SMITH"},{"data":"True Grit","floor":24.0,"key":"SMITH"},{"data":"Corruption","floor":27.0,"key":"SMITH"},{"data":"Strike_R","floor":32.0,"key":"PURGE"},{"data":"Berserk","floor":40.0,"key":"SMITH"},{"floor":49.0,"key":"RECALL"},{"data":"Panacea","floor":52.0,"key":"SMITH"}],"circlet_count":0,"master_deck":["Defend_R","Bash","Uppercut+1","Brutality","Feel No Pain+1","Shrug It Off+1","Corpse Explosion+1","Impervious","Rupture+1","Thunderclap","Corruption+1","Entrench","Inflame+1","True Grit+1","Shrug It Off","Uppercut+1","Metallicize+1","Berserk+1","Demon Form+1","Rage+1","Combust+1","Ghostly Armor+1","Disarm+1","Panacea+1","Reckless Charge+1","Body Slam+1","Blood for Blood","Reckless Charge+1","Reckless Charge","Flame Barrier+1"],"relics":["Burning Blood","PreservedInsect","Centennial Puzzle","Happy Flower","Oddly Smooth Stone","Unceasing Top","Runic Pyramid","Red Mask","Charon\u0027s Ashes","Peace Pipe","Ancient Tea Set","Lizard Tail","Astrolabe","Blood Vial","Bronze Scales","Letter Opener","Membership Card","Mummified Hand"],"acts_visited":["Exordium","TheCity","TheBeyond","TheEnding"],"potions_floor_usage":[54,55,55],"damage_taken":[{"damage":7.0,"enemies":"Jaw Worm","floor":1.0,"turns":3.0},{"damage":9.0,"enemies":"Small Slimes","floor":2.0,"turns":5.0},{"damage":6.0,"enemies":"Cultist","floor":3.0,"turns":4.0},{"damage":7.0,"enemies":"Looter","floor":5.0,"turns":4.0},{"damage":2.0,"enemies":"3 Sentries","floor":7.0,"turns":2.0},{"damage":2.0,"enemies":"Gremlin Nob","floor":12.0,"turns":3.0},{"damage":1.0,"enemies":"2 Fungi Beasts","floor":13.0,"turns":2.0},{"damage":17.0,"enemies":"3 Sentries","floor":14.0,"turns":9.0},{"damage":22.0,"enemies":"Hexaghost","floor":16.0,"turns":9.0},{"damage":0.0,"enemies":"3 Byrds","floor":18.0,"turns":2.0},{"damage":2.0,"enemies":"Spheric Guardian","floor":19.0,"turns":5.0},{"damage":34.0,"enemies":"Masked Bandits","floor":20.0,"turns":4.0},{"damage":7.0,"enemies":"Shelled Parasite and Fungi","floor":21.0,"turns":5.0},{"damage":1.0,"enemies":"Book of Stabbing","floor":23.0,"turns":5.0},{"damage":7.0,"enemies":"Gremlin Leader","floor":28.0,"turns":8.0},{"damage":0.0,"enemies":"Snecko","floor":29.0,"turns":6.0},{"damage":0.0,"enemies":"3 Cultists","floor":30.0,"turns":3.0},{"damage":6.0,"enemies":"Chosen and Byrds","floor":31.0,"turns":6.0},{"damage":20.0,"enemies":"Champ","floor":33.0,"turns":8.0},{"damage":6.0,"enemies":"3 Shapes","floor":35.0,"turns":2.0},{"damage":3.0,"enemies":"3 Darklings","floor":36.0,"turns":4.0},{"damage":19.0,"enemies":"Writhing Mass","floor":37.0,"turns":6.0},{"damage":16.0,"enemies":"Jaw Worm Horde","floor":41.0,"turns":2.0},{"damage":8.0,"enemies":"4 Shapes","floor":44.0,"turns":3.0},{"damage":11.0,"enemies":"Nemesis","floor":45.0,"turns":5.0},{"damage":12.0,"enemies":"Giant Head","floor":47.0,"turns":6.0},{"damage":4.0,"enemies":"Transient","floor":48.0,"turns":5.0},{"damage":31.0,"enemies":"Donu and Deca","floor":50.0,"turns":5.0},{"damage":26,"enemies":"Shield and Spear","floor":54,"turns":5},{"damage":96,"enemies":"The Heart","floor":55,"turns":8}],"seed_played":"-8445696565918916115","potions_obtained":[{"floor":1.0,"key":"SkillPotion"},{"floor":7.0,"key":"SteroidPotion"},{"floor":13.0,"key":"DuplicationPotion"},{"floor":14.0,"key":"Swift Potion"},{"floor":18.0,"key":"Explosive Potion"},{"floor":20.0,"key":"GamblersBrew"},{"floor":23.0,"key":"SpeedPotion"},{"floor":28.0,"key":"SteroidPotion"},{"floor":36.0,"key":"SteroidPotion"},{"floor":37.0,"key":"LiquidBronze"},{"floor":44.0,"key":"Dexterity Potion"},{"floor":47.0,"key":"PowerPotion"}],"is_trial":false,"path_per_floor":["M","M","M","?","M","R","E","R","T","R","?","E","M","E","R","B",null,"M","M","?","M","$","E","R","?","T","R","E","M","M","M","R","B",null,"M","M","M","?","?","R","M","?","T","M","E","$","E","M","R","B",null,"R","$","E","B",null],"character_chosen":"IRONCLAD","items_purchased":["Charon\u0027s Ashes","True Grit","Shrug It Off","Bronze Scales","Blood for Blood","Membership Card","Reckless Charge","PowerPotion"],"campfire_rested":0,"item_purchase_floors":[22,22,22,46,46,53,53,53],"current_hp_per_floor":[50,47,47,42,41,41,45,45,45,45,45,49,54,43,43,27,67,73,77,49,48,48,53,53,53,53,53,52,58,64,64,64,50,73,73,76,63,63,57,57,47,47,47,45,40,40,36,40,40,17,64,64,64,46,10],"gold":51,"neow_bonus":"TRANSFORM_TWO_CARDS","is_daily":false,"chose_seed":false,"campfire_upgraded":8,"win_rate":0.0,"timestamp":1613651575,"path_taken":["M","M","M","?","M","R","E","R","T","R","?","E","M","E","R","BOSS","M","M","?","M","$","E","R","?","T","R","E","M","?","M","R","BOSS","M","M","M","?","?","R","?","?","T","M","E","$","E","M","R","BOSS","R","$","E","BOSS"],"items_purchased_type":["Relic","Card","Card","Relic","Card","Relic","Card","Potion"],"build_version":"2020-12-22","purchased_purges":3,"victory":true,"max_hp_per_floor":[80,80,80,80,80,80,80,80,80,80,80,80,80,80,80,80,80,80,80,80,80,80,80,80,80,80,80,80,80,80,80,80,80,80,80,80,80,80,80,80,80,80,80,80,80,80,80,80,80,80,80,80,80,80,80],"relic_stats":{"Happy Flower":[42],"counters":[30,144],"Astrolabe":["Demon Form","Rage","Combust"],"PreservedInsect":409,"Charon\u0027s Ashes":[462],"Letter Opener":[40],"Burning Blood":180,"Peace Pipe":1,"Blood Vial":10,"Centennial Puzzle":[59],"Lizard Tail":40,"Mummified Hand":[15],"Bronze Scales":[147],"obtain_stats":[{"Happy Flower":9,"Astrolabe":34,"Oddly Smooth Stone":12,"PreservedInsect":4,"Charon\u0027s Ashes":22,"Letter Opener":47,"Ancient Tea Set":26,"Burning Blood":0,"Peace Pipe":23,"Blood Vial":45,"Centennial Puzzle":7,"Lizard Tail":28,"Mummified Hand":54,"Bronze Scales":46,"Red Mask":20,"Membership Card":53,"Unceasing Top":14,"Runic Pyramid":17},{"Happy Flower":5,"Astrolabe":19,"Oddly Smooth Stone":6,"PreservedInsect":3,"Charon\u0027s Ashes":13,"Letter Opener":26,"Ancient Tea Set":14,"Burning Blood":0,"Peace Pipe":14,"Blood Vial":25,"Centennial Puzzle":5,"Lizard Tail":15,"Mummified Hand":29,"Bronze Scales":25,"Red Mask":12,"Membership Card":28,"Unceasing Top":8,"Runic Pyramid":9},{"Happy Flower":18,"Astrolabe":93,"Oddly Smooth Stone":21,"PreservedInsect":12,"Charon\u0027s Ashes":57,"Letter Opener":121,"Ancient Tea Set":62,"Burning Blood":0,"Peace Pipe":62,"Blood Vial":115,"Centennial Puzzle":18,"Lizard Tail":70,"Mummified Hand":136,"Bronze Scales":115,"Red Mask":52,"Membership Card":131,"Unceasing Top":32,"Runic Pyramid":41}],"Unceasing Top":[5]},"card_choices":[{"not_picked":["Reckless Charge","Body Slam"],"picked":"Feel No Pain","floor":1.0},{"not_picked":["Clash","Searing Blow","Flex"],"picked":"SKIP","floor":2.0},{"not_picked":["Perfected Strike","Battle Trance"],"picked":"Shrug It Off","floor":3.0},{"not_picked":["Perfected Strike","Wild Strike"],"picked":"Dropkick","floor":5.0},{"not_picked":["Cleave","Intimidate"],"picked":"Impervious","floor":7.0},{"not_picked":["Sword Boomerang","Anger","Warcry"],"picked":"SKIP","floor":12.0},{"not_picked":["Iron Wave","Armaments"],"picked":"Rupture","floor":13.0},{"not_picked":["Bludgeon","Armaments"],"picked":"Thunderclap","floor":14.0},{"not_picked":["Offering","Berserk"],"picked":"Corruption","floor":16.0},{"not_picked":["Dark Embrace","Intimidate+1"],"picked":"Entrench","floor":18.0},{"not_picked":["Wild Strike","Battle Trance"],"picked":"Inflame+1","floor":19.0},{"not_picked":["Rage","Cleave","Sword Boomerang"],"picked":"SKIP","floor":21.0},{"not_picked":["Anger+1","Cleave+1","Pummel"],"picked":"SKIP","floor":23.0},{"not_picked":["Burning Pact","Twin Strike"],"picked":"Uppercut+1","floor":28.0},{"not_picked":["Clash","Thunderclap"],"picked":"Metallicize+1","floor":29.0},{"not_picked":["Limit Break","Cleave+1","Twin Strike"],"picked":"SKIP","floor":30.0},{"not_picked":["Intimidate","Flame Barrier","Dropkick"],"picked":"SKIP","floor":31.0},{"not_picked":["Double Tap","Brutality"],"picked":"Berserk","floor":33.0},{"not_picked":["Uppercut+1","Combust"],"picked":"Ghostly Armor+1","floor":35.0},{"not_picked":["Flame Barrier+1","Bloodletting+1","Body Slam"],"picked":"SKIP","floor":36.0},{"not_picked":["Cleave+1","Havoc","Clash+1"],"picked":"SKIP","floor":37.0},{"not_picked":["Uppercut","Clash"],"picked":"Disarm+1","floor":41.0},{"not_picked":["Discovery","Blind"],"picked":"Panacea","floor":42.0},{"not_picked":["Burning Pact","Pommel Strike+1"],"picked":"Reckless Charge+1","floor":44.0},{"not_picked":["Thunderclap+1","Corruption"],"picked":"Body Slam+1","floor":45.0},{"not_picked":["Flame Barrier+1","Fire Breathing+1"],"picked":"Reckless Charge+1","floor":47.0},{"not_picked":["Dark Embrace","Pommel Strike","Anger+1"],"picked":"SKIP","floor":48.0},{"not_picked":["Body Slam+1","Armaments"],"picked":"Flame Barrier+1","floor":54}],"player_experience":973192,"relics_obtained":[{"floor":7.0,"key":"Centennial Puzzle"},{"floor":9.0,"key":"Happy Flower"},{"floor":12.0,"key":"Oddly Smooth Stone"},{"floor":14.0,"key":"Unceasing Top"},{"floor":20.0,"key":"Red Mask"},{"floor":23.0,"key":"Peace Pipe"},{"floor":26.0,"key":"Ancient Tea Set"},{"floor":28.0,"key":"Lizard Tail"},{"floor":45.0,"key":"Blood Vial"},{"floor":47.0,"key":"Letter Opener"},{"floor":54,"key":"Mummified Hand"}],"event_choices":[{"damage_healed":0.0,"max_hp_gain":0.0,"max_hp_loss":0.0,"gold_gain":0.0,"cards_transformed":["Strike_R"],"event_name":"Living Wall","player_choice":"Change","floor":11.0,"gold_loss":0.0,"damage_taken":0.0,"cards_obtained":["Clash"]},{"damage_healed":0.0,"max_hp_gain":0.0,"max_hp_loss":0.0,"gold_gain":0.0,"event_name":"Masked Bandits","player_choice":"Fought Bandits","floor":20.0,"gold_loss":0.0,"damage_taken":0.0},{"damage_healed":0.0,"max_hp_gain":0.0,"max_hp_loss":0.0,"gold_gain":0.0,"event_name":"The Joust","player_choice":"Bet on Murderer","floor":25.0,"gold_loss":50.0,"damage_taken":0.0},{"damage_healed":0.0,"max_hp_gain":0.0,"max_hp_loss":0.0,"gold_gain":222.0,"event_name":"Tomb of Lord Red Mask","player_choice":"Wore Mask","floor":38.0,"gold_loss":0.0,"damage_taken":0.0},{"damage_healed":0.0,"max_hp_gain":0.0,"max_hp_loss":0.0,"gold_gain":0.0,"event_name":"betterThird:BetterPortal","player_choice":"Random: Green","floor":39.0,"gold_loss":0.0,"damage_taken":0.0},{"damage_healed":0.0,"max_hp_gain":0.0,"max_hp_loss":0.0,"gold_gain":0.0,"event_name":"Knowing Skull","player_choice":"","floor":39.0,"potions_obtained":[],"gold_loss":0.0,"damage_taken":6.0,"cards_obtained":[]},{"damage_healed":0.0,"max_hp_gain":0.0,"max_hp_loss":0.0,"gold_gain":0.0,"event_name":"SensoryStone","player_choice":"Memory 1","floor":42.0,"gold_loss":0.0,"damage_taken":0.0}],"is_beta":false,"boss_relics":[{"not_picked":["Black Star","Sozu"],"picked":"Runic Pyramid"},{"not_picked":["Tiny House","SacredBark"],"picked":"Astrolabe"}],"items_purged_floors":[22,46,53],"is_endless":false,"potions_floor_spawned":[1,7,13,14,18,20,23,28,36,37,41,44,47],"ascension_level":6}}