{"host":"gyvm9iplrwbfzexe","time":1613606966,"event":{"mods":["BaseMod","Minty Spire (QoL Compilation)","StSLib","The Cursed"],"gold_per_floor":[117,131,131,63,82,115,125,139,139,139,139,139],"floor_reached":11,"language":"ENG","playtime":911,"items_purged":[],"score":75,"play_id":"f7c1a236-b403-44eb-89e4-bc0dc642ef6e","local_time":"20210217180926","is_ascension_mode":false,"campfire_choices":[{"data":"TheCursedMod:CollectTribute","floor":10,"key":"SMITH"}],"circlet_count":0,"master_deck":["TheCursedMod:Strike_TheCursed","TheCursedMod:Strike_TheCursed","TheCursedMod:Strike_TheCursed","TheCursedMod:Strike_TheCursed","TheCursedMod:Defend_TheCursed","TheCursedMod:Defend_TheCursed","TheCursedMod:Defend_TheCursed","TheCursedMod:Defend_TheCursed","TheCursedMod:CursedWand","TheCursedMod:CleanUpWorkshop+1","TheCursedMod:Dregs","TheCursedMod:BlessingInDisguise","TheCursedMod:TroublousMinions","TheCursedMod:Hemoplague","TheCursedMod:HellfireBreathing","TheCursedMod:CollectTribute+1","TheCursedMod:ReleasedKnowledge","TheCursedMod:SpitefulStrike"],"relics":["TheCursedMod:BlackMagic101","InkBottle","Du-Vu Doll"],"acts_visited":["Exordium"],"potions_floor_usage":[6],"damage_taken":[{"damage":2,"enemies":"Jaw Worm","floor":1,"turns":5},{"damage":0,"enemies":"Cultist","floor":2,"turns":4},{"damage":2,"enemies":"Small Slimes","floor":5,"turns":6},{"damage":22,"enemies":"3 Sentries","floor":6,"turns":8},{"damage":12,"enemies":"Gremlin Gang","floor":7,"turns":4},{"damage":21,"enemies":"Lots of Slimes","floor":8,"turns":5},{"damage":23,"enemies":"Lagavulin","floor":11,"turns":7}],"seed_played":"-5740033225951557165","potions_obtained":[{"floor":1,"key":"Ancient Potion"},{"floor":5,"key":"CultistPotion"},{"floor":6,"key":"Fruit Juice"},{"floor":8,"key":"Strength Potion"}],"is_trial":false,"path_per_floor":["M","M","?","$","M","E","M","M","T","R","E"],"character_chosen":"THE_CURSED","items_purchased":["TheCursedMod:Hemoplague"],"campfire_rested":0,"item_purchase_floors":[4],"current_hp_per_floor":[73,73,73,73,71,54,42,21,21,21,0,0],"gold":139,"neow_bonus":"UPGRADE_CARD","is_daily":false,"chose_seed":false,"campfire_upgraded":1,"win_rate":0.0,"timestamp":1613606966,"path_taken":["M","M","?","$","M","E","M","M","T","R","E"],"items_purchased_type":["Card"],"build_version":"2020-12-22","purchased_purges":0,"victory":false,"max_hp_per_floor":[75,75,75,75,75,80,80,80,80,80,80,80],"card_choices":[{"not_picked":["TheCursedMod:SaltUponWound","TheCursedMod:Wield"],"picked":"TheCursedMod:BlessingInDisguise","floor":1},{"not_picked":["TheCursedMod:Evocation","TheCursedMod:CursedArmor"],"picked":"TheCursedMod:TroublousMinions","floor":2},{"not_picked":["TheCursedMod:RapidMovement","TheCursedMod:CircleOfFocus"],"picked":"TheCursedMod:HellfireBreathing","floor":5},{"not_picked":["TheCursedMod:AbyssShockwave","TheCursedMod:DemonSword"],"picked":"TheCursedMod:CollectTribute","floor":6},{"not_picked":["TheCursedMod:CursedMace","TheCursedMod:Stretching"],"picked":"TheCursedMod:ReleasedKnowledge","floor":7},{"not_picked":["TheCursedMod:FleshFromBone","TheCursedMod:CursedAmulet"],"picked":"TheCursedMod:SpitefulStrike","floor":8}],"player_experience":58605,"relics_obtained":[{"floor":6,"key":"InkBottle"},{"floor":9,"key":"Du-Vu Doll"}],"event_choices":[{"damage_healed":0,"gold_gain":0,"player_choice":"Ignored","damage_taken":0,"max_hp_gain":0,"max_hp_loss":0,"event_name":"Fountain of Cleansing","floor":3,"gold_loss":0}],"is_beta":false,"boss_relics":[],"items_purged_floors":[],"is_endless":false,"potions_floor_spawned":[1,5,6,8],"killed_by":"Lagavulin","ascension_level":0}}