{"host":"tzwikg9s6mkzv6w0","time":1613657507,"event":{"mods":["BaseMod","Good Game Mod","Minty Spire (QoL Compilation)","Spicy Shops","StSLib"],"gold_per_floor":[115,65,165,184,194,220,220,249,318,332,359,369,369,399,399,476,476,476,476],"floor_reached":18,"language":"ZHS","playtime":397,"items_purged":[],"score":434,"play_id":"c87940bb-79ae-4806-a9df-3381aac67bc9","local_time":"20210218221147","is_ascension_mode":true,"campfire_choices":[{"data":"Eruption","floor":7.0,"key":"SMITH"},{"data":"ForeignInfluence","floor":15,"key":"SMITH"}],"circlet_count":0,"master_deck":["AscendersBane","Eruption+1","Vigilance+1","Omniscience","ForeignInfluence+1","Conclude","FlurryOfBlows+1","LessonLearned+1","Omniscience","Prostrate","Judgement","LessonLearned+1","Omniscience","Blasphemy","InnerPeace","MentalFortress"],"relics":["PureWater","REME:ComplimentaryCards","NeowsBlessing","Bird Faced Urn","Omamori","Molten Egg 2","Centennial Puzzle","Odd Mushroom","Pandora\u0027s Box"],"acts_visited":["Exordium","TheCity"],"potions_floor_usage":[8,11],"damage_taken":[{"damage":0.0,"enemies":"2 Louse","floor":1.0,"turns":1.0},{"damage":0.0,"enemies":"Small Slimes","floor":4.0,"turns":1.0},{"damage":0.0,"enemies":"Cultist","floor":5.0,"turns":1.0},{"damage":7.0,"enemies":"3 Sentries","floor":6.0,"turns":4.0},{"damage":43,"enemies":"Lagavulin","floor":8,"turns":7},{"damage":0,"enemies":"Exordium Wildlife","floor":10,"turns":1},{"damage":0,"enemies":"Gremlin Nob","floor":11,"turns":2},{"damage":1,"enemies":"Looter","floor":12,"turns":2},{"damage":2,"enemies":"The Mushroom Lair","floor":14,"turns":2},{"damage":0,"enemies":"Slime Boss","floor":16,"turns":4},{"damage":100005,"enemies":"3 Byrds","floor":18,"turns":2}],"seed_played":"3359291739475119506","potions_obtained":[{"floor":4.0,"key":"EssenceOfSteel"},{"floor":8,"key":"FearPotion"},{"floor":11,"key":"Explosive Potion"},{"floor":14,"key":"Regen Potion"}],"is_trial":false,"path_per_floor":["M","?","?","M","M","E","R","E","T","M","E","M","?","?","R","B",null,"M"],"character_chosen":"WATCHER","items_purchased":[],"campfire_rested":0,"item_purchase_floors":[],"current_hp_per_floor":[61,61,61,61,61,54,54,11,11,11,11,10,10,8,8,8,53,0,0],"gold":476,"neow_bonus":"THREE_ENEMY_KILL","is_daily":false,"chose_seed":false,"campfire_upgraded":2,"win_rate":0.0,"timestamp":1613657507,"path_taken":["M","?","?","M","?","E","R","E","T","M","E","M","?","?","R","BOSS","M"],"items_purchased_type":[],"build_version":"2020-12-22","purchased_purges":0,"victory":false,"max_hp_per_floor":[68,68,68,68,68,68,68,68,68,68,68,68,68,68,68,68,68,68,68],"card_choices":[{"not_picked":["EmptyFist","Perseverance","Halt"],"picked":"SKIP","floor":1.0},{"not_picked":["PathToVictory","Evaluate"],"picked":"ForeignInfluence","floor":4.0},{"not_picked":["FlurryOfBlows","PathToVictory"],"picked":"Conclude","floor":5.0},{"not_picked":["FollowUp","ThirdEye","EmptyFist"],"picked":"SKIP","floor":6.0},{"not_picked":["Consecrate","Weave","CrushJoints"],"picked":"SKIP","floor":8},{"not_picked":["Worship","Collect","CrushJoints+1"],"picked":"SKIP","floor":10},{"not_picked":["Consecrate+1","ReachHeaven+1"],"picked":"FlurryOfBlows+1","floor":11},{"not_picked":["ForeignInfluence","ClearTheMind"],"picked":"LessonLearned+1","floor":12},{"not_picked":["DeusExMachina","Blasphemy"],"picked":"Omniscience","floor":16}],"player_experience":154922,"relics_obtained":[{"floor":6.0,"key":"Bird Faced Urn"},{"floor":8,"key":"Omamori"},{"floor":9,"key":"Molten Egg 2"},{"floor":11,"key":"Centennial Puzzle"},{"floor":14,"key":"Odd Mushroom"}],"event_choices":[{"cards_removed":["Defend_P"],"damage_healed":0.0,"max_hp_gain":0.0,"max_hp_loss":0.0,"gold_gain":0.0,"event_name":"The Cleric","player_choice":"Card Removal","floor":2.0,"gold_loss":50.0,"damage_taken":0.0},{"damage_healed":0.0,"max_hp_gain":0.0,"max_hp_loss":0.0,"gold_gain":100.0,"event_name":"Wheel of Change","player_choice":"Gold","floor":3.0,"gold_loss":0.0,"damage_taken":0.0},{"damage_healed":0,"gold_gain":0,"player_choice":"Ignored","damage_taken":0,"max_hp_gain":0,"max_hp_loss":0,"event_name":"Liars Game","floor":13,"gold_loss":0},{"damage_healed":0,"gold_gain":0,"player_choice":"Fought Mushrooms","damage_taken":0,"max_hp_gain":0,"max_hp_loss":0,"event_name":"Mushrooms","floor":14,"gold_loss":0}],"is_beta":false,"boss_relics":[{"not_picked":["Black Star","Empty Cage"],"picked":"Pandora\u0027s Box"}],"items_purged_floors":[],"is_endless":false,"potions_floor_spawned":[4,8,11,14],"killed_by":"3 Byrds","ascension_level":14}}