{"host":"9bcwdp8h7kwcxx90","time":1613680095,"event":{"mods":["2.2 Compatiblity","BaseMod","Colored Map","Colored Powertips","Downfall","Infinite Spire","Minty Spire (QoL Compilation)","Permanent Neow","Quick Restart","Random Character Button","Relic Sorter","Relic Stats","Reliquary","Shop Mod","StSLib","Unknown Chances"],"gold_per_floor":[0,13,32,51,201,201,224,83,93,112,145,145,177,199,217,315,315,215,235,248,259,73,75,75,87,87,87,104,106,106,180,235,378,378,278,299,354,407,407,12,37,91,91,153,225,225,125,125,187,229,229,296,91,91,91,91],"floor_reached":57,"language":"ENG","playtime":8916,"items_purged":["Guardian:Strike_Guardian","downfall:Icky","Guardian:Strike_Guardian","Regret","Guardian:Strike_Guardian"],"score":1421,"play_id":"28df0671-24a6-44e3-aa2b-1a6a030fe638","local_time":"20210218142815","is_ascension_mode":true,"campfire_choices":[{"data":"Guardian:BodySlam","floor":1.0,"key":"SMITH"},{"data":"Guardian:BodySlam","floor":6.0,"key":"SMITH"},{"data":"Guardian:StasisField","floor":18.0,"key":"SMITH"},{"data":"infinitespire:Collect","floor":27.0,"key":"SMITH"},{"data":"Guardian:Planning","floor":30,"key":"SMITH"},{"data":"Guardian:EvasiveProtocol","floor":35,"key":"SMITH"},{"floor":43,"key":"RECALL"},{"data":"Guardian:PrismaticBarrier","floor":47,"key":"SMITH"},{"data":"Guardian:BodySlam","floor":54,"key":"SMITH"}],"circlet_count":0,"master_deck":["Guardian:Defend_Guardian","Guardian:Defend_Guardian","Guardian:Defend_Guardian","Guardian:CurlUp","Guardian:TwinSlam","Guardian:BodySlam+1","Guardian:StasisField+1","Guardian:BodySlam+1","Guardian:PiercingHide","Guardian:TemporalShield+1","Guardian:ArmoredProtocol","Guardian:GemFinder","Guardian:SpikerProtocol","Guardian:EvasiveProtocol+1","Guardian:Planning+1","Guardian:PrimingBeam","Guardian:ShieldCharger","infinitespire:Collect+1","Guardian:Planning+1","Guardian:FastForward","Guardian:SphericShield","Guardian:BodySlam+1","Guardian:TimeCapacitor","Guardian:ShieldSpikes+1","infinitespire:Collect+1","Guardian:SphericShield","Guardian:StasisEngine","Guardian:TemporalShield","Guardian:PrismaticBeam+1","Guardian:Gem_Cyan","Guardian:PrismaticBarrier+1","Guardian:Gem_Green","Guardian:Recover","Guardian:Gem_White"],"relics":["Guardian:ModeShifterPlus","reliquary:FerryPass","reliquary:RoseTintedGlasses","reliquary:ThirdArm","downfall:HeartBlessingGreen","Lizard Tail","downfall:KnowingSkull","Bag of Preparation","downfall:HeartBlessingBlue","downfall:HeartBlessingRed","infinitespire:Golems Mask","MerchantsRug","Strange Spoon"],"acts_visited":["Exordium","TheCity","TheBeyond","TheEnding"],"potions_floor_usage":[33,44,55],"damage_taken":[{"damage":0.0,"enemies":"Small Slimes","floor":2.0,"turns":3.0},{"damage":4.0,"enemies":"Jaw Worm","floor":3.0,"turns":3.0},{"damage":0.0,"enemies":"Cultist","floor":4.0,"turns":4.0},{"damage":0.0,"enemies":"downfall:FleeingMerchant","floor":8.0,"turns":4.0},{"damage":5.0,"enemies":"Lots of Slimes","floor":9.0,"turns":4.0},{"damage":12.0,"enemies":"Blue Slaver","floor":10.0,"turns":3.0},{"damage":8.0,"enemies":"3 Sentries","floor":11.0,"turns":7.0},{"damage":5.0,"enemies":"Gremlin Nob","floor":13.0,"turns":4.0},{"damage":8.0,"enemies":"Red Slaver","floor":14.0,"turns":5.0},{"damage":4.0,"enemies":"Lots of Slimes","floor":15.0,"turns":4.0},{"damage":0.0,"enemies":"SI_SHIV_ARCHETYPE","floor":16.0,"turns":6.0},{"damage":0.0,"enemies":"Spheric Guardian","floor":19.0,"turns":4.0},{"damage":0.0,"enemies":"3 Byrds","floor":20.0,"turns":5.0},{"damage":0.0,"enemies":"3 Cultists","floor":21.0,"turns":6.0},{"damage":0.0,"enemies":"downfall:FleeingMerchant","floor":22.0,"turns":4.0},{"damage":5.0,"enemies":"Snake Plant","floor":25.0,"turns":4.0},{"damage":0.0,"enemies":"Chosen and Byrds","floor":28.0,"turns":5.0},{"damage":7,"enemies":"Nightmare","floor":31,"turns":9},{"damage":3,"enemies":"Snecko","floor":32,"turns":6},{"damage":14,"enemies":"DF_ARCHETYPE_CLAW","floor":33,"turns":9},{"damage":1,"enemies":"Orb Walker","floor":36,"turns":2},{"damage":3,"enemies":"3 Darklings","floor":37,"turns":3},{"damage":3,"enemies":"4 Shapes","floor":38,"turns":5},{"damage":5,"enemies":"downfall:FleeingMerchant","floor":40,"turns":4},{"damage":3,"enemies":"Jaw Worm Horde","floor":42,"turns":4},{"damage":3,"enemies":"Transient","floor":44,"turns":5},{"damage":3,"enemies":"Giant Head","floor":45,"turns":4},{"damage":3,"enemies":"3 Darklings","floor":49,"turns":2},{"damage":3,"enemies":"IC_BLOCK_ARCHETYPE","floor":50,"turns":5},{"damage":3,"enemies":"downfall:CharBossMerchant","floor":52,"turns":5},{"damage":1,"enemies":"downfall:NeowBoss","floor":55,"turns":11},{"damage":9,"enemies":"downfall:NeowBossFinal","floor":56,"turns":11}],"seed_played":"76275447993118613","potions_obtained":[{"floor":2.0,"key":"EntropicBrew"},{"floor":13.0,"key":"Weak Potion"},{"floor":14.0,"key":"Swift Potion"},{"floor":16.0,"key":"Guardian:BlockOnCardUsePotion"},{"floor":20.0,"key":"Energy Potion"},{"floor":38,"key":"SpeedPotion"}],"is_trial":false,"path_per_floor":["R","M","M","M","?","R","T","$","M","M","E","?","E","M","M","B",null,"R","M","M","M","$","?","T","M","AVR","R","M","?","R","NM","M","B",null,"R","M","M","M","?","$","T","M","R","M","E","?","R","?","M","B",null,"E","$","R","B","B",null],"character_chosen":"GUARDIAN","items_purchased":["Guardian:PiercingHide","Guardian:Planning","Guardian:PrimingBeam","Kunai","Guardian:TemporalShield","MerchantsRug","Strange Spoon"],"campfire_rested":0,"item_purchase_floors":[8,22,22,40,40,53,53],"current_hp_per_floor":[80,80,76,76,76,76,76,76,71,59,51,51,46,38,34,34,80,80,80,80,80,80,65,65,60,60,60,60,52,52,45,42,28,85,95,95,92,89,89,84,84,81,81,78,75,75,75,75,72,69,95,92,92,92,91,82],"gold":91,"neow_bonus":"TRANSFORM_TWO_CARDS","is_daily":false,"chose_seed":false,"campfire_upgraded":8,"win_rate":0.0,"timestamp":1613680095,"path_taken":["R","M","M","M","?","R","T","$","M","M","E","?","E","M","M","BOSS","R","M","M","M","$","?","T","M","AVR","R","M","?","R","NM","M","BOSS","R","M","M","M","?","$","T","M","R","M","E","?","R","?","M","BOSS","E","$","R","BOSS","BOSS"],"items_purchased_type":["Card","Card","Card","Relic","Card","Relic","Relic"],"build_version":"2020-12-22","purchased_purges":5,"victory":true,"max_hp_per_floor":[80,80,80,80,80,80,80,80,80,80,80,80,80,80,80,80,80,80,80,80,80,80,85,85,85,85,85,85,85,85,85,85,85,85,95,95,95,95,95,95,95,95,95,95,95,95,95,95,95,95,95,95,95,95,95,95],"relic_stats":{"Strange Spoon":[31],"Lizard Tail":0,"counters":[32,160],"Bag of Preparation":[28],"obtain_stats":[{"MerchantsRug":53,"Guardian:ModeShifterPlus":34,"downfall:HeartBlessingRed":47,"Guardian:ModeShifter":0,"downfall:HeartBlessingGreen":18,"Bag of Preparation":31,"Juzu Bracelet":45,"reliquary:ThirdArm":17,"reliquary:FerryPass":41,"Strange Spoon":53,"Lizard Tail":26,"downfall:HeartBlessingBlue":35,"downfall:KnowingSkull":29,"infinitespire:Golems Mask":52,"reliquary:RoseTintedGlasses":7,"Kunai":40,"StrikeDummy":13,"infinitespire:Midas Blood":11},{"MerchantsRug":30,"Guardian:ModeShifterPlus":20,"downfall:HeartBlessingRed":27,"Guardian:ModeShifter":0,"downfall:HeartBlessingGreen":11,"Bag of Preparation":18,"Juzu Bracelet":27,"reliquary:ThirdArm":11,"reliquary:FerryPass":24,"Strange Spoon":30,"Lizard Tail":16,"downfall:HeartBlessingBlue":20,"downfall:KnowingSkull":17,"infinitespire:Golems Mask":30,"reliquary:RoseTintedGlasses":3,"Kunai":24,"StrikeDummy":8,"infinitespire:Midas Blood":7},{"MerchantsRug":138,"Guardian:ModeShifterPlus":99,"downfall:HeartBlessingRed":126,"Guardian:ModeShifter":0,"downfall:HeartBlessingGreen":47,"Bag of Preparation":84,"Juzu Bracelet":126,"reliquary:ThirdArm":47,"reliquary:FerryPass":113,"Strange Spoon":138,"Lizard Tail":70,"downfall:HeartBlessingBlue":99,"downfall:KnowingSkull":75,"infinitespire:Golems Mask":138,"reliquary:RoseTintedGlasses":10,"Kunai":113,"StrikeDummy":32,"infinitespire:Midas Blood":28}]},"card_choices":[{"not_picked":["Guardian:Reroute","Guardian:ShieldCharger"],"picked":"Guardian:BodySlam","floor":2.0},{"not_picked":["Guardian:TemporalShield","Guardian:PiercingHide"],"picked":"Guardian:Gem_Blue","floor":3.0},{"not_picked":["Guardian:TemporalStrike","Guardian:Clone","Guardian:TemporalShield"],"picked":"SKIP","floor":4.0},{"not_picked":["Guardian:DecasProtection","Guardian:TemporalStrike","Guardian:Harden"],"picked":"SKIP","floor":8.0},{"not_picked":["Guardian:Gem_Green","Guardian:MultiBeam","Guardian:Suspension"],"picked":"SKIP","floor":9.0},{"not_picked":["Guardian:RollAttack","Guardian:ChargeUp"],"picked":"Guardian:Gem_White","floor":10.0},{"not_picked":["Guardian:CrystalBeam","Guardian:WalkerClaw","Guardian:ShieldCharger"],"picked":"SKIP","floor":11.0},{"not_picked":["Guardian:PrimingBeam","Guardian:ShieldCharger"],"picked":"Guardian:TemporalShield","floor":13.0},{"not_picked":["Guardian:Reroute","Guardian:PrimingBeam"],"picked":"Guardian:ArmoredProtocol","floor":14.0},{"not_picked":["Guardian:Planning","Guardian:CrystalBeam"],"picked":"Guardian:Gem_Orange","floor":15.0},{"not_picked":["Guardian:FierceBash","Guardian:HyperBeam_Guardian"],"picked":"Guardian:GemFinder","floor":16.0},{"not_picked":["Guardian:Gem_Red","Guardian:Gem_Lightblue"],"picked":"Guardian:Gem_Cyan","floor":19.0},{"not_picked":["Guardian:TimeBomb+1","Guardian:WalkerClaw","Guardian:Gem_Lightblue"],"picked":"SKIP","floor":19.0},{"not_picked":["Guardian:Suspension","Guardian:VentSteam"],"picked":"Guardian:SpikerProtocol","floor":20.0},{"not_picked":["Guardian:DonusPower","Guardian:Reroute+1"],"picked":"Guardian:EvasiveProtocol","floor":21.0},{"not_picked":["Guardian:PrimingBeam+1","Guardian:SpikerProtocol+1"],"picked":"Guardian:Gem_Yellow","floor":22.0},{"not_picked":["Guardian:Gem_Red","Guardian:Gem_Lightblue"],"picked":"Guardian:Gem_Green","floor":22.0},{"not_picked":["Guardian:WalkerClaw","Guardian:Gem_Purple"],"picked":"Guardian:ShieldCharger","floor":25.0},{"not_picked":["Guardian:Gem_Lightblue","Guardian:Gem_Red"],"picked":"Guardian:Gem_Green","floor":25.0},{"not_picked":["Guardian:Gem_Red","Guardian:Gem_Lightblue"],"picked":"Guardian:Gem_Cyan","floor":28.0},{"not_picked":["Guardian:SpikerProtocol+1","Guardian:TemporalStrike","Guardian:Planning"],"picked":"SKIP","floor":28.0},{"not_picked":["Guardian:Gem_Lightblue","Guardian:Gem_Red"],"picked":"Guardian:Gem_Green","floor":31},{"not_picked":["Guardian:ShieldCharger","Guardian:FuturePlans"],"picked":"Guardian:Planning+1","floor":31},{"not_picked":["Guardian:Gem_Red","Guardian:Gem_Green"],"picked":"Guardian:Gem_Cyan","floor":32},{"not_picked":["Guardian:WalkerClaw","Guardian:Suspension+1"],"picked":"Guardian:FastForward","floor":32},{"not_picked":["Guardian:Gem_Red","Guardian:Gem_Lightblue"],"picked":"Guardian:Gem_Green","floor":33},{"not_picked":["Guardian:RevengeProtocol","Guardian:HyperBeam_Guardian"],"picked":"Guardian:SphericShield","floor":33},{"not_picked":["Guardian:Repulse","Guardian:Gem_Crimson"],"picked":"Guardian:BodySlam","floor":36},{"not_picked":["Guardian:WalkerClaw+1","Guardian:Gem_Cyan"],"picked":"Guardian:TimeCapacitor","floor":37},{"not_picked":["Guardian:Gem_Lightblue","Guardian:Gem_Red"],"picked":"Guardian:Gem_Green","floor":37},{"not_picked":["Guardian:Gem_Green","Guardian:Gem_Red"],"picked":"Guardian:Gem_Cyan","floor":38},{"not_picked":["Guardian:Gem_Lightblue","Guardian:PrimingBeam"],"picked":"Guardian:ShieldSpikes+1","floor":38},{"not_picked":["Guardian:VentSteam","Guardian:ShieldSpikes+1"],"picked":"Guardian:StasisEngine","floor":40},{"not_picked":["Guardian:Gem_Red","Guardian:Gem_Lightblue"],"picked":"Guardian:Gem_Cyan","floor":40},{"not_picked":["Guardian:ShieldSpikes","Guardian:Suspension","Guardian:GuardianWhirl"],"picked":"SKIP","floor":42},{"not_picked":["Guardian:Recover+1","Guardian:ShieldCharger+1"],"picked":"Guardian:PrismaticBeam+1","floor":44},{"not_picked":["Guardian:Gem_Lightblue","Guardian:Gem_Red"],"picked":"Guardian:Gem_Cyan","floor":44},{"not_picked":["Guardian:ShieldCharger","Guardian:Incinerate+1"],"picked":"Guardian:PrismaticBarrier","floor":45},{"not_picked":["Guardian:Gem_Lightblue","Guardian:Gem_Red"],"picked":"Guardian:Gem_Green","floor":45},{"not_picked":["Guardian:Gem_Yellow","Guardian:SentryBeam"],"picked":"Guardian:Recover","floor":49},{"not_picked":["Guardian:Gem_Green","Guardian:TemporalStrike+1"],"picked":"Guardian:Gem_White","floor":52}],"player_experience":298603,"relics_obtained":[{"floor":7.0,"key":"reliquary:RoseTintedGlasses"},{"floor":11.0,"key":"infinitespire:Midas Blood"},{"floor":13.0,"key":"StrikeDummy"},{"floor":31,"key":"Bag of Preparation"},{"floor":41,"key":"reliquary:FerryPass"},{"floor":45,"key":"Juzu Bracelet"},{"floor":52,"key":"infinitespire:Golems Mask"}],"event_choices":[],"is_beta":false,"boss_relics":[{"not_picked":["Runic Dome","Cursed Key"],"picked":"reliquary:ThirdArm"},{"not_picked":["Pandora\u0027s Box","reliquary:KinkedSpring"],"picked":"Guardian:ModeShifterPlus"}],"items_purged_floors":[8,22,26,40,53],"is_endless":false,"potions_floor_spawned":[2,13,14,16,20,25,32,38],"ascension_level":1}}