{"host":"56xwnffi6e9z5l58","time":1613667318,"event":{"mods":["Aspiration","BaseMod","Better Match","Better Note","Better Sensory Stone","BetterRewards","Colored Map","Colored Powertips","Conspire","Downfall","GifTheSpireLib","Hermit","Highlight Path","Hubris","Infinite Spire","Key Reminder","Minty Spire (QoL Compilation)","Permanent Neow","Quick Restart","Rare Cards Sparkle","Replay The Spire","StSLib","Stuff the Spire","SuperFastMode","Unceasing Turn Reminder"],"gold_per_floor":[0,10,0,10,10,10,10,10,26,38,51,85,85,103,114,215,215,215,233,252,252,252,270,270,285,285,300,300,300,300],"floor_reached":28,"language":"ENG","playtime":659,"items_purged":[],"score":249,"play_id":"f7030ada-6c9b-4e2e-8e59-c092e5b65872","local_time":"20210219005518","is_ascension_mode":false,"campfire_choices":[{"data":"bronze:HardenedForm","floor":1,"key":"SMITH"},{"data":"bronze:Replicate","floor":6,"key":"SMITH"},{"data":"bronze:Goto","floor":8,"key":"SMITH"},{"data":"bronze:Overload","floor":18,"key":"SMITH"},{"floor":26,"key":"REST"}],"circlet_count":0,"master_deck":["bronze:Strike+1","bronze:Strike+1","bronze:Strike","bronze:Strike","bronze:Defend","bronze:Defend","bronze:Defend","bronze:Defend","bronze:Replicate+1","bronze:Goto+1","bronze:HardenedForm+1","bronze:GetLatest","bronze:BronzeArmor+1","bronze:ChildClass","Regret","bronze:ChosenStrike","bronze:WhirlingStrike","bronze:ChosenStrike","downfall:Malfunctioning","bronze:Overload+1","bronze:Overheat","bronze:AlphaBuild","bronze:Boost+1","bronze:ItsAFeature","bronze:Boost+1","bronze:Branch","bronze:Philosophize","bronze:Boost"],"relics":["bronze:BronzeCore","hubris:FunFungus","Eternal Feather","Pen Nib","hubris:VirtuousBlindfold","Shuriken"],"acts_visited":["Exordium","TheCity"],"potions_floor_usage":[16],"damage_taken":[{"damage":1,"enemies":"2 Louse","floor":2,"turns":4},{"damage":0,"enemies":"downfall:FleeingMerchant","floor":3,"turns":4},{"damage":7,"enemies":"Small Slimes","floor":4,"turns":3},{"damage":7,"enemies":"Cultist","floor":9,"turns":3},{"damage":17,"enemies":"Large Slime","floor":10,"turns":4},{"damage":5,"enemies":"2 Fungi Beasts","floor":11,"turns":3},{"damage":2,"enemies":"Gremlin Nob","floor":12,"turns":3},{"damage":12,"enemies":"Exordium Thugs","floor":14,"turns":3},{"damage":12,"enemies":"downfall:LooterAlt","floor":15,"turns":3},{"damage":14,"enemies":"IC_STATUS_ARCHETYPE","floor":16,"turns":6},{"damage":20,"enemies":"downfall:LooterAlt2","floor":19,"turns":3},{"damage":10,"enemies":"Shell Parasite","floor":20,"turns":3},{"damage":31,"enemies":"Sentry and Sphere","floor":23,"turns":7},{"damage":27,"enemies":"Snecko","floor":25,"turns":4},{"damage":41,"enemies":"Centurion and Healer","floor":27,"turns":4},{"damage":12,"enemies":"Snake Plant","floor":28,"turns":1}],"seed_played":"-2850108594611837921","potions_obtained":[{"floor":9,"key":"GamblersBrew"},{"floor":10,"key":"Explosive Potion"},{"floor":15,"key":"Elixir"},{"floor":16,"key":"Dexterity Potion"},{"floor":20,"key":"sneckomod:MuddlingPotion"},{"floor":21,"key":"FairyPotion"},{"floor":21,"key":"bronze:BuildAFunctionPotion"}],"is_trial":false,"path_per_floor":["R","M","$","M","?","R","T","R","M","M","M","E","?","M","M","B",null,"R","M","M","?","?","M","T","M","R","M","M"],"character_chosen":"THE_AUTOMATON","items_purchased":[],"campfire_rested":1,"item_purchase_floors":[],"current_hp_per_floor":[70,69,69,62,62,62,62,70,63,46,41,39,39,27,15,2,70,70,52,42,42,42,11,11,14,50,10,0,0,0],"gold":300,"neow_bonus":"THREE_RARE_CARDS","is_daily":false,"chose_seed":false,"campfire_upgraded":4,"win_rate":0.0,"timestamp":1613667318,"path_taken":["R","M","$","M","?","R","T","R","M","M","M","E","?","M","M","BOSS","R","M","M","?","?","M","T","M","R","M","M"],"items_purchased_type":[],"build_version":"2020-12-22","purchased_purges":0,"victory":false,"max_hp_per_floor":[70,70,70,70,70,70,70,70,70,70,70,70,70,70,70,70,70,70,70,70,70,70,70,70,70,70,70,70,70,70],"card_choices":[{"not_picked":["bronze:ThunderWave","bronze:Virus"],"picked":"bronze:HardenedForm","floor":0},{"not_picked":["bronze:Iterate","bronze:NullPointer"],"picked":"bronze:GetLatest","floor":2},{"not_picked":["bronze:OilSpill","bronze:GetLatest"],"picked":"bronze:BronzeArmor","floor":3},{"not_picked":["bronze:Frontload","bronze:BugBarrage"],"picked":"bronze:ChildClass","floor":4},{"not_picked":["bronze:Deprecate","bronze:Shield","bronze:BitShift"],"picked":"SKIP","floor":9},{"not_picked":["bronze:ClassDefault","bronze:BitShift"],"picked":"bronze:ChosenStrike","floor":10},{"not_picked":["bronze:BitShift","bronze:BugBarrage"],"picked":"bronze:WhirlingStrike","floor":11},{"not_picked":["bronze:DelayedGuard","bronze:Flail"],"picked":"bronze:ChosenStrike","floor":12},{"not_picked":["bronze:CutThrough","bronze:Invalidate"],"picked":"bronze:Overload","floor":14},{"not_picked":["bronze:Branch","bronze:Constructor"],"picked":"bronze:Overheat","floor":15},{"not_picked":["bronze:ThunderWave","bronze:CleanCode"],"picked":"bronze:AlphaBuild","floor":16},{"not_picked":["bronze:BitShift+1","bronze:NullPointer"],"picked":"bronze:Boost+1","floor":19},{"not_picked":["bronze:NullPointer","bronze:BuggyMess"],"picked":"bronze:ItsAFeature","floor":20},{"not_picked":["bronze:Iterate","bronze:CloningBeam"],"picked":"bronze:Branch","floor":23},{"not_picked":["bronze:CutThrough","bronze:NullPointer"],"picked":"bronze:Philosophize","floor":25},{"not_picked":["bronze:Shield","bronze:Constructor"],"picked":"bronze:Boost","floor":27}],"player_experience":1044331,"relics_obtained":[{"floor":7,"key":"Eternal Feather"},{"floor":12,"key":"Pen Nib"},{"floor":24,"key":"Shuriken"}],"event_choices":[{"damage_healed":0,"gold_gain":0,"player_choice":"Box","damage_taken":0,"relics_obtained":["hubris:FunFungus"],"max_hp_gain":0,"max_hp_loss":0,"event_name":"Big Fish","floor":5,"gold_loss":0,"cards_obtained":["Regret"]},{"damage_healed":0,"gold_gain":0,"player_choice":"Got Potions","damage_taken":0,"max_hp_gain":0,"max_hp_loss":0,"event_name":"Lab","floor":21,"gold_loss":0}],"is_beta":false,"boss_relics":[{"not_picked":["StuffTheSpire:ModemDavis","Velvet Choker"],"picked":"hubris:VirtuousBlindfold"}],"items_purged_floors":[],"is_endless":false,"potions_floor_spawned":[9,10,15,16,20,23],"killed_by":"Snake Plant","ascension_level":0}}