{"host":"lg2j834m1ujxvni0","time":1613607924,"event":{"mods":["AchievementEnabler","BaseMod","Beaked The Cultist","Better Vampires","BetterRewards","Colored Map","Colored Powertips","Conspire","Downfall","Glutton Mod","Googly Eyes","Gremlin Mod","Hermit","Highlight Path","Hubris","Infinite Spire","Marisa????????","Mimic Mod","Minty Spire (QoL Compilation)","Quick Restart","Replay The Spire","Shade Mod","Shop Mod","StSLib","The Bladedancer","The Bug Knight","The Construct","The Cursed","The Death Knight","The Disciple","The Druid","The Elementalist","The Forsaken","The Hayseed","The Hierophant","The IronCluck","The Judge","The Jungle","The Mystic","The Necromancer","The Runesmith","The Servant 0.9.4","The Spell Scribe","The Witch"],"gold_per_floor":[99,99,99,99,8,8,33,61,76,108,108,21,21,21,31,133,133,33,51,51,251,49,49,89,89,109,124,152,165,65,84,99,99,99,99],"floor_reached":33,"language":"ENG","playtime":4554,"items_purged":["Guardian:Strike_Guardian"],"score":323,"play_id":"1759eac2-9860-40f2-861d-d8fd200bc116","local_time":"20210217192524","is_ascension_mode":false,"campfire_choices":[{"floor":1,"key":"RECALL"},{"floor":11,"key":"REST"},{"data":"hubris:DuctTapeCard","floor":13,"key":"SMITH"},{"data":"Guardian:DonusPower","floor":23,"key":"SMITH"},{"data":"Guardian:WalkerClaw","floor":25,"key":"SMITH"},{"floor":30,"key":"REST"}],"circlet_count":0,"master_deck":["Guardian:Strike_Guardian","Guardian:Strike_Guardian","Guardian:Strike_Guardian","Guardian:Defend_Guardian","Guardian:Defend_Guardian","Guardian:Defend_Guardian","Guardian:Defend_Guardian","Guardian:ChargeCore","Regret","hubris:DuctTapeCard+2","Amnesia","Guardian:PrimingBeam","Guardian:EvasiveProtocol","Guardian:CrystalBeam+1","Guardian:Gem_Lightblue","Guardian:FloatingOrbs","Guardian:ChargeCore","Guardian:SphericShield","Guardian:FloatingOrbs","hubris:Fate","Guardian:ShieldSpikes","Guardian:StasisField","Guardian:DonusPower+1","downfall:Haunted","Guardian:VentSteam","Guardian:SpikerProtocol","Guardian:VentSteam","Guardian:WalkerClaw+1","Guardian:RollAttack","Guardian:CrystalBeam+1","hubris:NaturalOne","Guardian:Orbwalk","Guardian:ShieldCharger","Guardian:FierceBash","Guardian:TemporalStrike","Guardian:Gem_Crimson","Guardian:WalkerClaw+1"],"relics":["Guardian:ModeShifter","downfall:HeartsMalice","hubris:DuctTape","Ring of Searing","Ring of Hypnosis","Replay:Wax Seal","Ancient Tea Set","Kunai","Frozen Eye","ReplayTheSpireMod:DimensionalGlitch","downfall:HeartBlessingRed","downfall:RedIOU","hubris:Icosahedron","Replay:Bottled Flurry","Replay:Rubber Ducky","downfall:HeartBlessingGreen"],"acts_visited":["TheCity"],"potions_floor_usage":[10,15,33,33,33],"damage_taken":[{"damage":0,"enemies":"2 Louse","floor":2,"turns":1},{"damage":0,"enemies":"downfall:FleeingMerchant","floor":5,"turns":1},{"damage":0,"enemies":"Nightmare","floor":8,"turns":1},{"damage":12,"enemies":"conspire:RoseBush","floor":9,"turns":2},{"damage":14,"enemies":"Gremlin Nob","floor":10,"turns":4},{"damage":1,"enemies":"Small Slimes","floor":12,"turns":3},{"damage":3,"enemies":"Exordium Wildlife","floor":15,"turns":3},{"damage":27,"enemies":"WA_ARCHETYPE_RETAIN","floor":16,"turns":7},{"damage":23,"enemies":"Chosen","floor":19,"turns":6},{"damage":1,"enemies":"downfall:FleeingMerchant","floor":22,"turns":4},{"damage":21,"enemies":"conspire:FuzzyDice","floor":24,"turns":5},{"damage":13,"enemies":"conspire:FuzzyDice","floor":26,"turns":5},{"damage":13,"enemies":"Cultist and Chosen","floor":27,"turns":4},{"damage":12,"enemies":"Slavers","floor":28,"turns":4},{"damage":11,"enemies":"Chosen and Byrds","floor":29,"turns":6},{"damage":11,"enemies":"Centurion and Healer","floor":31,"turns":7},{"damage":5,"enemies":"3 Cultists","floor":32,"turns":5},{"damage":23,"enemies":"SI_MIRROR_ARCHETYPE","floor":33,"turns":4}],"seed_played":"2858828730244997070","potions_obtained":[{"floor":8,"key":"Energy Potion"},{"floor":10,"key":"Block Potion"},{"floor":16,"key":"bronze:BurnAndBuffPotion"},{"floor":19,"key":"Death Potion"},{"floor":28,"key":"champ:CounterPotion"},{"floor":31,"key":"hexamod:SoulburnPotion"},{"floor":32,"key":"champ:CounterPotion"}],"is_trial":false,"path_per_floor":["R","M","?","?","$","?","T","NM","M","E","R","M","R","AVR","M","B",null,"R_BF","M","?","?","$","R","MIM","R","M","M","E","M","R","M","M","B"],"character_chosen":"GUARDIAN","items_purchased":["Replay:Wax Seal","Guardian:EvasiveProtocol","Guardian:CrystalBeam+1","Guardian:SpikerProtocol","Guardian:VentSteam","Guardian:WalkerClaw","Guardian:RollAttack"],"campfire_rested":2,"item_purchase_floors":[5,5,5,22,22,22,22],"current_hp_per_floor":[80,80,80,80,80,38,38,38,26,12,36,35,35,35,32,5,80,80,57,57,57,56,56,59,59,46,33,21,10,34,23,18,0,0,0],"gold":99,"neow_bonus":"THREE_ENEMY_KILL","is_daily":false,"chose_seed":false,"campfire_upgraded":3,"win_rate":0.0,"timestamp":1613607924,"path_taken":["R","M","?","?","$","?","T","NM","M","E","R","M","R","AVR","M","BOSS","R_BF","M","?","?","?","R","MIM","R","M","M","E","M","R","?","M","BOSS"],"items_purchased_type":["Relic","Card","Card","Card","Card","Card","Card"],"build_version":"2020-12-22","purchased_purges":1,"victory":false,"max_hp_per_floor":[80,80,80,80,80,80,80,80,80,80,80,80,80,80,80,80,80,80,80,80,80,80,80,80,80,80,80,80,80,80,80,80,80,80,80],"card_choices":[{"not_picked":["Guardian:PrismaticBarrier","Guardian:Planning"],"picked":"Guardian:ChargeCore","floor":2},{"not_picked":["Guardian:RollAttack","Guardian:WalkerClaw"],"picked":"Guardian:PrimingBeam","floor":5},{"not_picked":["Guardian:Planning","Guardian:DonusPower"],"picked":"Guardian:FloatingOrbs","floor":8},{"not_picked":["Guardian:RollAttack","Guardian:Gem_Lightblue"],"picked":"Guardian:ChargeCore","floor":9},{"not_picked":["Guardian:CrystalBeam","Guardian:Gem_Cyan"],"picked":"Guardian:SphericShield","floor":10},{"not_picked":["Guardian:PrimingBeam","Guardian:ShieldCharger"],"picked":"Guardian:FloatingOrbs","floor":12},{"not_picked":["Guardian:Gem_Blue","Guardian:Gem_White"],"picked":"Guardian:ShieldSpikes","floor":15},{"not_picked":["Guardian:AncientConstruct","Guardian:FastForward"],"picked":"Guardian:StasisField","floor":16},{"not_picked":["Guardian:VentSteam","Guardian:Gem_Red"],"picked":"Guardian:DonusPower","floor":19},{"not_picked":["Guardian:CrystalBeam","Guardian:Gem_Yellow"],"picked":"Guardian:VentSteam","floor":22},{"not_picked":["Guardian:Gem_Red","Guardian:Suspension+1"],"picked":"Guardian:CrystalBeam+1","floor":24},{"not_picked":["Guardian:Gem_Cyan","Guardian:DecasProtection"],"picked":"Guardian:Orbwalk","floor":26},{"not_picked":["Guardian:Recover","Guardian:Reroute"],"picked":"Guardian:ShieldCharger","floor":27},{"not_picked":["Guardian:Gem_Cyan","Guardian:Gem_Green"],"picked":"Guardian:FierceBash","floor":28},{"not_picked":["Guardian:Gem_Lightblue","Guardian:MultiBeam"],"picked":"Guardian:TemporalStrike","floor":29},{"not_picked":["Guardian:VentSteam","Guardian:Reroute"],"picked":"Guardian:Gem_Crimson","floor":31},{"not_picked":["Guardian:ChargeCore","Guardian:PrimingBeam+1"],"picked":"Guardian:WalkerClaw+1","floor":32}],"player_experience":173635,"relics_obtained":[{"floor":4,"key":"Ring of Searing"},{"floor":4,"key":"Ring of Hypnosis"},{"floor":7,"key":"Bag of Preparation"},{"floor":8,"key":"Ancient Tea Set"},{"floor":10,"key":"Kunai"},{"floor":24,"key":"Replay:Bottled Flurry"},{"floor":28,"key":"Replay:Rubber Ducky"}],"event_choices":[{"damage_healed":0,"gold_gain":0,"player_choice":"Box","damage_taken":0,"relics_obtained":["hubris:DuctTape"],"max_hp_gain":0,"max_hp_loss":0,"event_name":"Big Fish","floor":3,"gold_loss":0,"cards_obtained":["Regret"]}],"is_beta":false,"boss_relics":[{"not_picked":["hubris:VirtuousBlindfold","Replay:Bronze Core"],"picked":"ReplayTheSpireMod:DimensionalGlitch"}],"items_purged_floors":[14],"is_endless":false,"potions_floor_spawned":[8,10,16,19,28,29,31,32],"killed_by":"SI_MIRROR_ARCHETYPE","ascension_level":0}}