{"host":"zlmf7uudqr1sj8t0","time":1613628862,"event":{"mods":["BaseMod","Colored Map","DeckTracker","Highlight Path","Minty Spire (QoL Compilation)"],"gold_per_floor":[111,122,72,90,165,165,190,190,213,245,245,178,188,214,214,316,316,331,331,39,49,49,49,74,74,74],"floor_reached":25,"language":"ENG","playtime":1417,"items_purged":[],"score":314,"play_id":"cf05f105-deed-4994-97db-c293a6bd33df","local_time":"20210217221422","is_ascension_mode":true,"campfire_choices":[{"floor":6,"key":"REST"},{"floor":8,"key":"REST"},{"floor":11,"key":"REST"},{"floor":15,"key":"REST"},{"floor":23,"key":"REST"}],"circlet_count":0,"master_deck":["Strike_B+1","Strike_B+1","Strike_B+1","Defend_B+1","Defend_B+1","Defend_B+1","Defend_B+1","Zap","Dualcast","Reboot","Darkness","Compile Driver","Lockon+1","Redo","Defragment","Skim","All For One","Darkness+1"],"relics":["Cracked Core","Regal Pillow","Whetstone","FossilizedHelix","Omamori","Black Star","Toy Ornithopter","Frozen Eye","Smiling Mask","StoneCalendar"],"acts_visited":["Exordium","TheCity"],"potions_floor_usage":[10,24],"damage_taken":[{"damage":4,"enemies":"Jaw Worm","floor":1,"turns":4},{"damage":16,"enemies":"2 Louse","floor":2,"turns":2},{"damage":4,"enemies":"Small Slimes","floor":4,"turns":3},{"damage":54,"enemies":"Gremlin Nob","floor":7,"turns":5},{"damage":28,"enemies":"Lagavulin","floor":10,"turns":6},{"damage":26,"enemies":"Gremlin Gang","floor":13,"turns":5},{"damage":0,"enemies":"Gremlin Nob","floor":14,"turns":3},{"damage":60,"enemies":"The Guardian","floor":16,"turns":8},{"damage":46,"enemies":"2 Thieves","floor":18,"turns":5},{"damage":16,"enemies":"Spheric Guardian","floor":21,"turns":4},{"damage":61,"enemies":"Slavers","floor":24,"turns":8},{"damage":6,"enemies":"Cultist and Chosen","floor":25,"turns":4}],"seed_played":"9092995757644387655","potions_obtained":[{"floor":4,"key":"Regen Potion"},{"floor":7,"key":"EssenceOfSteel"},{"floor":14,"key":"Regen Potion"},{"floor":16,"key":"LiquidBronze"},{"floor":21,"key":"DuplicationPotion"}],"is_trial":false,"path_per_floor":["M","M","?","M","?","R","E","R","T","E","R","$","M","E","R","B",null,"M","?","$","M","?","R","E","M"],"character_chosen":"DEFECT","items_purchased":["Defragment","Toy Ornithopter","Frozen Eye"],"campfire_rested":5,"item_purchase_floors":[12,20,20],"current_hp_per_floor":[71,55,55,51,40,62,8,45,45,17,54,54,28,28,65,5,75,29,29,29,13,18,55,14,8,8],"gold":74,"neow_bonus":"ONE_RANDOM_RARE_CARD","is_daily":false,"chose_seed":false,"campfire_upgraded":0,"win_rate":0.0,"timestamp":1613628862,"path_taken":["M","M","?","M","?","R","E","R","T","E","R","$","M","E","R","BOSS","M","?","$","M","?","R","E","M"],"items_purchased_type":["Card","Relic","Relic"],"build_version":"2020-12-22","purchased_purges":0,"victory":false,"max_hp_per_floor":[75,75,75,75,75,75,75,75,75,75,75,75,75,75,75,75,75,75,75,75,75,75,75,75,75,75],"card_choices":[{"not_picked":["Stack","Melter"],"picked":"Darkness","floor":1},{"not_picked":["Force Field","Rebound"],"picked":"Compile Driver","floor":2},{"not_picked":["Ball Lightning","Hologram"],"picked":"Lockon","floor":4},{"not_picked":["Storm","Stack"],"picked":"Redo","floor":7},{"not_picked":["Biased Cognition","Glacier","Go for the Eyes"],"picked":"SKIP","floor":10},{"not_picked":["Coolheaded","Turbo"],"picked":"Sweeping Beam","floor":13},{"not_picked":["Meteor Strike","BootSequence"],"picked":"Skim","floor":14},{"not_picked":["Biased Cognition","Electrodynamics"],"picked":"All For One","floor":16},{"not_picked":["Reinforced Body","Beam Cell"],"picked":"Darkness+1","floor":18},{"not_picked":["Turbo","Lockon","Rebound+1"],"picked":"SKIP","floor":21},{"not_picked":["Chill+1","Turbo","White Noise"],"picked":"SKIP","floor":24}],"player_experience":178724,"relics_obtained":[{"floor":7,"key":"Regal Pillow"},{"floor":9,"key":"Whetstone"},{"floor":10,"key":"FossilizedHelix"},{"floor":14,"key":"Omamori"},{"floor":24,"key":"Smiling Mask"},{"floor":24,"key":"StoneCalendar"}],"event_choices":[{"cards_removed":["Strike_B"],"damage_healed":0,"gold_gain":0,"player_choice":"Card Removal","damage_taken":0,"max_hp_gain":0,"max_hp_loss":0,"event_name":"The Cleric","floor":3,"gold_loss":50},{"damage_healed":0,"gold_gain":75,"player_choice":"Gather Gold","damage_taken":11,"max_hp_gain":0,"max_hp_loss":0,"event_name":"World of Goop","floor":5,"gold_loss":0},{"damage_healed":0,"gold_gain":0,"player_choice":"Simplicity","damage_taken":0,"max_hp_gain":0,"max_hp_loss":0,"event_name":"Back to Basics","floor":19,"gold_loss":0,"cards_upgraded":["Strike_B","Strike_B","Defend_B","Defend_B","Defend_B","Defend_B"]},{"cards_removed":["Sweeping Beam"],"damage_healed":5,"gold_gain":0,"player_choice":"Offered Common","damage_taken":0,"max_hp_gain":0,"max_hp_loss":0,"event_name":"Bonfire Elementals","floor":22,"gold_loss":0},{"cards_removed":["Sweeping Beam"],"damage_healed":5,"gold_gain":0,"player_choice":"Offered Special","damage_taken":0,"max_hp_gain":0,"max_hp_loss":0,"event_name":"Bonfire Elementals","floor":22,"gold_loss":0}],"is_beta":false,"boss_relics":[{"not_picked":["Inserter","Runic Pyramid"],"picked":"Black Star"}],"items_purged_floors":[],"is_endless":false,"potions_floor_spawned":[4,7,14,16,18,21],"killed_by":"Cultist and Chosen","ascension_level":4}}