{"host":"sc0o2qwpf9j16a4i","time":1613653665,"event":{"mods":["AchievementEnabler","BaseMod","BetterRewards","Block Reminder","Colored Map","Colored Powertips","Custom Start","Highlight Path","Minty Spire (QoL Compilation)","Relic Stats"],"gold_per_floor":[116,129,147,161,161,189,16,16,69,99,131,148,158,186,186,284,284,296,211,211,223,4,4,34,51,51,63,92,92,117,128,128,231,231,244,244,14,28,55,55,88,115,127,36,51,1,35,53,53,53],"floor_reached":51,"language":"ENG","playtime":2927,"items_purged":["Regret"],"score":1300,"play_id":"c47ef6c4-ee20-4498-b85c-26e721fe6dda","local_time":"20210218150745","daily_mods":["Shiny","Blue Cards","DeadlyEvents"],"is_ascension_mode":false,"campfire_choices":[{"data":"Adrenaline","floor":8.0,"key":"SMITH"},{"floor":15.0,"key":"REST"},{"data":"Seek","floor":23.0,"key":"SMITH"},{"data":"Wraith Form v2","floor":32.0,"key":"SMITH"},{"data":"Decay","floor":40.0,"key":"PURGE"},{"data":"Doubt","floor":49.0,"key":"PURGE"}],"circlet_count":0,"master_deck":["Multi-Cast","Thunder Strike","Biased Cognition","Machine Learning","Electrodynamics","Buffer","Rainbow","Seek+1","Meteor Strike","Echo Form","All For One","Reboot","Amplify","Creative AI","Fission","Core Surge","Venomology","Corpse Explosion","Malaise","Phantasmal Killer","Die Die Die","Adrenaline+1","Envenom","Doppelganger","Burst","Wraith Form v2+1","Tools of the Trade","Night Terror","Unload","After Image","Bullet Time","Storm of Steel","Glass Knife","A Thousand Cuts","Grand Finale","Dagger Spray","Coolheaded","Dagger Throw","Hologram","Leap","Reprogram","Catalyst","White Noise","Reinforced Body+1","Stack+1","Self Repair+1","Buffer+1","PiercingWail","Apotheosis","Heatsinks+1","Hologram","Catalyst+1","Conserve Battery+1","Buffer+1","CurseOfTheBell","Noxious Fumes+1","Adrenaline+1","Backflip+1","Defragment+1","Prepared+1","PiercingWail+1"],"relics":["Ring of the Snake","Bottled Tornado","Dream Catcher","Toy Ornithopter","Boot","Bottled Lightning","Frozen Egg 2","Cursed Key","PreservedInsect","Bag of Marbles","MealTicket","Matryoshka","Toxic Egg 2","Nilry\u0027s Codex","HornCleat","Calling Bell","Smiling Mask","Mummified Hand","Peace Pipe","Snake Skull","Nunchaku","War Paint","Strawberry","MawBank","Ancient Tea Set","Singing Bowl","Girya","Pen Nib"],"acts_visited":["Exordium","TheCity","TheBeyond"],"potions_floor_usage":[50],"damage_taken":[{"damage":6.0,"enemies":"Cultist","floor":1.0,"turns":3.0},{"damage":5.0,"enemies":"Jaw Worm","floor":2.0,"turns":2.0},{"damage":6.0,"enemies":"2 Louse","floor":3.0,"turns":2.0},{"damage":11.0,"enemies":"Exordium Thugs","floor":4.0,"turns":3.0},{"damage":0.0,"enemies":"3 Sentries","floor":6.0,"turns":2.0},{"damage":3.0,"enemies":"Lagavulin","floor":10.0,"turns":5.0},{"damage":0.0,"enemies":"Gremlin Nob","floor":11.0,"turns":2.0},{"damage":0.0,"enemies":"Lots of Slimes","floor":12.0,"turns":1.0},{"damage":0.0,"enemies":"Blue Slaver","floor":13.0,"turns":2.0},{"damage":0.0,"enemies":"Lagavulin","floor":14.0,"turns":7.0},{"damage":0.0,"enemies":"Slime Boss","floor":16.0,"turns":7.0},{"damage":0.0,"enemies":"3 Byrds","floor":18.0,"turns":3.0},{"damage":1.0,"enemies":"Shell Parasite","floor":21.0,"turns":6.0},{"damage":14.0,"enemies":"Book of Stabbing","floor":24.0,"turns":6.0},{"damage":0.0,"enemies":"Snake Plant","floor":25.0,"turns":1.0},{"damage":10.0,"enemies":"Snecko","floor":27.0,"turns":3.0},{"damage":9.0,"enemies":"Gremlin Leader","floor":28.0,"turns":5.0},{"damage":0.0,"enemies":"Slavers","floor":30.0,"turns":2.0},{"damage":0.0,"enemies":"Shelled Parasite and Fungi","floor":31.0,"turns":6.0},{"damage":0.0,"enemies":"Collector","floor":33.0,"turns":10.0},{"damage":0.0,"enemies":"Orb Walker","floor":35.0,"turns":5.0},{"damage":0.0,"enemies":"3 Darklings","floor":38.0,"turns":4.0},{"damage":0.0,"enemies":"Giant Head","floor":39.0,"turns":8.0},{"damage":18.0,"enemies":"Nemesis","floor":41.0,"turns":5.0},{"damage":0.0,"enemies":"Transient","floor":45.0,"turns":5.0},{"damage":0.0,"enemies":"Giant Head","floor":47.0,"turns":4.0},{"damage":0.0,"enemies":"Sphere and 2 Shapes","floor":48.0,"turns":4.0},{"damage":0,"enemies":"Time Eater","floor":50,"turns":12}],"seed_played":"-5352545830065972047","potions_obtained":[{"floor":2.0,"key":"Dexterity Potion"},{"floor":5.0,"key":"Fire Potion"},{"floor":6.0,"key":"DuplicationPotion"},{"floor":10.0,"key":"SpeedPotion"},{"floor":16.0,"key":"Dexterity Potion"},{"floor":25.0,"key":"Explosive Potion"},{"floor":27.0,"key":"BlessingOfTheForge"},{"floor":30.0,"key":"Explosive Potion"},{"floor":31.0,"key":"EntropicBrew"},{"floor":39.0,"key":"PowerPotion"},{"floor":41.0,"key":"DistilledChaos"}],"is_trial":true,"path_per_floor":["M","M","M","M","?","E","$","R","T","E","E","M","M","E","R","B",null,"M","?","?","M","$","R","E","M","T","M","E","?","E","M","R","B",null,"M","?","$","M","E","R","E","T","T","$","M","?","E","M","R","B",null],"character_chosen":"THE_SILENT","items_purchased":["Dream Catcher","Leap","Apotheosis","PowerPotion","Snake Skull","Adrenaline+1","Prepared+1"],"campfire_rested":1,"item_purchase_floors":[7,7,22,22,37,37,44],"current_hp_per_floor":[64,59,53,42,42,42,42,42,42,39,39,39,39,39,60,65,70,70,70,70,70,70,70,56,61,61,56,52,36,51,70,70,70,70,70,70,70,70,70,70,70,77,77,77,77,77,79,81,81,81],"gold":53,"neow_bonus":"","is_daily":false,"chose_seed":false,"campfire_upgraded":3,"win_rate":0.0,"timestamp":1613653665,"path_taken":["M","M","M","M","?","E","$","R","T","E","?","?","M","E","R","BOSS","M","?","?","M","$","R","E","M","T","M","E","?","E","M","R","BOSS","M","?","?","M","?","R","E","?","T","$","?","?","E","M","R","BOSS"],"items_purchased_type":["Relic","Card","Card","Potion","Relic","Card","Card"],"build_version":"2020-12-22","purchased_purges":1,"victory":true,"max_hp_per_floor":[70,70,70,70,70,70,70,70,70,70,70,70,70,70,70,70,70,70,70,70,70,70,70,70,70,70,70,70,70,70,70,70,70,70,70,70,70,70,70,70,70,77,77,77,77,77,79,81,81,81],"relic_stats":{"Singing Bowl":4,"counters":[28,125],"PreservedInsect":421,"Snake Skull":[54],"Pen Nib":[0],"War Paint":["Stack","Reinforced Body"],"Boot":[46],"Cursed Key":3,"Smiling Mask":25,"MawBank":24,"Peace Pipe":2,"Dream Catcher":1,"Nunchaku":[2],"Mummified Hand":[175],"MealTicket":0,"obtain_stats":[{"Singing Bowl":43,"Nilry\u0027s Codex":29,"Snake Skull":37,"Bottled Tornado":6,"Boot":10,"Cursed Key":17,"Smiling Mask":34,"Ancient Tea Set":43,"Dream Catcher":7,"Nunchaku":39,"Matryoshka":26,"HornCleat":30,"Mummified Hand":34,"Strawberry":42,"MealTicket":24,"Toxic Egg 2":28,"Ring of the Snake":0,"Girya":46,"PreservedInsect":19,"Pen Nib":47,"Frozen Egg 2":14,"War Paint":41,"MawBank":42,"Calling Bell":34,"Peace Pipe":34,"Bag of Marbles":20,"Bottled Lightning":11,"Toy Ornithopter":9},{"Singing Bowl":24,"Nilry\u0027s Codex":17,"Snake Skull":21,"Bottled Tornado":5,"Boot":6,"Cursed Key":11,"Smiling Mask":20,"Ancient Tea Set":24,"Dream Catcher":5,"Nunchaku":23,"Matryoshka":15,"HornCleat":18,"Mummified Hand":20,"Strawberry":24,"MealTicket":14,"Toxic Egg 2":17,"Ring of the Snake":0,"Girya":25,"PreservedInsect":12,"Pen Nib":26,"Frozen Egg 2":10,"War Paint":24,"MawBank":24,"Calling Bell":20,"Peace Pipe":20,"Bag of Marbles":12,"Bottled Lightning":7,"Toy Ornithopter":5},{"Singing Bowl":100,"Nilry\u0027s Codex":60,"Snake Skull":83,"Bottled Tornado":12,"Boot":17,"Cursed Key":36,"Smiling Mask":78,"Ancient Tea Set":100,"Dream Catcher":12,"Nunchaku":95,"Matryoshka":52,"HornCleat":62,"Mummified Hand":78,"Strawberry":100,"MealTicket":51,"Toxic Egg 2":60,"Ring of the Snake":0,"Girya":105,"PreservedInsect":39,"Pen Nib":109,"Frozen Egg 2":29,"War Paint":100,"MawBank":100,"Calling Bell":78,"Peace Pipe":78,"Bag of Marbles":39,"Bottled Lightning":19,"Toy Ornithopter":12}],"Toy Ornithopter":30,"Ring of the Snake":[56]},"card_choices":[{"not_picked":["Chaos","Noxious Fumes"],"picked":"Dagger Spray","floor":1.0},{"not_picked":["Melter","Sunder"],"picked":"Coolheaded","floor":2.0},{"not_picked":["Stack","Leg Sweep"],"picked":"Dagger Throw","floor":3.0},{"not_picked":["Phantasmal Killer","Underhanded Strike"],"picked":"Hologram","floor":4.0},{"not_picked":["Beam Cell","Expertise","Outmaneuver"],"picked":"SKIP","floor":6.0},{"not_picked":["Barrage","Masterful Stab"],"picked":"Reprogram","floor":10.0},{"not_picked":["Outmaneuver","Deadly Poison"],"picked":"Catalyst","floor":11.0},{"not_picked":["Rainbow","Consume"],"picked":"White Noise","floor":12.0},{"not_picked":["Recycle","Escape Plan"],"picked":"Reinforced Body","floor":13.0},{"not_picked":["FTL","White Noise"],"picked":"Stack","floor":14.0},{"not_picked":["Deflect","Gash"],"picked":"Self Repair+1","floor":15.0},{"not_picked":["Core Surge","Tools of the Trade+1"],"picked":"Buffer+1","floor":16.0},{"not_picked":["Quick Slash+1","Flechettes","Cloak And Dagger"],"picked":"SKIP","floor":18.0},{"not_picked":["Ball Lightning","Blade Dance+1"],"picked":"PiercingWail","floor":21.0},{"not_picked":["Hologram","Prepared"],"picked":"Heatsinks+1","floor":24.0},{"not_picked":["Underhanded Strike","Slice"],"picked":"Hologram","floor":25.0},{"not_picked":["Accuracy+1","Steam Power+1"],"picked":"Catalyst+1","floor":27.0},{"not_picked":["Gash","Barrage","Dagger Spray"],"picked":"SKIP","floor":28.0},{"not_picked":["Dagger Throw","Phantasmal Killer+1"],"picked":"Conserve Battery+1","floor":30.0},{"not_picked":["Dagger Spray+1","Sucker Punch+1","Underhanded Strike"],"picked":"SKIP","floor":31.0},{"not_picked":["Night Terror+1","All For One"],"picked":"Buffer+1","floor":33.0},{"not_picked":["Sucker Punch+1","Expertise+1"],"picked":"Noxious Fumes+1","floor":35.0},{"not_picked":["Outmaneuver+1","Go for the Eyes","Streamline"],"picked":"SKIP","floor":38.0},{"not_picked":["Skim+1","Leap+1"],"picked":"Backflip+1","floor":39.0},{"not_picked":["Ball Lightning+1","Double Energy+1"],"picked":"Defragment+1","floor":41.0},{"not_picked":["Deadly Poison+1","Eviscerate"],"picked":"PiercingWail+1","floor":45.0},{"not_picked":["Redo+1","Predator+1","Ball Lightning+1"],"picked":"Singing Bowl","floor":47.0},{"not_picked":["Beam Cell","Accuracy+1","Outmaneuver+1"],"picked":"Singing Bowl","floor":48.0}],"player_experience":1454338,"relics_obtained":[{"floor":6.0,"key":"Bottled Tornado"},{"floor":9.0,"key":"Toy Ornithopter"},{"floor":10.0,"key":"Boot"},{"floor":11.0,"key":"Bottled Lightning"},{"floor":14.0,"key":"Frozen Egg 2"},{"floor":24.0,"key":"MealTicket"},{"floor":26.0,"key":"Matryoshka"},{"floor":28.0,"key":"Toxic Egg 2"},{"floor":29.0,"key":"Nilry\u0027s Codex"},{"floor":30.0,"key":"HornCleat"},{"floor":34.0,"key":"Smiling Mask"},{"floor":34.0,"key":"Mummified Hand"},{"floor":34.0,"key":"Peace Pipe"},{"floor":39.0,"key":"Nunchaku"},{"floor":41.0,"key":"War Paint"},{"floor":42.0,"key":"Strawberry"},{"floor":42.0,"key":"MawBank"},{"floor":43.0,"key":"Ancient Tea Set"},{"floor":43.0,"key":"Singing Bowl"},{"floor":47.0,"key":"Pen Nib"}],"event_choices":[{"damage_healed":0.0,"max_hp_gain":0.0,"max_hp_loss":0.0,"gold_gain":0.0,"event_name":"Lab","player_choice":"Got Potions","floor":5.0,"gold_loss":0.0,"damage_taken":0.0},{"damage_healed":0.0,"max_hp_gain":0.0,"max_hp_loss":0.0,"gold_gain":0.0,"event_name":"Addict","player_choice":"Obtained Relic","floor":19.0,"gold_loss":85.0,"damage_taken":0.0,"relics_obtained":["PreservedInsect"]},{"damage_healed":0.0,"max_hp_gain":0.0,"max_hp_loss":0.0,"gold_gain":0.0,"event_name":"The Mausoleum","player_choice":"Opened","floor":20.0,"gold_loss":0.0,"damage_taken":0.0,"relics_obtained":["Bag of Marbles"]},{"damage_healed":0.0,"max_hp_gain":0.0,"max_hp_loss":0.0,"gold_gain":0.0,"event_name":"Cursed Tome","player_choice":"Obtained Book","floor":29.0,"gold_loss":0.0,"damage_taken":16.0},{"cards_removed":["Hyperbeam"],"damage_healed":0.0,"max_hp_gain":0.0,"max_hp_loss":0.0,"gold_gain":0.0,"event_name":"Falling","player_choice":"Removed Attack","floor":36.0,"gold_loss":0.0,"damage_taken":0.0},{"damage_healed":0.0,"max_hp_gain":0.0,"max_hp_loss":0.0,"gold_gain":0.0,"event_name":"WeMeetAgain","player_choice":"Paid Gold","floor":46.0,"gold_loss":50.0,"damage_taken":0.0,"relics_obtained":["Girya"]}],"is_beta":false,"boss_relics":[{"not_picked":["Tiny House","HoveringKite"],"picked":"Cursed Key"},{"not_picked":["Runic Pyramid","Velvet Choker"],"picked":"Calling Bell"}],"items_purged_floors":[44],"is_endless":false,"potions_floor_spawned":[2,6,10,11,16,24,25,27,30,31,39,41,47],"ascension_level":0}}