{"host":"rw1trt79hfpl7pom","time":1613637493,"event":{"mods":["BaseMod","Bestiary","Colored Map","Jorbs\u0027s Wanderer Trilogy","Minty Spire (QoL Compilation)","Relic Stats","StSLib","SuperFastMode"],"gold_per_floor":[118,134,134,154,154,183,183,211,211,53,66,66,99,113,113,185,185,195,195,495,505,530,530,568,592,592,592,637,637,665,665,665,747,747,768,430,443,466,484,521,172,172,172],"floor_reached":42,"language":"ENG","playtime":9089,"items_purged":["stsjorbsmod:Strike_Wanderer+1","stsjorbsmod:Defend_Wanderer"],"score":1126,"play_id":"b9e26e56-28c0-4dd6-9601-00975d32864f","local_time":"20210218003813","is_ascension_mode":true,"campfire_choices":[{"floor":7.0,"key":"REST"},{"floor":15.0,"key":"REST"},{"floor":23.0,"key":"REST"},{"floor":27.0,"key":"REST"},{"floor":32.0,"key":"REST"}],"circlet_count":0,"master_deck":["AscendersBane","stsjorbsmod:ForbiddenGrimoire+1","stsjorbsmod:Defend_Wanderer+1","stsjorbsmod:Defend_Wanderer","stsjorbsmod:FreshAdventure","stsjorbsmod:EyeOfTheStorm","stsjorbsmod:Rest","stsjorbsmod:SchoolsOfMagic","stsjorbsmod:RayOfFrost","stsjorbsmod:SmithingStrike","stsjorbsmod:FlameWard","stsjorbsmod:ParryingBlow","stsjorbsmod:Feast+1","stsjorbsmod:DisguiseSelf","stsjorbsmod:Rediscovery","stsjorbsmod:TollTheDead+1","stsjorbsmod:ScorchingRay+1","stsjorbsmod:ScorchingRay+1","stsjorbsmod:WeightOfMemory","stsjorbsmod:Firebolt","stsjorbsmod:OldPocket+1","stsjorbsmod:Message+1","stsjorbsmod:CorrodingBarrier","stsjorbsmod:Stalwart","J.A.X.","stsjorbsmod:ArcaneWeapon","stsjorbsmod:Pyromancy","stsjorbsmod:ArcaneWeapon","Dark Shackles","Magnetism","stsjorbsmod:MagicMissiles+1","stsjorbsmod:Will+1","stsjorbsmod:SchoolsOfMagic+1","stsjorbsmod:SchoolsOfMagic+1"],"relics":["Fusion Hammer","Question Card","stsjorbsmod:MindPalaceRelic","Torii","OrangePellets","Oddly Smooth Stone","Astrolabe","Nilry\u0027s Codex","Old Coin","PreservedInsect","Kunai","Ancient Tea Set","Sozu","Membership Card","Toy Ornithopter","Medical Kit","Pen Nib","Singing Bowl"],"acts_visited":["Exordium","TheCity","TheBeyond"],"potions_floor_usage":[],"damage_taken":[{"damage":0.0,"enemies":"Cultist","floor":1.0,"turns":4.0},{"damage":2.0,"enemies":"Small Slimes","floor":2.0,"turns":4.0},{"damage":0.0,"enemies":"2 Louse","floor":4.0,"turns":4.0},{"damage":6.0,"enemies":"3 Sentries","floor":6.0,"turns":9.0},{"damage":9.0,"enemies":"Lagavulin","floor":8.0,"turns":8.0},{"damage":18.0,"enemies":"Exordium Wildlife","floor":11.0,"turns":4.0},{"damage":6.0,"enemies":"Gremlin Nob","floor":13.0,"turns":3.0},{"damage":0.0,"enemies":"Red Slaver","floor":14.0,"turns":5.0},{"damage":30.0,"enemies":"The Guardian","floor":16.0,"turns":16.0},{"damage":1.0,"enemies":"Spheric Guardian","floor":18.0,"turns":3.0},{"damage":0.0,"enemies":"2 Thieves","floor":21.0,"turns":5.0},{"damage":8.0,"enemies":"Sentry and Sphere","floor":22.0,"turns":5.0},{"damage":8.0,"enemies":"Slavers","floor":24.0,"turns":6.0},{"damage":12.0,"enemies":"3 Cultists","floor":25.0,"turns":5.0},{"damage":0.0,"enemies":"Cultist and Chosen","floor":28.0,"turns":5.0},{"damage":3.0,"enemies":"Gremlin Leader","floor":30.0,"turns":3.0},{"damage":22.0,"enemies":"Automaton","floor":33.0,"turns":6.0},{"damage":11.0,"enemies":"Orb Walker","floor":35.0,"turns":2.0},{"damage":1.0,"enemies":"3 Shapes","floor":37.0,"turns":5.0},{"damage":21.0,"enemies":"Maw","floor":38.0,"turns":7.0},{"damage":20,"enemies":"Transient","floor":39,"turns":6},{"damage":12,"enemies":"Giant Head","floor":40,"turns":4},{"damage":15,"enemies":"Reptomancer","floor":42,"turns":3}],"seed_played":"6432893914544034021","potions_obtained":[{"floor":2.0,"key":"Explosive Potion"},{"floor":11.0,"key":"Block Potion"},{"floor":13.0,"key":"stsjorbsmod:BurningPotion"},{"floor":18.0,"key":"ColorlessPotion"},{"floor":25.0,"key":"LiquidBronze"}],"is_trial":false,"path_per_floor":["M","M","?","M","?","E","R","E","T","$","M","?","E","M","R","B",null,"M","?","T","M","M","R","E","M","T","R","M","?","E","?","R","B",null,"M","$","M","M","M","E","$","E"],"character_chosen":"WANDERER","items_purchased":["OrangePellets","Membership Card","Dark Shackles","Magnetism","Medical Kit","Pen Nib","Singing Bowl"],"campfire_rested":5,"item_purchase_floors":[10,36,36,36,41,41,41],"current_hp_per_floor":[60,58,38,38,38,32,51,42,42,42,24,29,23,25,46,16,59,58,37,37,37,31,53,45,33,33,55,55,55,52,52,74,54,71,62,62,67,46,26,14,14,0,0],"gold":172,"neow_bonus":"BOSS_RELIC","is_daily":false,"chose_seed":false,"campfire_upgraded":0,"win_rate":0.0,"timestamp":1613637493,"path_taken":["M","M","?","M","?","E","R","E","T","$","M","?","E","M","R","BOSS","M","?","?","?","M","R","E","M","T","R","?","?","E","?","R","BOSS","M","$","M","?","M","E","$","E"],"items_purchased_type":["Relic","Relic","Card","Card","Relic","Relic","Relic"],"build_version":"2020-12-22","purchased_purges":2,"victory":false,"max_hp_per_floor":[66,66,66,66,66,66,66,66,66,66,66,71,71,73,73,73,73,73,73,73,73,75,75,75,75,75,75,75,75,75,75,75,77,77,79,79,85,85,85,85,85,85,85],"relic_stats":{"Torii":13,"Singing Bowl":0,"counters":[24,122],"Astrolabe":["stsjorbsmod:TollTheDead","stsjorbsmod:ScorchingRay","stsjorbsmod:ScorchingRay"],"PreservedInsect":239,"Pen Nib":[0],"Question Card":19,"Medical Kit":[0],"Sozu":3,"OrangePellets":[7],"Kunai":[5],"obtain_stats":[{"Torii":9,"Singing Bowl":41,"Nilry\u0027s Codex":19,"Astrolabe":17,"Oddly Smooth Stone":13,"stsjorbsmod:GrimoireRelic":0,"PreservedInsect":24,"Pen Nib":41,"stsjorbsmod:MindPalaceRelic":8,"Question Card":6,"Ancient Tea Set":30,"Medical Kit":41,"Old Coin":20,"Sozu":34,"OrangePellets":10,"Fusion Hammer":0,"Kunai":26,"Membership Card":36,"Toy Ornithopter":40},{"Torii":5,"Singing Bowl":23,"Nilry\u0027s Codex":10,"Astrolabe":9,"Oddly Smooth Stone":7,"stsjorbsmod:GrimoireRelic":0,"PreservedInsect":14,"Pen Nib":23,"stsjorbsmod:MindPalaceRelic":5,"Question Card":4,"Ancient Tea Set":17,"Medical Kit":23,"Old Coin":10,"Sozu":18,"OrangePellets":5,"Fusion Hammer":0,"Kunai":15,"Membership Card":19,"Toy Ornithopter":23},{"Torii":29,"Singing Bowl":119,"Nilry\u0027s Codex":60,"Astrolabe":57,"Oddly Smooth Stone":36,"stsjorbsmod:GrimoireRelic":0,"PreservedInsect":76,"Pen Nib":119,"stsjorbsmod:MindPalaceRelic":29,"Question Card":21,"Ancient Tea Set":89,"Medical Kit":119,"Old Coin":60,"Sozu":95,"OrangePellets":29,"Fusion Hammer":0,"Kunai":81,"Membership Card":97,"Toy Ornithopter":119}],"Toy Ornithopter":0},"card_choices":[{"not_picked":["stsjorbsmod:BlackTentacles","stsjorbsmod:Channel"],"picked":"stsjorbsmod:Rest","floor":1.0},{"not_picked":["stsjorbsmod:Aid","stsjorbsmod:Firebolt"],"picked":"stsjorbsmod:SchoolsOfMagic","floor":2.0},{"not_picked":["stsjorbsmod:Will","stsjorbsmod:FlameWard"],"picked":"stsjorbsmod:RayOfFrost","floor":4.0},{"not_picked":["stsjorbsmod:Counterspell","stsjorbsmod:FaerieFire"],"picked":"stsjorbsmod:SmithingStrike","floor":6.0},{"not_picked":["stsjorbsmod:UnseenServant","stsjorbsmod:SmithingStrike","stsjorbsmod:Will"],"picked":"stsjorbsmod:FlameWard","floor":8.0},{"not_picked":["stsjorbsmod:Hibernate","stsjorbsmod:Hurt","stsjorbsmod:HedgeWizard"],"picked":"stsjorbsmod:ParryingBlow","floor":11.0},{"not_picked":["stsjorbsmod:Mindworm","stsjorbsmod:Prepare","stsjorbsmod:BlackTentacles"],"picked":"stsjorbsmod:Feast","floor":13.0},{"not_picked":["stsjorbsmod:DoubleCheck","stsjorbsmod:Thorns","stsjorbsmod:Prepare"],"picked":"stsjorbsmod:DisguiseSelf","floor":14.0},{"not_picked":["stsjorbsmod:Banish","stsjorbsmod:ArcaneForm","stsjorbsmod:GatherPower"],"picked":"stsjorbsmod:Rediscovery","floor":16.0},{"not_picked":["stsjorbsmod:ChatteringStrike","stsjorbsmod:DoubleCheck","stsjorbsmod:Channel"],"picked":"stsjorbsmod:WeightOfMemory","floor":18.0},{"not_picked":["stsjorbsmod:Aid","stsjorbsmod:Patron","stsjorbsmod:Mending"],"picked":"stsjorbsmod:Firebolt","floor":21.0},{"not_picked":["stsjorbsmod:BurningFlask","stsjorbsmod:Hibernate","stsjorbsmod:ParryingBlow"],"picked":"stsjorbsmod:OldPocket+1","floor":22.0},{"not_picked":["stsjorbsmod:ChainLightning","stsjorbsmod:UnseenServant","stsjorbsmod:ColorSpray"],"picked":"stsjorbsmod:Message+1","floor":24.0},{"not_picked":["stsjorbsmod:ChainLightning","stsjorbsmod:DoubleCheck","stsjorbsmod:MagicMissiles"],"picked":"stsjorbsmod:CorrodingBarrier","floor":25.0},{"not_picked":["stsjorbsmod:Patron","stsjorbsmod:RefuseToForget","stsjorbsmod:DoubleCheck"],"picked":"stsjorbsmod:Stalwart","floor":28.0},{"not_picked":["stsjorbsmod:RayOfFrost","stsjorbsmod:Hurt","stsjorbsmod:WeightOfMemory"],"picked":"stsjorbsmod:ArcaneWeapon","floor":30.0},{"not_picked":["stsjorbsmod:PurgeMind","stsjorbsmod:Entangle","stsjorbsmod:Rediscovery"],"picked":"stsjorbsmod:Pyromancy","floor":33.0},{"not_picked":["stsjorbsmod:Prepare","stsjorbsmod:Stalwart","stsjorbsmod:UnseenServant"],"picked":"stsjorbsmod:ArcaneWeapon","floor":35.0},{"not_picked":["stsjorbsmod:Hurt","stsjorbsmod:OldPocket+1","stsjorbsmod:Prestidigitation"],"picked":"stsjorbsmod:MagicMissiles+1","floor":37.0},{"not_picked":["stsjorbsmod:Message","stsjorbsmod:Materialize","stsjorbsmod:BurningFlask"],"picked":"stsjorbsmod:Will+1","floor":38.0},{"not_picked":["stsjorbsmod:LoseGrip","stsjorbsmod:Will+1","stsjorbsmod:Mending+1"],"picked":"stsjorbsmod:SchoolsOfMagic+1","floor":39},{"not_picked":["stsjorbsmod:Withdraw","stsjorbsmod:WanderingMind","stsjorbsmod:BlackTentacles"],"picked":"stsjorbsmod:SchoolsOfMagic+1","floor":40}],"player_experience":2776471,"relics_obtained":[{"floor":6.0,"key":"Question Card"},{"floor":8.0,"key":"stsjorbsmod:MindPalaceRelic"},{"floor":9.0,"key":"Torii"},{"floor":13.0,"key":"Oddly Smooth Stone"},{"floor":19.0,"key":"Nilry\u0027s Codex"},{"floor":20.0,"key":"Old Coin"},{"floor":24.0,"key":"PreservedInsect"},{"floor":26.0,"key":"Kunai"},{"floor":30.0,"key":"Ancient Tea Set"},{"floor":40,"key":"Toy Ornithopter"}],"event_choices":[{"damage_healed":0.0,"max_hp_gain":0.0,"max_hp_loss":0.0,"gold_gain":0.0,"event_name":"Shining Light","player_choice":"Entered Light","floor":3.0,"gold_loss":0.0,"damage_taken":20.0,"cards_upgraded":["stsjorbsmod:Strike_Wanderer","stsjorbsmod:Defend_Wanderer"]},{"damage_healed":0.0,"max_hp_gain":0.0,"max_hp_loss":0.0,"gold_gain":0.0,"event_name":"Liars Game","player_choice":"Ignored","floor":5.0,"gold_loss":0.0,"damage_taken":0.0},{"damage_healed":0.0,"max_hp_gain":5.0,"max_hp_loss":0.0,"gold_gain":0.0,"event_name":"Big Fish","player_choice":"Donut","floor":12.0,"gold_loss":0.0,"damage_taken":0.0},{"damage_healed":0.0,"max_hp_gain":0.0,"max_hp_loss":0.0,"gold_gain":0.0,"event_name":"Cursed Tome","player_choice":"Obtained Book","floor":19.0,"gold_loss":0.0,"damage_taken":21.0},{"damage_healed":0.0,"max_hp_gain":0.0,"max_hp_loss":0.0,"gold_gain":0.0,"event_name":"Drug Dealer","player_choice":"Obtain J.A.X.","floor":29.0,"gold_loss":0.0,"damage_taken":0.0,"cards_obtained":["J.A.X."]},{"cards_removed":["stsjorbsmod:Strike_Wanderer"],"damage_healed":0.0,"max_hp_gain":0.0,"max_hp_loss":0.0,"gold_gain":0.0,"event_name":"Purifier","player_choice":"Purged","floor":31.0,"gold_loss":0.0,"damage_taken":0.0}],"is_beta":false,"boss_relics":[{"not_picked":["SacredBark","Empty Cage"],"picked":"Astrolabe"},{"not_picked":["Pandora\u0027s Box","Tiny House"],"picked":"Sozu"}],"items_purged_floors":[36,41],"is_endless":false,"potions_floor_spawned":[2,11,13,14,18,21,25,35,37,39],"killed_by":"Reptomancer","ascension_level":20}}