{"host":"ty2cix8xj6r3ad26","time":1613669322,"event":{"mods":["AchievementEnabler","BaseMod","BetterRewards","Minty Spire (QoL Compilation)","Quick Restart","StSLib","SuperFastMode"],"gold_per_floor":[119,132,145,145,161,188,200,229,229,229,262,10,22,39,39,110,110,122,122,136,48,58,86,86,119,119,150,167,187,1,36,36,110,110,124,124,42,42,57,57,84,41,41,57,74,74,93,7,7,7],"floor_reached":51,"language":"ENG","playtime":4331,"items_purged":["Strike_R","Defend_R","Defend_R","Strike_R","Pain","Bash"],"score":2667,"play_id":"90e658f3-db39-49f3-b2b1-6b5fc92dea79","local_time":"20210218192842","is_ascension_mode":true,"campfire_choices":[{"data":"Rampage","floor":10,"key":"SMITH"},{"data":"Feed","floor":15,"key":"SMITH"},{"data":"Barricade","floor":24,"key":"SMITH"},{"data":"Corruption","floor":32,"key":"SMITH"},{"data":"Dark Embrace","floor":40,"key":"SMITH"},{"data":"Body Slam","floor":49,"key":"SMITH"}],"circlet_count":0,"master_deck":["AscendersBane","Strike_R","Strike_R","Strike_R","Defend_R+1","Defend_R+1","Double Tap+1","Thinking Ahead+1","True Grit+1","Shrug It Off+1","Feel No Pain","Rampage+1","Mayhem+1","Sentinel+1","Warcry+1","Body Slam+1","Seeing Red+1","Feed+1","Impervious+1","Barricade+1","Second Wind+1","Seeing Red+1","Spot Weakness+1","Corruption+1","Dark Embrace+1","Impervious+1","Dark Shackles+1","Impervious+1","Armaments+1","Sever Soul+1","Feel No Pain","Entrench+1"],"relics":["Burning Blood","Lee\u0027s Waffle","Toxic Egg 2","Bag of Marbles","FossilizedHelix","Oddly Smooth Stone","StrikeDummy","Charon\u0027s Ashes","Membership Card","Dead Branch","War Paint","Centennial Puzzle","Ancient Tea Set","Lantern","Pen Nib","Thread and Needle","Philosopher\u0027s Stone","WarpedTongs","Bottled Tornado","Dream Catcher","Gremlin Horn","Orichalcum","Nunchaku","Eternal Feather","Coffee Dripper","Blood Vial","Molten Egg 2","Mummified Hand","Strange Spoon"],"acts_visited":["Exordium","TheCity","TheBeyond"],"potions_floor_usage":[0,8,16,25],"damage_taken":[{"damage":0,"enemies":"Cultist","floor":1,"turns":3},{"damage":0,"enemies":"Small Slimes","floor":2,"turns":3},{"damage":0,"enemies":"2 Louse","floor":3,"turns":2},{"damage":0,"enemies":"Looter","floor":5,"turns":2},{"damage":0,"enemies":"3 Sentries","floor":6,"turns":5},{"damage":0,"enemies":"Exordium Thugs","floor":7,"turns":4},{"damage":0,"enemies":"Lagavulin","floor":8,"turns":4},{"damage":0,"enemies":"3 Sentries","floor":11,"turns":4},{"damage":0,"enemies":"Blue Slaver","floor":13,"turns":2},{"damage":0,"enemies":"Red Slaver","floor":14,"turns":6},{"damage":0,"enemies":"Hexaghost","floor":16,"turns":6},{"damage":0,"enemies":"Chosen","floor":18,"turns":3},{"damage":3,"enemies":"2 Thieves","floor":20,"turns":4},{"damage":9,"enemies":"Snake Plant","floor":22,"turns":3},{"damage":20,"enemies":"Book of Stabbing","floor":23,"turns":5},{"damage":8,"enemies":"Slavers","floor":25,"turns":3},{"damage":0,"enemies":"Gremlin Leader","floor":27,"turns":3},{"damage":0,"enemies":"3 Cultists","floor":28,"turns":2},{"damage":0,"enemies":"Centurion and Healer","floor":29,"turns":3},{"damage":0,"enemies":"Book of Stabbing","floor":31,"turns":4},{"damage":0,"enemies":"Collector","floor":33,"turns":4},{"damage":0,"enemies":"3 Shapes","floor":35,"turns":2},{"damage":0,"enemies":"3 Darklings","floor":39,"turns":3},{"damage":2,"enemies":"Giant Head","floor":41,"turns":5},{"damage":2,"enemies":"Maw","floor":44,"turns":2},{"damage":0,"enemies":"Jaw Worm Horde","floor":45,"turns":3},{"damage":0,"enemies":"Sphere and 2 Shapes","floor":47,"turns":4},{"damage":0,"enemies":"Awakened One","floor":50,"turns":6}],"seed_played":"7732330088948851592","potions_obtained":[{"floor":1,"key":"Dexterity Potion"},{"floor":3,"key":"Dexterity Potion"},{"floor":13,"key":"Fire Potion"},{"floor":16,"key":"AttackPotion"},{"floor":20,"key":"FearPotion"},{"floor":29,"key":"ElixirPotion"},{"floor":31,"key":"Weak Potion"},{"floor":45,"key":"Strength Potion"}],"is_trial":false,"path_per_floor":["M","M","M","?","M","E","M","E","T","R","E","$","M","M","R","B",null,"M","?","M","$","M","E","R","E","T","E","M","M","$","E","R","B",null,"M","?","$","?","M","R","E","$","T","M","M","?","M","$","R","B",null],"character_chosen":"IRONCLAD","items_purchased":["Lee\u0027s Waffle","Toxic Egg 2","Bag of Marbles","Double Tap+1","Thinking Ahead+1","Fruit Juice","Oddly Smooth Stone","StrikeDummy","True Grit+1","Shrug It Off+1","Feel No Pain","Membership Card","Rampage","War Paint","Mayhem","ColorlessPotion","Thread and Needle","Impervious+1","Nunchaku","Blood Vial","Feel No Pain","Strange Spoon"],"campfire_rested":0,"item_purchase_floors":[0,0,0,0,0,0,0,0,0,0,0,0,0,0,0,0,12,12,30,37,42,48],"current_hp_per_floor":[87,87,87,87,87,87,87,87,87,87,87,87,90,90,90,90,90,90,90,90,90,87,73,73,75,75,85,91,97,97,98,98,98,98,98,93,93,93,98,98,98,98,98,98,102,102,102,102,102,102],"gold":7,"neow_bonus":"","is_daily":false,"chose_seed":false,"campfire_upgraded":6,"win_rate":0.0,"timestamp":1613669322,"path_taken":["M","?","M","?","?","E","M","E","T","R","E","$","M","M","R","BOSS","M","?","M","?","?","E","R","E","T","E","M","?","?","E","R","BOSS","M","?","$","?","M","R","E","$","T","M","?","?","M","$","R","BOSS"],"items_purchased_type":["Relic","Relic","Relic","Card","Card","Potion","Relic","Relic","Card","Card","Card","Relic","Card","Relic","Card","Potion","Relic","Card","Relic","Relic","Card","Relic"],"build_version":"2020-12-22","purchased_purges":6,"victory":true,"max_hp_per_floor":[87,87,87,87,87,87,87,87,87,87,87,87,90,90,90,90,90,90,90,90,90,90,90,90,94,94,98,98,98,98,98,98,98,98,98,98,98,98,98,98,98,98,98,98,102,102,102,102,102,102],"card_choices":[{"not_picked":["Twin Strike","Perfected Strike","Pummel"],"picked":"SKIP","floor":1},{"not_picked":["Flex+1","Clothesline"],"picked":"Sentinel+1","floor":2},{"not_picked":["Clothesline","Cleave","Blood for Blood"],"picked":"SKIP","floor":3},{"not_picked":["Rampage","Thunderclap","True Grit+1"],"picked":"SKIP","floor":5},{"not_picked":["Rampage","Thunderclap","True Grit+1"],"picked":"SKIP","floor":5},{"not_picked":["Inflame","Perfected Strike"],"picked":"Warcry+1","floor":6},{"not_picked":["Thunderclap","Headbutt"],"picked":"Body Slam","floor":7},{"not_picked":["Disarm+1","Body Slam"],"picked":"Seeing Red+1","floor":8},{"not_picked":["Fire Breathing","Seeing Red+1"],"picked":"Feed","floor":11},{"not_picked":["Body Slam","Heavy Blade","Power Through+1"],"picked":"SKIP","floor":13},{"not_picked":["Cleave","Carnage","Bloodletting+1"],"picked":"SKIP","floor":14},{"not_picked":["Double Tap+1","Limit Break+1"],"picked":"Barricade","floor":16},{"not_picked":["Headbutt+1","Armaments+1"],"picked":"Second Wind+1","floor":18},{"not_picked":["Dropkick","Havoc+1"],"picked":"Uppercut","floor":20},{"not_picked":["Sword Boomerang","True Grit+1"],"picked":"Seeing Red+1","floor":22},{"not_picked":["Evolve","Inflame","Heavy Blade"],"picked":"SKIP","floor":23},{"not_picked":["Evolve","Inflame","Heavy Blade"],"picked":"SKIP","floor":23},{"not_picked":["Combust","Warcry+1"],"picked":"Spot Weakness+1","floor":25},{"not_picked":["Sword Boomerang","Armaments+1"],"picked":"Corruption","floor":27},{"not_picked":["Combust","Anger","Cleave+1"],"picked":"SKIP","floor":28},{"not_picked":["Rage+1","Blood for Blood+1","Warcry+1"],"picked":"SKIP","floor":29},{"not_picked":["Uppercut+1","Sword Boomerang"],"picked":"Dark Embrace","floor":31},{"not_picked":["Immolate","Reaper"],"picked":"Impervious+1","floor":33},{"not_picked":["Rage+1","Pommel Strike","True Grit+1"],"picked":"SKIP","floor":35},{"not_picked":["PanicButton+1","Violence+1"],"picked":"Dark Shackles+1","floor":36},{"not_picked":["Inflame","Dropkick"],"picked":"Armaments+1","floor":39},{"not_picked":["Infernal Blade+1","Anger+1"],"picked":"Sever Soul+1","floor":41},{"not_picked":["Dual Wield+1","Cleave+1","Headbutt+1"],"picked":"SKIP","floor":44},{"not_picked":["Rampage+1","True Grit+1"],"picked":"Entrench+1","floor":45},{"not_picked":["Thunderclap+1","Burning Pact+1","Perfected Strike+1"],"picked":"SKIP","floor":47}],"player_experience":612575,"relics_obtained":[{"floor":6,"key":"Centennial Puzzle"},{"floor":8,"key":"Ancient Tea Set"},{"floor":9,"key":"Lantern"},{"floor":11,"key":"Pen Nib"},{"floor":23,"key":"Bottled Tornado"},{"floor":25,"key":"Dream Catcher"},{"floor":26,"key":"Gremlin Horn"},{"floor":27,"key":"Orichalcum"},{"floor":31,"key":"Eternal Feather"},{"floor":41,"key":"Molten Egg 2"},{"floor":43,"key":"Mummified Hand"}],"event_choices":[{"damage_healed":0,"gold_gain":0,"player_choice":"Upgraded","damage_taken":0,"max_hp_gain":0,"max_hp_loss":0,"event_name":"Upgrade Shrine","floor":4,"gold_loss":0,"cards_upgraded":["Mayhem"]},{"damage_healed":0,"gold_gain":0,"player_choice":"Rummage","damage_taken":0,"relics_obtained":["WarpedTongs"],"max_hp_gain":0,"max_hp_loss":0,"event_name":"Accursed Blacksmith","floor":19,"gold_loss":0,"cards_obtained":["Pain"]},{"damage_healed":0,"gold_gain":0,"player_choice":"Memory 2","damage_taken":5,"max_hp_gain":0,"max_hp_loss":0,"event_name":"SensoryStone","floor":36,"gold_loss":0},{"damage_healed":0,"gold_gain":0,"player_choice":"Copied","damage_taken":0,"max_hp_gain":0,"max_hp_loss":0,"event_name":"Duplicator","floor":38,"gold_loss":0,"cards_obtained":["Impervious"]},{"cards_removed":["Uppercut"],"damage_healed":0,"gold_gain":0,"player_choice":"Purged","damage_taken":0,"max_hp_gain":0,"max_hp_loss":0,"event_name":"Purifier","floor":46,"gold_loss":0}],"is_beta":false,"boss_relics":[{"not_picked":["Runic Pyramid","Velvet Choker"],"picked":"Philosopher\u0027s Stone"},{"not_picked":["Black Blood","Sozu"],"picked":"Coffee Dripper"}],"items_purged_floors":[0,0,0,0,21,30],"is_endless":false,"potions_floor_spawned":[1,3,7,13,16,20,29,31,33,39,45],"ascension_level":19}}