{"host":"md5cvv9kqfkr27d4","time":1613611968,"event":{"mods":["BaseMod","Hermit","Minty Spire (QoL Compilation)","StSLib"],"gold_per_floor":[114,134,152,163,13,13,48,63,63,29,29,29],"floor_reached":11,"language":"ZHS","playtime":1221,"items_purged":[],"score":75,"play_id":"8bd759b9-7e47-4c6f-be2e-fa27d0b88452","local_time":"20210218093248","is_ascension_mode":false,"campfire_choices":[{"floor":6,"key":"RECALL"}],"circlet_count":0,"master_deck":["hermit:Strike_Hermit","hermit:Strike_Hermit","hermit:Strike_Hermit","hermit:Strike_Hermit","hermit:Defend_Hermit","hermit:Defend_Hermit","hermit:Defend_Hermit","hermit:Defend_Hermit","hermit:Snapshot","hermit:Covet","hermit:ShadowCloak","hermit:Coalescence","hermit:FromBeyond","hermit:Quickdraw","hermit:TakeAim","hermit:Scavenge","hermit:Horror"],"relics":["hermit:Momento","NeowsBlessing","Oddly Smooth Stone","Ice Cream","Frozen Egg 2"],"acts_visited":["Exordium"],"potions_floor_usage":[8],"damage_taken":[{"damage":0,"enemies":"Jaw Worm","floor":1,"turns":1},{"damage":0,"enemies":"Cultist","floor":2,"turns":1},{"damage":0,"enemies":"2 Louse","floor":3,"turns":1},{"damage":2,"enemies":"Blue Slaver","floor":4,"turns":5},{"damage":45,"enemies":"Lagavulin","floor":7,"turns":9},{"damage":0,"enemies":"3 Louse","floor":8,"turns":5},{"damage":25,"enemies":"3 Sentries","floor":11,"turns":5}],"seed_played":"-5448757852261030296","potions_obtained":[{"floor":1,"key":"ColorlessPotion"},{"floor":7,"key":"hermit:Tonic"}],"is_trial":false,"path_per_floor":["M","M","M","M","$","R","E","M","T","$","E"],"character_chosen":"HERMIT","items_purchased":["Oddly Smooth Stone","hermit:Horror"],"campfire_rested":0,"item_purchase_floors":[5,10],"current_hp_per_floor":[75,75,75,73,73,73,28,28,28,28,3,3],"gold":29,"neow_bonus":"THREE_ENEMY_KILL","is_daily":false,"chose_seed":false,"campfire_upgraded":0,"win_rate":0.0,"timestamp":1613611968,"path_taken":["M","M","M","M","$","R","E","M","T","$","E"],"items_purchased_type":["Relic","Card"],"build_version":"2020-12-22","purchased_purges":0,"victory":false,"max_hp_per_floor":[75,75,75,75,75,75,75,75,75,75,75,75],"card_choices":[{"not_picked":["hermit:Roulette","hermit:BodyArmor"],"picked":"hermit:ShadowCloak","floor":1},{"not_picked":["hermit:Glare","hermit:Roulette"],"picked":"hermit:Coalescence","floor":2},{"not_picked":["hermit:Snipe","hermit:ItchyTrigger"],"picked":"hermit:FromBeyond","floor":3},{"not_picked":["hermit:TrackingShot","hermit:Feint"],"picked":"hermit:Quickdraw","floor":4},{"not_picked":["hermit:Deadeye","hermit:CalledShot"],"picked":"hermit:TakeAim","floor":7},{"not_picked":["hermit:Enervate","hermit:Shortfuse"],"picked":"hermit:Scavenge","floor":8}],"player_experience":215921,"relics_obtained":[{"floor":7,"key":"Ice Cream"},{"floor":9,"key":"Frozen Egg 2"}],"event_choices":[],"is_beta":false,"boss_relics":[],"items_purged_floors":[],"is_endless":false,"potions_floor_spawned":[1,7],"killed_by":"3 Sentries","ascension_level":0}}