{"host":"dd8lqbxt1rnwhzth","time":1613691829,"event":{"mods":["BaseMod","Beaked The Cultist","BetterRewards","Colored Map","Conspire","DeckTracker","Hermit","Highlight Path","Hubris","Infinite Spire","Jorbs\u0027s Wanderer Trilogy","Marisa????????","Minty Spire (QoL Compilation)","Rare Cards Sparkle","Replay The Spire","Shop Mod","StSLib","SuperFastMode","Synergy Search","The Bladedancer","The Construct","The Cursed","The Disciple","The Elementalist","The Forsaken","The Hierophant","The IronCluck","The Judge","The Jungle","The Mystic","The Necromancer","The Runesmith","The Servant 0.9.4","The Valiant","The Wild Card","TheBandit","egg","slay the spire mod where everything is the same but ironclad has a cowboy hat"],"gold_per_floor":[117,117,133,133,133,176,176,210,256,256,281,90,90,22,22,151,151,171,171,59,84,98,141,141,177,177,202,233,233,233,252,252,252,252],"floor_reached":33,"language":"ENG","playtime":2432,"items_purged":["theWildCard:BasicStrike"],"score":379,"play_id":"040d044b-52df-4976-b12c-06efddeb5a9d","local_time":"20210218201349","is_ascension_mode":true,"campfire_choices":[{"data":"theWildCard:LadyLuck","floor":7,"key":"SMITH"},{"floor":10,"key":"REST"},{"data":"theWildCard:Salvation","floor":13,"key":"SMITH"},{"data":"theWildCard:TheGreatSeal","floor":15,"key":"SMITH"},{"floor":24,"key":"REST"},{"data":"theWildCard:Abstinence","floor":30,"key":"SMITH"},{"floor":32,"key":"REST"}],"circlet_count":0,"master_deck":["theWildCard:BasicStrike","theWildCard:BasicStrike","theWildCard:BasicStrike","theWildCard:BasicDefend","theWildCard:BasicDefend","theWildCard:BasicDefend+1","theWildCard:BasicDefend+1","theWildCard:CallToAdventure","theWildCard:Arsene","blademaster:Strike","hubris:Defend_Merchant","theWildCard:Desolation","theWildCard:SacrificialStroke","theWildCard:SeveringSlash","theWildCard:LadyLuck+1","theWildCard:Salvation+1","theWildCard:TheGreatSeal+1","theWildCard:Desolation","theWildCard:Providence","theWildCard:UnderLockAndKey","theWildCard:TheArcanaUnleashed","theWildCard:Abstinence+1","Pot Of Greed","Pot Of Greed","theWildCard:Thanatos"],"relics":["theWildCard:VelvetContract","hubris:Towel","Golden Idol","hubris:Icosahedron","Oddly Smooth Stone","Strawberry","Runesmith:UraniumAnvil","Nloth\u0027s Gift","ReplayTheSpireMod:Shallot","theForsaken:Lifeblossom","Ice Cream","Grinning Jar","Anchor"],"acts_visited":["Exordium","TheCity"],"potions_floor_usage":[8,16,27,33,33],"damage_taken":[{"damage":3,"enemies":"Cultist","floor":1,"turns":4},{"damage":0,"enemies":"2 Louse","floor":3,"turns":3},{"damage":26,"enemies":"Lagavulin","floor":6,"turns":4},{"damage":26,"enemies":"Gremlin Nob","floor":8,"turns":5},{"damage":0,"enemies":"Small Slimes","floor":11,"turns":3},{"damage":0,"enemies":"The Guardian","floor":16,"turns":7},{"damage":0,"enemies":"Shell Parasite","floor":18,"turns":5},{"damage":1,"enemies":"conspire:FuzzyDice","floor":21,"turns":6},{"damage":19,"enemies":"Snecko","floor":22,"turns":7},{"damage":29,"enemies":"conspire:SneckoGhost","floor":23,"turns":12},{"damage":8,"enemies":"Book of Stabbing","floor":25,"turns":6},{"damage":0,"enemies":"conspire:HollyBat","floor":27,"turns":1},{"damage":19,"enemies":"Nightmare","floor":28,"turns":8},{"damage":7,"enemies":"Shelled Parasite and Fungi","floor":31,"turns":4},{"damage":48,"enemies":"Automaton","floor":33,"turns":6}],"seed_played":"-2340049992088186615","potions_obtained":[{"floor":6,"key":"ColorlessPotion"},{"floor":8,"key":"Energy Potion"},{"floor":11,"key":"conspire:TimeTravelPotion"},{"floor":16,"key":"SpeedPotion"},{"floor":23,"key":"SmokeBomb"},{"floor":27,"key":"Toxic Potion"}],"is_trial":false,"path_per_floor":["M","?","M","?","?","E","R","E","T","R","M","$","R","$","R","B",null,"M","?","$","M","M","E","R","E","T","M","NM","T","R","M","R","B"],"character_chosen":"THE_WILD_CARD","items_purchased":["theWildCard:Salvation","Regen Potion","theWildCard:TheGreatSeal","theWildCard:Providence","theWildCard:UnderLockAndKey"],"campfire_rested":3,"item_purchase_floors":[12,12,14,20,20],"current_hp_per_floor":[57,57,57,56,56,30,30,4,11,29,29,29,29,29,29,44,63,63,63,63,63,45,19,37,31,31,31,19,19,19,19,37,0,0],"gold":252,"neow_bonus":"THREE_RARE_CARDS","is_daily":false,"chose_seed":false,"campfire_upgraded":4,"win_rate":0.0,"timestamp":1613691829,"path_taken":["M","?","M","?","?","E","R","E","T","R","M","$","R","?","R","BOSS","M","?","$","M","?","E","R","E","T","M","NM","?","R","M","R","BOSS"],"items_purchased_type":["Card","Potion","Card","Card","Card"],"build_version":"2020-12-22","purchased_purges":1,"victory":false,"max_hp_per_floor":[60,60,60,56,56,56,56,56,63,63,63,63,63,63,63,63,63,63,63,63,63,63,63,63,63,63,63,63,63,63,63,63,63,63],"card_choices":[{"not_picked":["theWildCard:TheArcanaUnleashed","theWildCard:AllOutAttack"],"picked":"theWildCard:Desolation","floor":0},{"not_picked":["theWildCard:BladeOfGenerations","theWildCard:MagicMettle"],"picked":"theWildCard:SacrificialStroke","floor":1},{"not_picked":["theWildCard:Scathach","theWildCard:PowerOfTheArcana"],"picked":"theWildCard:SeveringSlash","floor":3},{"not_picked":["theWildCard:EnergizedStroke","theWildCard:Scathach"],"picked":"theWildCard:LadyLuck","floor":6},{"not_picked":["theWildCard:MagicalMight","theWildCard:SacrificialStroke","theWildCard:StingingStrike"],"picked":"SKIP","floor":8},{"not_picked":["theWildCard:Proficiency","theWildCard:ArcaneArts","theWildCard:Patience"],"picked":"SKIP","floor":11},{"not_picked":["theWildCard:FinalHour","theWildCard:Caesar"],"picked":"theWildCard:Desolation","floor":16},{"not_picked":["theWildCard:StingingStrike+1","theWildCard:UnendingRitual","theWildCard:MagicMettle"],"picked":"SKIP","floor":18},{"not_picked":["theWildCard:Amaterasu","theWildCard:IdentityTheft+1","theWildCard:Sakuya"],"picked":"SKIP","floor":21},{"not_picked":["theWildCard:SeveringSlash","theWildCard:ArcaneArts","theWildCard:Proficiency"],"picked":"SKIP","floor":22},{"not_picked":["theWildCard:UnendingRitual","theWildCard:PowerOfTheArcana","theWildCard:MagicMettle+1"],"picked":"SKIP","floor":23},{"not_picked":["theWildCard:Sakuya","theWildCard:StingingStrike"],"picked":"theWildCard:TheArcanaUnleashed","floor":25},{"not_picked":["theWildCard:UnderLockAndKey","theWildCard:StalwartBlade"],"picked":"theWildCard:Abstinence","floor":27},{"not_picked":["theWildCard:BladeOfGenerations","theWildCard:ArcaneArts"],"picked":"theWildCard:Thanatos","floor":28},{"not_picked":["theWildCard:Loki","theWildCard:ShieldOfMany+1","theWildCard:BladeOfGenerations"],"picked":"SKIP","floor":31}],"player_experience":443974,"relics_obtained":[{"floor":6,"key":"War Paint"},{"floor":8,"key":"Oddly Smooth Stone"},{"floor":9,"key":"Strawberry"},{"floor":23,"key":"ReplayTheSpireMod:Shallot"},{"floor":25,"key":"theForsaken:Lifeblossom"},{"floor":26,"key":"Ice Cream"},{"floor":28,"key":"Grinning Jar"},{"floor":29,"key":"Anchor"}],"event_choices":[{"damage_healed":0,"gold_gain":0,"player_choice":"Lose Max HP","damage_taken":0,"relics_obtained":["Golden Idol"],"max_hp_gain":0,"max_hp_loss":4,"event_name":"Golden Idol","floor":4,"gold_loss":0},{"damage_healed":0,"gold_gain":0,"player_choice":"Traded Relic","damage_taken":0,"relics_obtained":["Nloth\u0027s Gift"],"max_hp_gain":0,"max_hp_loss":0,"event_name":"N\u0027loth","floor":19,"relics_lost":["War Paint"],"gold_loss":0}],"is_beta":false,"boss_relics":[{"not_picked":["theForsaken:PaleLantern","construct:WeddingRing"],"picked":"Runesmith:UraniumAnvil"}],"items_purged_floors":[12],"is_endless":true,"potions_floor_spawned":[6,8,11,16,18,23,27,28,31],"killed_by":"Automaton","ascension_level":1}}