{"host":"d2gh6suihlstufn7","time":1613662182,"event":{"mods":["AchievementEnabler","BaseMod","Colored Map","Colored Powertips","Minty Spire (QoL Compilation)","Permanent Neow","Quick Restart"],"gold_per_floor":[110,60,60,12,12,12,27,37,90,107,125,141,18,18,18,18,18],"floor_reached":16,"language":"KOR","playtime":472,"items_purged":["Strike_B"],"score":92,"play_id":"1eb8780b-9046-4aad-9570-305fc83670be","local_time":"20210219002942","is_ascension_mode":false,"campfire_choices":[{"floor":6,"key":"RECALL"},{"data":"Dualcast","floor":15,"key":"SMITH"}],"circlet_count":0,"master_deck":["Strike_B","Strike_B","Strike_B","Defend_B","Defend_B","Defend_B","Zap","Dualcast+1","Undo","Hologram+1","Auto Shields+1","Rainbow+1","Redo+1","Hologram+1","Parasite"],"relics":["Runic Pyramid","Toxic Egg 2"],"acts_visited":["Exordium"],"potions_floor_usage":[],"damage_taken":[{"damage":0,"enemies":"2 Louse","floor":1,"turns":2},{"damage":0,"enemies":"Small Slimes","floor":7,"turns":5},{"damage":0,"enemies":"Jaw Worm","floor":8,"turns":5},{"damage":20,"enemies":"Exordium Thugs","floor":10,"turns":7},{"damage":13,"enemies":"2 Fungi Beasts","floor":11,"turns":6},{"damage":0,"enemies":"3 Louse","floor":12,"turns":4},{"damage":60,"enemies":"Slime Boss","floor":16,"turns":9}],"seed_played":"-4510363773807983270","potions_obtained":[{"floor":7,"key":"FocusPotion"},{"floor":11,"key":"SkillPotion"},{"floor":12,"key":"Swift Potion"}],"is_trial":false,"path_per_floor":["M","?","?","$","?","R","M","M","T","M","M","M","$","?","R","B"],"character_chosen":"DEFECT","items_purchased":["Hologram+1","Hologram+1"],"campfire_rested":0,"item_purchase_floors":[4,13],"current_hp_per_floor":[75,75,72,72,72,72,72,72,72,52,39,39,39,57,57,0,0],"gold":18,"neow_bonus":"BOSS_RELIC","is_daily":false,"chose_seed":false,"campfire_upgraded":1,"win_rate":0.0,"timestamp":1613662182,"path_taken":["M","?","?","$","?","R","M","M","T","M","?","M","$","?","R","BOSS"],"items_purchased_type":["Card","Card"],"build_version":"2020-12-22","purchased_purges":1,"victory":false,"max_hp_per_floor":[75,75,75,75,75,75,75,75,75,75,75,75,75,75,75,75,75],"card_choices":[{"not_picked":["Coolheaded","Stack"],"picked":"Undo","floor":1},{"not_picked":["Sweeping Beam","Heatsinks"],"picked":"Auto Shields+1","floor":7},{"not_picked":["Stack+1","Hologram+1","FTL"],"picked":"SKIP","floor":8},{"not_picked":["Force Field+1","Go for the Eyes","Cold Snap"],"picked":"SKIP","floor":10},{"not_picked":["Skim+1","Compile Driver"],"picked":"Rainbow+1","floor":11},{"not_picked":["Melter","Sweeping Beam"],"picked":"Redo+1","floor":12}],"player_experience":228275,"relics_obtained":[],"event_choices":[{"cards_removed":["Defend_B"],"damage_healed":0,"gold_gain":0,"player_choice":"Card Removal","damage_taken":0,"max_hp_gain":0,"max_hp_loss":0,"event_name":"The Cleric","floor":2,"gold_loss":50},{"damage_healed":0,"gold_gain":0,"player_choice":"Success","damage_taken":3,"relics_obtained":["Toxic Egg 2"],"max_hp_gain":0,"max_hp_loss":0,"event_name":"Scrap Ooze","floor":3,"gold_loss":0},{"damage_healed":0,"gold_gain":0,"player_choice":"Ignored","damage_taken":0,"max_hp_gain":0,"max_hp_loss":0,"event_name":"NoteForYourself","floor":5,"gold_loss":0},{"damage_healed":18,"gold_gain":0,"player_choice":"Healed and dodged fight","damage_taken":0,"max_hp_gain":0,"max_hp_loss":0,"event_name":"Mushrooms","floor":14,"gold_loss":0,"cards_obtained":["Parasite"]}],"is_beta":false,"boss_relics":[],"items_purged_floors":[13],"is_endless":false,"potions_floor_spawned":[7,11,12],"killed_by":"Slime Boss","ascension_level":0}}