{"host":"j8x383u4ey4fpdv7","time":1613630975,"event":{"mods":["Act Like it!","BaseMod","BetterRewards","CapriCore","Colored Map","Colored Powertips","Hubris","Infinite Spire","Minty Spire (QoL Compilation)","Rare Cards Sparkle","Replay The Spire","Spicy Shops","StSLib","The Marked","Yuri Mod"],"gold_per_floor":[15,33,45,58,58,58,77,98,124,124,143,176,176,189,189,313,313,326,326,340,44,69,103,103,103],"floor_reached":24,"language":"ENG","playtime":1507,"items_purged":[],"score":222,"play_id":"314ba913-9b46-47f6-8a9b-a1597a71d07b","local_time":"20210217224935","is_ascension_mode":false,"campfire_choices":[{"floor":6,"key":"RECALL"},{"floor":10,"key":"REST"},{"floor":15,"key":"REST"}],"circlet_count":0,"master_deck":["theMarked:Strike","theMarked:Strike","theMarked:Strike","theMarked:Strike","theMarked:Defend","theMarked:Defend","theMarked:Defend","theMarked:Defend","theMarked:SoldierOfQuellstein","theMarked:LightningStrikesTwice","theMarked:ContemptForTheProud","theMarked:OneWithTheBlade","theMarked:Levitate","theMarked:ElectricStrings","theMarked:Memento","theMarked:RogueSparks","theMarked:Seal","theMarked:SwordAndMagic","theMarked:TakeOffHeels","theMarked:Frustration+1","theMarked:TheMission","theMarked:ContemptForTheProud+1","theMarked:BanishingStrike","theMarked:Friction"],"relics":["theMarked:ArtifactOfAir","Golden Idol","Ancient Tea Set","hubris:VirtuousBlindfold","Bag of Marbles","Regal Pillow","hubris:SphereOfDissonance"],"acts_visited":["Exordium","TheCity"],"potions_floor_usage":[16],"damage_taken":[{"damage":1,"enemies":"Cultist","floor":1,"turns":3},{"damage":5,"enemies":"2 Louse","floor":2,"turns":3},{"damage":10,"enemies":"Small Slimes","floor":3,"turns":2},{"damage":17,"enemies":"Exordium Thugs","floor":4,"turns":5},{"damage":17,"enemies":"Gremlin Gang","floor":7,"turns":4},{"damage":0,"enemies":"2 Fungi Beasts","floor":8,"turns":3},{"damage":25,"enemies":"Large Slime","floor":11,"turns":6},{"damage":9,"enemies":"Gremlin Nob","floor":12,"turns":3},{"damage":8,"enemies":"Blue Slaver","floor":14,"turns":4},{"damage":26,"enemies":"Hexaghost","floor":16,"turns":9},{"damage":19,"enemies":"2 Thieves","floor":18,"turns":4},{"damage":11,"enemies":"Spheric Guardian","floor":20,"turns":4},{"damage":29,"enemies":"Centurion and Healer","floor":22,"turns":5},{"damage":17,"enemies":"Replay:Snechameleon","floor":23,"turns":5},{"damage":36,"enemies":"Cultist and Chosen","floor":24,"turns":6}],"seed_played":"1011396754126359517","potions_obtained":[{"floor":2,"key":"Languid Potion"},{"floor":3,"key":"Swift Potion"},{"floor":11,"key":"FairyPotion"},{"floor":14,"key":"FearPotion"},{"floor":18,"key":"Languid Potion"},{"floor":22,"key":"BlessingOfTheForge"}],"is_trial":false,"path_per_floor":["M","M","M","M","?","R","M","M","T","R","M","E","?","M","R","B",null,"M","?","M","$","M","E","M"],"character_chosen":"THE_DEFAULT","items_purchased":["Bag of Marbles","Regal Pillow"],"campfire_rested":2,"item_purchase_floors":[21,21],"current_hp_per_floor":[85,80,70,53,53,53,36,36,36,60,35,26,26,18,42,16,80,61,61,50,50,21,4,0,0],"gold":103,"neow_bonus":"TWENTY_PERCENT_HP_BONUS","is_daily":false,"chose_seed":false,"campfire_upgraded":0,"win_rate":0.0,"timestamp":1613630975,"path_taken":["M","?","M","M","?","R","M","M","T","R","M","E","?","?","R","BOSS","M","?","M","$","?","E","M"],"items_purchased_type":["Relic","Relic"],"build_version":"2020-12-22","purchased_purges":0,"victory":false,"max_hp_per_floor":[86,86,86,86,80,80,80,80,80,80,80,80,80,80,80,80,80,80,80,80,80,80,80,80,80],"card_choices":[{"not_picked":["theMarked:Parkour","theMarked:Polarize"],"picked":"theMarked:LightningStrikesTwice","floor":1},{"not_picked":["theMarked:HeightenedSenses","theMarked:Parkour"],"picked":"theMarked:ContemptForTheProud","floor":2},{"not_picked":["theMarked:WastefulAttack","theMarked:TheMission"],"picked":"theMarked:OneWithTheBlade","floor":3},{"not_picked":["theMarked:ShockingTouch","theMarked:GodGivenPower"],"picked":"theMarked:Levitate","floor":4},{"not_picked":["theMarked:ChannelForce","theMarked:ChainLightning"],"picked":"theMarked:ElectricStrings","floor":7},{"not_picked":["theMarked:WardOff","theMarked:EmpowerWeapon"],"picked":"theMarked:Memento","floor":8},{"not_picked":["theMarked:Electrify","theMarked:BanishingStrike"],"picked":"theMarked:RogueSparks","floor":11},{"not_picked":["theMarked:WardOff","theMarked:Challenge"],"picked":"theMarked:Seal","floor":12},{"not_picked":["theMarked:TakeCover","theMarked:CreepingChasm"],"picked":"theMarked:SwordAndMagic","floor":14},{"not_picked":["theMarked:Levitate","theMarked:DispelDoubt"],"picked":"theMarked:TakeOffHeels","floor":16},{"not_picked":["theMarked:Convert","theMarked:ElectricStrings"],"picked":"theMarked:Frustration+1","floor":18},{"not_picked":["theMarked:Parkour","theMarked:LightningStrikesTwice"],"picked":"theMarked:ContemptForTheProud+1","floor":20},{"not_picked":["theMarked:TunnelVision","theMarked:Heritage"],"picked":"theMarked:BanishingStrike","floor":22},{"not_picked":["theMarked:Overthink+1","theMarked:BanishingStrike+1"],"picked":"theMarked:Friction","floor":23}],"player_experience":58907,"relics_obtained":[{"floor":12,"key":"Ancient Tea Set"},{"floor":23,"key":"hubris:SphereOfDissonance"}],"event_choices":[{"damage_healed":0,"gold_gain":0,"player_choice":"Lose Max HP","damage_taken":0,"relics_obtained":["Golden Idol"],"max_hp_gain":0,"max_hp_loss":6,"event_name":"Golden Idol","floor":5,"gold_loss":0},{"cards_removed":["theMarked:Strike"],"damage_healed":0,"gold_gain":0,"player_choice":"Card Removal","damage_taken":0,"max_hp_gain":0,"max_hp_loss":0,"event_name":"Wheel of Change","floor":13,"gold_loss":0},{"damage_healed":0,"gold_gain":0,"player_choice":"Read","damage_taken":0,"max_hp_gain":0,"max_hp_loss":0,"event_name":"The Library","floor":19,"gold_loss":0,"cards_obtained":["theMarked:TheMission"]}],"is_beta":false,"boss_relics":[{"not_picked":["hubris:Stopwatch","Coffee Dripper"],"picked":"hubris:VirtuousBlindfold"}],"items_purged_floors":[],"is_endless":false,"potions_floor_spawned":[2,3,11,14,18,22],"killed_by":"Cultist and Chosen","ascension_level":0}}