{"host":"2pffx5rqbod9ds0c","time":1613626378,"event":{"mods":["BaseMod","Better Altar","Better Match","Better Note","Better Sensory Stone","Better Skull","Better Third Choice","Bossed Relics","Custom Start","Hubris","MarisaÅiñ∂âJÅ@ñÇóùçπÅj","Minty Spire (QoL Compilation)","Quick Restart","Relic Stats","Spicy Shops","StSLib"],"gold_per_floor":[111,36,36,47,47,74,74,92,116,116,116,151,167,185,185,260,260,271,271,7,22,22,22,32,57,57,82,82,108,128,128,128,203,203,219,237,247,272,288,288,288],"floor_reached":40,"language":"ENG","playtime":1602,"items_purged":["Strike_MRS","Strike_MRS"],"score":1212,"play_id":"ae3406b9-acc5-408a-8d51-acb20e0057b2","local_time":"20210217213258","is_ascension_mode":true,"campfire_choices":[{"data":"UltimateShortwave","floor":7.0,"key":"SMITH"},{"data":"ShootTheMoon","floor":10.0,"key":"SMITH"},{"data":"GalacticHalo","floor":15.0,"key":"SMITH"},{"floor":23.0,"key":"REST"},{"floor":28.0,"key":"REST"},{"data":"SporeBomb","floor":32.0,"key":"SMITH"}],"circlet_count":0,"master_deck":["AscendersBane","Strike_MRS","Defend_MRS","Defend_MRS","Defend_MRS","Defend_MRS","MasterSpark+1","UpSweep+1","ShootTheMoon+1","UltimateShortwave+1","GalacticHalo+1","SporeBomb+1","MagicAbsorber+1","PiercingWail+1","TreasureHunter","OortCloud+1","EnergyRecoil+1"],"relics":["MiniHakkero","NeowsBlessing","Bag of Preparation","Dream Catcher","Whetstone","Potion Belt","hubris:TenFootPole","Velvet Choker","Bloody Idol","FossilizedHelix","Akabeko","Kunai","Toxic Egg 2","Mummified Hand","Philosopher\u0027s Stone","WingedGreaves","Gambling Chip","Ornamental Fan"],"acts_visited":["Exordium","TheCity","TheBeyond"],"potions_floor_usage":[40,40,40],"damage_taken":[{"damage":0.0,"enemies":"2 Louse","floor":1.0,"turns":1.0},{"damage":0.0,"enemies":"Cultist","floor":4.0,"turns":1.0},{"damage":0.0,"enemies":"3 Sentries","floor":6.0,"turns":1.0},{"damage":0.0,"enemies":"Small Slimes","floor":8.0,"turns":2.0},{"damage":0.0,"enemies":"Lagavulin","floor":12.0,"turns":4.0},{"damage":0.0,"enemies":"Blue Slaver","floor":13.0,"turns":2.0},{"damage":3.0,"enemies":"Exordium Wildlife","floor":14.0,"turns":3.0},{"damage":0.0,"enemies":"Hexaghost","floor":16.0,"turns":7.0},{"damage":2.0,"enemies":"Shell Parasite","floor":18.0,"turns":3.0},{"damage":0.0,"enemies":"2 Thieves","floor":21.0,"turns":3.0},{"damage":1.0,"enemies":"Shelled Parasite and Fungi","floor":24.0,"turns":4.0},{"damage":0.0,"enemies":"Book of Stabbing","floor":25.0,"turns":4.0},{"damage":4.0,"enemies":"Slavers","floor":27.0,"turns":8.0},{"damage":7.0,"enemies":"Book of Stabbing","floor":29.0,"turns":3.0},{"damage":6.0,"enemies":"Snecko","floor":30.0,"turns":5.0},{"damage":58.0,"enemies":"hubris:MusketHawk","floor":33.0,"turns":7.0},{"damage":0.0,"enemies":"3 Shapes","floor":35.0,"turns":3.0},{"damage":0.0,"enemies":"Orb Walker","floor":36.0,"turns":2.0},{"damage":12.0,"enemies":"4 Shapes","floor":37.0,"turns":5.0},{"damage":0.0,"enemies":"Mind Bloom Boss Battle","floor":38.0,"turns":10.0},{"damage":12.0,"enemies":"Jaw Worm Horde","floor":39.0,"turns":6.0},{"damage":61,"enemies":"Reptomancer","floor":40,"turns":6}],"seed_played":"-176705128946580772","potions_obtained":[{"floor":6.0,"key":"ColorlessPotion"},{"floor":12.0,"key":"Swift Potion"},{"floor":13.0,"key":"FearPotion"},{"floor":14.0,"key":"SkillPotion"},{"floor":16.0,"key":"EssenceOfSteel"},{"floor":24.0,"key":"PowerPotion"},{"floor":25.0,"key":"EssenceOfSteel"},{"floor":29.0,"key":"Weak Potion"},{"floor":30.0,"key":"LiquidMemories"},{"floor":37.0,"key":"SkillPotion"},{"floor":38.0,"key":"AttackPotion"}],"is_trial":false,"path_per_floor":["M","$","?","M","?","E","R","M","T","R","?","E","M","M","R","B",null,"M","?","$","M","?","R","M","E","T","E","R","E","M","?","R","B",null,"M","M","M","?","M","E"],"character_chosen":"MARISA","items_purchased":["FossilizedHelix"],"campfire_rested":2,"item_purchase_floors":[20],"current_hp_per_floor":[63,63,63,63,26,26,26,26,26,26,26,26,26,23,23,23,58,56,37,37,47,47,68,70,70,70,70,70,68,67,67,67,14,56,61,66,59,64,57,0,0],"gold":288,"neow_bonus":"THREE_ENEMY_KILL","is_daily":false,"chose_seed":false,"campfire_upgraded":4,"win_rate":0.0,"timestamp":1613626378,"path_taken":["M","$","?","?","?","E","R","?","T","R","?","E","M","M","R","BOSS","M","?","$","M","?","R","?","E","T","E","R","E","M","?","R","BOSS","M","?","M","?","M","E"],"items_purchased_type":["Relic"],"build_version":"2020-12-22","purchased_purges":2,"victory":false,"max_hp_per_floor":[70,70,70,70,70,70,70,70,70,70,70,70,70,70,70,70,70,70,70,70,70,70,70,70,70,70,70,70,70,70,70,70,70,70,70,70,70,70,70,70,70],"relic_stats":{"Dream Catcher":2,"counters":[22,90],"Mummified Hand":[4],"Ornamental Fan":[12],"Bloody Idol":57,"Gambling Chip":[4],"Bag of Preparation":[40],"Whetstone":["UpSweep","MasterSpark"],"Kunai":[6],"obtain_stats":[{"Potion Belt":9,"NeowsBlessing":0,"Velvet Choker":17,"Bag of Preparation":5,"Whetstone":6,"Akabeko":25,"Dream Catcher":5,"Mummified Hand":29,"Ornamental Fan":40,"Bloody Idol":19,"Gambling Chip":38,"Philosopher\u0027s Stone":34,"WingedGreaves":38,"hubris:TenFootPole":12,"MiniHakkero":0,"Kunai":26,"Toxic Egg 2":27,"FossilizedHelix":20},{"Potion Belt":4,"NeowsBlessing":0,"Velvet Choker":8,"Bag of Preparation":2,"Whetstone":3,"Akabeko":12,"Dream Catcher":2,"Mummified Hand":14,"Ornamental Fan":22,"Bloody Idol":9,"Gambling Chip":20,"Philosopher\u0027s Stone":16,"WingedGreaves":20,"hubris:TenFootPole":5,"MiniHakkero":0,"Kunai":12,"Toxic Egg 2":13,"FossilizedHelix":9},{"Potion Belt":5,"NeowsBlessing":0,"Velvet Choker":21,"Bag of Preparation":2,"Whetstone":3,"Akabeko":35,"Dream Catcher":2,"Mummified Hand":46,"Ornamental Fan":87,"Bloody Idol":24,"Gambling Chip":78,"Philosopher\u0027s Stone":58,"WingedGreaves":78,"hubris:TenFootPole":9,"MiniHakkero":0,"Kunai":35,"Toxic Egg 2":43,"FossilizedHelix":24}]},"card_choices":[{"not_picked":["GravityBeat","IllusionStar","OortCloud"],"picked":"SKIP","floor":1.0},{"not_picked":["MysteriousBeam","IllusionStar"],"picked":"ShootTheMoon","floor":4.0},{"not_picked":["MillisecondPulsars","MysteriousBeam"],"picked":"UltimateShortwave","floor":6.0},{"not_picked":["ChargeUpSpray","6A","AsteroidBelt"],"picked":"SKIP","floor":8.0},{"not_picked":["BlazeAway","OneTimeOff","MilkyWay"],"picked":"SKIP","floor":12.0},{"not_picked":["6A","FairyDestructionRay"],"picked":"GalacticHalo","floor":13.0},{"not_picked":["LuminesStrike","MilkyWay"],"picked":"SporeBomb","floor":14.0},{"not_picked":["SuperPerseids","PulseMagic","WitchOfGreed"],"picked":"SKIP","floor":18.0},{"not_picked":["DarkMatter","ShootTheMoon+1","StarlightTyphoon"],"picked":"SKIP","floor":21.0},{"not_picked":["6A+1","Singularity","MilkyWay"],"picked":"SKIP","floor":24.0},{"not_picked":["PowerUp","WitchLeyline","AlicesGift"],"picked":"SKIP","floor":25.0},{"not_picked":["NonDirectionalLaser","WitchLeyline","SporeBomb+1"],"picked":"SKIP","floor":27.0},{"not_picked":["IllusionStar+1","OpenUniverse+1"],"picked":"MagicAbsorber+1","floor":29.0},{"not_picked":["WitchLeyline","MilkyWay+1","StarBarrage"],"picked":"SKIP","floor":30.0},{"not_picked":["EscapeVelocity","BinaryStars+1"],"picked":"TreasureHunter","floor":33.0},{"not_picked":["GravityBeat+1","RefractionSpark","MeteoricShower"],"picked":"SKIP","floor":35.0},{"not_picked":["MysteriousBeam","MilkyWay+1"],"picked":"OortCloud+1","floor":36.0},{"not_picked":["ShootingEcho","DC"],"picked":"EnergyRecoil+1","floor":37.0},{"not_picked":["Singularity","AsteroidBelt+1","DC+1"],"picked":"SKIP","floor":39.0}],"player_experience":873107,"relics_obtained":[{"floor":6.0,"key":"Whetstone"},{"floor":9.0,"key":"Potion Belt"},{"floor":12.0,"key":"hubris:TenFootPole"},{"floor":25.0,"key":"Akabeko"},{"floor":26.0,"key":"Kunai"},{"floor":27.0,"key":"Toxic Egg 2"},{"floor":29.0,"key":"Mummified Hand"},{"floor":38.0,"key":"WingedGreaves"},{"floor":38.0,"key":"Gambling Chip"}],"event_choices":[{"cards_removed":["Strike_MRS"],"damage_healed":0.0,"max_hp_gain":0.0,"max_hp_loss":0.0,"gold_gain":0.0,"event_name":"Purifier","player_choice":"Purged","floor":3.0,"gold_loss":0.0,"damage_taken":0.0},{"damage_healed":0.0,"max_hp_gain":0.0,"max_hp_loss":0.0,"gold_gain":0.0,"event_name":"betterSkull:BetterSkull","player_choice":"RE RE ","floor":5.0,"gold_loss":0.0,"damage_taken":41.0,"cards_upgraded":[],"relics_obtained":["Bag of Preparation","Dream Catcher"]},{"damage_healed":0.0,"max_hp_gain":0.0,"max_hp_loss":0.0,"gold_gain":1.0,"event_name":"betterThird:BetterScrap","player_choice":"LEAVE","floor":11.0,"gold_loss":0.0,"damage_taken":0.0,"cards_obtained":["Disarm"]},{"damage_healed":0.0,"max_hp_gain":56.0,"max_hp_loss":37.0,"gold_gain":0.0,"event_name":"betterAltar:BetterAltar","player_choice":" Idol ","floor":19.0,"potions_obtained":[],"relics_lost":[],"gold_loss":0.0,"damage_taken":39.0,"relics_obtained":["Bloody Idol"]},{"damage_healed":0.0,"max_hp_gain":0.0,"max_hp_loss":0.0,"gold_gain":0.0,"event_name":"The Library","player_choice":"Read","floor":31.0,"gold_loss":0.0,"damage_taken":0.0,"cards_obtained":["PiercingWail"]},{"damage_healed":0.0,"max_hp_gain":0.0,"max_hp_loss":0.0,"gold_gain":0.0,"event_name":"MindBloom","player_choice":"Fight","floor":38.0,"gold_loss":0.0,"damage_taken":0.0}],"is_beta":false,"boss_relics":[{"not_picked":["SlaversCollar","hubris:HollowSoul"],"picked":"Velvet Choker"},{"not_picked":["hubris:ScarierMask","ExperimentalFamiliar"],"picked":"Philosopher\u0027s Stone"}],"items_purged_floors":[2,20],"is_endless":false,"potions_floor_spawned":[6,12,13,14,16,24,25,29,30,37,38],"killed_by":"Reptomancer","ascension_level":20}}