{"host":"zxd2l8an9de7z7b9","time":1613646426,"event":{"mods":["2.2 Compatiblity","AchievementEnabler","BaseMod","CapriCore","Colored Map","Colored Powertips","Minty Spire (QoL Compilation)","Rare Cards Sparkle","StSLib","SuperFastMode","Td1madao Mod","everything is the same but u backflip on backflip"],"gold_per_floor":[118,118,137,137,157,185,185,185,185,219,63,63,63,90,90,189,189,200,47,47,65,155,180,180,10,37,37,37,66,66,79,79,175,225,243,261,611,611,611,637,637,637,637,647,647,288,338,363,363,363,363,363,22,51,51],"floor_reached":56,"language":"KOR","playtime":2608,"items_purged":["Strike_C","Strike_C","Defend_C","Defend_C"],"score":1273,"play_id":"cf816b6d-070b-4e61-a297-8f4ece67bc89","local_time":"20210218200706","is_ascension_mode":false,"campfire_choices":[{"data":"E MP","floor":7,"key":"SMITH"},{"floor":13,"key":"REST"},{"data":"Revenge","floor":15,"key":"SMITH"},{"data":"Overclocking","floor":24,"key":"SMITH"},{"data":"Black Contract","floor":30,"key":"SMITH"},{"data":"Lunge","floor":32,"key":"SMITH"},{"data":"Winding Magic","floor":42,"key":"SMITH"},{"floor":49,"key":"RECALL"},{"data":"Defend_C","floor":52,"key":"PURGE"}],"circlet_count":0,"master_deck":["Chip","E MP+1","Afterwards+1","White Contract","Preloading","Black Contract+1","Revenge+1","Fire Blade","Overclocking+1","White Contract","Afterwards","Fixing","Fire Blade+1","Lunge+1","Fixing+1","Black Execution+1","Black Warm Hole","Black Dance+1","Perfect Defend","Black Shadow+1","Madness","Madness","Winding Magic+1","Oblique Hack+1","Winding Magic","Black Hand","Provocative+1"],"relics":["Apod","Girl Clothes","Juzu Bracelet","Question Card","Vajra","Anchor","Philosopher\u0027s Stone","Enchiridion","Strawberry","Bag of Preparation","Kunai","Tiny House","Old Coin","Smiling Mask","Mercury Hourglass","Lizard Tail","Strange Spoon","Peace Pipe","Cola","Lantern"],"acts_visited":["Exordium","TheCity","TheBeyond","TheEnding"],"potions_floor_usage":[6,10,23,40,50,50,55],"damage_taken":[{"damage":9,"enemies":"Small Slimes","floor":1,"turns":4},{"damage":0,"enemies":"Cultist","floor":3,"turns":4},{"damage":0,"enemies":"2 Louse","floor":5,"turns":3},{"damage":15,"enemies":"3 Sentries","floor":6,"turns":6},{"damage":11,"enemies":"Gremlin Nob","floor":10,"turns":5},{"damage":1,"enemies":"3 Sentries","floor":14,"turns":5},{"damage":11,"enemies":"Slime Boss","floor":16,"turns":8},{"damage":17,"enemies":"3 Byrds","floor":18,"turns":4},{"damage":0,"enemies":"Shell Parasite","floor":21,"turns":2},{"damage":7,"enemies":"Book of Stabbing","floor":23,"turns":4},{"damage":8,"enemies":"Gremlin Leader","floor":29,"turns":5},{"damage":0,"enemies":"Snake Plant","floor":31,"turns":4},{"damage":12,"enemies":"Champ","floor":33,"turns":11},{"damage":0,"enemies":"Orb Walker","floor":35,"turns":2},{"damage":0,"enemies":"3 Shapes","floor":36,"turns":3},{"damage":0,"enemies":"Mind Bloom Boss Battle","floor":37,"turns":4},{"damage":18,"enemies":"Reptomancer","floor":40,"turns":4},{"damage":0,"enemies":"Transient","floor":44,"turns":5},{"damage":0,"enemies":"2 Orb Walkers","floor":47,"turns":2},{"damage":75,"enemies":"Time Eater","floor":50,"turns":9},{"damage":0,"enemies":"Shield and Spear","floor":54,"turns":4},{"damage":68,"enemies":"The Heart","floor":55,"turns":7}],"seed_played":"5602509709425919189","potions_obtained":[{"floor":1,"key":"SteroidPotion"},{"floor":3,"key":"DuplicationPotion"},{"floor":16,"key":"BlessingOfTheForge"},{"floor":18,"key":"FairyPotion"},{"floor":33,"key":"PowerPotion"},{"floor":34,"key":"FairyPotion"},{"floor":35,"key":"ColorlessPotion"}],"is_trial":false,"path_per_floor":["M","?","M","?","M","E","R","?","T","E","$","?","R","E","R","B",null,"M","$","?","M","?","E","R","$","T","?","?","E","R","M","R","B",null,"M","M","?","?","?","E","?","R","T","M","T","$","?","T","R","B",null,"R","$","E","B",null],"character_chosen":"TD1MADAO_CLASS","items_purchased":["Judgment","Afterwards","Lunge","Winding Magic","Strange Spoon","Black Hand","FearPotion","Cola","Swift Potion"],"campfire_rested":1,"item_purchase_floors":[11,19,25,46,46,46,46,53,53],"current_hp_per_floor":[61,61,61,54,54,39,39,39,39,28,28,28,49,48,48,37,70,53,53,37,37,25,25,25,25,25,25,77,69,69,71,71,59,82,82,82,82,82,72,54,54,54,54,54,54,54,54,54,54,6,82,82,82,82,14],"gold":51,"neow_bonus":"REMOVE_CARD","is_daily":false,"chose_seed":false,"campfire_upgraded":6,"win_rate":0.0,"timestamp":1613646426,"path_taken":["M","?","?","?","M","E","R","?","T","E","$","?","R","E","R","BOSS","M","$","?","M","?","E","R","?","T","?","?","E","R","M","R","BOSS","M","M","?","?","?","E","?","R","T","M","?","$","?","?","R","BOSS","R","$","E","BOSS"],"items_purchased_type":["Card","Card","Card","Card","Relic","Card","Potion","Relic","Potion"],"build_version":"2020-12-22","purchased_purges":4,"victory":true,"max_hp_per_floor":[70,70,70,70,70,70,70,70,70,70,70,70,70,70,70,70,70,70,70,70,70,70,77,77,77,77,77,77,77,77,77,77,77,82,82,82,82,82,82,82,82,82,82,82,82,82,82,82,82,82,82,82,82,82,82],"card_choices":[{"not_picked":["Reflection Mechanism","Rupture"],"picked":"E MP","floor":1},{"not_picked":["Revenge","Machining"],"picked":"Afterwards","floor":3},{"not_picked":["Money Cant Rescue","Cursed Blade"],"picked":"White Contract","floor":5},{"not_picked":["Here Defend Chip","Trader"],"picked":"Preloading","floor":6},{"not_picked":["Trader","Here Defend Chip","Three Hit"],"picked":"Revenge","floor":10},{"not_picked":["Lunge","Resistance","Provocative"],"picked":"Fire Blade","floor":14},{"not_picked":["Chip Synthesis","Format All Data","Bursts"],"picked":"Overclocking","floor":16},{"not_picked":["Three Hit","Black Dance","Here Defend Chip"],"picked":"White Contract","floor":18},{"not_picked":["Awareness","Preloading","Resistance"],"picked":"Fixing","floor":21},{"not_picked":["Retrieval Recycling","Energy Supply","Sub Weapons"],"picked":"Fire Blade+1","floor":23},{"not_picked":["Machining","Preloading","Rupture+1"],"picked":"Fixing","floor":29},{"not_picked":["Transfer Energy+1","De Ware Chip+1","Resistance"],"picked":"Black Execution+1","floor":31},{"not_picked":["Overclocking","Moon Tear","Backup"],"picked":"Black Warm Hole","floor":33},{"not_picked":["Cursed Blade","Oblique Hack","Twin Teeth"],"picked":"Black Dance+1","floor":34},{"not_picked":["White Contract+1","Gravity Defend+1","Light Attack+1"],"picked":"Perfect Defend","floor":35},{"not_picked":["Here Defend Chip","Machining","Reflection Mechanism","Lore+1"],"picked":"SKIP","floor":36},{"not_picked":["Here Defend Chip","Machining","Reflection Mechanism","Lore+1"],"picked":"SKIP","floor":36},{"not_picked":["Black Hand+1","Pod Fire","Black Spear+1"],"picked":"Black Shadow+1","floor":37},{"not_picked":["Light Attack+1","Backup","Here Defend Chip"],"picked":"Winding Magic","floor":40},{"not_picked":["Money Cant Rescue+1","Floating Swing Kick+1","Bugfix+1"],"picked":"Oblique Hack+1","floor":44},{"not_picked":["Black Hand","Black Dance+1","Bugfix"],"picked":"Provocative+1","floor":47},{"not_picked":["Three Hit+1","Light Attack","Black Execution","Black Shadow"],"picked":"SKIP","floor":54}],"player_experience":388660,"relics_obtained":[{"floor":6,"key":"Juzu Bracelet"},{"floor":9,"key":"Question Card"},{"floor":10,"key":"Vajra"},{"floor":14,"key":"Anchor"},{"floor":20,"key":"Enchiridion"},{"floor":23,"key":"Strawberry"},{"floor":26,"key":"Bag of Preparation"},{"floor":29,"key":"Kunai"},{"floor":37,"key":"Old Coin"},{"floor":40,"key":"Smiling Mask"},{"floor":43,"key":"Mercury Hourglass"},{"floor":45,"key":"Lizard Tail"},{"floor":47,"key":"Peace Pipe"},{"floor":54,"key":"Lantern"}],"event_choices":[{"damage_healed":0,"gold_gain":0,"player_choice":"Ignored","damage_taken":0,"max_hp_gain":0,"max_hp_loss":0,"event_name":"NoteForYourself","floor":2,"gold_loss":0},{"damage_healed":0,"gold_gain":0,"player_choice":"Success","damage_taken":7,"relics_obtained":["Girl Clothes"],"max_hp_gain":0,"max_hp_loss":0,"event_name":"Scrap Ooze","floor":4,"gold_loss":0},{"damage_healed":0,"gold_gain":0,"cards_transformed":["Defend_C"],"player_choice":"Change","damage_taken":0,"max_hp_gain":0,"max_hp_loss":0,"event_name":"Living Wall","floor":8,"gold_loss":0,"cards_obtained":["Black Contract"]},{"cards_removed":["Strike_C"],"damage_healed":0,"gold_gain":0,"player_choice":"Purged","damage_taken":0,"max_hp_gain":0,"max_hp_loss":0,"event_name":"Purifier","floor":12,"gold_loss":0},{"damage_healed":0,"gold_gain":0,"player_choice":"Obtained Book","damage_taken":16,"max_hp_gain":0,"max_hp_loss":0,"event_name":"Cursed Tome","floor":20,"gold_loss":0},{"damage_healed":0,"gold_gain":90,"player_choice":"GOLD ","damage_taken":12,"max_hp_gain":0,"max_hp_loss":0,"event_name":"Knowing Skull","floor":22,"potions_obtained":[],"gold_loss":0,"cards_obtained":[]},{"cards_removed":["Judgment"],"damage_healed":52,"gold_gain":0,"player_choice":"Offered Uncommon","damage_taken":0,"max_hp_gain":0,"max_hp_loss":0,"event_name":"Bonfire Elementals","floor":28,"gold_loss":0},{"damage_healed":0,"gold_gain":0,"player_choice":"Fight","damage_taken":0,"max_hp_gain":0,"max_hp_loss":0,"event_name":"MindBloom","floor":37,"gold_loss":0},{"damage_healed":0,"gold_gain":0,"player_choice":"Upgraded","damage_taken":0,"max_hp_gain":0,"max_hp_loss":0,"event_name":"Upgrade Shrine","floor":38,"gold_loss":0,"cards_upgraded":["Afterwards"]},{"damage_healed":0,"gold_gain":0,"player_choice":"Embrace Madness","damage_taken":10,"max_hp_gain":0,"max_hp_loss":0,"event_name":"Winding Halls","floor":39,"gold_loss":0,"cards_obtained":["Madness","Madness"]},{"cards_removed":["Knight Kick"],"damage_healed":0,"gold_gain":0,"player_choice":"Removed Attack","damage_taken":0,"max_hp_gain":0,"max_hp_loss":0,"event_name":"Falling","floor":41,"gold_loss":0},{"damage_healed":0,"gold_gain":0,"player_choice":"Fight","damage_taken":0,"max_hp_gain":0,"max_hp_loss":0,"event_name":"Mysterious Sphere","floor":47,"gold_loss":0}],"is_beta":false,"boss_relics":[{"not_picked":["Ectoplasm","SacredBark"],"picked":"Philosopher\u0027s Stone"},{"not_picked":["Velvet Choker","Snecko Eye"],"picked":"Tiny House"}],"items_purged_floors":[11,19,25,46],"is_endless":false,"potions_floor_spawned":[1,3,16,18,33,35,36,47],"ascension_level":0}}