{"host":"y0i0tbisecj7yjyn","time":1613608580,"event":{"mods":["2.2 Compatiblity","AchievementEnabler","AlwaysNeverKeys","BaseMod","Better Third Choice","BetterRewards","Colored Map","Colored Powertips","Curses Come First","Disable Question Mark Monsters","Displayed Cursed Tome","Highlight Path","Keyboard Shortcuts","Minty Spire (QoL Compilation)","Quick Restart","Random Character Button","Rare Cards Sparkle","Relic Stats","Reliquary","Smile Girya","StSLib","SuperFastMode","The Marked","Transform Curses","Weighted Paths"],"gold_per_floor":[109,109,109,122,136,136,166,166,216,247,257,222,222,299,299,402,402,420,420,390,401,401,401,71,98,123,149,149,174,273,303,303,303,303],"floor_reached":33,"language":"ENG","playtime":1140,"items_purged":[],"score":393,"play_id":"3dbc0b23-c580-43ca-9b63-74022c367d70","local_time":"20210217183620","is_ascension_mode":true,"campfire_choices":[{"data":"Zap","floor":6,"key":"SMITH"},{"floor":8,"key":"REST"},{"floor":15,"key":"REST"},{"floor":23,"key":"REST"},{"floor":28,"key":"REST"},{"floor":32,"key":"REST"}],"circlet_count":0,"master_deck":["Strike_B","Strike_B","Strike_B","Strike_B","Defend_B","Defend_B","Defend_B","Defend_B","Zap+1","Dualcast","Ball Lightning","Conserve Battery","Redo","Redo","Loop","Redo","Regret","White Noise","Echo Form","Ball Lightning","Ball Lightning+1","Static Discharge","Ball Lightning","Creative AI","Conserve Battery","Defragment+1"],"relics":["Cracked Core","Dream Catcher","reliquary:ExpiredCoupon","reliquary:Knoch","Art of War","Matryoshka","Bag of Preparation","Question Card","Fusion Hammer","Lantern","Ancient Tea Set","Calipers","reliquary:TridentHead","DataDisk","Blood Vial","reliquary:TatteredRug","Red Mask"],"acts_visited":["Exordium","TheCity"],"potions_floor_usage":[11,16,16,29,33],"damage_taken":[{"damage":2,"enemies":"Jaw Worm","floor":1,"turns":3},{"damage":0,"enemies":"Small Slimes","floor":4,"turns":2},{"damage":1,"enemies":"Cultist","floor":5,"turns":3},{"damage":33,"enemies":"Gremlin Nob","floor":7,"turns":4},{"damage":18,"enemies":"3 Sentries","floor":10,"turns":5},{"damage":4,"enemies":"3 Louse","floor":11,"turns":2},{"damage":43,"enemies":"Slime Boss","floor":16,"turns":8},{"damage":20,"enemies":"3 Byrds","floor":18,"turns":3},{"damage":38,"enemies":"Spheric Guardian","floor":21,"turns":4},{"damage":42,"enemies":"Slavers","floor":25,"turns":4},{"damage":17,"enemies":"Gremlin Leader","floor":27,"turns":3},{"damage":7,"enemies":"Slavers","floor":29,"turns":3},{"damage":1,"enemies":"Masked Bandits","floor":31,"turns":2},{"damage":46,"enemies":"Collector","floor":33,"turns":4}],"seed_played":"1851472878368033425","potions_obtained":[{"floor":3,"key":"Block Potion"},{"floor":3,"key":"ColorlessPotion"},{"floor":3,"key":"CultistPotion"},{"floor":11,"key":"AttackPotion"},{"floor":20,"key":"FairyPotion"},{"floor":20,"key":"GamblersBrew"},{"floor":27,"key":"SkillPotion"},{"floor":31,"key":"Block Potion"}],"is_trial":false,"path_per_floor":["M","?","?","M","M","R","E","R","T","E","M","?","?","T","R","B",null,"M","?","?","M","?","R","$","E","T","E","R","E","?","?","R","B"],"character_chosen":"DEFECT","items_purchased":["Lantern","Ancient Tea Set","Ball Lightning"],"campfire_rested":5,"item_purchase_floors":[24,24,24],"current_hp_per_floor":[73,73,73,73,72,72,39,61,61,43,39,57,57,57,75,32,75,55,55,55,17,17,39,39,20,20,3,25,20,20,21,43,0,0],"gold":303,"neow_bonus":"RANDOM_COMMON_RELIC","is_daily":false,"chose_seed":false,"campfire_upgraded":1,"win_rate":0.0,"timestamp":1613608580,"path_taken":["M","?","?","M","?","R","E","R","T","E","M","?","?","?","R","BOSS","M","?","?","?","?","R","$","E","T","E","R","E","?","?","R","BOSS"],"items_purchased_type":["Relic","Relic","Card"],"build_version":"2020-12-22","purchased_purges":0,"victory":false,"max_hp_per_floor":[75,75,75,75,75,75,75,75,75,75,75,75,75,75,75,75,75,75,75,75,75,75,75,75,75,75,75,75,75,75,75,75,75,75],"relic_stats":{"Blood Vial":6,"Dream Catcher":5,"counters":[56,236],"Art of War":[6],"Bag of Preparation":[16],"Question Card":11,"obtain_stats":[{"reliquary:OuijaBoard":23,"Regal Pillow":8,"Lantern":24,"Calipers":25,"reliquary:Firecrackers":11,"Vajra":12,"Juzu Bracelet":27,"Bag of Preparation":14,"Ancient Tea Set":24,"reliquary:FerryPass":22,"Blood Vial":27,"reliquary:TridentHead":26,"Nunchaku":23,"Centennial Puzzle":26,"Dream Catcher":0,"Matryoshka":13,"Shovel":9,"Toolbox":4,"Prayer Wheel":11,"reliquary:Buckler":32,"WingedGreaves":25,"Fusion Hammer":17,"Red Mask":30,"Cracked Core":0,"reliquary:ShortFuse":9,"Runic Pyramid":17,"Potion Belt":6,"Lee\u0027s Waffle":14,"Oddly Smooth Stone":8,"reliquary:TatteredRug":29,"Omamori":8,"Frozen Egg 2":20,"Question Card":14,"Mercury Hourglass":3,"Cables":7,"WarpedTongs":28,"reliquary:JackalopeAntler":6,"Strange Spoon":14,"reliquary:ExpiredCoupon":7,"Anchor":7,"DataDisk":26,"Ornamental Fan":26,"reliquary:BallBearing":9,"Coffee Dripper":17,"Art of War":10,"reliquary:Knoch":9,"FossilizedHelix":11,"TungstenRod":20},{"reliquary:OuijaBoard":38,"Regal Pillow":32,"Lantern":51,"Calipers":52,"reliquary:Firecrackers":7,"Vajra":17,"Juzu Bracelet":39,"Bag of Preparation":48,"Ancient Tea Set":51,"reliquary:FerryPass":11,"Blood Vial":53,"reliquary:TridentHead":52,"Nunchaku":12,"Centennial Puzzle":12,"Dream Catcher":42,"Matryoshka":18,"Shovel":32,"Toolbox":21,"Prayer Wheel":33,"reliquary:Buckler":41,"WingedGreaves":39,"Fusion Hammer":49,"Red Mask":40,"Cracked Core":0,"reliquary:ShortFuse":6,"Runic Pyramid":34,"Potion Belt":4,"Lee\u0027s Waffle":7,"Oddly Smooth Stone":16,"reliquary:TatteredRug":54,"Omamori":6,"Frozen Egg 2":10,"Question Card":48,"Mercury Hourglass":14,"Cables":16,"WarpedTongs":39,"reliquary:JackalopeAntler":30,"Strange Spoon":24,"reliquary:ExpiredCoupon":46,"Anchor":22,"DataDisk":52,"Ornamental Fan":39,"reliquary:BallBearing":16,"Coffee Dripper":8,"Art of War":47,"reliquary:Knoch":46,"FossilizedHelix":23,"TungstenRod":35},{"reliquary:OuijaBoard":169,"Regal Pillow":136,"Lantern":220,"Calipers":224,"reliquary:Firecrackers":26,"Vajra":66,"Juzu Bracelet":173,"Bag of Preparation":205,"Ancient Tea Set":220,"reliquary:FerryPass":43,"Blood Vial":227,"reliquary:TridentHead":224,"Nunchaku":47,"Centennial Puzzle":47,"Dream Catcher":186,"Matryoshka":71,"Shovel":136,"Toolbox":89,"Prayer Wheel":142,"reliquary:Buckler":178,"WingedGreaves":173,"Fusion Hammer":213,"Red Mask":175,"Cracked Core":0,"reliquary:ShortFuse":22,"Runic Pyramid":150,"Potion Belt":13,"Lee\u0027s Waffle":26,"Oddly Smooth Stone":63,"reliquary:TatteredRug":230,"Omamori":22,"Frozen Egg 2":38,"Question Card":205,"Mercury Hourglass":53,"Cables":63,"WarpedTongs":173,"reliquary:JackalopeAntler":128,"Strange Spoon":100,"reliquary:ExpiredCoupon":198,"Anchor":95,"DataDisk":224,"Ornamental Fan":173,"reliquary:BallBearing":63,"Coffee Dripper":31,"Art of War":203,"reliquary:Knoch":198,"FossilizedHelix":97,"TungstenRod":155}]},"card_choices":[{"not_picked":["Hologram","Coolheaded"],"picked":"Ball Lightning","floor":1},{"not_picked":["Hologram","Capacitor"],"picked":"Conserve Battery","floor":4},{"not_picked":["Coolheaded","Leap"],"picked":"Redo","floor":5},{"not_picked":["Heatsinks","Genetic Algorithm","Go for the Eyes"],"picked":"SKIP","floor":7},{"not_picked":["Blizzard","Leap"],"picked":"Redo","floor":8},{"not_picked":["Barrage","Scrape"],"picked":"Loop","floor":10},{"not_picked":["Streamline","BootSequence"],"picked":"Redo","floor":11},{"not_picked":["Go for the Eyes","Steam","Sweeping Beam"],"picked":"White Noise","floor":15},{"not_picked":["Buffer","Biased Cognition","Multi-Cast"],"picked":"Echo Form","floor":16},{"not_picked":["Rebound","Reprogram","Steam+1","Coolheaded"],"picked":"SKIP","floor":18},{"not_picked":["Conserve Battery","Lockon","Hello World"],"picked":"Ball Lightning+1","floor":21},{"not_picked":["Sweeping Beam+1","Cold Snap","Hologram"],"picked":"Static Discharge","floor":23},{"not_picked":["Leap+1","Cold Snap","Barrage+1"],"picked":"Creative AI","floor":25},{"not_picked":["Force Field","Turbo","Reinforced Body"],"picked":"Conserve Battery","floor":27},{"not_picked":["Streamline","Undo","Buffer","Go for the Eyes"],"picked":"SKIP","floor":29},{"not_picked":["Coolheaded","Leap+1","Sunder"],"picked":"Defragment+1","floor":32}],"player_experience":474017,"relics_obtained":[{"floor":7,"key":"reliquary:ExpiredCoupon"},{"floor":9,"key":"reliquary:Knoch"},{"floor":10,"key":"Art of War"},{"floor":14,"key":"Bag of Preparation"},{"floor":14,"key":"Question Card"},{"floor":25,"key":"Calipers"},{"floor":26,"key":"reliquary:TridentHead"},{"floor":26,"key":"DataDisk"},{"floor":27,"key":"Blood Vial"},{"floor":29,"key":"reliquary:TatteredRug"},{"floor":31,"key":"Red Mask"}],"event_choices":[{"damage_healed":0,"gold_gain":0,"player_choice":"Ignored","damage_taken":0,"max_hp_gain":0,"max_hp_loss":0,"event_name":"Golden Wing","floor":2,"gold_loss":0},{"damage_healed":0,"gold_gain":0,"player_choice":"Got Potions","damage_taken":0,"max_hp_gain":0,"max_hp_loss":0,"event_name":"Lab","floor":3,"gold_loss":0},{"damage_healed":18,"gold_gain":0,"player_choice":"Healed","damage_taken":0,"max_hp_gain":0,"max_hp_loss":0,"event_name":"The Cleric","floor":12,"gold_loss":35},{"damage_healed":0,"gold_gain":0,"player_choice":"Box","damage_taken":0,"relics_obtained":["Matryoshka"],"max_hp_gain":0,"max_hp_loss":0,"event_name":"Big Fish","floor":13,"gold_loss":0,"cards_obtained":["Regret"]},{"damage_healed":0,"gold_gain":0,"player_choice":"Read","damage_taken":0,"max_hp_gain":0,"max_hp_loss":0,"event_name":"The Library","floor":19,"gold_loss":0,"cards_obtained":["Ball Lightning"]},{"damage_healed":0,"gold_gain":0,"player_choice":"Bought 2 Potions","damage_taken":0,"max_hp_gain":0,"max_hp_loss":0,"event_name":"The Woman in Blue","floor":20,"gold_loss":0},{"damage_healed":0,"gold_gain":0,"player_choice":"Ignored","damage_taken":0,"max_hp_gain":0,"max_hp_loss":0,"event_name":"Ghosts","floor":22,"gold_loss":0},{"damage_healed":0,"gold_gain":99,"player_choice":"Steal","damage_taken":0,"max_hp_gain":0,"max_hp_loss":0,"event_name":"betterThird:BetterNest","floor":30,"gold_loss":0},{"damage_healed":0,"gold_gain":0,"player_choice":"Fought Bandits","damage_taken":0,"max_hp_gain":0,"max_hp_loss":0,"event_name":"Masked Bandits","floor":31,"gold_loss":0}],"is_beta":false,"boss_relics":[{"not_picked":["Astrolabe","Tiny House"],"picked":"Fusion Hammer"}],"items_purged_floors":[],"is_endless":false,"potions_floor_spawned":[5,10,11,27,31],"killed_by":"Collector","ascension_level":4}}