{"host":"2fgwwnzqc97k7iys","time":1613686950,"event":{"mods":["BaseMod","Colored Map","Minty Spire (QoL Compilation)","Quick Restart","Relic Stats"],"gold_per_floor":[17,117,127,138,151,151,163,163,163],"floor_reached":8,"language":"ENG","playtime":442,"items_purged":[],"score":75,"play_id":"c774237e-ac74-4598-a375-4e8858518cb3","local_time":"20210218162230","is_ascension_mode":true,"campfire_choices":[{"data":"BattleHymn","floor":6,"key":"SMITH"}],"circlet_count":0,"master_deck":["AscendersBane","Strike_P","Strike_P","Strike_P","Defend_P","Defend_P","Defend_P","Eruption","Vigilance","WaveOfTheHand","FlyingSleeves","CutThroughFate","BattleHymn+1","Wallop"],"relics":["PureWater"],"acts_visited":[],"potions_floor_usage":[7,7],"damage_taken":[{"damage":2,"enemies":"Jaw Worm","floor":1,"turns":3},{"damage":5,"enemies":"Cultist","floor":3,"turns":6},{"damage":7,"enemies":"2 Louse","floor":4,"turns":4},{"damage":0,"enemies":"Looter","floor":5,"turns":3},{"damage":17,"enemies":"Gremlin Gang","floor":7,"turns":3},{"damage":0,"enemies":"Lagavulin","floor":8,"turns":4}],"seed_played":"-3056726178557133366","potions_obtained":[{"floor":1,"key":"AttackPotion"},{"floor":4,"key":"Regen Potion"},{"floor":7,"key":"Swift Potion"}],"is_trial":false,"path_per_floor":["M","?","M","M","M","R","M","E"],"character_chosen":"WATCHER","items_purchased":[],"campfire_rested":0,"item_purchase_floors":[],"current_hp_per_floor":[63,63,58,51,51,51,43,43,43],"gold":163,"neow_bonus":"REMOVE_TWO","is_daily":false,"chose_seed":false,"campfire_upgraded":1,"win_rate":0.0,"timestamp":1613686950,"path_taken":["M","?","M","M","?","R","M","E"],"items_purchased_type":[],"build_version":"2020-12-22","purchased_purges":0,"victory":false,"max_hp_per_floor":[72,72,72,72,72,72,72,72,72],"relic_stats":{"counters":[6,23],"obtain_stats":[{"PureWater":0},{"PureWater":0},{"PureWater":0}]},"card_choices":[{"not_picked":["Halt","ClearTheMind"],"picked":"WaveOfTheHand","floor":1},{"not_picked":["Fasting2","ClearTheMind"],"picked":"FlyingSleeves","floor":3},{"not_picked":["Consecrate","MasterReality"],"picked":"CutThroughFate","floor":4},{"not_picked":["MentalFortress","FlurryOfBlows"],"picked":"BattleHymn","floor":5},{"not_picked":["Protect","ThirdEye"],"picked":"Wallop","floor":7}],"player_experience":627531,"relics_obtained":[],"event_choices":[{"damage_healed":0,"gold_gain":100,"player_choice":"Pray","damage_taken":0,"max_hp_gain":0,"max_hp_loss":0,"event_name":"Golden Shrine","floor":2,"gold_loss":0}],"is_beta":false,"boss_relics":[],"items_purged_floors":[],"is_endless":false,"potions_floor_spawned":[1,4,7],"killed_by":"Lagavulin","ascension_level":10}}