{"host":"s509oin3ptw7n5v1","time":1613621831,"event":{"mods":["2.2 Compatiblity","AchievementEnabler","BaseMod","Colored Map","Colored Powertips","Highlight Path","Minty Spire (QoL Compilation)","Rare Cards Sparkle","Relic Stats","Spicy Shops","StSLib"],"gold_per_floor":[111,125,51,63,81,107,119,152,175,175,175,191,191,201,201,275,275,285,304,304,315,42,67,67,85,85,85,20,50,50,67,67,138,138,150,150,372,391,391,391],"floor_reached":39,"language":"ENG","playtime":4331,"items_purged":[],"score":727,"play_id":"58b22e63-bbce-4950-a2ad-d0ae20b4608d","local_time":"20210217231711","is_ascension_mode":true,"campfire_choices":[{"data":"Hologram","floor":10.0,"key":"SMITH"},{"data":"Consume","floor":13.0,"key":"SMITH"},{"data":"Capacitor","floor":15.0,"key":"SMITH"},{"floor":24.0,"key":"REST"},{"floor":27.0,"key":"REST"},{"floor":30.0,"key":"REST"},{"floor":32.0,"key":"REST"}],"circlet_count":0,"master_deck":["AscendersBane","Strike_B","Strike_B","Strike_B","Strike_B","Defend_B","Defend_B","Defend_B","Defend_B","Zap","Dualcast","Go for the Eyes","Capacitor+1","Self Repair","Static Discharge+1","Hologram+1","Glacier","Consume+1","Redo","Lockon","Streamline","Creative AI","Melter+1","Defragment","Reinforced Body","Heatsinks","Doom and Gloom","Echo Form","Sunder","Defragment+1","Barrage","Seek","Steam","Mind Blast","Leap"],"relics":["Cracked Core","Torii","The Courier","StrikeDummy","Oddly Smooth Stone","Inserter","Strawberry","Red Mask","Runic Pyramid"],"acts_visited":["Exordium","TheCity","TheBeyond"],"potions_floor_usage":[],"damage_taken":[{"damage":1.0,"enemies":"Cultist","floor":1.0,"turns":3.0},{"damage":1.0,"enemies":"Jaw Worm","floor":2.0,"turns":3.0},{"damage":1.0,"enemies":"2 Louse","floor":4.0,"turns":2.0},{"damage":9.0,"enemies":"Large Slime","floor":5.0,"turns":4.0},{"damage":18.0,"enemies":"Lagavulin","floor":6.0,"turns":8.0},{"damage":7.0,"enemies":"3 Louse","floor":7.0,"turns":4.0},{"damage":3.0,"enemies":"3 Sentries","floor":8.0,"turns":11.0},{"damage":10.0,"enemies":"Lots of Slimes","floor":12.0,"turns":5.0},{"damage":1.0,"enemies":"Looter","floor":14.0,"turns":3.0},{"damage":17.0,"enemies":"The Guardian","floor":16.0,"turns":9.0},{"damage":8.0,"enemies":"Spheric Guardian","floor":18.0,"turns":5.0},{"damage":22.0,"enemies":"Shell Parasite","floor":19.0,"turns":4.0},{"damage":24.0,"enemies":"Snake Plant","floor":21.0,"turns":3.0},{"damage":15.0,"enemies":"Book of Stabbing","floor":23.0,"turns":5.0},{"damage":23.0,"enemies":"Snecko","floor":25.0,"turns":5.0},{"damage":44.0,"enemies":"Masked Bandits","floor":29.0,"turns":5.0},{"damage":10.0,"enemies":"Cultist and Chosen","floor":31.0,"turns":7.0},{"damage":24.0,"enemies":"Automaton","floor":33.0,"turns":11.0},{"damage":60.0,"enemies":"3 Darklings","floor":35.0,"turns":6.0},{"damage":10,"enemies":"Orb Walker","floor":38,"turns":5},{"damage":22,"enemies":"Maw","floor":39,"turns":2}],"seed_played":"-6592085922060874025","potions_obtained":[{"floor":2.0,"key":"Explosive Potion"},{"floor":4.0,"key":"BlessingOfTheForge"},{"floor":6.0,"key":"CultistPotion"},{"floor":7.0,"key":"BlessingOfTheForge"},{"floor":16.0,"key":"GamblersBrew"},{"floor":23.0,"key":"ColorlessPotion"},{"floor":25.0,"key":"Weak Potion"},{"floor":33.0,"key":"PotionOfCapacity"},{"floor":38,"key":"SpeedPotion"}],"is_trial":false,"path_per_floor":["M","M","$","M","M","E","M","E","T","R","?","M","R","M","R","B",null,"M","M","?","M","$","E","R","M","T","R","$","?","R","M","R","B",null,"M","?","?","M","M"],"character_chosen":"DEFECT","items_purchased":["Self Repair","Heatsinks","Doom and Gloom","LiquidMemories","Dexterity Potion","Sunder"],"campfire_rested":4,"item_purchase_floors":[3,22,22,22,22,28],"current_hp_per_floor":[45,44,44,50,48,37,37,44,44,44,44,41,41,40,40,30,61,60,45,45,21,21,20,43,27,27,50,50,13,36,26,49,25,65,12,12,12,2,0,0],"gold":391,"neow_bonus":"ONE_RARE_RELIC","is_daily":false,"chose_seed":false,"campfire_upgraded":3,"win_rate":0.0,"timestamp":1613621831,"path_taken":["M","M","$","M","?","E","M","E","T","R","?","M","R","?","R","BOSS","M","?","?","M","$","E","R","M","T","R","$","?","R","M","R","BOSS","M","?","?","M","M"],"items_purchased_type":["Card","Card","Card","Potion","Potion","Card"],"build_version":"2020-12-22","purchased_purges":0,"victory":false,"max_hp_per_floor":[71,71,71,71,71,71,71,71,71,71,71,71,71,71,71,71,71,71,71,71,71,71,78,78,78,78,78,78,78,78,78,78,78,78,78,78,78,78,78,78],"relic_stats":{"Inserter":[29],"Torii":58,"counters":[21,110],"obtain_stats":[{"Inserter":17,"Torii":0,"Strawberry":23,"Oddly Smooth Stone":9,"The Courier":6,"Red Mask":29,"Cracked Core":0,"StrikeDummy":8,"Runic Pyramid":34},{"Inserter":10,"Torii":0,"Strawberry":14,"Oddly Smooth Stone":7,"The Courier":5,"Red Mask":16,"Cracked Core":0,"StrikeDummy":7,"Runic Pyramid":18},{"Inserter":52,"Torii":0,"Strawberry":69,"Oddly Smooth Stone":35,"The Courier":20,"Red Mask":79,"Cracked Core":0,"StrikeDummy":35,"Runic Pyramid":97}]},"card_choices":[{"not_picked":["Lockon","Recycle"],"picked":"Go for the Eyes","floor":1.0},{"not_picked":["Leap","Streamline"],"picked":"Capacitor","floor":2.0},{"not_picked":["Rebound","Sunder"],"picked":"Static Discharge","floor":4.0},{"not_picked":["Gash","Cold Snap"],"picked":"Hologram","floor":5.0},{"not_picked":["Tempest","Seek"],"picked":"Glacier","floor":6.0},{"not_picked":["Sweeping Beam","Undo"],"picked":"Consume","floor":7.0},{"not_picked":["Hello World","Coolheaded"],"picked":"Redo","floor":8.0},{"not_picked":["Hello World","Steam"],"picked":"Lockon","floor":12.0},{"not_picked":["Beam Cell","Cold Snap"],"picked":"Streamline","floor":14.0},{"not_picked":["All For One","Machine Learning"],"picked":"Creative AI","floor":16.0},{"not_picked":["Capacitor+1","FTL+1"],"picked":"Melter+1","floor":18.0},{"not_picked":["Hologram+1","Loop"],"picked":"Defragment","floor":19.0},{"not_picked":["Capacitor","Rip and Tear"],"picked":"Reinforced Body","floor":21.0},{"not_picked":["Consume","Scrape","Hologram"],"picked":"SKIP","floor":23.0},{"not_picked":["Hologram","BootSequence"],"picked":"Echo Form","floor":25.0},{"not_picked":["Turbo+1","Barrage"],"picked":"Defragment+1","floor":29.0},{"not_picked":["Recycle","Steam+1"],"picked":"Barrage","floor":31.0},{"not_picked":["Thunder Strike","Multi-Cast"],"picked":"Seek","floor":33.0},{"not_picked":["Capacitor","Rip and Tear"],"picked":"Steam","floor":35.0},{"not_picked":["Finesse","Transmutation"],"picked":"Mind Blast","floor":36.0},{"not_picked":["Sweeping Beam","Streamline+1"],"picked":"Leap","floor":38}],"player_experience":1207320,"relics_obtained":[{"floor":6.0,"key":"The Courier"},{"floor":8.0,"key":"StrikeDummy"},{"floor":9.0,"key":"Oddly Smooth Stone"},{"floor":23.0,"key":"Strawberry"},{"floor":29.0,"key":"Red Mask"}],"event_choices":[{"damage_healed":0.0,"max_hp_gain":0.0,"max_hp_loss":0.0,"gold_gain":0.0,"event_name":"Upgrade Shrine","player_choice":"Upgraded","floor":11.0,"gold_loss":0.0,"damage_taken":0.0,"cards_upgraded":["Static Discharge"]},{"damage_healed":0.0,"max_hp_gain":0.0,"max_hp_loss":0.0,"gold_gain":0.0,"event_name":"Ghosts","player_choice":"Ignored","floor":20.0,"gold_loss":0.0,"damage_taken":0.0},{"damage_healed":0.0,"max_hp_gain":0.0,"max_hp_loss":0.0,"gold_gain":0.0,"event_name":"Masked Bandits","player_choice":"Fought Bandits","floor":29.0,"gold_loss":0.0,"damage_taken":0.0},{"damage_healed":0.0,"max_hp_gain":0.0,"max_hp_loss":0.0,"gold_gain":0.0,"event_name":"SensoryStone","player_choice":"Memory 1","floor":36.0,"gold_loss":0.0,"damage_taken":0.0},{"damage_healed":0.0,"max_hp_gain":0.0,"max_hp_loss":0.0,"gold_gain":222.0,"event_name":"Tomb of Lord Red Mask","player_choice":"Wore Mask","floor":37.0,"gold_loss":0.0,"damage_taken":0.0}],"is_beta":false,"boss_relics":[{"not_picked":["Tiny House","SlaversCollar"],"picked":"Inserter"},{"not_picked":["FrozenCore","SacredBark"],"picked":"Runic Pyramid"}],"items_purged_floors":[],"is_endless":false,"potions_floor_spawned":[2,4,6,7,16,23,25,33,38],"killed_by":"Maw","ascension_level":14}}