{"host":"wbn3xdfsa5pc2kse","time":1613663332,"event":{"mods":["AchievementEnabler","BaseMod","Bestiary","Colored Map","Colored Powertips","Curses Come First","Highlight Path","Minty Spire (QoL Compilation)","Permanent Neow","Rare Cards Sparkle","Relic Stats","StSLib"],"gold_per_floor":[119,131,131,131,131,131,155,155,155,191,214,214,227,242,242,338,338,363,43,43,56,74,74,102,102,102,17,45,57,57,69,69,144,144,161,17,17,32,42,42,67,117,143,162,175,210,210,221,221,221,221],"floor_reached":50,"language":"ZHT","playtime":1633,"items_purged":["Strike_R","Strike_R"],"score":1069,"play_id":"2561896e-e429-4e58-a840-7119ea3bafc3","local_time":"20210218234852","is_ascension_mode":true,"campfire_choices":[{"data":"Searing Blow","floor":6.0,"key":"SMITH"},{"data":"Searing Blow+1","floor":8.0,"key":"SMITH"},{"data":"Searing Blow+2","floor":12.0,"key":"SMITH"},{"data":"Demon Form","floor":15.0,"key":"SMITH"},{"data":"Inflame","floor":23.0,"key":"SMITH"},{"data":"Searing Blow+3","floor":30.0,"key":"SMITH"},{"data":"Disarm","floor":32.0,"key":"SMITH"},{"data":"Heavy Blade","floor":40,"key":"SMITH"},{"floor":47,"key":"RECALL"},{"floor":49,"key":"REST"}],"circlet_count":0,"master_deck":["AscendersBane","Strike_R","Strike_R","Defend_R","Defend_R","Defend_R","Defend_R+1","Bash+1","Searing Blow+4","Inflame+1","Twin Strike","Shrug It Off","Headbutt","Demon Form+1","Immolate","Second Wind","Pummel+1","True Grit+1","Disarm+1","Dark Embrace","Double Tap","Sever Soul+1","Seeing Red","Burning Pact","Heavy Blade+1","Bloodletting","Spot Weakness","Twin Strike+1","Berserk"],"relics":["Burning Blood","Bloody Idol","Ornamental Fan","Dead Branch","Philosopher\u0027s Stone","Bag of Preparation","Mercury Hourglass","Shuriken","Lantern","War Paint","SacredBark","Nunchaku","Red Skull"],"acts_visited":["Exordium","TheCity","TheBeyond"],"potions_floor_usage":[44,45,46,48],"damage_taken":[{"damage":2.0,"enemies":"Small Slimes","floor":1.0,"turns":6.0},{"damage":1.0,"enemies":"2 Louse","floor":2.0,"turns":2.0},{"damage":7.0,"enemies":"Jaw Worm","floor":7.0,"turns":3.0},{"damage":20.0,"enemies":"Lagavulin","floor":10.0,"turns":6.0},{"damage":4.0,"enemies":"Large Slime","floor":11.0,"turns":5.0},{"damage":0.0,"enemies":"Exordium Wildlife","floor":13.0,"turns":3.0},{"damage":8.0,"enemies":"Red Slaver","floor":14.0,"turns":4.0},{"damage":41.0,"enemies":"Slime Boss","floor":16.0,"turns":7.0},{"damage":0.0,"enemies":"2 Thieves","floor":18.0,"turns":2.0},{"damage":32.0,"enemies":"3 Byrds","floor":21.0,"turns":5.0},{"damage":28.0,"enemies":"Sentry and Sphere","floor":22.0,"turns":4.0},{"damage":12.0,"enemies":"Gremlin Leader","floor":24.0,"turns":5.0},{"damage":19.0,"enemies":"Slavers","floor":28.0,"turns":4.0},{"damage":12.0,"enemies":"3 Cultists","floor":29.0,"turns":4.0},{"damage":6.0,"enemies":"Cultist and Chosen","floor":31.0,"turns":3.0},{"damage":35.0,"enemies":"Champ","floor":33.0,"turns":7.0},{"damage":8.0,"enemies":"Orb Walker","floor":35.0,"turns":4.0},{"damage":29.0,"enemies":"3 Darklings","floor":38.0,"turns":5.0},{"damage":19.0,"enemies":"4 Shapes","floor":39.0,"turns":4.0},{"damage":34,"enemies":"Nemesis","floor":41,"turns":9},{"damage":5,"enemies":"Writhing Mass","floor":44,"turns":2},{"damage":19,"enemies":"Maw","floor":45,"turns":7},{"damage":31,"enemies":"Giant Head","floor":46,"turns":6},{"damage":14,"enemies":"Jaw Worm Horde","floor":48,"turns":3},{"damage":51,"enemies":"Donu and Deca","floor":50,"turns":3}],"seed_played":"7662049843494794780","potions_obtained":[{"floor":7.0,"key":"LiquidMemories"},{"floor":11.0,"key":"PowerPotion"},{"floor":13.0,"key":"LiquidBronze"},{"floor":14.0,"key":"Ancient Potion"},{"floor":28.0,"key":"Fire Potion"},{"floor":29.0,"key":"BlessingOfTheForge"},{"floor":33.0,"key":"Regen Potion"},{"floor":38.0,"key":"AttackPotion"},{"floor":41,"key":"ColorlessPotion"},{"floor":45,"key":"Block Potion"},{"floor":46,"key":"ElixirPotion"}],"is_trial":false,"path_per_floor":["M","M","?","?","?","R","M","R","T","E","M","R","M","M","R","B",null,"M","$","?","M","M","R","E","?","T","?","E","M","R","M","R","B",null,"M","$","?","M","M","R","E","?","T","M","M","E","R","M","R","B"],"character_chosen":"IRONCLAD","items_purchased":["Bag of Preparation","GamblersBrew","Seeing Red"],"campfire_rested":1,"item_purchase_floors":[19,19,36],"current_hp_per_floor":[72,75,68,61,66,66,65,65,65,51,53,53,59,57,57,22,60,66,66,66,45,28,28,27,42,42,42,34,33,33,38,38,14,58,61,61,61,73,65,65,42,47,52,58,50,30,30,27,48,0,0],"gold":221,"neow_bonus":"UPGRADE_CARD","is_daily":false,"chose_seed":false,"campfire_upgraded":8,"win_rate":0.0,"timestamp":1613663332,"path_taken":["M","M","?","?","?","R","M","R","T","E","M","R","M","M","R","BOSS","M","$","?","M","M","R","E","?","T","?","E","M","R","?","R","BOSS","M","$","?","M","M","R","E","?","T","?","M","E","R","M","R","BOSS"],"items_purchased_type":["Relic","Potion","Card"],"build_version":"2020-12-22","purchased_purges":2,"victory":false,"max_hp_per_floor":[75,75,68,68,73,73,73,73,73,73,73,73,73,73,73,73,73,73,73,73,73,73,73,73,73,73,73,73,73,73,73,73,73,73,73,73,73,73,73,73,73,73,73,73,73,73,73,73,73,73,73],"relic_stats":{"Nunchaku":[3],"counters":[25,113],"Ornamental Fan":[52],"Shuriken":[11],"Bloody Idol":81,"Dead Branch":[128],"Bag of Preparation":[32],"War Paint":["Defend_R","True Grit"],"obtain_stats":[{"Lantern":27,"Golden Idol":3,"Dead Branch":10,"SacredBark":34,"Bag of Preparation":19,"War Paint":28,"Burning Blood":0,"Mercury Hourglass":24,"Nunchaku":41,"Ornamental Fan":9,"Shuriken":26,"Bloody Idol":20,"Philosopher\u0027s Stone":17,"Red Skull":46},{"Lantern":12,"Golden Idol":2,"Dead Branch":4,"SacredBark":16,"Bag of Preparation":9,"War Paint":13,"Burning Blood":0,"Mercury Hourglass":12,"Nunchaku":20,"Ornamental Fan":3,"Shuriken":12,"Bloody Idol":9,"Philosopher\u0027s Stone":8,"Red Skull":23},{"Lantern":52,"Golden Idol":8,"Dead Branch":17,"SacredBark":70,"Bag of Preparation":38,"War Paint":56,"Burning Blood":0,"Mercury Hourglass":52,"Nunchaku":92,"Ornamental Fan":11,"Shuriken":52,"Bloody Idol":38,"Philosopher\u0027s Stone":36,"Red Skull":107}],"Burning Blood":142,"Mercury Hourglass":[223]},"card_choices":[{"not_picked":["Warcry","Body Slam"],"picked":"Searing Blow","floor":1.0},{"not_picked":["Blood for Blood","Wild Strike"],"picked":"Inflame","floor":2.0},{"not_picked":["Fire Breathing","Heavy Blade"],"picked":"Twin Strike","floor":7.0},{"not_picked":["Perfected Strike","Havoc"],"picked":"Shrug It Off","floor":10.0},{"not_picked":["Anger","Havoc"],"picked":"Headbutt","floor":11.0},{"not_picked":["Cleave","Iron Wave"],"picked":"Demon Form","floor":13.0},{"not_picked":["Anger","Body Slam"],"picked":"Heavy Blade","floor":14.0},{"not_picked":["Bludgeon","Brutality"],"picked":"Immolate","floor":16.0},{"not_picked":["Clash","Headbutt"],"picked":"Second Wind","floor":18.0},{"not_picked":["Thunderclap","Clash"],"picked":"Pummel+1","floor":21.0},{"not_picked":["Heavy Blade","Pommel Strike"],"picked":"True Grit","floor":22.0},{"not_picked":["Flex","Sword Boomerang"],"picked":"Disarm","floor":24.0},{"not_picked":["Seeing Red","Entrench"],"picked":"Dark Embrace","floor":28.0},{"not_picked":["Rampage","Perfected Strike","Inflame"],"picked":"SKIP","floor":29.0},{"not_picked":["Burning Pact","Havoc"],"picked":"Double Tap","floor":31.0},{"not_picked":["Twin Strike","Havoc"],"picked":"Sever Soul+1","floor":35.0},{"not_picked":["Hemokinesis+1","Warcry"],"picked":"Burning Pact","floor":38.0},{"not_picked":["Evolve","Clothesline"],"picked":"Heavy Blade","floor":39},{"not_picked":["Metallicize","Rampage"],"picked":"Bloodletting","floor":41},{"not_picked":["Rampage","Pummel"],"picked":"Spot Weakness","floor":44},{"not_picked":["Armaments","Pommel Strike"],"picked":"Twin Strike+1","floor":45},{"not_picked":["Bloodletting","Combust","Havoc"],"picked":"SKIP","floor":46},{"not_picked":["Evolve","Headbutt"],"picked":"Berserk","floor":48}],"player_experience":829262,"relics_obtained":[{"floor":9.0,"key":"Ornamental Fan"},{"floor":10.0,"key":"Dead Branch"},{"floor":24.0,"key":"Mercury Hourglass"},{"floor":26.0,"key":"Shuriken"},{"floor":28.0,"key":"War Paint"},{"floor":41,"key":"Nunchaku"},{"floor":46,"key":"Red Skull"}],"event_choices":[{"damage_healed":0.0,"max_hp_gain":0.0,"max_hp_loss":7.0,"gold_gain":0.0,"event_name":"Golden Idol","player_choice":"Lose Max HP","floor":3.0,"gold_loss":0.0,"damage_taken":0.0,"relics_obtained":["Golden Idol"]},{"cards_removed":["Strike_R"],"damage_healed":0.0,"max_hp_gain":0.0,"max_hp_loss":0.0,"gold_gain":0.0,"event_name":"Golden Wing","player_choice":"Card Removal","floor":4.0,"gold_loss":0.0,"damage_taken":7.0},{"damage_healed":0.0,"max_hp_gain":5.0,"max_hp_loss":0.0,"gold_gain":0.0,"event_name":"Big Fish","player_choice":"Donut","floor":5.0,"gold_loss":0.0,"damage_taken":0.0},{"damage_healed":0.0,"max_hp_gain":0.0,"max_hp_loss":0.0,"gold_gain":0.0,"event_name":"Forgotten Altar","player_choice":"Gave Idol","floor":20.0,"relics_lost":["Golden Idol"],"gold_loss":0.0,"damage_taken":0.0,"relics_obtained":["Bloody Idol"]},{"damage_healed":15.0,"max_hp_gain":0.0,"max_hp_loss":0.0,"gold_gain":0.0,"event_name":"The Library","player_choice":"Heal","floor":25.0,"gold_loss":0.0,"damage_taken":0.0},{"damage_healed":0.0,"max_hp_gain":0.0,"max_hp_loss":0.0,"gold_gain":0.0,"event_name":"Addict","player_choice":"Obtained Relic","floor":27.0,"gold_loss":85.0,"damage_taken":0.0,"relics_obtained":["Lantern"]},{"cards_removed":["Heavy Blade"],"damage_healed":0.0,"max_hp_gain":0.0,"max_hp_loss":0.0,"gold_gain":0.0,"event_name":"Falling","player_choice":"Removed Attack","floor":37.0,"gold_loss":0.0,"damage_taken":0.0},{"damage_healed":0,"gold_gain":50,"player_choice":"Pray","damage_taken":0,"max_hp_gain":0,"max_hp_loss":0,"event_name":"Golden Shrine","floor":42,"gold_loss":0}],"is_beta":false,"boss_relics":[{"not_picked":["Tiny House","Mark of Pain"],"picked":"Philosopher\u0027s Stone"},{"not_picked":["Fusion Hammer","Black Star"],"picked":"SacredBark"}],"items_purged_floors":[19,36],"is_endless":false,"potions_floor_spawned":[7,11,13,14,28,29,31,33,38,41,45,46],"killed_by":"Donu and Deca","ascension_level":16}}