{"host":"3i0tc1zs9k2bo7un","time":1613659246,"event":{"mods":["Act Like it!","Aspiration","BaseMod","Gensokyo","Minty Spire (QoL Compilation)","MostiFishMod","Quick Restart","Reliquary","Replay The Spire","StSLib","TestMod","Wide Potions","[IsaacMod]ÒÔÈö¼âËþ","¡¾ÒÅÎï¿¨ÅÆ¡¿REMEMod"],"gold_per_floor":[117,131,131,177,189,189,221,237,264,281,311,311,311,324,324,401,401,414,434,434,434,448,448,478,478,503,417,417,417,417],"floor_reached":29,"language":"ZHS","playtime":742,"items_purged":["Strike_P"],"score":650,"play_id":"02337627-66e7-4961-a751-3e3f258b1629","local_time":"20210218224046","is_ascension_mode":true,"campfire_choices":[{"data":"Omniscience","floor":6.0,"key":"SMITH"},{"data":"Strike_P","floor":15.0,"key":"PURGE"},{"data":"MostiFishMod:StarWish","floor":23.0,"key":"SMITH"},{"data":"Scrawl","floor":25.0,"key":"SMITH"},{"data":"Defend_P","floor":28.0,"key":"SMITH"}],"circlet_count":0,"master_deck":["AscendersBane","Defend_P+1","MostiFishMod:Pointsdynamics+1","PathToVictory+1","Omniscience+1","PathToVictory+1","MostiFishMod:StarWish+1","Scrawl+1","Calculated Gamble","Blur","Replay:DivineShield+1"],"relics":["PureWater","DaveBox","testmod-TestBox","HushsDoor","REME_ComplimentaryCards","SteamSale","testmod-Hope","ShadowXiaoBlade","SynthV:TestCard","MoneyPower","reliquary:IvoryTrinket","Vajra","Happy Flower","SlaversCollar","Bronze Scales","Simple Rune","Technique","Frozen Eye"],"acts_visited":["Gensokyo:Gensokyo","Gensokyo:Gensokyoer"],"potions_floor_usage":[],"damage_taken":[{"damage":0.0,"enemies":"Gensokyo:2_Kodama","floor":1.0,"turns":3.0},{"damage":0.0,"enemies":"Gensokyo:3_Fairies","floor":2.0,"turns":4.0},{"damage":0.0,"enemies":"Gensokyo:Python","floor":5.0,"turns":2.0},{"damage":11.0,"enemies":"Gensokyo:Aya","floor":7.0,"turns":4.0},{"damage":0.0,"enemies":"Gensokyo:2_Rabbits","floor":8.0,"turns":2.0},{"damage":0.0,"enemies":"Gensokyo:LivingMonolith","floor":10.0,"turns":3.0},{"damage":0.0,"enemies":"Gensokyo:Mamizou","floor":11.0,"turns":4.0},{"damage":0.0,"enemies":"Gensokyo:3_Kodama","floor":14.0,"turns":4.0},{"damage":0.0,"enemies":"Gensokyo:Reimu","floor":16.0,"turns":4.0},{"damage":0.0,"enemies":"Gensokyo:Chomper","floor":18.0,"turns":3.0},{"damage":21.0,"enemies":"Gensokyo:CosmicMonolith","floor":19.0,"turns":3.0},{"damage":18.0,"enemies":"Gensokyo:Wraith","floor":22.0,"turns":3.0},{"damage":0.0,"enemies":"Gensokyo:Tenshi","floor":24.0,"turns":1.0},{"damage":0,"enemies":"Gensokyo:Koishi","floor":29,"turns":2}],"seed_played":"8269028159392314576","potions_obtained":[{"floor":5.0,"key":"Swift Potion"},{"floor":10.0,"key":"PowerPotion"},{"floor":16.0,"key":"SpeedPotion"},{"floor":19.0,"key":"LiquidBronze"},{"floor":24.0,"key":"Doom Potion"}],"is_trial":false,"path_per_floor":["M","M","?","?","M","R","E","M","T","M","E","?","?","M","R","B",null,"M","M","?","?","M","R","E","R","T","$","R","E"],"character_chosen":"WATCHER","items_purchased":["Scrawl","Technique"],"campfire_rested":0,"item_purchase_floors":[17,27],"current_hp_per_floor":[61,61,27,12,12,12,1,1,1,1,1,1,1,1,1,1,45,45,24,24,24,6,6,6,6,6,6,6,6,6],"gold":417,"neow_bonus":"UPGRADE_CARD","is_daily":false,"chose_seed":false,"campfire_upgraded":4,"win_rate":0.0,"timestamp":1613659246,"path_taken":["M","M","?","?","?","R","E","M","T","?","E","?","?","?","R","BOSS","M","M","?","?","M","R","E","R","T","$","R","E"],"items_purchased_type":["Card","Relic"],"build_version":"2020-12-22","purchased_purges":1,"victory":false,"max_hp_per_floor":[68,68,68,68,68,68,68,68,68,68,68,68,68,68,68,68,59,59,59,59,59,59,59,59,59,59,59,59,59,59],"card_choices":[{"not_picked":["Prostrate","CutThroughFate","MostiFishMod:LegendTransform"],"picked":"SKIP","floor":1.0},{"not_picked":["Replay:AtTheReady","JustLucky","TalkToTheHand","Replay:ManipulateFuture"],"picked":"PathToVictory","floor":2.0},{"not_picked":["BowlingBash","CutThroughFate","EmptyFist","Omniscience","MostiFishMod:FlowState"],"picked":"SKIP","floor":5.0},{"not_picked":["BowlingBash","CutThroughFate","EmptyFist","MostiFishMod:FlowState"],"picked":"Omniscience","floor":5.0},{"not_picked":["EmptyBody","MostiFishMod:Pointsdynamics","Replay:LoomingThreat","Collect","REME_MusicOfDeath"],"picked":"SKIP","floor":7.0},{"not_picked":["Nirvana","MostiFishMod:Speedup","Replay:ManipulateFuture","Halt","MostiFishMod:Nomercy"],"picked":"SKIP","floor":8.0},{"not_picked":["Replay:ManipulateFuture","FlyingSleeves","Vengeance","REME_Repentance","PathToVictory"],"picked":"SKIP","floor":10.0},{"not_picked":["Replay:ManipulateFuture","FlyingSleeves","Vengeance","REME_Repentance"],"picked":"PathToVictory","floor":10.0},{"not_picked":["Replay:BluntJabs","JustLucky","FlyingSleeves","SashWhip","Replay:Cycle"],"picked":"SKIP","floor":11.0},{"not_picked":["Replay:BluntJabs","LikeWater","WaveOfTheHand","FearNoEvil","Fasting2"],"picked":"SKIP","floor":14.0},{"not_picked":["Establishment","REME_WorshipGod","ConjureBlade","Brilliance"],"picked":"MostiFishMod:StarWish","floor":16.0},{"not_picked":["FlyingSleeves","Halt+1","BowlingBash","WaveOfTheHand","Perseverance"],"picked":"SKIP","floor":18.0},{"not_picked":["MostiFishMod:LegendTransform","DeceiveReality","TalkToTheHand","EmptyBody","FearNoEvil"],"picked":"SKIP","floor":19.0},{"not_picked":["Protect","CutThroughFate","Swivel","Halt"],"picked":"Replay:DivineShield+1","floor":22.0},{"not_picked":["EmptyMind","SandsOfTime","InnerPeace","FollowUp","MentalFortress"],"picked":"SKIP","floor":24.0}],"player_experience":724197,"relics_obtained":[{"floor":1.0,"key":"SynthV:TestCard"},{"floor":7.0,"key":"MoneyPower"},{"floor":9.0,"key":"reliquary:IvoryTrinket"},{"floor":11.0,"key":"Vajra"},{"floor":24.0,"key":"Bronze Scales"},{"floor":26.0,"key":"Simple Rune"}],"event_choices":[],"is_beta":false,"boss_relics":[{"not_picked":["aspiration:SecretTechniqueScroll","testmod-PortableAltar"],"picked":"SlaversCollar"},{"not_picked":[]}],"items_purged_floors":[17],"is_endless":false,"potions_floor_spawned":[5,10,11,16,19,24],"killed_by":"Gensokyo:Koishi","ascension_level":19}}