{"host":"1bux2ns9kwx2qu1n","time":1613679526,"event":{"mods":["BaseMod","Colored Map","Colored Powertips","Hermit","Minty Spire (QoL Compilation)","Quick Restart","Relic Sorter","StSLib"],"gold_per_floor":[111,111,125,50,68,107,107,140,167,167,188,208,217,167,167,275,338,357,357,377,397,426,426,426],"floor_reached":23,"language":"ENG","playtime":1090,"items_purged":[],"score":244,"play_id":"695e292d-22cf-49a4-a289-e8cad67762ae","local_time":"20210218151846","is_ascension_mode":true,"campfire_choices":[{"floor":7,"key":"REST"},{"floor":10,"key":"REST"},{"data":"hermit:Brawl","floor":15,"key":"SMITH"}],"circlet_count":0,"master_deck":["hermit:Snapshot","hermit:Covet","Writhe","Apotheosis+1","hermit:LoneWolf","hermit:ShadowCloak","hermit:Brawl+1","hermit:Determination","hermit:Showdown","hermit:RoundhouseKick","Parasite","hermit:FromBeyond","hermit:Gambit","hermit:LowProfile","hermit:TakeCover","hermit:FullyLoaded","hermit:Roughhouse","hermit:FinalCanter","hermit:Quickdraw+1","hermit:SprayPray","hermit:EyeOfTheStorm"],"relics":["hermit:Momento","CeramicFish","Oddly Smooth Stone","Centennial Puzzle","Pandora\u0027s Box"],"acts_visited":["Exordium","TheCity"],"potions_floor_usage":[16,16,16,22,23],"damage_taken":[{"damage":7,"enemies":"Jaw Worm","floor":1,"turns":4},{"damage":6,"enemies":"Cultist","floor":3,"turns":3},{"damage":0,"enemies":"2 Louse","floor":5,"turns":4},{"damage":36,"enemies":"3 Sentries","floor":6,"turns":9},{"damage":12,"enemies":"Lagavulin","floor":8,"turns":6},{"damage":11,"enemies":"Looter","floor":11,"turns":2},{"damage":10,"enemies":"Lots of Slimes","floor":12,"turns":2},{"damage":19,"enemies":"Slime Boss","floor":16,"turns":10},{"damage":11,"enemies":"Spheric Guardian","floor":18,"turns":3},{"damage":7,"enemies":"3 Byrds","floor":20,"turns":4},{"damage":45,"enemies":"Sentry and Sphere","floor":21,"turns":6},{"damage":16,"enemies":"3 Cultists","floor":22,"turns":4},{"damage":0,"enemies":"Book of Stabbing","floor":23,"turns":1}],"seed_played":"7371252284775382585","potions_obtained":[{"floor":3,"key":"Energy Potion"},{"floor":5,"key":"hermit:Tonic"},{"floor":11,"key":"FearPotion"},{"floor":16,"key":"hermit:BlackBile"},{"floor":20,"key":"Ancient Potion"},{"floor":22,"key":"BlessingOfTheForge"}],"is_trial":false,"path_per_floor":["M","?","M","$","M","E","R","E","T","R","M","M","?","?","R","B",null,"M","?","M","M","M","E"],"character_chosen":"HERMIT","items_purchased":["hermit:Brawl"],"campfire_rested":2,"item_purchase_floors":[4],"current_hp_per_floor":[68,68,62,62,62,26,48,36,36,58,47,37,55,55,55,36,75,64,75,68,23,7,7,7],"gold":426,"neow_bonus":"RANDOM_COLORLESS_2","is_daily":false,"chose_seed":false,"campfire_upgraded":1,"win_rate":0.0,"timestamp":1613679526,"path_taken":["M","?","M","$","?","E","R","E","T","R","M","M","?","?","R","BOSS","M","?","M","?","?","E"],"items_purchased_type":["Card"],"build_version":"2020-12-22","purchased_purges":0,"victory":false,"max_hp_per_floor":[75,75,75,75,75,75,75,75,75,75,75,75,75,75,75,75,75,75,75,75,75,75,75,75],"card_choices":[{"not_picked":["Violence","Secret Technique"],"picked":"Apotheosis","floor":0},{"not_picked":["hermit:Vantage","hermit:WideOpen"],"picked":"hermit:LoneWolf","floor":1},{"not_picked":["hermit:GoldenBullet","hermit:Snipe"],"picked":"hermit:ShadowCloak","floor":3},{"not_picked":["hermit:Glare","hermit:Manifest"],"picked":"hermit:Determination","floor":5},{"not_picked":["hermit:Headshot","hermit:Misfire"],"picked":"hermit:Showdown","floor":6},{"not_picked":["hermit:CursedWeapon","hermit:FlashPowder","hermit:HighCaliber"],"picked":"SKIP","floor":8},{"not_picked":["hermit:Enervate","hermit:Manifest"],"picked":"hermit:RoundhouseKick","floor":11},{"not_picked":["hermit:Ricochet","hermit:BigShot","hermit:Misfire"],"picked":"SKIP","floor":12},{"not_picked":["hermit:DeadOrAlive","hermit:FatalDesire"],"picked":"hermit:FromBeyond","floor":16},{"not_picked":["hermit:Ricochet+1","hermit:Coalescence"],"picked":"hermit:Quickdraw+1","floor":18},{"not_picked":["hermit:LowProfile","hermit:BodyArmor"],"picked":"hermit:SprayPray","floor":20},{"not_picked":["hermit:Vantage","hermit:CalledShot","hermit:ItchyTrigger+1"],"picked":"SKIP","floor":21},{"not_picked":["hermit:GhostlyPresence","hermit:GoldenBullet"],"picked":"hermit:EyeOfTheStorm","floor":22}],"player_experience":854892,"relics_obtained":[{"floor":6,"key":"CeramicFish"},{"floor":8,"key":"Oddly Smooth Stone"},{"floor":9,"key":"Centennial Puzzle"}],"event_choices":[{"damage_healed":0,"gold_gain":0,"player_choice":"Forge","damage_taken":0,"max_hp_gain":0,"max_hp_loss":0,"event_name":"Accursed Blacksmith","floor":2,"gold_loss":0,"cards_upgraded":["Apotheosis"]},{"damage_healed":18,"gold_gain":0,"player_choice":"Healed and dodged fight","damage_taken":0,"max_hp_gain":0,"max_hp_loss":0,"event_name":"Mushrooms","floor":13,"gold_loss":0,"cards_obtained":["Parasite"]},{"cards_removed":["hermit:Strike_Hermit"],"damage_healed":0,"gold_gain":0,"player_choice":"Card Removal","damage_taken":0,"max_hp_gain":0,"max_hp_loss":0,"event_name":"The Cleric","floor":14,"gold_loss":50},{"cards_removed":["hermit:FullyLoaded"],"damage_healed":11,"gold_gain":0,"player_choice":"Offered Uncommon","damage_taken":0,"max_hp_gain":0,"max_hp_loss":0,"event_name":"Bonfire Elementals","floor":19,"gold_loss":0}],"is_beta":false,"boss_relics":[{"not_picked":["Empty Cage","Velvet Choker"],"picked":"Pandora\u0027s Box"}],"items_purged_floors":[],"is_endless":false,"potions_floor_spawned":[3,5,11,16,20,22],"killed_by":"Book of Stabbing","ascension_level":4}}