{"host":"ufhw4cf0hh51lveu","time":1613648100,"event":{"mods":["BaseMod","DeckTracker","Lobotomy","Minty Spire (QoL Compilation)","SuperFastMode"],"gold_per_floor":[118,118,118,132,57,73,73,93,93,268,101,101,101,101,101,182,182,182,35,48,28,28,28,8,8],"floor_reached":24,"language":"KOR","playtime":729,"items_purged":["Injury","Doubt"],"score":186,"play_id":"46237519-ccd8-418f-bbc7-4fc3336e0479","local_time":"20210218203500","is_ascension_mode":false,"campfire_choices":[{"data":"Neutralize","floor":7,"key":"SMITH"},{"data":"Survivor","floor":12,"key":"SMITH"},{"data":"PiercingWail","floor":15,"key":"SMITH"},{"floor":23,"key":"REST"}],"circlet_count":0,"master_deck":["Strike_G","Strike_G","Strike_G","Strike_G","Strike_G","Defend_G","Defend_G","Defend_G","Defend_G","Defend_G","Survivor+1","Neutralize+1","Freischutz","Dagger Spray+1","ShyLook","Deadly Poison","FairyFestival","PiercingWail+1","Noxious Fumes","Crippling Poison","Corpse Explosion","Die Die Die+1","Poisoned Stab+1","Acrobatics","CENSORED","Backflip"],"relics":["Ring of the Snake","CogitoBucket","Golden Idol","Pear","SlaversCollar","HellTrain","Omamori"],"acts_visited":["Exordium","TheCity"],"potions_floor_usage":[16,16,24],"damage_taken":[{"damage":1,"enemies":"Jaw Worm","floor":1,"turns":6},{"damage":0,"enemies":"Cultist","floor":4,"turns":3},{"damage":0,"enemies":"2 Louse","floor":6,"turns":2},{"damage":20,"enemies":"Red Slaver","floor":8,"turns":5},{"damage":2,"enemies":"Looter","floor":14,"turns":2},{"damage":57,"enemies":"Slime Boss","floor":16,"turns":9},{"damage":0,"enemies":"Shell Parasite","floor":18,"turns":1},{"damage":67,"enemies":"Chosen","floor":20,"turns":5},{"damage":11,"enemies":"Snecko","floor":21,"turns":3}],"seed_played":"-8680453188575607997","potions_obtained":[{"floor":1,"key":"LiquidMemories"},{"floor":6,"key":"GamblersBrew"},{"floor":16,"key":"Poison Potion"}],"is_trial":false,"path_per_floor":["M","?","?","M","$","M","R","M","T","?","$","R","?","M","R","B",null,"M","$","M","M","?","R","M"],"character_chosen":"THE_SILENT","items_purchased":["Crippling Poison","Omamori"],"campfire_rested":1,"item_purchase_floors":[11,19],"current_hp_per_floor":[69,69,69,69,69,69,69,51,61,61,61,61,61,61,61,7,80,80,80,17,9,9,33,0,0],"gold":8,"neow_bonus":"","is_daily":false,"chose_seed":false,"campfire_upgraded":3,"win_rate":0.0,"timestamp":1613648100,"path_taken":["M","?","?","?","$","M","R","M","T","?","$","R","?","M","R","BOSS","M","$","M","?","?","R","?"],"items_purchased_type":["Card","Relic"],"build_version":"2020-12-22","purchased_purges":2,"victory":false,"max_hp_per_floor":[70,70,70,70,70,70,70,70,80,80,80,80,80,80,80,80,80,80,80,80,80,80,80,80,80],"card_choices":[{"not_picked":["LittleHelper","WallGazer","BeautyBeast"],"picked":"Singing Bowl","floor":1},{"not_picked":["FairyFestival","BeautyBeast"],"picked":"Freischutz","floor":1},{"not_picked":["Outmaneuver","Slice"],"picked":"Dagger Spray","floor":1},{"not_picked":["FairyFestival","OSAHOGD"],"picked":"ShyLook","floor":4},{"not_picked":["Tactician","Terror"],"picked":"Deadly Poison","floor":4},{"not_picked":["VoidDream","CrumblingArmor"],"picked":"FairyFestival","floor":6},{"not_picked":["Cloak And Dagger","Outmaneuver"],"picked":"PiercingWail","floor":6},{"not_picked":["Prepared","Calculated Gamble"],"picked":"Noxious Fumes","floor":8},{"not_picked":["Expertise","Skewer"],"picked":"Corpse Explosion","floor":14},{"not_picked":["BlackSwan","OSAHOGD","VoidDream"],"picked":"Singing Bowl","floor":16},{"not_picked":["After Image","Phantasmal Killer"],"picked":"Die Die Die","floor":16},{"not_picked":["Dagger Spray","Slice+1"],"picked":"Poisoned Stab+1","floor":18},{"not_picked":["Prepared","Quick Slash+1"],"picked":"Acrobatics","floor":20},{"not_picked":["SpiderBud","Murderer","NakedNest"],"picked":"Singing Bowl","floor":21},{"not_picked":["WallGazer","Laetitia"],"picked":"CENSORED","floor":21},{"not_picked":["Predator+1","Flechettes"],"picked":"Backflip","floor":21}],"player_experience":54033,"relics_obtained":[{"floor":9,"key":"Pear"}],"event_choices":[{"damage_healed":0,"gold_gain":0,"player_choice":"Take Wound","damage_taken":0,"relics_obtained":["Golden Idol"],"max_hp_gain":0,"max_hp_loss":0,"event_name":"Golden Idol","floor":2,"gold_loss":0,"cards_obtained":["Injury"]},{"damage_healed":0,"gold_gain":0,"player_choice":"Upgraded","damage_taken":0,"max_hp_gain":0,"max_hp_loss":0,"event_name":"Upgrade Shrine","floor":3,"gold_loss":0,"cards_upgraded":["Dagger Spray"]},{"damage_healed":0,"gold_gain":175,"player_choice":"AGREE","damage_taken":0,"max_hp_gain":0,"max_hp_loss":0,"event_name":"Liars Game","floor":10,"gold_loss":0,"cards_obtained":["Doubt"]},{"damage_healed":0,"gold_gain":0,"player_choice":"Ignored","damage_taken":0,"max_hp_gain":0,"max_hp_loss":0,"event_name":"Shining Light","floor":13,"gold_loss":0},{"damage_healed":0,"gold_gain":0,"player_choice":"Forge","damage_taken":0,"max_hp_gain":0,"max_hp_loss":0,"event_name":"Accursed Blacksmith","floor":22,"gold_loss":0,"cards_upgraded":["Die Die Die"]}],"is_beta":false,"boss_relics":[{"not_picked":["Runic Dome","Astrolabe"],"picked":"SlaversCollar"}],"items_purged_floors":[5,11],"is_endless":false,"potions_floor_spawned":[1,6,16],"killed_by":"Shelled Parasite and Fungi","ascension_level":0}}