{"host":"pyelotildgrd5mks","time":1613652816,"event":{"mods":["BaseMod","Downfall","Minty Spire (QoL Compilation)","Quick Restart","Replay The Spire","StSLib"],"gold_per_floor":[113,38,38,49,99,99,127,127,153,153,164,164,39,54,54,155,155,169,182,97,97,113,113,113,113],"floor_reached":24,"language":"ZHS","playtime":868,"items_purged":["Strike_B","Strike_B","Overencumbered"],"score":291,"play_id":"df23978d-b930-42a1-b35a-2e23398e1304","local_time":"20210218205336","is_ascension_mode":true,"campfire_choices":[{"data":"Dualcast","floor":6.0,"key":"SMITH"},{"data":"Double Energy","floor":8.0,"key":"SMITH"},{"floor":12.0,"key":"REST"},{"floor":15.0,"key":"RECALL"},{"data":"ReplayRNGCard","floor":23.0,"key":"SMITH"}],"circlet_count":0,"master_deck":["AscendersBane","Strike_B","Defend_B","Defend_B","Defend_B","Defend_B","Zap","Dualcast+1","Ball Lightning","Crystallizer","Flash of Steel","Double Energy+1","Auto Shields+1","ReplayRNGCard+1","ReplaySort","FIFO Queue"],"relics":["Cracked Core","ReplayTheSpireMod:CursedCoin","Symbiotic Virus","Omamori","Replay:Wax Seal","Medical Kit","Nuclear Battery","Replay:WaspNest","Thread and Needle"],"acts_visited":["Exordium","TheCity"],"potions_floor_usage":[24,24],"damage_taken":[{"damage":6.0,"enemies":"2 Louse","floor":1.0,"turns":2.0},{"damage":0.0,"enemies":"Cultist","floor":4.0,"turns":4.0},{"damage":39.0,"enemies":"3 Sentries","floor":7.0,"turns":7.0},{"damage":5.0,"enemies":"Small Slimes","floor":11.0,"turns":3.0},{"damage":7.0,"enemies":"3 Louse","floor":14.0,"turns":4.0},{"damage":7.0,"enemies":"Slime Boss","floor":16.0,"turns":12.0},{"damage":15.0,"enemies":"Chosen","floor":18.0,"turns":5.0},{"damage":2.0,"enemies":"Shell Parasite","floor":19.0,"turns":4.0},{"damage":12.0,"enemies":"Centurion and Healer","floor":22.0,"turns":6.0},{"damage":37,"enemies":"Slavers","floor":24,"turns":3}],"seed_played":"-2306441990643151282","potions_obtained":[{"floor":1.0,"key":"Elixir"},{"floor":7.0,"key":"LifebloodPotion"},{"floor":16.0,"key":"LiquidBronze"},{"floor":18.0,"key":"Milkshake"},{"floor":19.0,"key":"ColorlessPotion"}],"is_trial":false,"path_per_floor":["M","$","?","M","$","R","E","R","T","?","M","R","$","M","R","B",null,"M","M","?","?","M","R","E"],"character_chosen":"DEFECT","items_purchased":["ReplayTheSpireMod:CursedCoin","Replay:Wax Seal","Medical Kit"],"campfire_rested":1,"item_purchase_floors":[5,13,13],"current_hp_per_floor":[62,62,62,62,62,62,23,23,23,23,18,40,40,33,33,26,63,48,46,46,46,34,34,0,0],"gold":113,"neow_bonus":"THREE_CARDS","is_daily":false,"chose_seed":false,"campfire_upgraded":3,"win_rate":0.0,"timestamp":1613652816,"path_taken":["M","$","?","?","?","R","E","R","T","?","M","R","$","M","R","BOSS","M","M","?","?","?","R","E"],"items_purchased_type":["Relic","Relic","Relic"],"build_version":"2020-12-22","purchased_purges":3,"victory":false,"max_hp_per_floor":[75,75,75,75,75,75,75,75,75,75,75,75,75,75,75,75,75,75,75,75,75,75,75,75,75],"card_choices":[{"not_picked":["Redo","Panic Button"],"picked":"Ball Lightning","floor":0.0},{"not_picked":["Undo","Beam Cell"],"picked":"Crystallizer","floor":1.0},{"not_picked":["Consume","Go for the Eyes","Panic Button"],"picked":"SKIP","floor":4.0},{"not_picked":["Scrape","ReplayTheSpireMod:Reroute Power"],"picked":"Double Energy","floor":7.0},{"not_picked":["Stack","Undo","Redo"],"picked":"SKIP","floor":11.0},{"not_picked":["Barrage","Sweeping Beam","Go for the Eyes"],"picked":"SKIP","floor":14.0},{"not_picked":["Meteor Strike","Core Surge"],"picked":"ReplayRNGCard","floor":16.0},{"not_picked":["Aggregate","ReplaySort","Heatsinks"],"picked":"SKIP","floor":18.0},{"not_picked":["Aggregate","Heatsinks"],"picked":"ReplaySort","floor":18.0},{"not_picked":["Turbo","Storm+1"],"picked":"FIFO Queue","floor":19.0},{"not_picked":["Undo","Streamline+1","Aggregate+1"],"picked":"SKIP","floor":22.0}],"player_experience":718139,"relics_obtained":[{"floor":7.0,"key":"Symbiotic Virus"},{"floor":9.0,"key":"Omamori"}],"event_choices":[{"damage_healed":0.0,"max_hp_gain":0.0,"max_hp_loss":0.0,"gold_gain":0.0,"event_name":"Match and Keep!","player_choice":"1 cards matched","floor":3.0,"gold_loss":0.0,"damage_taken":0.0,"cards_obtained":["Flash of Steel"]},{"damage_healed":0.0,"max_hp_gain":0.0,"max_hp_loss":0.0,"gold_gain":0.0,"event_name":"Addict","player_choice":"Obtained Relic","floor":20.0,"gold_loss":85.0,"damage_taken":0.0,"relics_obtained":["Replay:WaspNest"]},{"damage_healed":0.0,"max_hp_gain":0.0,"max_hp_loss":0.0,"gold_gain":0.0,"event_name":"WeMeetAgain","player_choice":"Gave Potion","floor":21.0,"gold_loss":0.0,"damage_taken":0.0,"relics_obtained":["Thread and Needle"]}],"is_beta":false,"boss_relics":[{"not_picked":["Empty Cage","Fusion Hammer"],"picked":"Nuclear Battery"}],"items_purged_floors":[2,5,13],"is_endless":false,"potions_floor_spawned":[1,7,16,18,19],"killed_by":"Slavers","ascension_level":10}}