{"host":"3e3mwsgb9gfqiuxm","time":1613676497,"event":{"mods":["Act Like it!","BaseMod","Colored Map","Colored Powertips","Downfall","Gensokyo","Googly Eyes","Hallownest","Hermit","Hubris","Infinite Spire","Koishi","Marisa????????","Minty Spire (QoL Compilation)","Quick Restart","Rare Cards Sparkle","Reimu??????","Remilia??????","Replay The Spire","Shop Mod","StSLib","SuperFastMode","Td1madao Mod","The Administrix","The Servant 0.9.4","Youmu??????","Yuyuko","everything is the same but u backflip on backflip","slay the spire mod where everything is the same but ironclad has a cowboy hat"],"gold_per_floor":[11,27,27,27,27,27,53,53,53,53,87,87,103,123,123,224,224,243,355,386,386,386,428,428,428,428],"floor_reached":25,"language":"ENG","playtime":671,"items_purged":[],"score":356,"play_id":"aff131e0-bfc0-421e-9466-05c1dd4675a2","local_time":"20210218142817","is_ascension_mode":true,"campfire_choices":[{"floor":6.0,"key":"DIG"},{"floor":24,"key":"REST"}],"circlet_count":0,"master_deck":["Strike_MRS","Strike_MRS","Strike_MRS","Defend_MRS","Defend_MRS","Defend_MRS","Defend_MRS","MasterSpark","UpSweep","DoubleSpark","GalacticHalo","ChargingUp","Regret","Rebound","NonDirectionalLaser+1","Zap","CollectingQuirk","WitchOfGreed","TreasureHunter"],"relics":["Replay:Multitool","hubris:Towel","Replay:Towering Pillar of Hats","Art of War","Singing Bowl","Simple Rune","Onion Ring","m_SpellCore","Matryoshka","hubris:TerracottaHorce","Gremlin Horn","hubris:Icosahedron","Bag of Marbles"],"acts_visited":["Exordium","Hallownest:CityofTears"],"potions_floor_usage":[11,20,23,23,23,23,23,23,25],"damage_taken":[{"damage":1.0,"enemies":"Cultist","floor":1.0,"turns":3.0},{"damage":2.0,"enemies":"2 Louse","floor":2.0,"turns":3.0},{"damage":25.0,"enemies":"3 Sentries","floor":7.0,"turns":8.0},{"damage":8,"enemies":"Lagavulin","floor":11,"turns":5},{"damage":2,"enemies":"Small Slimes","floor":13,"turns":2},{"damage":0,"enemies":"Looter","floor":14,"turns":1},{"damage":35,"enemies":"Hexaghost","floor":16,"turns":7},{"damage":2,"enemies":"Hallownest:2_Mistakes","floor":18,"turns":3},{"damage":32,"enemies":"Hallownest:3_Youths","floor":20,"turns":6},{"damage":1,"enemies":"Hallownest:Nosk","floor":23,"turns":6},{"damage":31,"enemies":"Hallownest:eliteSoulWarrior","floor":25,"turns":3}],"seed_played":"3364819644812917390","potions_obtained":[{"floor":2.0,"key":"FearPotion"},{"floor":16,"key":"Weak Potion"},{"floor":19,"key":"sneckomod:MuddlingPotion"},{"floor":20,"key":"sneckomod:MuddlingPotion"},{"floor":20,"key":"LifebloodPotion"},{"floor":23,"key":"PowerPotion"}],"is_trial":false,"path_per_floor":["M","M","?","$","?","R","E","?","T","?","E","R","M","M","R_BF","B",null,"M","?","M","?","?","E","R","E"],"character_chosen":"MARISA","items_purchased":[],"campfire_rested":1,"item_purchase_floors":[],"current_hp_per_floor":[67,65,65,65,65,65,40,40,40,40,34,34,32,32,55,20,63,63,34,4,4,4,5,30,0,0],"gold":428,"neow_bonus":"ONE_RARE_RELIC","is_daily":false,"chose_seed":false,"campfire_upgraded":0,"win_rate":0.0,"timestamp":1613676497,"path_taken":["M","M","?","$","?","R","E","?","T","?","E","R","M","M","R_BF","BOSS","M","?","M","?","?","E","R","E"],"items_purchased_type":[],"build_version":"2020-12-22","purchased_purges":0,"victory":false,"max_hp_per_floor":[75,75,75,75,75,75,75,75,75,75,77,77,77,77,77,77,77,79,81,83,83,83,85,85,85,85],"card_choices":[{"not_picked":["Acceleration","PowerUp"],"picked":"DoubleSpark","floor":1.0},{"not_picked":["NonDirectionalLaser","DC"],"picked":"GalacticHalo","floor":2.0},{"not_picked":["DoubleSpark","AsteroidBelt"],"picked":"ChargingUp","floor":7.0},{"not_picked":["LuminesStrike","Fusion","Streamline"],"picked":"Singing Bowl","floor":11},{"not_picked":["DC","Streamline"],"picked":"NonDirectionalLaser","floor":13},{"not_picked":["Sunder","Gash"],"picked":"Zap","floor":14},{"not_picked":["MaximisePower","Meteor Strike"],"picked":"CollectingQuirk","floor":16},{"not_picked":["SuperPerseids","PowerUp","6A+1"],"picked":"Singing Bowl","floor":18},{"not_picked":["NonDirectionalLaser","PowerUp","EventHorizon"],"picked":"Singing Bowl","floor":19},{"not_picked":["ShootingEcho","PowerUp"],"picked":"WitchOfGreed","floor":19},{"not_picked":["AsteroidBelt+1","ShootingEcho"],"picked":"TreasureHunter","floor":19},{"not_picked":["OpenUniverse","Orbital","IllusionStar"],"picked":"Singing Bowl","floor":20},{"not_picked":["DarkMatter","BlazeAway","PulseMagic"],"picked":"Singing Bowl","floor":23}],"player_experience":1420900,"relics_obtained":[{"floor":5.0,"key":"Replay:Towering Pillar of Hats"},{"floor":6.0,"key":"Art of War"},{"floor":7.0,"key":"Singing Bowl"},{"floor":9.0,"key":"Onion Ring"},{"floor":11,"key":"Matryoshka"},{"floor":19,"key":"Gremlin Horn"},{"floor":23,"key":"Bag of Marbles"}],"event_choices":[{"damage_healed":0.0,"max_hp_gain":0.0,"max_hp_loss":0.0,"gold_gain":0.0,"event_name":"Big Fish","player_choice":"Box","floor":8.0,"gold_loss":0.0,"damage_taken":0.0,"relics_obtained":["Simple Rune"],"cards_obtained":["Regret"]}],"is_beta":false,"boss_relics":[{"not_picked":["Velvet Choker","Runic Pyramid"],"picked":"hubris:TerracottaHorce"}],"items_purged_floors":[],"is_endless":false,"potions_floor_spawned":[2,16,20],"killed_by":"Hallownest:eliteSoulWarrior","ascension_level":9}}