{"host":"q8mjpf3krl0t4p3x","time":1613642863,"event":{"mods":["BaseMod","Colored Map","Colored Powertips","Googly Eyes","Minty Spire (QoL Compilation)","Quick Restart","StSLib","everything is the same but u backflip on backflip","slay the spire mod where everything is the same but ironclad has a cowboy hat"],"gold_per_floor":[109,127,127,21,33,33,50,67,67,100,116,116,136,136,136,136,136],"floor_reached":16,"language":"ENG","playtime":584,"items_purged":[],"score":187,"play_id":"653e6e37-91f5-4e0d-b7ba-21ad61f461eb","local_time":"20210218020743","is_ascension_mode":true,"campfire_choices":[{"data":"Searing Blow","floor":6,"key":"SMITH"},{"data":"Searing Blow+1","floor":12,"key":"SMITH"},{"data":"Searing Blow+3","floor":15,"key":"SMITH"}],"circlet_count":0,"master_deck":["AscendersBane","Strike_R","Strike_R","Strike_R","Strike_R","Strike_R","Defend_R","Defend_R","Defend_R","Defend_R","Bash","Searing Blow+4","Shrug It Off","Cleave","Headbutt"],"relics":["Burning Blood","Red Skull","Charon\u0027s Ashes","Incense Burner"],"acts_visited":["Exordium"],"potions_floor_usage":[7,13],"damage_taken":[{"damage":14,"enemies":"Jaw Worm","floor":1,"turns":3},{"damage":11,"enemies":"Cultist","floor":2,"turns":4},{"damage":1,"enemies":"2 Louse","floor":5,"turns":3},{"damage":2,"enemies":"2 Fungi Beasts","floor":7,"turns":3},{"damage":11,"enemies":"Blue Slaver","floor":8,"turns":4},{"damage":44,"enemies":"Lagavulin","floor":10,"turns":7},{"damage":16,"enemies":"Lots of Slimes","floor":11,"turns":3},{"damage":14,"enemies":"Exordium Thugs","floor":13,"turns":4},{"damage":27,"enemies":"Hexaghost","floor":16,"turns":8}],"seed_played":"3268913658407565547","potions_obtained":[{"floor":1,"key":"DuplicationPotion"},{"floor":3,"key":"DuplicationPotion"},{"floor":8,"key":"PowerPotion"}],"is_trial":false,"path_per_floor":["M","M","?","$","M","R","M","M","T","E","M","R","M","?","R","B"],"character_chosen":"IRONCLAD","items_purchased":["FairyPotion"],"campfire_rested":0,"item_purchase_floors":[4],"current_hp_per_floor":[60,55,55,55,60,60,64,59,59,21,11,11,27,27,27,0,0],"gold":136,"neow_bonus":"RANDOM_COMMON_RELIC","is_daily":false,"chose_seed":false,"campfire_upgraded":3,"win_rate":0.0,"timestamp":1613642863,"path_taken":["M","M","?","$","M","R","?","M","T","E","M","R","M","?","R","BOSS"],"items_purchased_type":["Potion"],"build_version":"2020-12-22","purchased_purges":0,"victory":false,"max_hp_per_floor":[75,75,75,75,75,75,75,75,75,75,75,75,75,75,75,75,75],"card_choices":[{"not_picked":["Carnage","True Grit"],"picked":"Searing Blow","floor":1},{"not_picked":["Pummel","Disarm","Clash"],"picked":"SKIP","floor":2},{"not_picked":["Havoc","Seeing Red"],"picked":"Shrug It Off","floor":5},{"not_picked":["Uppercut","Pommel Strike"],"picked":"Cleave","floor":7},{"not_picked":["Iron Wave","Sword Boomerang","Cleave"],"picked":"SKIP","floor":8},{"not_picked":["Hemokinesis","Uppercut"],"picked":"Headbutt","floor":10},{"not_picked":["Blood for Blood","Clash","Sword Boomerang"],"picked":"SKIP","floor":11},{"not_picked":["Perfected Strike","Carnage","Thunderclap"],"picked":"SKIP","floor":13}],"player_experience":197823,"relics_obtained":[{"floor":9,"key":"Charon\u0027s Ashes"},{"floor":10,"key":"Incense Burner"}],"event_choices":[{"damage_healed":0,"gold_gain":0,"player_choice":"Got Potions","damage_taken":0,"max_hp_gain":0,"max_hp_loss":0,"event_name":"Lab","floor":3,"gold_loss":0},{"damage_healed":0,"gold_gain":0,"player_choice":"Grow","damage_taken":0,"max_hp_gain":0,"max_hp_loss":0,"event_name":"Living Wall","floor":14,"gold_loss":0,"cards_upgraded":["Searing Blow"]}],"is_beta":false,"boss_relics":[],"items_purged_floors":[],"is_endless":false,"potions_floor_spawned":[1,8,10,11],"killed_by":"Hexaghost","ascension_level":16}}