{"host":"9slw7l0ws16384qq","time":1613676919,"event":{"mods":["A Penny For Your Troubles","BaseMod","Colored Map","Downfall","Evolution","Hubris","Minty Spire (QoL Compilation)","Replay The Spire","StS++","StSLib"],"gold_per_floor":[349,368,121,138,138,173,200,214,214,226,277,289,289,308,318,421,421,421,440,440,168,168,180,204,304,347,423,423,481,481,529,577,738,738,738,773,1139,1177,1327,1376,1376,1376,1454,1354,1402,1448,1448,1448],"floor_reached":46,"language":"FRA","playtime":1581,"items_purged":["bronze:Defend","bronze:BugBarrage"],"score":724,"play_id":"4c418df0-dc60-4809-aab8-6b666266b08d","local_time":"20210218203519","is_ascension_mode":true,"campfire_choices":[{"data":"bronze:Strike","floor":1.0,"key":"PURGE"},{"data":"bronze:BugBarrage","floor":9.0,"key":"SMITH"},{"data":"bronze:BugBarrage","floor":13.0,"key":"SMITH"},{"floor":18.0,"key":"DIG"},{"floor":30.0,"key":"REST"},{"floor":35.0,"key":"REST"},{"floor":44,"key":"REST"}],"circlet_count":0,"master_deck":["bronze:BugBarrage+1","bronze:BugBarrage+1","bronze:BugBarrage+1","bronze:Defend","bronze:Defend","bronze:Replicate","bronze:Shield+1","bronze:Shield+1","bronze:Shield","bronze:FindAndReplace"],"relics":["bronze:PlatinumCore","EVO:Axolotl","Simple Rune","Blue Doll","bronze:SilverBullet","Pen Nib","Kunai","bronze:BronzeIdol","Nloth\u0027s Gift","Gremlin Food","Ring of Hypnosis","Ring of Fury","Replay:Bandana","CeramicFish","White Beast Statue","Eternal Feather","downfall:HeartBlessingBlue"],"acts_visited":["Exordium","TheCity","TheBeyond"],"potions_floor_usage":[45,46],"damage_taken":[{"damage":0.0,"enemies":"2 Louse","floor":2.0,"turns":3.0},{"damage":5.0,"enemies":"downfall:FleeingMerchant","floor":3.0,"turns":4.0},{"damage":0.0,"enemies":"Small Slimes","floor":4.0,"turns":4.0},{"damage":10.0,"enemies":"3 Sentries","floor":6.0,"turns":4.0},{"damage":0.0,"enemies":"Cultist","floor":8.0,"turns":2.0},{"damage":0.0,"enemies":"2 Fungi Beasts","floor":10.0,"turns":2.0},{"damage":0.0,"enemies":"Blue Slaver","floor":12.0,"turns":3.0},{"damage":0.0,"enemies":"Large Slime","floor":14.0,"turns":2.0},{"damage":0.0,"enemies":"downfall:LooterAlt","floor":15.0,"turns":2.0},{"damage":23.0,"enemies":"DF_ARCHETYPE_STREAMLINE","floor":16.0,"turns":8.0},{"damage":22.0,"enemies":"downfall:LooterAlt2","floor":19.0,"turns":2.0},{"damage":3.0,"enemies":"downfall:FleeingMerchant","floor":21.0,"turns":4.0},{"damage":0.0,"enemies":"Shell Parasite","floor":23.0,"turns":2.0},{"damage":17.0,"enemies":"Shelled Parasite and Fungi","floor":26.0,"turns":2.0},{"damage":0.0,"enemies":"Gremlin Leader","floor":27.0,"turns":3.0},{"damage":0.0,"enemies":"3 Cultists","floor":29.0,"turns":2.0},{"damage":0.0,"enemies":"Chosen and Byrds","floor":31.0,"turns":3.0},{"damage":0.0,"enemies":"Centurion and Healer","floor":32.0,"turns":2.0},{"damage":17.0,"enemies":"WA_ARCHETYPE_CALM","floor":33.0,"turns":3.0},{"damage":0.0,"enemies":"Orb Walker","floor":36.0,"turns":2.0},{"damage":0.0,"enemies":"downfall:FleeingMerchant","floor":37.0,"turns":2.0},{"damage":0.0,"enemies":"3 Shapes","floor":38.0,"turns":2.0},{"damage":21.0,"enemies":"downfall:LadyInBlue","floor":39.0,"turns":4.0},{"damage":0.0,"enemies":"Spire Growth","floor":40.0,"turns":2.0},{"damage":30,"enemies":"Reptomancer","floor":43,"turns":4},{"damage":29,"enemies":"Writhing Mass","floor":45,"turns":4},{"damage":45,"enemies":"Nemesis","floor":46,"turns":3}],"seed_played":"5023638949090512074","potions_obtained":[{"floor":2.0,"key":"SpeedPotion"},{"floor":4.0,"key":"Flashbang"},{"floor":8.0,"key":"Elixir"},{"floor":39.0,"key":"PowerPotion"},{"floor":39.0,"key":"SteroidPotion"},{"floor":45,"key":"hexamod:SoulburnPotion"}],"is_trial":false,"path_per_floor":["R_BF","M","$","M","?","E","T","M","R","M","?","M","R","M","M","B",null,"R_BF","M","?","$","?","M","T","?","M","E","?","M","R","M","M","B",null,"R","M","$","M","?","M","T","?","E","R","M","E"],"character_chosen":"THE_AUTOMATON","items_purchased":["Simple Rune","Gremlin Food"],"campfire_rested":3,"item_purchase_floors":[3,21],"current_hp_per_floor":[63,63,58,58,51,41,41,41,41,41,26,26,26,26,26,3,48,48,26,26,23,23,23,23,23,6,6,6,6,24,24,24,7,49,63,63,63,63,42,42,42,42,12,49,20,0,0,0],"gold":1448,"neow_bonus":"TWO_FIFTY_GOLD","is_daily":false,"chose_seed":false,"campfire_upgraded":2,"win_rate":0.0,"timestamp":1613676919,"path_taken":["R_BF","M","$","M","?","E","T","M","R","M","?","M","R","M","M","BOSS","R_BF","M","?","$","?","M","T","?","?","E","?","M","R","M","M","BOSS","R","M","$","M","?","?","T","?","E","R","M","E"],"items_purchased_type":["Relic","Relic"],"build_version":"2020-12-22","purchased_purges":2,"victory":false,"max_hp_per_floor":[63,63,63,63,63,63,63,63,63,63,63,63,63,63,63,63,63,63,63,63,63,63,63,63,63,63,63,63,63,63,63,63,63,63,63,63,63,63,63,63,63,63,63,73,73,73,73,73],"card_choices":[{"not_picked":["bronze:DigitalCarnage","bronze:FineTuning","bronze:BitShift"],"picked":"SKIP","floor":2.0},{"not_picked":["bronze:Branch","bronze:OilSpill"],"picked":"bronze:Shield","floor":3.0},{"not_picked":["bronze:ThunderWave","bronze:InfiniteBeams"],"picked":"bronze:BugBarrage","floor":4.0},{"not_picked":["bronze:Branch","bronze:CutThrough","bronze:ForceShield"],"picked":"SKIP","floor":6.0},{"not_picked":["bronze:Turbo","bronze:BitShift","bronze:Overload"],"picked":"SKIP","floor":8.0},{"not_picked":["bronze:Verify","bronze:Frontload","bronze:Deprecate"],"picked":"SKIP","floor":10.0},{"not_picked":["bronze:Separator","bronze:BitShift"],"picked":"bronze:Shield","floor":12.0},{"not_picked":["bronze:ForceShield","bronze:ClassDefault","bronze:Branch"],"picked":"SKIP","floor":14.0},{"not_picked":["bronze:Branch","bronze:BugBarrage"],"picked":"bronze:Shield","floor":15.0},{"not_picked":["bronze:Hardcode","bronze:TinkerersToolbox"],"picked":"bronze:FindAndReplace","floor":16.0},{"not_picked":["bronze:Separator","bronze:Fortify","bronze:WhirlingStrike"],"picked":"SKIP","floor":19.0},{"not_picked":["bronze:MaxOutput+1","bronze:BitShift+1","bronze:DarkDash"],"picked":"SKIP","floor":21.0},{"not_picked":["bronze:DarkDash+1","bronze:DelayedGuard","bronze:Refactor"],"picked":"SKIP","floor":23.0},{"not_picked":["bronze:ChildClass","bronze:BugBarrage","bronze:ForceShield"],"picked":"SKIP","floor":26.0},{"not_picked":["bronze:Format","bronze:DelayedGuard+1","bronze:MaxOutput"],"picked":"SKIP","floor":27.0},{"not_picked":["bronze:Frontload","bronze:Iterate","bronze:WhirlingStrike"],"picked":"SKIP","floor":29.0},{"not_picked":["bronze:Iterate","bronze:DelayedSlice","bronze:Optimize"],"picked":"SKIP","floor":31.0},{"not_picked":["bronze:Shield","bronze:BitShift","bronze:Mutator"],"picked":"SKIP","floor":32.0},{"not_picked":["bronze:FineTuning+1","bronze:DelayedGuard","bronze:ForceShield+1"],"picked":"SKIP","floor":36.0},{"not_picked":["bronze:Separator","bronze:DelayedGuard","bronze:Allocate+1"],"picked":"SKIP","floor":37.0},{"not_picked":["bronze:Frontload","bronze:Separator+1","bronze:WildBeam"],"picked":"SKIP","floor":38.0},{"not_picked":["bronze:Separator+1","bronze:Turbo","bronze:WildBeam"],"picked":"SKIP","floor":40.0},{"not_picked":["bronze:Verify","bronze:Fortify","bronze:Repair+1"],"picked":"SKIP","floor":43},{"not_picked":["bronze:Iterate+1","bronze:DelayedSlice+1","bronze:MaxOutput+1"],"picked":"SKIP","floor":45}],"player_experience":1709941,"relics_obtained":[{"floor":6.0,"key":"bronze:SilverBullet"},{"floor":7.0,"key":"Pen Nib"},{"floor":11.0,"key":"Kunai"},{"floor":18.0,"key":"bronze:BronzeIdol"},{"floor":22.0,"key":"Ring of Hypnosis"},{"floor":22.0,"key":"Ring of Fury"},{"floor":24.0,"key":"Replay:Bandana"},{"floor":27.0,"key":"CeramicFish"},{"floor":39.0,"key":"White Beast Statue"},{"floor":43,"key":"Eternal Feather"}],"event_choices":[{"damage_healed":0.0,"max_hp_gain":0.0,"max_hp_loss":0.0,"gold_gain":0.0,"event_name":"Scrap Ooze","player_choice":"Success","floor":5.0,"gold_loss":0.0,"damage_taken":7.0,"relics_obtained":["Blue Doll"]}],"is_beta":false,"boss_relics":[{"not_picked":["ReplayTheSpireMod:DimensionalGlitch","Painkiller Herb"],"picked":"Empty Cage"},{"not_picked":["Honey Jar","hubris:GrandSneckoEye"],"picked":"bronze:PlatinumCore"}],"items_purged_floors":[3,21],"is_endless":false,"potions_floor_spawned":[2,4,8,15,19,26,27,31,36,38,40,43,45],"killed_by":"Nemesis","ascension_level":8}}