{"host":"6dypmz777xraikqf","time":1613646391,"event":{"mods":["AchievementEnabler","BaseMod","BetterRewards","Colored Map","Colored Powertips","Downfall","Highlight Path","Hubris","Infinite Spire","Minty Spire (QoL Compilation)","Replay The Spire","StSLib"],"gold_per_floor":[117,292,312,9,9,43,62,95,141,172,15,15,25,42,42,146,146,158,172,184,184,194,194,221,221,221],"floor_reached":25,"language":"ENG","playtime":1318,"items_purged":["Doubt"],"score":429,"play_id":"75882a01-9009-40d4-b60d-767055edefb6","local_time":"20210218110631","is_ascension_mode":true,"campfire_choices":[{"floor":15,"key":"REST"},{"floor":23,"key":"REST"}],"circlet_count":0,"master_deck":["AscendersBane","Strike_G","Strike_G","Strike_G","Strike_G","Strike_G","Defend_G","Defend_G","Defend_G","Defend_G","Defend_G","Survivor","Neutralize","Blade Dance","Cloak And Dagger","ReplayTheSpireMod:Brewmster+1","PiercingWail+1","Dagger Throw","Endless Agony","Terror","Crippling Poison","Caltrops","Glass Knife","Dash","Cloak And Dagger+1","Blade Dance","Accuracy","Infinite Blades"],"relics":["Ring of the Snake","NeowsBlessing","hubris:TenFootPole","Oddly Smooth Stone","infinitespire:PuzzleCube","Replay:Mystery Machine","Membership Card","NlothsMask","hubris:VirtuousBlindfold","Vajra"],"acts_visited":["Exordium","TheCity"],"potions_floor_usage":[7,7,8,8,8,8,8,8,10,10,10,10,10,10,10,13,16,16,16,16,16,16,16,16,16,18,18,18,19,19,20,20,22,22,24,24,25,25],"damage_taken":[{"damage":0,"enemies":"2 Louse","floor":1,"turns":1},{"damage":0,"enemies":"Jaw Worm","floor":3,"turns":1},{"damage":0,"enemies":"Lagavulin","floor":6,"turns":3},{"damage":1,"enemies":"infinitespire:Voidling","floor":7,"turns":3},{"damage":38,"enemies":"Replay:BlueRogue","floor":8,"turns":6},{"damage":1,"enemies":"3 Sentries","floor":10,"turns":8},{"damage":0,"enemies":"2 Fungi Beasts","floor":13,"turns":2},{"damage":2,"enemies":"Red Slaver","floor":14,"turns":2},{"damage":14,"enemies":"Slime Boss","floor":16,"turns":9},{"damage":18,"enemies":"Spheric Guardian","floor":18,"turns":5},{"damage":9,"enemies":"Chosen","floor":19,"turns":5},{"damage":3,"enemies":"Shelled Parasite and Fungi","floor":20,"turns":6},{"damage":10,"enemies":"Snecko","floor":22,"turns":4},{"damage":38,"enemies":"Replay:Snechameleon","floor":24,"turns":10},{"damage":6,"enemies":"Snake Plant","floor":25,"turns":3}],"seed_played":"5870277693319313138","potions_obtained":[{"floor":7,"key":"Toxic Potion"},{"floor":10,"key":"GhostInAJar"},{"floor":14,"key":"Regen Potion"},{"floor":16,"key":"Fire Potion"},{"floor":18,"key":"Block Potion"},{"floor":24,"key":"Flashbang"}],"is_trial":false,"path_per_floor":["M","?","M","$","?","E","M","E","T","E","$","?","M","M","R","B",null,"M","M","M","?","M","R","E","M"],"character_chosen":"THE_SILENT","items_purchased":["ReplayTheSpireMod:Brewmster","PiercingWail+1","Membership Card"],"campfire_rested":2,"item_purchase_floors":[4,4,11],"current_hp_per_floor":[63,63,63,63,63,63,62,24,24,23,23,23,23,21,42,43,63,45,36,33,33,23,44,6,0,0],"gold":221,"neow_bonus":"THREE_ENEMY_KILL","is_daily":false,"chose_seed":false,"campfire_upgraded":0,"win_rate":0.0,"timestamp":1613646391,"path_taken":["M","?","M","$","?","E","M","E","T","E","$","?","?","M","R","BOSS","M","M","M","?","?","R","E","M"],"items_purchased_type":["Card","Card","Relic"],"build_version":"2020-12-22","purchased_purges":1,"victory":false,"max_hp_per_floor":[70,70,70,70,70,70,70,70,70,70,70,70,70,70,70,70,70,70,70,70,70,70,70,70,70,70],"card_choices":[{"not_picked":["Prepared","Slice"],"picked":"Blade Dance","floor":1},{"not_picked":["Prepared","ReplayTheSpireMod:Tripwire"],"picked":"Cloak And Dagger","floor":3},{"not_picked":["Prepared","Quick Slash"],"picked":"Dagger Throw","floor":6},{"not_picked":["Expertise","Dodge and Roll","Dagger Throw"],"picked":"SKIP","floor":7},{"not_picked":["Bane","Prepared"],"picked":"Endless Agony","floor":8},{"not_picked":["All Out Attack","Dodge and Roll"],"picked":"Terror","floor":10},{"not_picked":["Poisoned Stab","Outmaneuver"],"picked":"Crippling Poison","floor":13},{"not_picked":["hubris:SlightOfHand","Dagger Spray"],"picked":"Caltrops","floor":14},{"not_picked":["Burst","Unload"],"picked":"Glass Knife","floor":16},{"not_picked":["Underhanded Strike","Heel Hook"],"picked":"Dash","floor":18},{"not_picked":["Leg Sweep","Dodge and Roll"],"picked":"Cloak And Dagger+1","floor":19},{"not_picked":["Hidden Blade","Flying Knee"],"picked":"Blade Dance","floor":20},{"not_picked":["Caltrops","Grand Finale"],"picked":"Accuracy","floor":22},{"not_picked":["Prepared","Catalyst"],"picked":"Infinite Blades","floor":24}],"player_experience":258113,"relics_obtained":[{"floor":6,"key":"hubris:TenFootPole"},{"floor":8,"key":"Oddly Smooth Stone"},{"floor":9,"key":"infinitespire:PuzzleCube"},{"floor":10,"key":"Replay:Mystery Machine"},{"floor":24,"key":"Vajra"}],"event_choices":[{"damage_healed":0,"gold_gain":175,"player_choice":"AGREE","damage_taken":0,"max_hp_gain":0,"max_hp_loss":0,"event_name":"Liars Game","floor":2,"gold_loss":0,"cards_obtained":["Doubt"]},{"damage_healed":0,"gold_gain":0,"player_choice":"Grow","damage_taken":0,"max_hp_gain":0,"max_hp_loss":0,"event_name":"Living Wall","floor":5,"gold_loss":0,"cards_upgraded":["ReplayTheSpireMod:Brewmster"]},{"damage_healed":0,"gold_gain":0,"player_choice":"Trade","damage_taken":0,"relics_obtained":["NlothsMask"],"max_hp_gain":0,"max_hp_loss":0,"event_name":"FaceTrader","floor":12,"gold_loss":0},{"damage_healed":0,"gold_gain":0,"player_choice":"Bought 0 Potions","damage_taken":0,"max_hp_gain":0,"max_hp_loss":0,"event_name":"The Woman in Blue","floor":21,"gold_loss":0}],"is_beta":false,"boss_relics":[{"not_picked":["SlaversCollar","infinitespire:Cupcake"],"picked":"hubris:VirtuousBlindfold"}],"items_purged_floors":[4],"is_endless":false,"potions_floor_spawned":[6,7,10,14,16,18,24],"killed_by":"Snake Plant","ascension_level":12}}