{"host":"pke0xxyzw0teju56","time":1613668699,"event":{"mods":["BaseMod","Bestiary","Colored Powertips","Highlight Path","Minty Spire (QoL Compilation)","StSLib"],"gold_per_floor":[109,109,259,259,275,275,305,305,305,305,305,37,37,72,72,146,146,160,179,179,179,179],"floor_reached":21,"language":"ENG","playtime":1488,"items_purged":[],"score":416,"play_id":"0d280436-1c7e-45c3-a89a-83046a3a501f","local_time":"20210218121819","is_ascension_mode":true,"campfire_choices":[{"data":"Sunder","floor":6.0,"key":"SMITH"},{"data":"Defragment","floor":8.0,"key":"SMITH"},{"floor":15,"key":"REST"}],"circlet_count":0,"master_deck":["AscendersBane","Strike_B","Strike_B","Strike_B","Defend_B","Defend_B","Defend_B","Defend_B","Zap","Dualcast","Sunder+1","Doubt","Defragment+1","Self Repair","Seek","Core Surge","Leap","FTL"],"relics":["Cracked Core","NeowsBlessing","Du-Vu Doll","Bird Faced Urn","Question Card","Gremlin Horn","GremlinMask","Dream Catcher","SlaversCollar"],"acts_visited":["Exordium","TheCity"],"potions_floor_usage":[19,19],"damage_taken":[{"damage":0.0,"enemies":"Small Slimes","floor":1.0,"turns":1.0},{"damage":0.0,"enemies":"Jaw Worm","floor":5.0,"turns":1.0},{"damage":0.0,"enemies":"3 Sentries","floor":7.0,"turns":2.0},{"damage":30,"enemies":"Lagavulin","floor":14,"turns":6},{"damage":42,"enemies":"The Guardian","floor":16,"turns":11},{"damage":42,"enemies":"2 Thieves","floor":18,"turns":4},{"damage":18,"enemies":"3 Byrds","floor":19,"turns":5},{"damage":28,"enemies":"Snake Plant","floor":21,"turns":3}],"seed_played":"5965707036521998522","potions_obtained":[{"floor":1.0,"key":"SteroidPotion"},{"floor":14,"key":"GamblersBrew"},{"floor":16,"key":"AttackPotion"}],"is_trial":false,"path_per_floor":["M","?","?","?","M","R","E","R","T","?","?","$","?","E","R","B",null,"M","M","?","M"],"character_chosen":"DEFECT","items_purchased":["Gremlin Horn"],"campfire_rested":1,"item_purchase_floors":[12],"current_hp_per_floor":[64,29,29,52,52,52,52,52,52,52,45,45,45,26,47,16,57,26,19,19,0,0],"gold":179,"neow_bonus":"THREE_ENEMY_KILL","is_daily":false,"chose_seed":false,"campfire_upgraded":2,"win_rate":0.0,"timestamp":1613668699,"path_taken":["M","?","?","?","?","R","E","R","T","?","?","$","?","E","R","BOSS","M","?","?","M"],"items_purchased_type":["Relic"],"build_version":"2020-12-22","purchased_purges":0,"victory":false,"max_hp_per_floor":[71,71,71,71,71,71,71,71,71,71,71,71,71,71,71,71,71,71,71,71,71,71],"card_choices":[{"not_picked":["Rebound","Hologram"],"picked":"Sunder","floor":1.0},{"not_picked":["Darkness","Chaos"],"picked":"Defragment","floor":5.0},{"not_picked":["Streamline","Coolheaded"],"picked":"Self Repair","floor":7.0},{"not_picked":["Chaos","Redo","Streamline"],"picked":"Seek","floor":14},{"not_picked":["Multi-Cast","Biased Cognition","Machine Learning"],"picked":"Core Surge","floor":16},{"not_picked":["Turbo","Go for the Eyes","Stack"],"picked":"Leap","floor":18},{"not_picked":["Hologram","Redo","Rebound"],"picked":"FTL","floor":19}],"player_experience":5355005,"relics_obtained":[{"floor":7.0,"key":"Bird Faced Urn"},{"floor":9.0,"key":"Question Card"},{"floor":14,"key":"Dream Catcher"}],"event_choices":[{"damage_healed":0.0,"max_hp_gain":0.0,"max_hp_loss":0.0,"gold_gain":0.0,"event_name":"Scrap Ooze","player_choice":"Success","floor":2.0,"gold_loss":0.0,"damage_taken":35.0,"relics_obtained":["Du-Vu Doll"]},{"damage_healed":0.0,"max_hp_gain":0.0,"max_hp_loss":0.0,"gold_gain":150.0,"event_name":"Liars Game","player_choice":"AGREE","floor":3.0,"gold_loss":0.0,"damage_taken":0.0,"cards_obtained":["Doubt"]},{"damage_healed":23.0,"max_hp_gain":0.0,"max_hp_loss":0.0,"gold_gain":0.0,"event_name":"Big Fish","player_choice":"Banana","floor":4.0,"gold_loss":0.0,"damage_taken":0.0},{"damage_healed":0,"gold_gain":0,"player_choice":"Searched \u00270\u0027 times","damage_taken":0,"max_hp_gain":0,"max_hp_loss":0,"event_name":"Dead Adventurer","floor":10,"gold_loss":0},{"cards_removed":["Strike_B"],"damage_healed":0,"gold_gain":0,"player_choice":"Card Removal","damage_taken":7,"max_hp_gain":0,"max_hp_loss":0,"event_name":"Golden Wing","floor":11,"gold_loss":0},{"damage_healed":0,"gold_gain":0,"player_choice":"Trade","damage_taken":0,"relics_obtained":["GremlinMask"],"max_hp_gain":0,"max_hp_loss":0,"event_name":"FaceTrader","floor":13,"gold_loss":0},{"damage_healed":0,"gold_gain":0,"player_choice":"Ignored","damage_taken":0,"max_hp_gain":0,"max_hp_loss":0,"event_name":"Vampires","floor":20,"gold_loss":0}],"is_beta":false,"boss_relics":[{"not_picked":["Coffee Dripper","Sozu"],"picked":"SlaversCollar"}],"items_purged_floors":[],"is_endless":false,"potions_floor_spawned":[1,14,16],"killed_by":"Snake Plant","ascension_level":20}}