{"host":"8t5dkgm85abdp22d","time":1613619284,"event":{"mods":["ATMod(阿瑾Mod)","Act Like it!","BaseMod","Colored Powertips","Conspire","Gensokyo","GungeonMod","Hallownest","Minty Spire (QoL Compilation)","MostiFishMod","Remilia（蕾米莉亚）","RumiaBox-露米娅的神秘盒子","Ryuuou龙王","StSLib","The Bug Knight","UnlockEverythingMod","Waifu the Spire","Yakumo Yukari mod"],"gold_per_floor":[109,109,121,121,46,89,89,120,120,139,175,225,225,244,244,340,340,354,375,395,395,195,195,195,236,236,251,282,116,200,244,244,365,365,514,608,654,742,742,901,1050,1113,1113,1169,1169,1169,1169,1237,1237,1262,1262,1262],"floor_reached":51,"language":"ZHS","playtime":1545,"items_purged":["conspire:GhostlyDefend","conspire:GhostlyStrike","AT_OneInchPunch","ConjureBlade","Pride"],"score":2186,"play_id":"18b61454-4f68-4383-91d1-02de00002d19","local_time":"20210218113444","is_ascension_mode":true,"campfire_choices":[{"data":"Eruption","floor":7.0,"key":"SMITH"},{"data":"Ragnarok","floor":13.0,"key":"SMITH"},{"data":"MostiFishMod:PathToVictory","floor":15.0,"key":"SMITH"},{"data":"LessonLearned","floor":23,"key":"SMITH"},{"data":"DeusExMachina","floor":32,"key":"SMITH"},{"data":"Prostrate","floor":49,"key":"SMITH"}],"circlet_count":0,"master_deck":["AscendersBane","conspire:GhostlyStrike","conspire:GhostlyStrike","conspire:GhostlyStrike","conspire:GhostlyDefend+1","conspire:GhostlyDefend","conspire:GhostlyDefend","Eruption+1","Vigilance+1","MostiFishMod:PathToVictory+1","Fasting2+1","FollowUp","Ragnarok+1","MostiFishMod:LegendTransform+1","DeusExMachina+1","LessonLearned+1","conspire:Banana+1","TalkToTheHand+1","Wallop","InnerPeace+1","Evaluate+1","MostiFishMod:DustFall+1","Prostrate+1","MostiFishMod:PathToVictory+1","MostiFishMod:StoryBook","Secret Technique"],"relics":["PureWater","AT_ATBox","DaveBox","FeatherPendant","SynthV:TestCard","Golden Idol","CombinedTypeHook","MagicDraw4","PlanX","Kunai","Runic Dome","GreatHeart","HollowDreamFlower","StoneCalendar","DiscerningMonocle","AT_MibuBalloonWealth","AT_SeraphEmbrace","Sundial","Philosopher\u0027s Stone","Juzu Bracelet","Anchor","Regal Pillow","AT_ChloranthyRing","Singing Bowl","Frozen Eye","Ancient Tea Set","DemoMod:MonsterBlood","AT_EbonyIvory","Technique","conspire:TopHat"],"acts_visited":["Exordium","TheCity","TheBeyond"],"potions_floor_usage":[33,42,51],"damage_taken":[{"damage":16.0,"enemies":"2 Louse","floor":1.0,"turns":3.0},{"damage":1.0,"enemies":"Jaw Worm","floor":3.0,"turns":3.0},{"damage":0.0,"enemies":"3 Sentries","floor":6.0,"turns":3.0},{"damage":0.0,"enemies":"Lagavulin","floor":8.0,"turns":2.0},{"damage":0.0,"enemies":"Cultist","floor":10.0,"turns":2.0},{"damage":0.0,"enemies":"Gremlin Nob","floor":11.0,"turns":2.0},{"damage":0.0,"enemies":"2 Fungi Beasts","floor":14.0,"turns":2.0},{"damage":13.0,"enemies":"The Guardian","floor":16.0,"turns":5.0},{"damage":0.0,"enemies":"Spheric Guardian","floor":18.0,"turns":1.0},{"damage":0.0,"enemies":"Shell Parasite","floor":19.0,"turns":1.0},{"damage":0.0,"enemies":"Chosen and Byrds","floor":20.0,"turns":2.0},{"damage":1,"enemies":"Book of Stabbing","floor":25,"turns":2},{"damage":0,"enemies":"Centurion and Healer","floor":27,"turns":3},{"damage":0,"enemies":"Slavers","floor":28,"turns":2},{"damage":21,"enemies":"Gremlin Leader","floor":30,"turns":4},{"damage":0,"enemies":"Snecko","floor":31,"turns":1},{"damage":0,"enemies":"Champ","floor":33,"turns":4},{"damage":0,"enemies":"3 Darklings","floor":35,"turns":1},{"damage":34,"enemies":"3 Shapes","floor":36,"turns":2},{"damage":0,"enemies":"Spire Growth","floor":37,"turns":2},{"damage":0,"enemies":"Jaw Worm Horde","floor":38,"turns":2},{"damage":23,"enemies":"Reptomancer","floor":40,"turns":3},{"damage":0,"enemies":"3 Darklings","floor":41,"turns":2},{"damage":0,"enemies":"Nemesis","floor":42,"turns":3},{"damage":0,"enemies":"Giant Head","floor":44,"turns":3},{"damage":92,"enemies":"Nemesis","floor":48,"turns":3},{"damage":15,"enemies":"Time Eater","floor":50,"turns":4},{"damage":25,"enemies":"conspire:OrnateMirror","floor":51,"turns":1}],"seed_played":"-5945082860605759849","potions_obtained":[{"floor":1.0,"key":"CultistPotion"},{"floor":8.0,"key":"FearPotion"},{"floor":33,"key":"DistilledChaos"},{"floor":41,"key":"LiquidMemories"},{"floor":48,"key":"BlessingOfTheForge"}],"is_trial":false,"path_per_floor":["M","?","M","?","$","E","R","E","T","M","E","?","R","M","R","B",null,"M","M","M","?","$","R","?","E","T","M","E","$","E","M","R","B",null,"M","M","M","M","?","E","M","E","T","E","?","$","$","E","R","B","B"],"character_chosen":"WATCHER","items_purchased":["conspire:Banana","DiscerningMonocle","AT_MibuBalloonWealth","AT_ArchangelStaff","Singing Bowl","Frozen Eye","Ancient Tea Set","MostiFishMod:StoryBook","SkillPotion","DemoMod:MonsterBlood","AT_EbonyIvory","Technique","Secret Technique","FairyPotion"],"campfire_rested":0,"item_purchase_floors":[22,29,29,29,46,46,46,46,46,47,47,47,47,47],"current_hp_per_floor":[45,45,44,21,21,21,21,21,21,23,25,25,25,27,27,14,55,55,55,55,55,55,55,55,56,56,64,70,70,51,57,57,65,72,74,40,46,54,54,39,47,55,55,65,65,65,72,28,28,21,0,0],"gold":1262,"neow_bonus":"ONE_RANDOM_RARE_CARD","is_daily":false,"chose_seed":false,"campfire_upgraded":6,"win_rate":0.0,"timestamp":1613619284,"path_taken":["M","?","M","?","$","E","R","E","T","M","E","?","R","M","R","BOSS","M","M","?","?","$","R","?","E","T","M","E","$","E","M","R","BOSS","M","M","M","M","?","E","M","E","T","E","?","?","$","E","R","BOSS","BOSS"],"items_purchased_type":["Card","Relic","Relic","Relic","Relic","Relic","Relic","Card","Potion","Relic","Relic","Relic","Card","Potion"],"build_version":"2020-12-22","purchased_purges":5,"victory":false,"max_hp_per_floor":[68,68,68,68,68,68,68,68,68,68,68,68,68,68,68,68,68,68,68,68,68,68,68,68,68,68,70,70,70,72,72,72,74,74,74,74,74,74,74,76,76,78,78,80,80,80,87,89,89,93,93,93],"card_choices":[{"not_picked":["Consecrate","Adaptation"],"picked":"MostiFishMod:PathToVictory","floor":1.0},{"not_picked":["EmptyMind","Prostrate","Meditate","Protect"],"picked":"Fasting2","floor":3.0},{"not_picked":["EmptyMind","CrushJoints","InnerPeace","FlurryOfBlows","Protect"],"picked":"SKIP","floor":6.0},{"not_picked":["JustLucky","Halt","BowlingBash","AT_IrregularMenstruation","Perseverance"],"picked":"SKIP","floor":8.0},{"not_picked":["Protect","ClearTheMind","Meditate","MostiFishMod:Speedup"],"picked":"FollowUp","floor":10.0},{"not_picked":["TalkToTheHand","LessonLearned","Crescendo","AT_RealFormLess"],"picked":"Ragnarok","floor":11.0},{"not_picked":["Wireheading","ThirdEye","Crescendo","Consecrate"],"picked":"MostiFishMod:LegendTransform","floor":14.0},{"not_picked":["MostiFishMod:DisColor","MostiFishMod:Minus","Ragnarok","MostiFishMod:StarOceanP"],"picked":"DeusExMachina","floor":16.0},{"not_picked":["CarveReality","Halt","SignatureMove","JustLucky","ClearTheMind"],"picked":"SKIP","floor":18.0},{"not_picked":["CrushJoints","Indignation","FlyingSleeves","BowlingBash"],"picked":"LessonLearned","floor":19.0},{"not_picked":["MostiFishMod:ScryFuture","Wireheading+1","Meditate","Prostrate","Evaluate"],"picked":"SKIP","floor":20.0},{"not_picked":["WindmillStrike","Crescendo","MostiFishMod:LegendTransform","MostiFishMod:Disappear","CrushJoints"],"picked":"SKIP","floor":25},{"not_picked":["AT_SoftenMuscles","ReachHeaven","SandsOfTime+1","Prostrate"],"picked":"TalkToTheHand","floor":27},{"not_picked":["EmptyFist","Protect","Study","Evaluate+1"],"picked":"Wallop","floor":28},{"not_picked":["Meditate+1","ClearTheMind+1","Ragnarok","SashWhip","Worship+1"],"picked":"SKIP","floor":30},{"not_picked":["BowlingBash","FollowUp","AT_OneInchPunch","JustLucky"],"picked":"InnerPeace","floor":31},{"not_picked":["AT_ChampionStep","Crescendo","Vengeance","ThirdEye","CrushJoints"],"picked":"SKIP","floor":35},{"not_picked":["Protect","ClearTheMind","BowlingBash","Wish","Halt"],"picked":"SKIP","floor":36},{"not_picked":["EmptyMind","JustLucky+1","PathToVictory+1","AT_SoftenMuscles+1"],"picked":"Evaluate+1","floor":37},{"not_picked":["MostiFishMod:ScryFuture","Nirvana","SashWhip+1","WreathOfFlame"],"picked":"MostiFishMod:DustFall","floor":38},{"not_picked":["EmptyBody","MostiFishMod:Dust","SashWhip","Meditate","WreathOfFlame"],"picked":"SKIP","floor":40},{"not_picked":["Meditate+1","FlurryOfBlows","PathToVictory","JustLucky+1","ThirdEye"],"picked":"SKIP","floor":41},{"not_picked":["ConjureBlade","Ragnarok","ReachHeaven","Nirvana"],"picked":"Prostrate","floor":42},{"not_picked":["Evaluate","Weave","BowlingBash","PathToVictory+1","SashWhip"],"picked":"SKIP","floor":44},{"not_picked":["BowlingBash","Vengeance","Wallop","InnerPeace","Prostrate+1"],"picked":"Singing Bowl","floor":48}],"player_experience":94291,"relics_obtained":[{"floor":1.0,"key":"SynthV:TestCard"},{"floor":6.0,"key":"CombinedTypeHook"},{"floor":8.0,"key":"MagicDraw4"},{"floor":9.0,"key":"PlanX"},{"floor":11.0,"key":"Kunai"},{"floor":25,"key":"HollowDreamFlower"},{"floor":28,"key":"StoneCalendar"},{"floor":30,"key":"Sundial"},{"floor":40,"key":"Juzu Bracelet"},{"floor":42,"key":"Anchor"},{"floor":43,"key":"Regal Pillow"},{"floor":44,"key":"AT_ChloranthyRing"},{"floor":48,"key":"conspire:TopHat"}],"event_choices":[{"damage_healed":0.0,"max_hp_gain":0.0,"max_hp_loss":0.0,"gold_gain":0.0,"event_name":"conspire:LoneGhost","player_choice":"Agree","floor":2.0,"gold_loss":0.0,"damage_taken":0.0},{"damage_healed":0.0,"max_hp_gain":0.0,"max_hp_loss":0.0,"gold_gain":0.0,"event_name":"Golden Idol","player_choice":"Take Damage","floor":4.0,"gold_loss":0.0,"damage_taken":23.0,"relics_obtained":["Golden Idol"]},{"damage_healed":0.0,"max_hp_gain":0.0,"max_hp_loss":0.0,"gold_gain":50.0,"event_name":"Golden Shrine","player_choice":"Pray","floor":12.0,"gold_loss":0.0,"damage_taken":0.0},{"damage_healed":0.0,"max_hp_gain":0.0,"max_hp_loss":0.0,"gold_gain":0.0,"event_name":"The Mausoleum","player_choice":"Ignored","floor":21.0,"gold_loss":0.0,"damage_taken":0.0},{"damage_healed":0,"gold_gain":0,"player_choice":"Ignored","damage_taken":0,"max_hp_gain":0,"max_hp_loss":0,"event_name":"SecretPortal","floor":39,"gold_loss":0},{"damage_healed":0,"gold_gain":0,"player_choice":"Copied","damage_taken":0,"max_hp_gain":0,"max_hp_loss":0,"event_name":"Duplicator","floor":45,"gold_loss":0,"cards_obtained":["MostiFishMod:PathToVictory"]}],"is_beta":false,"boss_relics":[{"not_picked":["Tiny House","Runic Pyramid"],"picked":"Runic Dome"},{"not_picked":["conspire:SpecialSausage","conspire:RoyalGoblet"],"picked":"Philosopher\u0027s Stone"}],"items_purged_floors":[5,22,29,46,47],"is_endless":false,"potions_floor_spawned":[1,8,11,16,18,31,33,36,37,38,41,48],"killed_by":"conspire:OrnateMirror","ascension_level":20}}