{"host":"1ycuxm9gov0tl9zf","time":1613609541,"event":{"mods":["Act Like it!","BaseMod","Colored Powertips","Downfall","Gensokyo","GifTheSpireLib","Hallownest","Marisa£®ÏF”Í°°ƒß¿Ì…≥£©","Minty Spire (QoL Compilation)","Remilia£®¿Ÿ√◊¿Ú—«£©","Replay The Spire","Shop Mod","StSLib","The Administrix","The Animator","The Bug Knight"],"gold_per_floor":[112,112,122,132,132,161,161,186,211,231,406,72,103,113,113,211,211,124,139,139,281,70,85,85],"floor_reached":23,"language":"ZHS","playtime":2603,"items_purged":["Doubt","Spreading Infection"],"score":209,"play_id":"ea521178-dac9-404e-ab4d-4214eca71ab3","local_time":"20210218085221","is_ascension_mode":false,"campfire_choices":[{"data":"ReplayTheSpireMod:Speed Training","floor":7,"key":"SMITH"},{"floor":15,"key":"REST"}],"circlet_count":0,"master_deck":["Strike_G","Strike_G","Strike_G","Strike_G","Defend_G","Defend_G","Defend_G","Defend_G","Defend_G","Survivor","Neutralize","Dodge and Roll","Flying Knee","ReplayTheSpireMod:Speed Training+1","Sucker Punch","Outmaneuver","Hidden Blade","Flying Knee","Backflip","Unload","Gensokyo:AllTheWorldsEvil","Doubt","ReplayTheSpireMod:Scrap Shanks","Quick Slash+1","Dodge and Roll+1","Sucker Punch","Backflip","Replay:Hysterical Blindness"],"relics":["Ring of the Snake","Orichalcum","Centennial Puzzle","MealTicket","Happy Flower","Bag of Marbles","Matryoshka","Oddly Smooth Stone","Replay:Ancient Bell","ReplayTheSpireMod:TigerMarble","ReplayTheSpireMod:Shallot","Byrd Skull","ReplayTheSpireMod:Ring of Challenge","Ring of Panic","ReplayTheSpireMod:CursedCoin","Toxic Egg 2"],"acts_visited":["Exordium","TheCity"],"potions_floor_usage":[6,13,19,23],"damage_taken":[{"damage":1,"enemies":"Jaw Worm","floor":1,"turns":5},{"damage":0,"enemies":"2 Louse","floor":3,"turns":3},{"damage":0,"enemies":"Small Slimes","floor":4,"turns":3},{"damage":13,"enemies":"Lagavulin","floor":6,"turns":11},{"damage":30,"enemies":"3 Sentries","floor":8,"turns":13},{"damage":0,"enemies":"Looter","floor":10,"turns":5},{"damage":31,"enemies":"Lagavulin","floor":13,"turns":12},{"damage":0,"enemies":"Blue Slaver","floor":14,"turns":3},{"damage":16,"enemies":"The Guardian","floor":16,"turns":20},{"damage":8,"enemies":"3 Byrds","floor":18,"turns":7},{"damage":10,"enemies":"Spheric Guardian","floor":19,"turns":8},{"damage":67,"enemies":"Gremlin Leader","floor":23,"turns":7}],"seed_played":"5800549720867617697","potions_obtained":[{"floor":4,"key":"Fire Potion"},{"floor":6,"key":"Elixir"},{"floor":10,"key":"Weak Potion"},{"floor":16,"key":"CultistPotion"},{"floor":19,"key":"PowerPotion"},{"floor":21,"key":"SmokeBomb"},{"floor":21,"key":"CultistPotion"}],"is_trial":false,"path_per_floor":["M","?","M","M","?","E","R","E","T","M","?","$","E","M","R","B",null,"M","M","?","?","$","E"],"character_chosen":"THE_SILENT","items_purchased":["Matryoshka","ReplayTheSpireMod:CursedCoin","Toxic Egg 2"],"campfire_rested":1,"item_purchase_floors":[12,22,22],"current_hp_per_floor":[69,66,66,66,66,53,53,23,23,23,23,38,7,7,28,12,70,62,52,52,52,67,0,0],"gold":85,"neow_bonus":"RANDOM_COMMON_RELIC","is_daily":false,"chose_seed":false,"campfire_upgraded":1,"win_rate":0.0,"timestamp":1613609541,"path_taken":["M","?","M","M","?","E","R","E","T","M","?","$","E","?","R","BOSS","M","M","?","?","$","E"],"items_purchased_type":["Relic","Relic","Relic"],"build_version":"2020-12-22","purchased_purges":2,"victory":false,"max_hp_per_floor":[70,70,70,70,70,70,70,70,70,70,70,70,70,70,70,70,70,70,70,70,70,70,70,70],"card_choices":[{"not_picked":["Expertise","Deflect"],"picked":"Dodge and Roll","floor":1},{"not_picked":["Poisoned Stab","Outmaneuver"],"picked":"Flying Knee","floor":3},{"not_picked":["All Out Attack","Slice"],"picked":"ReplayTheSpireMod:Speed Training","floor":4},{"not_picked":["Poisoned Stab","Deflect"],"picked":"Sucker Punch","floor":6},{"not_picked":["Flechettes","Doppelganger"],"picked":"Outmaneuver","floor":8},{"not_picked":["Poisoned Stab","All Out Attack"],"picked":"Hidden Blade","floor":10},{"not_picked":["Sucker Punch","Heel Hook"],"picked":"Flying Knee","floor":13},{"not_picked":["Deflect","Draining Mist"],"picked":"Backflip","floor":14},{"not_picked":["Phantasmal Killer","ReplayTheSpireMod:From All Sides"],"picked":"Unload","floor":16},{"not_picked":["ReplayTheSpireMod:Doomed","Writhe"],"picked":"Gensokyo:AllTheWorldsEvil","floor":17},{"not_picked":["Parasite","Amnesia"],"picked":"Doubt","floor":17},{"not_picked":["Spreading Infection","Normality"],"picked":"ReplayTheSpireMod:IOU","floor":17},{"not_picked":["Reflex","Flying Knee"],"picked":"ReplayTheSpireMod:Scrap Shanks","floor":18},{"not_picked":["Deflect","Dodge and Roll"],"picked":"Quick Slash+1","floor":19},{"not_picked":["Poisoned Stab","Calculated Gamble"],"picked":"Dodge and Roll+1","floor":21},{"not_picked":["Distraction","PiercingWail+1"],"picked":"Sucker Punch","floor":21},{"not_picked":["Dagger Throw","Quick Slash"],"picked":"Backflip","floor":21}],"player_experience":5699,"relics_obtained":[{"floor":6,"key":"MealTicket"},{"floor":8,"key":"Happy Flower"},{"floor":9,"key":"Bag of Marbles"},{"floor":13,"key":"Oddly Smooth Stone"},{"floor":20,"key":"ReplayTheSpireMod:Ring of Challenge"},{"floor":20,"key":"Ring of Panic"}],"event_choices":[{"damage_healed":0,"gold_gain":0,"player_choice":"Success","damage_taken":3,"relics_obtained":["Centennial Puzzle"],"max_hp_gain":0,"max_hp_loss":0,"event_name":"Scrap Ooze","floor":2,"gold_loss":0},{"damage_healed":0,"gold_gain":175,"player_choice":"AGREE","damage_taken":0,"max_hp_gain":0,"max_hp_loss":0,"event_name":"Liars Game","floor":11,"gold_loss":0,"cards_obtained":["Doubt"]}],"is_beta":false,"boss_relics":[{"not_picked":["Replay:Drink Me","Philosopher\u0027s Stone"],"picked":"Replay:Ancient Bell"},{"not_picked":["ReplayTheSpireMod:Lightbulb","Simple Rune"],"picked":"ReplayTheSpireMod:TigerMarble"},{"not_picked":["ReplayTheSpireMod:Ninjato","HollowMod:LifeEnderRelic"],"picked":"ReplayTheSpireMod:Shallot"},{"not_picked":["Tough Bandages","WingedGreaves"],"picked":"Byrd Skull"}],"items_purged_floors":[12,22],"is_endless":false,"potions_floor_spawned":[4,6,10,16,19],"killed_by":"Gremlin Leader","ascension_level":0}}