{"host":"pj05r22d3fegil3v","time":1613690650,"event":{"mods":["BaseMod","Better Altar","Better Match","Better Note","Better Sensory Stone","Better Skull","Better Third Choice","BetterRewards","Card Filter","Colored Powertips","Curses Come First","Custom Start","DeckTracker","Displayed Cursed Tome","Evolution","Minty Spire (QoL Compilation)","Quick Restart","Rare Cards Sparkle","Relic Filter Mod","Smile Girya","StSLib","Weighted Paths","everything is the same but u backflip on backflip","slay the spire mod where everything is the same but ironclad has a cowboy hat"],"gold_per_floor":[113,113,113,129,129,157,157,191,191,191,226,226,246,263,263,363,363,380,380,398,50,101,129,129,158,158,191,205,185,202,52,52,153,153,168,187,187,202,213,241,256,282,282,295,312,1,1,14,14,14,14,14,14,45,45],"floor_reached":56,"language":"ENG","playtime":2204,"items_purged":["Sword Boomerang","Bash","Armaments","Mayhem"],"score":1701,"play_id":"3712b9ec-591d-4468-9ef5-ce06733771dd","local_time":"20210218182410","is_ascension_mode":true,"campfire_choices":[{"data":"Armaments","floor":7.0,"key":"SMITH"},{"data":"Battle Trance","floor":10.0,"key":"SMITH"},{"data":"Armaments","floor":12.0,"key":"SMITH"},{"data":"Armaments","floor":15.0,"key":"SMITH"},{"floor":24.0,"key":"RECALL"},{"floor":32.0,"key":"REST"}],"circlet_count":0,"master_deck":["Sword Boomerang","Sword Boomerang","Sword Boomerang","Sword Boomerang","Armaments+1","Armaments+1","Armaments+1","Battle Trance+1","Reaper","Inflame","Inflame","Demon Form","True Grit","Inflame+1","Limit Break+1","Limit Break+1"],"relics":["Burning Blood","EVO:Axolotl","Lantern","Orrery","Pear","Turnip","Mummified Hand","Anchor","Du-Vu Doll","Fusion Hammer","Regal Pillow","Eternal Feather","Ornamental Fan","Pen Nib","Akabeko","Coffee Dripper","Bottled Tornado","Bag of Preparation","The Courier","OrangePellets","Self Forming Clay","Pantograph","War Paint"],"acts_visited":["Exordium","TheCity","TheBeyond","TheEnding"],"potions_floor_usage":[38,50,50,50,55],"damage_taken":[{"damage":0.0,"enemies":"2 Louse","floor":1.0,"turns":2.0},{"damage":1.0,"enemies":"Jaw Worm","floor":4.0,"turns":3.0},{"damage":30.0,"enemies":"3 Sentries","floor":6.0,"turns":7.0},{"damage":36.0,"enemies":"Lagavulin","floor":8.0,"turns":5.0},{"damage":8.0,"enemies":"Gremlin Nob","floor":11.0,"turns":3.0},{"damage":0.0,"enemies":"Small Slimes","floor":13.0,"turns":2.0},{"damage":5.0,"enemies":"Exordium Thugs","floor":14.0,"turns":3.0},{"damage":0.0,"enemies":"Slime Boss","floor":16.0,"turns":3.0},{"damage":0.0,"enemies":"Spheric Guardian","floor":18.0,"turns":2.0},{"damage":0.0,"enemies":"3 Byrds","floor":20.0,"turns":2.0},{"damage":22.0,"enemies":"Gremlin Leader","floor":23.0,"turns":3.0},{"damage":3.0,"enemies":"Slavers","floor":25.0,"turns":4.0},{"damage":8.0,"enemies":"Book of Stabbing","floor":27.0,"turns":3.0},{"damage":0.0,"enemies":"Centurion and Healer","floor":28.0,"turns":2.0},{"damage":0.0,"enemies":"Chosen and Byrds","floor":30.0,"turns":3.0},{"damage":8.0,"enemies":"Collector","floor":33.0,"turns":4.0},{"damage":0.0,"enemies":"3 Darklings","floor":35.0,"turns":2.0},{"damage":0.0,"enemies":"Orb Walker","floor":36.0,"turns":2.0},{"damage":32,"enemies":"Writhing Mass","floor":38,"turns":3},{"damage":7,"enemies":"4 Shapes","floor":39,"turns":3},{"damage":62,"enemies":"Nemesis","floor":40,"turns":5},{"damage":11,"enemies":"Spire Growth","floor":41,"turns":3},{"damage":4,"enemies":"Giant Head","floor":42,"turns":4},{"damage":0,"enemies":"Jaw Worm Horde","floor":44,"turns":2},{"damage":42,"enemies":"4 Shapes","floor":45,"turns":3},{"damage":26,"enemies":"Spire Growth","floor":48,"turns":3},{"damage":19,"enemies":"Awakened One","floor":50,"turns":4},{"damage":27,"enemies":"Shield and Spear","floor":54,"turns":4},{"damage":34,"enemies":"The Heart","floor":55,"turns":5}],"seed_played":"1863710953434730389","potions_obtained":[{"floor":1.0,"key":"SneckoOil"},{"floor":8.0,"key":"Explosive Potion"},{"floor":14.0,"key":"DuplicationPotion"},{"floor":18.0,"key":"SteroidPotion"},{"floor":20.0,"key":"ColorlessPotion"},{"floor":25.0,"key":"BlessingOfTheForge"},{"floor":33.0,"key":"PowerPotion"},{"floor":38,"key":"SteroidPotion"},{"floor":54,"key":"Explosive Potion"}],"is_trial":false,"path_per_floor":["M","?","$","M","?","E","R","E","T","R","E","R","M","M","R","B",null,"M","?","M","$","T","E","R","E","T","E","M","?","M","$","R","B",null,"M","M","?","M","M","E","M","E","T","M","M","$","?","M","R","B",null,"R","$","E","B",null],"character_chosen":"IRONCLAD","items_purchased":["Lantern","Orrery","Pear","Turnip","Mayhem","True Grit","OrangePellets","Self Forming Clay"],"campfire_rested":1,"item_purchase_floors":[0,0,0,0,21,21,46,46],"current_hp_per_floor":[56,56,56,61,96,72,72,42,42,42,40,40,46,55,55,69,96,96,96,96,96,96,80,86,96,96,94,96,96,96,96,96,94,96,96,96,96,70,96,63,64,96,96,96,60,60,60,53,62,83,96,96,96,90,96],"gold":45,"neow_bonus":"","is_daily":false,"chose_seed":false,"campfire_upgraded":4,"win_rate":0.0,"timestamp":1613690650,"path_taken":["M","?","?","M","?","E","R","E","T","R","E","R","M","M","R","BOSS","M","?","M","$","?","E","R","E","T","E","M","?","?","$","R","BOSS","M","M","?","M","?","E","M","E","T","M","M","$","?","?","R","BOSS","R","$","E","BOSS"],"items_purchased_type":["Relic","Relic","Relic","Relic","Card","Card","Relic","Relic"],"build_version":"2020-12-22","purchased_purges":4,"victory":true,"max_hp_per_floor":[96,96,96,96,96,96,96,96,96,96,96,96,96,96,96,96,96,96,96,96,96,96,96,96,96,96,96,96,96,96,96,96,96,96,96,96,96,96,96,96,96,96,96,96,96,96,96,96,96,96,96,96,96,96,96],"card_choices":[{"not_picked":["Thunderclap","Perfected Strike","Body Slam"],"picked":"SKIP","floor":1.0},{"not_picked":["Iron Wave","Dropkick"],"picked":"Battle Trance","floor":4.0},{"not_picked":["Iron Wave","Warcry","Hemokinesis"],"picked":"SKIP","floor":6.0},{"not_picked":["Clothesline","Anger"],"picked":"Reaper","floor":8.0},{"not_picked":["Body Slam","Warcry","Havoc"],"picked":"SKIP","floor":11.0},{"not_picked":["Fire Breathing","True Grit"],"picked":"Inflame","floor":13.0},{"not_picked":["Burning Pact","Twin Strike"],"picked":"Inflame","floor":14.0},{"not_picked":["Double Tap","Juggernaut"],"picked":"Demon Form","floor":16.0},{"not_picked":["Body Slam+1","Sword Boomerang","Battle Trance"],"picked":"SKIP","floor":18.0},{"not_picked":["Cleave","Body Slam","Dark Embrace"],"picked":"SKIP","floor":20.0},{"not_picked":["Thunderclap","Blood for Blood","Armaments"],"picked":"SKIP","floor":23.0},{"not_picked":["Headbutt","Fiend Fire"],"picked":"Inflame+1","floor":25.0},{"not_picked":["Second Wind+1","Clash","Cleave"],"picked":"SKIP","floor":27.0},{"not_picked":["Pummel","Fire Breathing"],"picked":"Shrug It Off+1","floor":28.0},{"not_picked":["Iron Wave","Twin Strike","Brutality"],"picked":"SKIP","floor":30.0},{"not_picked":["Corruption","Feed"],"picked":"Limit Break","floor":33.0},{"not_picked":["Fire Breathing+1","Heavy Blade+1","Clothesline+1"],"picked":"SKIP","floor":35.0},{"not_picked":["Shrug It Off","Clash","Sword Boomerang"],"picked":"SKIP","floor":36.0},{"not_picked":["Second Wind+1","Wild Strike","Impervious"],"picked":"SKIP","floor":38},{"not_picked":["Sword Boomerang+1","Anger","Shrug It Off+1"],"picked":"SKIP","floor":39},{"not_picked":["Dual Wield","Sword Boomerang","Battle Trance"],"picked":"SKIP","floor":40},{"not_picked":["Thunderclap","Shrug It Off+1","Clothesline+1"],"picked":"SKIP","floor":41},{"not_picked":["Clash+1","Sword Boomerang+1"],"picked":"Limit Break","floor":42},{"not_picked":["Fire Breathing","Iron Wave","Havoc"],"picked":"SKIP","floor":44},{"not_picked":["Whirlwind","Spot Weakness+1","Headbutt"],"picked":"SKIP","floor":45},{"not_picked":["Havoc+1","Twin Strike+1","Clash"],"picked":"SKIP","floor":48},{"not_picked":["Sentinel","Flame Barrier+1","Blood for Blood"],"picked":"SKIP","floor":54}],"player_experience":161832,"relics_obtained":[{"floor":6.0,"key":"Mummified Hand"},{"floor":8.0,"key":"Anchor"},{"floor":11.0,"key":"Du-Vu Doll"},{"floor":22.0,"key":"Regal Pillow"},{"floor":23.0,"key":"Eternal Feather"},{"floor":25.0,"key":"Ornamental Fan"},{"floor":26.0,"key":"Pen Nib"},{"floor":27.0,"key":"Akabeko"},{"floor":40,"key":"Bottled Tornado"},{"floor":42,"key":"Bag of Preparation"},{"floor":43,"key":"The Courier"},{"floor":54,"key":"War Paint"}],"event_choices":[{"damage_healed":0.0,"max_hp_gain":0.0,"max_hp_loss":0.0,"gold_gain":0.0,"event_name":"betterThird:BetterSerpent","player_choice":"Ignored","floor":2.0,"gold_loss":0.0,"damage_taken":113.0},{"damage_healed":35.0,"max_hp_gain":0.0,"max_hp_loss":0.0,"gold_gain":0.0,"event_name":"Wheel of Change","player_choice":"Full Heal","floor":5.0,"gold_loss":0.0,"damage_taken":0.0},{"damage_healed":0.0,"max_hp_gain":0.0,"max_hp_loss":0.0,"gold_gain":0.0,"event_name":"betterNote:BetterNote","player_choice":"Ignored","floor":19.0,"gold_loss":0.0,"damage_taken":0.0,"cards_obtained":["Apotheosis"]},{"damage_healed":0.0,"max_hp_gain":0.0,"max_hp_loss":0.0,"gold_gain":0.0,"event_name":"The Woman in Blue","player_choice":"Bought 1 Potion","floor":29.0,"gold_loss":0.0,"damage_taken":0.0},{"damage_healed":0,"gold_gain":0,"player_choice":"Ignored","damage_taken":0,"max_hp_gain":0,"max_hp_loss":0,"event_name":"Purifier","floor":37,"gold_loss":0},{"cards_removed":["Shrug It Off"],"damage_healed":0,"gold_gain":0,"player_choice":"Gave Card","damage_taken":0,"relics_obtained":["Pantograph"],"max_hp_gain":0,"max_hp_loss":0,"event_name":"WeMeetAgain","floor":47,"gold_loss":0}],"is_beta":false,"boss_relics":[{"not_picked":["Runic Dome","Mark of Pain"],"picked":"Fusion Hammer"},{"not_picked":["Runic Cube","Empty Cage"],"picked":"Coffee Dripper"}],"items_purged_floors":[0,0,21,31],"is_endless":false,"potions_floor_spawned":[1,8,14,18,20,25,27,33,38,40,42,44,54],"ascension_level":1}}