{"host":"zdhcon9z6t4xbcdl","time":1613655783,"event":{"mods":["BaseMod","Minty Spire (QoL Compilation)"],"gold_per_floor":[114,114,133,83,34,72,72,72,97,116,135,135,154,173,173,173,173],"floor_reached":16,"language":"ENG","playtime":293,"items_purged":[],"score":102,"play_id":"e1e643c6-853c-4c5b-838f-f6aed017765b","local_time":"20210218134303","daily_mods":["Cursed Run","Uncertain Future","Lethality"],"is_ascension_mode":false,"campfire_choices":[{"data":"Inflame","floor":7.0,"key":"SMITH"},{"floor":12.0,"key":"REST"},{"floor":15.0,"key":"REST"}],"circlet_count":0,"master_deck":["Strike_R","Strike_R","Strike_R","Strike_R","Strike_R","Defend_R","Defend_R","Defend_R+1","Bash+1","Spot Weakness","Injury","Anger","Heavy Blade","Inflame+1","Injury","Heavy Blade+1","Sword Boomerang+1","Inflame"],"relics":["Cursed Key","Darkstone Periapt","Du-Vu Doll","Golden Idol","Molten Egg 2","Smiling Mask"],"acts_visited":["Exordium"],"potions_floor_usage":[],"damage_taken":[{"damage":4.0,"enemies":"Jaw Worm","floor":1.0,"turns":2.0},{"damage":5.0,"enemies":"2 Louse","floor":3.0,"turns":2.0},{"damage":17.0,"enemies":"Gremlin Nob","floor":6.0,"turns":3.0},{"damage":4.0,"enemies":"Cultist","floor":10.0,"turns":3.0},{"damage":13.0,"enemies":"Looter","floor":11.0,"turns":2.0},{"damage":0.0,"enemies":"Blue Slaver","floor":13.0,"turns":1.0},{"damage":9.0,"enemies":"Exordium Wildlife","floor":14.0,"turns":2.0},{"damage":0,"enemies":"The Guardian","floor":16,"turns":1}],"seed_played":"-4060160915487772418","potions_obtained":[{"floor":1.0,"key":"FearPotion"},{"floor":6.0,"key":"Fire Potion"},{"floor":10.0,"key":"Dexterity Potion"},{"floor":14.0,"key":"Fire Potion"}],"is_trial":false,"path_per_floor":["M","?","M","?","$","E","R","?","T","M","M","R","M","M","R","B"],"character_chosen":"IRONCLAD","items_purchased":["Heavy Blade"],"campfire_rested":2,"item_purchase_floors":[5],"current_hp_per_floor":[76,82,77,77,77,60,60,43,49,45,32,59,59,50,77,77,77],"gold":173,"neow_bonus":"","is_daily":true,"chose_seed":false,"campfire_upgraded":1,"win_rate":0.0,"timestamp":1613655783,"path_taken":["M","?","M","?","$","E","R","?","T","M","M","R","M","M","R","BOSS"],"items_purchased_type":["Card"],"build_version":"2020-12-22","purchased_purges":0,"victory":false,"max_hp_per_floor":[80,86,86,86,86,86,86,86,92,92,92,92,92,92,92,92,92],"card_choices":[{"not_picked":["Cleave","Evolve"],"picked":"Spot Weakness","floor":1.0},{"not_picked":["Body Slam","Sentinel"],"picked":"Anger","floor":3.0},{"not_picked":["Entrench","Body Slam+1"],"picked":"Inflame","floor":6.0},{"not_picked":["True Grit","Warcry"],"picked":"Heavy Blade+1","floor":10.0},{"not_picked":["Reckless Charge+1","Clash+1","Sentinel"],"picked":"SKIP","floor":11.0},{"not_picked":["Rupture","Pommel Strike+1"],"picked":"Sword Boomerang+1","floor":13.0},{"not_picked":["Headbutt+1","Hemokinesis+1"],"picked":"Inflame","floor":14.0}],"player_experience":80486,"relics_obtained":[{"floor":6.0,"key":"Molten Egg 2"},{"floor":9.0,"key":"Smiling Mask"}],"event_choices":[{"damage_healed":0.0,"max_hp_gain":0.0,"max_hp_loss":0.0,"gold_gain":0.0,"event_name":"Golden Idol","player_choice":"Take Wound","floor":2.0,"gold_loss":0.0,"damage_taken":0.0,"relics_obtained":["Golden Idol"],"cards_obtained":["Injury"]},{"cards_removed":["Defend_R"],"damage_healed":0.0,"max_hp_gain":0.0,"max_hp_loss":0.0,"gold_gain":0.0,"event_name":"The Cleric","player_choice":"Card Removal","floor":4.0,"gold_loss":50.0,"damage_taken":0.0},{"damage_healed":0.0,"max_hp_gain":0.0,"max_hp_loss":0.0,"gold_gain":0.0,"event_name":"Shining Light","player_choice":"Entered Light","floor":8.0,"gold_loss":0.0,"damage_taken":17.0,"cards_upgraded":["Bash","Defend_R"]}],"is_beta":false,"boss_relics":[],"items_purged_floors":[],"is_endless":false,"potions_floor_spawned":[1,6,10,14],"killed_by":"The Guardian","ascension_level":0}}