{"host":"vlqej45p0v31lhdi","time":1613623535,"event":{"mods":["AchievementEnabler","BaseMod","Bestiary","Colored Powertips","Minty Spire (QoL Compilation)","Relic Stats"],"gold_per_floor":[111,174,13,28,44,69,82,82,82,113,126,7,0,23,23,23,23],"floor_reached":16,"language":"ENG","playtime":40405,"items_purged":[],"score":316,"play_id":"d69c11fc-6b48-401f-8e26-f88c454c011b","local_time":"20210217224535","is_ascension_mode":true,"campfire_choices":[{"data":"Clothesline","floor":8.0,"key":"SMITH"},{"floor":15.0,"key":"REST"}],"circlet_count":0,"master_deck":["AscendersBane","Strike_R","Strike_R","Strike_R","Strike_R","Strike_R","Defend_R","Defend_R","Defend_R","Defend_R","Bash","Wild Strike","Clothesline+1","Shrug It Off","Impervious","Metallicize","Anger"],"relics":["Burning Blood","Boot","OrangePellets","Matryoshka","Singing Bowl","InkBottle","CeramicFish"],"acts_visited":["Exordium"],"potions_floor_usage":[16],"damage_taken":[{"damage":1.0,"enemies":"2 Louse","floor":1.0,"turns":2.0},{"damage":7.0,"enemies":"Jaw Worm","floor":4.0,"turns":3.0},{"damage":3.0,"enemies":"Small Slimes","floor":5.0,"turns":3.0},{"damage":44.0,"enemies":"Gremlin Nob","floor":6.0,"turns":5.0},{"damage":11.0,"enemies":"Red Slaver","floor":7.0,"turns":3.0},{"damage":29.0,"enemies":"Lagavulin","floor":10.0,"turns":7.0},{"damage":2.0,"enemies":"Blue Slaver","floor":11.0,"turns":4.0},{"damage":4.0,"enemies":"3 Louse","floor":14.0,"turns":4.0},{"damage":43,"enemies":"Slime Boss","floor":16,"turns":8}],"seed_played":"-1533458053977968757","potions_obtained":[{"floor":7.0,"key":"Fire Potion"},{"floor":10.0,"key":"AttackPotion"},{"floor":11.0,"key":"FearPotion"}],"is_trial":false,"path_per_floor":["M","?","$","M","M","E","M","R","T","E","M","$","?","M","R","B"],"character_chosen":"IRONCLAD","items_purchased":["OrangePellets","Metallicize","PowerPotion"],"campfire_rested":1,"item_purchase_floors":[3,12,12],"current_hp_per_floor":[73,73,73,72,75,37,32,32,32,11,17,17,17,19,42,0,0],"gold":23,"neow_bonus":"RANDOM_COMMON_RELIC","is_daily":false,"chose_seed":false,"campfire_upgraded":1,"win_rate":0.0,"timestamp":1613623535,"path_taken":["M","?","$","M","M","E","M","R","T","E","M","$","?","M","R","BOSS"],"items_purchased_type":["Relic","Card","Potion"],"build_version":"2020-12-22","purchased_purges":0,"victory":false,"max_hp_per_floor":[75,75,75,75,75,75,75,75,75,77,79,79,79,79,79,79,79],"relic_stats":{"OrangePellets":[0],"Singing Bowl":4,"counters":[9,39],"CeramicFish":18,"Boot":[4],"obtain_stats":[{"OrangePellets":3,"Matryoshka":6,"Singing Bowl":9,"CeramicFish":10,"Boot":0,"Burning Blood":0,"InkBottle":9},{"OrangePellets":1,"Matryoshka":4,"Singing Bowl":5,"CeramicFish":6,"Boot":0,"Burning Blood":0,"InkBottle":5},{"OrangePellets":2,"Matryoshka":13,"Singing Bowl":16,"CeramicFish":23,"Boot":0,"Burning Blood":0,"InkBottle":16}],"Burning Blood":48,"InkBottle":[5]},"card_choices":[{"not_picked":["Perfected Strike","Iron Wave"],"picked":"Wild Strike","floor":1.0},{"not_picked":["Headbutt","Sword Boomerang"],"picked":"Clothesline","floor":4.0},{"not_picked":["Anger","True Grit"],"picked":"Shrug It Off","floor":5.0},{"not_picked":["Clash","Headbutt","Second Wind"],"picked":"SKIP","floor":6.0},{"not_picked":["Iron Wave","Sentinel"],"picked":"Impervious","floor":7.0},{"not_picked":["Wild Strike","Sever Soul","Shrug It Off"],"picked":"Singing Bowl","floor":10.0},{"not_picked":["True Grit","Pommel Strike","Headbutt"],"picked":"Singing Bowl","floor":11.0},{"not_picked":["Perfected Strike","Sword Boomerang"],"picked":"Anger","floor":14.0}],"player_experience":2997774,"relics_obtained":[{"floor":6.0,"key":"Matryoshka"},{"floor":9.0,"key":"Singing Bowl"},{"floor":9.0,"key":"InkBottle"},{"floor":10.0,"key":"CeramicFish"}],"event_choices":[{"damage_healed":0.0,"max_hp_gain":0.0,"max_hp_loss":0.0,"gold_gain":63.0,"event_name":"Golden Wing","player_choice":"Gained Gold","floor":2.0,"gold_loss":0.0,"damage_taken":0.0},{"damage_healed":0.0,"max_hp_gain":0.0,"max_hp_loss":0.0,"gold_gain":0.0,"event_name":"World of Goop","player_choice":"Left Gold","floor":13.0,"gold_loss":7.0,"damage_taken":0.0}],"is_beta":false,"boss_relics":[],"items_purged_floors":[],"is_endless":false,"potions_floor_spawned":[7,10,11],"killed_by":"Slime Boss","ascension_level":19}}