{"host":"67dbklwnaq0pv002","time":1613634547,"event":{"mods":["2.2 Compatiblity","AchievementEnabler","Act Like it!","BaseMod","Colored Map","Colored Powertips","Custom Start","Marisa£¨Ùöéë¡¡Øª×âÞÞ£©","Minty Spire (QoL Compilation)","Quick Restart","StSLib","The Hierophant"],"gold_per_floor":[114,189,189,204,26,26,74,119,145,179,179,179,207,207,207,363,363,411,180,225,225,134,134,150,150,150,150,201,201,201],"floor_reached":29,"language":"KOR","playtime":1257,"items_purged":["Strike_MRS","Strike_MRS"],"score":271,"play_id":"6cae4ac3-c257-467d-b3b3-0a0d50bde8d5","local_time":"20210218164907","is_ascension_mode":false,"campfire_choices":[{"data":"GravityBeat","floor":6,"key":"SMITH"},{"data":"MysteriousBeam","floor":12,"key":"SMITH"},{"data":"WitchOfGreed","floor":15,"key":"SMITH"},{"data":"ManaConvection","floor":23,"key":"SMITH"},{"data":"MysteriousBeam","floor":25,"key":"SMITH"}],"circlet_count":0,"master_deck":["Defend_MRS","Defend_MRS","Defend_MRS","MasterSpark","UpSweep","WitchOfGreed+1","MysteriousBeam+1","GravityBeat+1","GalacticHalo","NonDirectionalLaser","SporeBomb","CasketOfStar","MysteriousBeam+1","ManaConvection+1"],"relics":["MiniHakkero","NeowsBlessing","Membership Card","Pear","Lantern","Smiling Mask","Golden Idol","Empty Cage","Torii","Bottled Tornado"],"acts_visited":["Exordium","TheCity"],"potions_floor_usage":[16,16,18,18,20,24,24,28,28,28,28,29,29,29],"damage_taken":[{"damage":0,"enemies":"2 Louse","floor":1,"turns":1},{"damage":0,"enemies":"Jaw Worm","floor":4,"turns":1},{"damage":0,"enemies":"Gremlin Nob","floor":8,"turns":1},{"damage":8,"enemies":"Small Slimes","floor":10,"turns":3},{"damage":1,"enemies":"Exordium Wildlife","floor":13,"turns":3},{"damage":29,"enemies":"Hexaghost","floor":16,"turns":8},{"damage":5,"enemies":"Chosen","floor":18,"turns":4},{"damage":0,"enemies":"Spheric Guardian","floor":20,"turns":3},{"damage":0,"enemies":"Chosen and Byrds","floor":24,"turns":3},{"damage":18,"enemies":"Cultist and Chosen","floor":28,"turns":5},{"damage":53,"enemies":"Gremlin Leader","floor":29,"turns":4}],"seed_played":"3455471193590199391","potions_obtained":[{"floor":4,"key":"Block Potion"},{"floor":8,"key":"SneckoOil"},{"floor":10,"key":"DistilledChaos"},{"floor":13,"key":"Ancient Potion"},{"floor":16,"key":"Ancient Potion"},{"floor":16,"key":"EssenceOfSteel"},{"floor":18,"key":"SkillPotion"},{"floor":18,"key":"SkillPotion"},{"floor":20,"key":"EntropicBrew"},{"floor":28,"key":"Swift Potion"}],"is_trial":false,"path_per_floor":["M","?","?","M","$","R","T","E","T","M","?","R","M","?","R","B",null,"M","$","M","?","$","R","M","R","T","?","M","E"],"character_chosen":"MARISA","items_purchased":["Membership Card","GravityBeat","Torii","MysteriousBeam","ManaConvection"],"campfire_rested":0,"item_purchase_floors":[5,5,19,19,22],"current_hp_per_floor":[75,64,69,69,69,69,69,79,79,71,59,59,58,36,36,7,90,85,85,85,67,67,67,67,67,67,67,49,0,0],"gold":201,"neow_bonus":"THREE_ENEMY_KILL","is_daily":false,"chose_seed":false,"campfire_upgraded":5,"win_rate":0.0,"timestamp":1613634547,"path_taken":["M","?","?","M","?","R","?","E","T","?","?","R","M","?","R","BOSS","M","$","M","?","$","R","M","R","T","?","?","E"],"items_purchased_type":["Relic","Card","Relic","Card","Card"],"build_version":"2020-12-22","purchased_purges":2,"victory":false,"max_hp_per_floor":[75,75,80,80,80,80,80,90,90,90,90,90,90,90,90,90,90,90,90,90,95,95,95,95,95,95,95,95,95,95],"card_choices":[{"not_picked":["UnstableBomb","MachineGunSpark"],"picked":"WitchOfGreed","floor":1},{"not_picked":["NonDirectionalLaser","SporeBomb"],"picked":"MysteriousBeam","floor":4},{"not_picked":["IllusionStar","ChargeUpSpray"],"picked":"GalacticHalo","floor":8},{"not_picked":["OneTimeOff","MysteriousBeam"],"picked":"NonDirectionalLaser","floor":10},{"not_picked":["GrandCross","ShootTheMoon"],"picked":"SporeBomb","floor":13},{"not_picked":["SuperNova","MaximisePower"],"picked":"CasketOfStar","floor":16},{"not_picked":["EnergyRecoil","WitchLeyline","Robbery"],"picked":"SKIP","floor":18},{"not_picked":["GravityBeat","DC","6A"],"picked":"SKIP","floor":20},{"not_picked":["StarBarrage","SprinkleStarSeal","OrrerysSun"],"picked":"SKIP","floor":24},{"not_picked":["NonDirectionalLaser","DoubleSpark","UnstableBomb"],"picked":"SKIP","floor":28}],"player_experience":651405,"relics_obtained":[{"floor":8,"key":"Pear"},{"floor":9,"key":"Lantern"},{"floor":26,"key":"Bottled Tornado"}],"event_choices":[{"damage_healed":0,"gold_gain":75,"player_choice":"Gather Gold","damage_taken":11,"max_hp_gain":0,"max_hp_loss":0,"event_name":"World of Goop","floor":2,"gold_loss":0},{"damage_healed":0,"gold_gain":0,"player_choice":"Donut","damage_taken":0,"max_hp_gain":5,"max_hp_loss":0,"event_name":"Big Fish","floor":3,"gold_loss":0},{"damage_healed":0,"gold_gain":0,"player_choice":"Success","damage_taken":12,"relics_obtained":["Smiling Mask"],"max_hp_gain":0,"max_hp_loss":0,"event_name":"Scrap Ooze","floor":11,"gold_loss":0},{"damage_healed":0,"gold_gain":0,"player_choice":"Take Damage","damage_taken":22,"relics_obtained":["Golden Idol"],"max_hp_gain":0,"max_hp_loss":0,"event_name":"Golden Idol","floor":14,"gold_loss":0},{"damage_healed":0,"gold_gain":0,"player_choice":"Shed Blood","damage_taken":23,"max_hp_gain":5,"max_hp_loss":0,"event_name":"Forgotten Altar","floor":21,"gold_loss":0},{"cards_removed":["Defend_MRS"],"damage_healed":0,"gold_gain":0,"player_choice":"Purged","damage_taken":0,"max_hp_gain":0,"max_hp_loss":0,"event_name":"Purifier","floor":27,"gold_loss":0}],"is_beta":false,"boss_relics":[{"not_picked":["Philosopher\u0027s Stone","Snecko Eye"],"picked":"Empty Cage"}],"items_purged_floors":[19,22],"is_endless":false,"potions_floor_spawned":[4,16,18,28],"killed_by":"Gremlin Leader","ascension_level":0}}