{"host":"tlbbab9afexrkdtf","time":1613613050,"event":{"mods":["2.2 Compatiblity","AchievementEnabler","BaseMod","Colored Map","Colored Powertips","Minty Spire (QoL Compilation)","Rare Cards Sparkle","StSLib"],"gold_per_floor":[113,113,129,202,202,229,229,261,261,261,274,30,47,58,58,153,153,169,169,268,268,268,295,295,315,315,315,16,30,47,58,58,58,58],"floor_reached":33,"language":"ENG","playtime":959,"items_purged":[],"score":385,"play_id":"9fc54b7e-8e4e-4792-b598-244d97bb5683","local_time":"20210217205050","is_ascension_mode":true,"campfire_choices":[{"floor":7,"key":"REST"},{"floor":10,"key":"REST"},{"floor":15,"key":"REST"},{"floor":24,"key":"REST"},{"floor":32,"key":"REST"}],"circlet_count":0,"master_deck":["Defend_B+1","Defend_B+1","Defend_B+1","Zap","Dualcast","Compile Driver","Coolheaded","Streamline","Beam Cell","Ball Lightning","Beam Cell","Redo","Coolheaded","Echo Form","Hello World","Steam Power","Scrape","Rainbow","Double Energy+1","Go for the Eyes+1","Hello World","Gash"],"relics":["Cracked Core","Mercury Hourglass","Eternal Feather","Bottled Flame","Matryoshka","Nuclear Battery","Meat on the Bone","Anchor","Regal Pillow","Tiny Chest","Ginger"],"acts_visited":["Exordium","TheCity"],"potions_floor_usage":[6,16,16,18,30,31,33,33],"damage_taken":[{"damage":2,"enemies":"Jaw Worm","floor":1,"turns":3},{"damage":0,"enemies":"Small Slimes","floor":3,"turns":3},{"damage":37,"enemies":"3 Sentries","floor":6,"turns":8},{"damage":33,"enemies":"Lagavulin","floor":8,"turns":7},{"damage":0,"enemies":"2 Louse","floor":11,"turns":2},{"damage":27,"enemies":"Exordium Wildlife","floor":13,"turns":4},{"damage":7,"enemies":"2 Fungi Beasts","floor":14,"turns":3},{"damage":22,"enemies":"Slime Boss","floor":16,"turns":9},{"damage":5,"enemies":"2 Thieves","floor":18,"turns":4},{"damage":68,"enemies":"Gremlin Leader","floor":23,"turns":6},{"damage":1,"enemies":"Spheric Guardian","floor":25,"turns":3},{"damage":0,"enemies":"Snake Plant","floor":29,"turns":3},{"damage":5,"enemies":"Snecko","floor":30,"turns":5},{"damage":0,"enemies":"Centurion and Healer","floor":31,"turns":5},{"damage":74,"enemies":"Automaton","floor":33,"turns":8}],"seed_played":"-8449271812607487839","potions_obtained":[{"floor":3,"key":"Fire Potion"},{"floor":11,"key":"AttackPotion"},{"floor":14,"key":"Weak Potion"},{"floor":16,"key":"EssenceOfSteel"},{"floor":23,"key":"Energy Potion"},{"floor":29,"key":"SkillPotion"},{"floor":30,"key":"Swift Potion"},{"floor":31,"key":"BlessingOfTheForge"}],"is_trial":false,"path_per_floor":["M","?","M","?","?","E","R","E","T","R","M","$","M","M","R","B",null,"M","?","?","?","?","E","R","M","T","T","$","M","M","M","R","B"],"character_chosen":"DEFECT","items_purchased":["Matryoshka","Ginger"],"campfire_rested":5,"item_purchase_floors":[12,28],"current_hp_per_floor":[66,66,66,66,71,34,55,22,22,49,49,49,22,15,45,23,61,56,56,56,56,73,5,35,46,46,46,46,46,41,41,73,0,0],"gold":58,"neow_bonus":"REMOVE_TWO","is_daily":false,"chose_seed":false,"campfire_upgraded":0,"win_rate":0.0,"timestamp":1613613050,"path_taken":["M","?","M","?","?","E","R","E","T","R","M","$","M","?","R","BOSS","M","?","?","?","?","E","R","M","T","?","$","M","?","M","R","BOSS"],"items_purchased_type":["Relic","Relic"],"build_version":"2020-12-22","purchased_purges":0,"victory":false,"max_hp_per_floor":[68,68,68,68,73,73,73,73,73,73,73,73,73,73,73,73,73,73,73,73,73,73,73,73,73,73,73,73,73,73,73,73,73,73],"card_choices":[{"not_picked":["Hologram","Stack"],"picked":"Compile Driver","floor":1},{"not_picked":["Sunder","Stack"],"picked":"Streamline","floor":3},{"not_picked":["Stack","Barrage"],"picked":"Beam Cell","floor":6},{"not_picked":["Amplify","Sweeping Beam"],"picked":"Ball Lightning","floor":8},{"not_picked":["Skim","Steam"],"picked":"Beam Cell","floor":11},{"not_picked":["Storm","Hologram"],"picked":"Redo","floor":13},{"not_picked":["Beam Cell","Sweeping Beam"],"picked":"Coolheaded","floor":14},{"not_picked":["Seek","Hyperbeam"],"picked":"Echo Form","floor":16},{"not_picked":["Sweeping Beam","Stack"],"picked":"Hello World","floor":18},{"not_picked":["Gash+1","Aggregate"],"picked":"Rainbow","floor":23},{"not_picked":["Gash","Rebound"],"picked":"Double Energy+1","floor":25},{"not_picked":["Redo","Sweeping Beam+1"],"picked":"Go for the Eyes+1","floor":29},{"not_picked":["Barrage","Cold Snap"],"picked":"Hello World","floor":30},{"not_picked":["Beam Cell","Hologram"],"picked":"Gash","floor":31}],"player_experience":329023,"relics_obtained":[{"floor":6,"key":"Mercury Hourglass"},{"floor":8,"key":"Eternal Feather"},{"floor":9,"key":"Bottled Flame"},{"floor":23,"key":"Meat on the Bone"},{"floor":26,"key":"Anchor"},{"floor":26,"key":"Regal Pillow"},{"floor":27,"key":"Tiny Chest"}],"event_choices":[{"damage_healed":0,"gold_gain":0,"cards_transformed":["Strike_B"],"player_choice":"Change","damage_taken":0,"max_hp_gain":0,"max_hp_loss":0,"event_name":"Living Wall","floor":2,"gold_loss":0,"cards_obtained":["Coolheaded"]},{"damage_healed":0,"gold_gain":73,"player_choice":"Gained Gold","damage_taken":0,"max_hp_gain":0,"max_hp_loss":0,"event_name":"Golden Wing","floor":4,"gold_loss":0},{"damage_healed":0,"gold_gain":0,"player_choice":"Donut","damage_taken":0,"max_hp_gain":5,"max_hp_loss":0,"event_name":"Big Fish","floor":5,"gold_loss":0},{"damage_healed":0,"gold_gain":0,"player_choice":"Simplicity","damage_taken":0,"max_hp_gain":0,"max_hp_loss":0,"event_name":"Back to Basics","floor":19,"gold_loss":0,"cards_upgraded":["Strike_B","Defend_B","Defend_B","Defend_B","Defend_B"]},{"damage_healed":0,"gold_gain":99,"player_choice":"Stole From Cult","damage_taken":0,"max_hp_gain":0,"max_hp_loss":0,"event_name":"Nest","floor":20,"gold_loss":0},{"damage_healed":0,"gold_gain":0,"cards_transformed":["Strike_B","Defend_B"],"player_choice":"Became Test Subject","damage_taken":0,"max_hp_gain":0,"max_hp_loss":0,"event_name":"Drug Dealer","floor":21,"gold_loss":0,"cards_obtained":["Steam Power","Scrape"]},{"damage_healed":24,"gold_gain":0,"player_choice":"Heal","damage_taken":0,"max_hp_gain":0,"max_hp_loss":0,"event_name":"The Library","floor":22,"gold_loss":0}],"is_beta":false,"boss_relics":[{"not_picked":["Runic Dome","SacredBark"],"picked":"Nuclear Battery"}],"items_purged_floors":[],"is_endless":false,"potions_floor_spawned":[3,11,14,16,23,29,30,31],"killed_by":"Automaton","ascension_level":8}}