{"host":"1vy6j31128f61x2z","time":1613675710,"event":{"mods":["AchievementEnabler","BaseMod","Colored Powertips","Jorbs\u0027s Wanderer Trilogy","Minty Spire (QoL Compilation)","Permanent Neow","StSLib"],"gold_per_floor":[115,131,131,142,158,185,200,229,229,244,244,257,257,287,287,287,287],"floor_reached":16,"language":"ENG","playtime":1322,"items_purged":[],"score":155,"play_id":"8d528185-388b-4367-a3c3-e062dbf88e84","local_time":"20210218141510","is_ascension_mode":true,"campfire_choices":[{"data":"Wild Strike","floor":11,"key":"SMITH"},{"data":"Hemokinesis","floor":13,"key":"SMITH"},{"data":"Power Through","floor":15,"key":"SMITH"}],"circlet_count":0,"master_deck":["Strike_R","Strike_R","Strike_R","Strike_R","Defend_R","Defend_R","Defend_R","Defend_R","Bash","Power Through+1","Evolve","Sword Boomerang","Seeing Red","Wild Strike+1","Flame Barrier","Intimidate","Body Slam","Hemokinesis+1","Spot Weakness","Heavy Blade"],"relics":["Burning Blood","Prayer Wheel","Anchor","Potion Belt","Mango","Thread and Needle"],"acts_visited":["Exordium"],"potions_floor_usage":[6],"damage_taken":[{"damage":3.0,"enemies":"Jaw Worm","floor":1.0,"turns":5.0},{"damage":1.0,"enemies":"Cultist","floor":2.0,"turns":4.0},{"damage":0.0,"enemies":"Small Slimes","floor":4.0,"turns":4.0},{"damage":10,"enemies":"3 Louse","floor":5,"turns":5},{"damage":50,"enemies":"Lagavulin","floor":6,"turns":10},{"damage":4,"enemies":"2 Fungi Beasts","floor":7,"turns":4},{"damage":34,"enemies":"Gremlin Nob","floor":8,"turns":5},{"damage":23,"enemies":"Exordium Wildlife","floor":10,"turns":5},{"damage":0,"enemies":"3 Louse","floor":12,"turns":2},{"damage":17,"enemies":"3 Sentries","floor":14,"turns":5},{"damage":22,"enemies":"The Guardian","floor":16,"turns":8}],"seed_played":"-3236842063287346739","potions_obtained":[{"floor":2.0,"key":"SkillPotion"},{"floor":5,"key":"LiquidBronze"},{"floor":6,"key":"Energy Potion"},{"floor":7,"key":"FairyPotion"}],"is_trial":false,"path_per_floor":["M","M","?","M","M","E","M","E","T","M","R","M","R","E","R","B"],"character_chosen":"IRONCLAD","items_purchased":[],"campfire_rested":0,"item_purchase_floors":[],"current_hp_per_floor":[59,64,64,70,66,22,24,30,44,27,27,33,33,22,22,0,0],"gold":287,"neow_bonus":"ONE_RARE_RELIC","is_daily":false,"chose_seed":false,"campfire_upgraded":3,"win_rate":0.0,"timestamp":1613675710,"path_taken":["M","M","?","M","M","E","M","E","T","M","R","?","R","E","R","BOSS"],"items_purchased_type":[],"build_version":"2020-12-22","purchased_purges":0,"victory":false,"max_hp_per_floor":[80,80,80,80,80,80,80,80,94,94,94,94,94,94,94,94,94],"card_choices":[{"not_picked":["Cleave","Fire Breathing"],"picked":"Power Through","floor":1.0},{"not_picked":["Body Slam","Dark Embrace"],"picked":"Evolve","floor":1.0},{"not_picked":["Thunderclap","Clothesline"],"picked":"Sword Boomerang","floor":2.0},{"not_picked":["Warcry","Rupture","Twin Strike"],"picked":"SKIP","floor":2.0},{"not_picked":["Clash","Feel No Pain"],"picked":"Seeing Red","floor":4.0},{"not_picked":["Iron Wave","Perfected Strike","Sever Soul"],"picked":"SKIP","floor":4.0},{"not_picked":["Iron Wave","Perfected Strike","Sever Soul"],"picked":"SKIP","floor":4.0},{"not_picked":["Thunderclap","Pommel Strike"],"picked":"Wild Strike","floor":5},{"not_picked":["Pummel","Feel No Pain","True Grit"],"picked":"SKIP","floor":5},{"not_picked":["Sever Soul","Bloodletting"],"picked":"Flame Barrier","floor":6},{"not_picked":["Sentinel","Seeing Red"],"picked":"Intimidate","floor":7},{"not_picked":["Perfected Strike","True Grit"],"picked":"Body Slam","floor":7},{"not_picked":["Infernal Blade","Limit Break","Carnage"],"picked":"SKIP","floor":8},{"not_picked":["Thunderclap","Clash"],"picked":"Hemokinesis","floor":10},{"not_picked":["Rampage","Flex","Anger"],"picked":"SKIP","floor":10},{"not_picked":["Sword Boomerang","Twin Strike"],"picked":"Spot Weakness","floor":12},{"not_picked":["Body Slam","Juggernaut","Seeing Red"],"picked":"SKIP","floor":12},{"not_picked":["Wild Strike","Rupture"],"picked":"Heavy Blade","floor":14}],"player_experience":91661,"relics_obtained":[{"floor":6,"key":"Anchor"},{"floor":8,"key":"Potion Belt"},{"floor":9,"key":"Mango"},{"floor":14,"key":"Thread and Needle"}],"event_choices":[{"cards_removed":["Strike_R"],"damage_healed":0.0,"max_hp_gain":0.0,"max_hp_loss":0.0,"gold_gain":0.0,"event_name":"Purifier","player_choice":"Purged","floor":3.0,"gold_loss":0.0,"damage_taken":0.0}],"is_beta":false,"boss_relics":[],"items_purged_floors":[],"is_endless":false,"potions_floor_spawned":[2,5,6,7],"killed_by":"The Guardian","ascension_level":5}}