{"host":"ty2cix8xj6r3ad26","time":1613673312,"event":{"mods":["AchievementEnabler","BaseMod","BetterRewards","Minty Spire (QoL Compilation)","Quick Restart","StSLib","SuperFastMode"],"gold_per_floor":[118,118,118,118,135,135,160,172,172,184,184,195,209,209,209,310,310,330,330,255,109,124,124,72,72,144,173,173,173,173,185,185,283,283,294,307,307,327,250,284,284,284,310,335,335,348,364,364,364,364],"floor_reached":51,"language":"ENG","playtime":895,"items_purged":["Defend_R","Defend_R","Strike_R","Defend_R","Strike_R","Strike_R"],"score":1098,"play_id":"e757a782-15c4-40fd-85b8-a55c96e40291","local_time":"20210218203512","is_ascension_mode":false,"campfire_choices":[{"data":"Thunderclap","floor":6,"key":"SMITH"},{"data":"Whirlwind","floor":11,"key":"SMITH"},{"data":"Inflame","floor":15,"key":"SMITH"},{"data":"Bash","floor":23,"key":"SMITH"},{"data":"Armaments","floor":28,"key":"SMITH"},{"data":"Pommel Strike","floor":30,"key":"SMITH"},{"data":"Searing Blow","floor":32,"key":"SMITH"},{"data":"Searing Blow+1","floor":42,"key":"SMITH"},{"data":"Searing Blow+2","floor":45,"key":"SMITH"},{"data":"Searing Blow+3","floor":49,"key":"SMITH"}],"circlet_count":0,"master_deck":["Strike_R+1","Bash+1","Inflame+1","Searing Blow+4","Armaments+1","Clash","Shrug It Off+1","Pommel Strike+1","Flex+1","Metallicize","Thunderclap+1","Impervious+1","Rage+1","Whirlwind+1","Havoc+1","Demon Form+1","Corruption+1","Flame Barrier+1"],"relics":["Burning Blood","Juzu Bracelet","Lee\u0027s Waffle","Blood Vial","Toxic Egg 2","War Paint","Red Skull","Sling","HandDrill","Lantern","Ancient Tea Set","Frozen Egg 2","HornCleat","Oddly Smooth Stone","Busted Crown","MutagenicStrength","Bag of Marbles","Molten Egg 2","Mercury Hourglass","Coffee Dripper","Art of War","TungstenRod"],"acts_visited":["Exordium","TheCity","TheBeyond"],"potions_floor_usage":[40,40],"damage_taken":[{"damage":0,"enemies":"Jaw Worm","floor":1,"turns":1},{"damage":0,"enemies":"2 Louse","floor":5,"turns":1},{"damage":10,"enemies":"Lagavulin","floor":7,"turns":3},{"damage":0,"enemies":"Cultist","floor":8,"turns":2},{"damage":0,"enemies":"Large Slime","floor":10,"turns":3},{"damage":0,"enemies":"2 Fungi Beasts","floor":12,"turns":1},{"damage":0,"enemies":"Looter","floor":13,"turns":3},{"damage":0,"enemies":"Hexaghost","floor":16,"turns":7},{"damage":3,"enemies":"Shell Parasite","floor":18,"turns":4},{"damage":10,"enemies":"Chosen","floor":22,"turns":4},{"damage":0,"enemies":"Book of Stabbing","floor":27,"turns":3},{"damage":0,"enemies":"Centurion and Healer","floor":31,"turns":3},{"damage":22,"enemies":"Collector","floor":33,"turns":4},{"damage":0,"enemies":"3 Shapes","floor":35,"turns":3},{"damage":0,"enemies":"Orb Walker","floor":36,"turns":1},{"damage":17,"enemies":"Maw","floor":38,"turns":5},{"damage":42,"enemies":"Nemesis","floor":40,"turns":5},{"damage":9,"enemies":"Giant Head","floor":44,"turns":5},{"damage":0,"enemies":"Writhing Mass","floor":46,"turns":3},{"damage":0,"enemies":"Sphere and 2 Shapes","floor":47,"turns":3},{"damage":66,"enemies":"Awakened One","floor":50,"turns":8}],"seed_played":"13754219181433203","potions_obtained":[{"floor":1,"key":"BloodPotion"},{"floor":3,"key":"SneckoOil"},{"floor":3,"key":"GamblersBrew"},{"floor":16,"key":"FairyPotion"},{"floor":44,"key":"Swift Potion"}],"is_trial":false,"path_per_floor":["M","?","?","$","M","R","E","M","T","M","R","M","M","?","R","B",null,"M","?","?","$","M","R","$","?","T","E","R","?","R","M","R","B",null,"M","M","?","M","$","E","?","R","T","E","R","M","M","?","R","B",null],"character_chosen":"IRONCLAD","items_purchased":["Juzu Bracelet","Inflame","Searing Blow","Lee\u0027s Waffle","Blood Vial","Armaments","Clash","Shrug It Off","Toxic Egg 2","War Paint","Pommel Strike","Red Skull","Sling","HandDrill","Lantern","Ancient Tea Set","Flex+1","Metallicize","Bag of Marbles","BlessingOfTheForge","Flame Barrier+1"],"campfire_rested":0,"item_purchase_floors":[0,0,0,0,0,0,0,0,0,0,0,0,0,0,0,0,0,0,21,24,39],"current_hp_per_floor":[87,62,62,62,70,70,68,76,76,84,84,87,87,92,92,92,92,92,92,92,92,88,88,88,88,88,92,92,92,92,92,92,76,92,92,92,87,76,76,59,59,59,59,58,58,66,74,74,74,16],"gold":364,"neow_bonus":"","is_daily":false,"chose_seed":false,"campfire_upgraded":10,"win_rate":0.0,"timestamp":1613673312,"path_taken":["M","?","?","$","M","R","E","M","T","M","R","M","M","?","R","BOSS","M","?","?","$","M","R","$","?","T","E","R","?","R","M","R","BOSS","M","M","?","M","$","E","?","R","T","E","R","M","M","?","R","BOSS"],"items_purchased_type":["Relic","Card","Card","Relic","Relic","Card","Card","Card","Relic","Relic","Card","Relic","Relic","Relic","Relic","Relic","Card","Card","Relic","Potion","Card"],"build_version":"2020-12-22","purchased_purges":6,"victory":true,"max_hp_per_floor":[87,87,87,87,87,87,87,87,87,87,87,87,87,92,92,92,92,92,92,92,92,92,92,92,92,92,92,92,92,92,92,92,92,92,92,92,87,87,87,87,87,87,87,87,87,87,87,87,87,87],"card_choices":[{"not_picked":["Heavy Blade","Wild Strike"],"picked":"Thunderclap","floor":1},{"not_picked":["Dual Wield+1","Fire Breathing+1","Sentinel+1"],"picked":"SKIP","floor":5},{"not_picked":["Wild Strike","Body Slam"],"picked":"Impervious+1","floor":7},{"not_picked":["Warcry+1","Cleave"],"picked":"Rage+1","floor":8},{"not_picked":["Heavy Blade","Seeing Red+1"],"picked":"Whirlwind","floor":10},{"not_picked":["Metallicize+1","Anger","Headbutt"],"picked":"SKIP","floor":12},{"not_picked":["Dual Wield+1","Sword Boomerang"],"picked":"Havoc+1","floor":13},{"not_picked":["Corruption+1","Reaper"],"picked":"Demon Form+1","floor":16},{"not_picked":["Twin Strike"],"picked":"SKIP","floor":18},{"not_picked":["Sword Boomerang"],"picked":"SKIP","floor":22},{"not_picked":["Clothesline+1"],"picked":"SKIP","floor":27},{"not_picked":["Warcry+1"],"picked":"SKIP","floor":31},{"not_picked":[],"picked":"Corruption+1","floor":33},{"not_picked":["Infernal Blade+1"],"picked":"SKIP","floor":35},{"not_picked":["Reckless Charge+1"],"picked":"SKIP","floor":36},{"not_picked":["Searing Blow+1"],"picked":"SKIP","floor":38},{"not_picked":["Rupture+1"],"picked":"SKIP","floor":40},{"not_picked":["Pommel Strike+1"],"picked":"SKIP","floor":44},{"not_picked":["Searing Blow+1"],"picked":"SKIP","floor":46},{"not_picked":["Combust+1"],"picked":"SKIP","floor":47}],"player_experience":619806,"relics_obtained":[{"floor":7,"key":"HornCleat"},{"floor":9,"key":"Oddly Smooth Stone"},{"floor":26,"key":"Molten Egg 2"},{"floor":27,"key":"Mercury Hourglass"},{"floor":40,"key":"Art of War"},{"floor":44,"key":"TungstenRod"}],"event_choices":[{"damage_healed":0,"gold_gain":0,"player_choice":"Success","damage_taken":25,"relics_obtained":["Frozen Egg 2"],"max_hp_gain":0,"max_hp_loss":0,"event_name":"Scrap Ooze","floor":2,"gold_loss":0},{"damage_healed":0,"gold_gain":0,"player_choice":"Got Potions","damage_taken":0,"max_hp_gain":0,"max_hp_loss":0,"event_name":"Lab","floor":3,"gold_loss":0},{"damage_healed":0,"gold_gain":0,"player_choice":"Donut","damage_taken":0,"max_hp_gain":5,"max_hp_loss":0,"event_name":"Big Fish","floor":14,"gold_loss":0},{"damage_healed":0,"gold_gain":0,"player_choice":"Inject Mutagens","damage_taken":0,"relics_obtained":["MutagenicStrength"],"max_hp_gain":0,"max_hp_loss":0,"event_name":"Drug Dealer","floor":19,"gold_loss":0},{"cards_removed":["Strike_R"],"damage_healed":0,"gold_gain":0,"player_choice":"Gave Gold","damage_taken":0,"max_hp_gain":0,"max_hp_loss":0,"event_name":"Beggar","floor":20,"gold_loss":75},{"damage_healed":0,"gold_gain":0,"player_choice":"Simplicity","damage_taken":0,"max_hp_gain":0,"max_hp_loss":0,"event_name":"Back to Basics","floor":25,"gold_loss":0,"cards_upgraded":["Strike_R"]},{"damage_healed":0,"gold_gain":0,"player_choice":"Ignored","damage_taken":0,"max_hp_gain":0,"max_hp_loss":0,"event_name":"Ghosts","floor":29,"gold_loss":0},{"damage_healed":0,"gold_gain":0,"player_choice":"Max HP","damage_taken":0,"max_hp_gain":0,"max_hp_loss":5,"event_name":"Winding Halls","floor":37,"gold_loss":0},{"damage_healed":0,"gold_gain":0,"player_choice":"Memory 1","damage_taken":0,"max_hp_gain":0,"max_hp_loss":0,"event_name":"SensoryStone","floor":41,"gold_loss":0},{"cards_removed":["Defend_R"],"damage_healed":0,"gold_gain":0,"player_choice":"Purged","damage_taken":0,"max_hp_gain":0,"max_hp_loss":0,"event_name":"Purifier","floor":48,"gold_loss":0}],"is_beta":false,"boss_relics":[{"not_picked":["Tiny House","Calling Bell"],"picked":"Busted Crown"},{"not_picked":["Sozu","Cursed Key"],"picked":"Coffee Dripper"}],"items_purged_floors":[0,0,0,0,0,0],"is_endless":false,"potions_floor_spawned":[1,7,8,16,18,27,35,36,44],"ascension_level":0}}