{"host":"y6zg4wwu39otf01a","time":1613622991,"event":{"mods":["Act Like it!","Aspiration","BaseMod","Better Altar","Better Match","Better Note","Better Sensory Stone","Better Skull","Better Third Choice","Challenge The Spire","Colored Map","Colored Powertips","Conspire","GifTheSpireLib","Glutton Mod","Halation","Hermit","Highlight Path","Hubris","Infinite Spire","Mimic Mod","Minty Spire (QoL Compilation)","Quick Restart","Random Character Button","Rare Cards Sparkle","Reliquary","Replay The Spire","Retaliation","Ruina","Spicy Shops","StSLib","Stuff the Spire","The Blue Laboratory","The Construct","The Jungle"],"gold_per_floor":[117,132,132,132,148,148,180,180,180,180,14,14,28,44,44,145,145,159,189,189,200,200,200,229,240,263,263,276,32,51,61,61,163,163,183,183,183,231,244,244,244,262,262,262],"floor_reached":43,"language":"ENG","playtime":3066,"items_purged":[],"score":554,"play_id":"c6330984-2be3-440f-8e57-19089ab7e847","local_time":"20210217223631","is_ascension_mode":true,"campfire_choices":[{"data":"hermit:Adapt","floor":6,"key":"SMITH"},{"floor":8,"key":"REST"},{"data":"hermit:WideOpen","floor":10,"key":"SMITH"},{"data":"hermit:Dive","floor":12,"key":"SMITH"},{"data":"hermit:Covet","floor":15,"key":"SMITH"},{"data":"hermit:Quickdraw","floor":23,"key":"SMITH"},{"data":"hermit:Reprieve","floor":27,"key":"SMITH"},{"data":"hermit:FatalDesire","floor":40,"key":"SMITH"}],"circlet_count":0,"master_deck":["hermit:Snapshot","hermit:Covet+1","hermit:WideOpen+1","Regret","hermit:Adapt+1","hermit:Coalescence","hermit:Dive+1","hermit:Enervate","hermit:Reprieve+1","hermit:Quickdraw+1","hermit:Enervate","hermit:BodyArmor","hermit:RoundhouseKick","hermit:FlashPowder","hermit:HighCaliber+1","hermit:GhostlyPresence","hermit:HighCaliber+1","Bite","Bite","Bite","Bite","Bite","hermit:FatalDesire+1","hermit:Magnum","hermit:Dissolve","hermit:RoundhouseKick","hermit:Snipe+1","infinitespire:NeuralNetwork","hermit:CursedWeapon"],"relics":["hermit:Momento","aspiration:Nostalgia","Ring of the Snake","The Courier","hubris:BottledRain","Lantern","Tiny Chest","hubris:ScarierMask","Red Mask","reliquary:JackalopeAntler","StuffTheSpire:Experiment12","reliquary:SharkskinSheath","StuffTheSpire:ForceGauntlet","Pandora\u0027s Box","reliquary:Vitrine","Strawberry","Replay:Kaleidoscope"],"acts_visited":["Exordium","TheCity","TheBeyond"],"potions_floor_usage":[16,16,24,28,33,33,33,42,42],"damage_taken":[{"damage":2.0,"enemies":"2 Louse","floor":1.0,"turns":2.0},{"damage":7.0,"enemies":"Small Slimes","floor":2.0,"turns":2.0},{"damage":1.0,"enemies":"Cultist","floor":5.0,"turns":3.0},{"damage":47,"enemies":"Lagavulin","floor":7,"turns":8},{"damage":0,"enemies":"2 Fungi Beasts","floor":13,"turns":3},{"damage":0,"enemies":"3 Louse","floor":14,"turns":2},{"damage":19,"enemies":"The Guardian","floor":16,"turns":11},{"damage":6,"enemies":"3 Byrds","floor":18,"turns":4},{"damage":10,"enemies":"Masked Bandits","floor":19,"turns":5},{"damage":12,"enemies":"Spheric Guardian","floor":21,"turns":4},{"damage":27,"enemies":"conspire:SneckoGhost","floor":24,"turns":9},{"damage":0,"enemies":"Chosen and Byrds","floor":25,"turns":4},{"damage":0,"enemies":"Centurion and Healer","floor":28,"turns":3},{"damage":0,"enemies":"3 Cultists","floor":30,"turns":5},{"damage":21,"enemies":"conspire:HollyBat","floor":31,"turns":7},{"damage":50,"enemies":"hubris:MusketHawk","floor":33,"turns":9},{"damage":0,"enemies":"Orb Walker","floor":35,"turns":4},{"damage":8,"enemies":"3 Shapes","floor":39,"turns":3},{"damage":7,"enemies":"3 Darklings","floor":42,"turns":3},{"damage":14,"enemies":"Spire Growth","floor":43,"turns":4}],"seed_played":"855239535244334362","potions_obtained":[{"floor":7,"key":"blueLaboratory:PhilterOfMotion"},{"floor":13,"key":"GamblersBrew"},{"floor":14,"key":"Dexterity Potion"},{"floor":25,"key":"ColorlessPotion"},{"floor":28,"key":"Strength Potion"},{"floor":30,"key":"AttackPotion"},{"floor":31,"key":"blueLaboratory:HorrorPotion"},{"floor":35,"key":"Energy Potion"},{"floor":39,"key":"Weak Potion"}],"is_trial":false,"path_per_floor":["M","M","?","?","M","R","E","R","T","R","$","R","M","M","R","B",null,"M","?","?","M","T","R","E","M","T","R","M","$","M","M","R_BF","B",null,"M","?","T","T","M","R","AVR","M","MIM"],"character_chosen":"HERMIT","items_purchased":["Tiny Chest","hermit:Dive","hermit:GhostlyPresence","StuffTheSpire:ForceGauntlet"],"campfire_rested":1,"item_purchase_floors":[11,11,29,29],"current_hp_per_floor":[73,66,66,66,65,65,18,40,40,40,40,40,40,40,40,21,62,64,58,75,63,63,63,40,40,40,40,48,48,56,39,39,9,41,45,48,48,55,57,57,57,54,46,46],"gold":262,"neow_bonus":"NOSTALGIA","is_daily":false,"chose_seed":false,"campfire_upgraded":7,"win_rate":0.0,"timestamp":1613622991,"path_taken":["M","M","?","?","?","R","E","R","T","R","$","R","M","M","R","BOSS","M","?","?","?","?","R","E","M","T","R","?","$","M","?","R_BF","BOSS","M","?","?","?","M","R","AVR","M","MIM"],"items_purchased_type":["Relic","Card","Card","Relic"],"build_version":"2020-12-22","purchased_purges":0,"victory":false,"max_hp_per_floor":[75,75,75,75,75,75,75,75,75,75,75,75,75,75,75,75,75,75,75,75,75,75,75,75,75,75,75,75,75,75,75,52,52,52,52,55,55,62,62,62,62,62,62,62],"card_choices":[{"not_picked":["hermit:Combo","hermit:TrackingShot"],"picked":"hermit:WideOpen","floor":1.0},{"not_picked":["hermit:Vantage","hermit:Roulette"],"picked":"hermit:Snipe","floor":2.0},{"not_picked":["hermit:OverwhelmingPower","hermit:Combo","hermit:Malice"],"picked":"SKIP","floor":5},{"not_picked":["hermit:NoHoldsBarred","hermit:Malice"],"picked":"hermit:Coalescence","floor":7},{"not_picked":["hermit:Midnight","hermit:Dive"],"picked":"hermit:Enervate","floor":13},{"not_picked":["hermit:LoneWolf","hermit:PistolWhip","hermit:Shortfuse"],"picked":"SKIP","floor":14},{"not_picked":["hermit:EternalForm","hermit:Adapt"],"picked":"hermit:Reprieve","floor":16},{"not_picked":["hermit:Gestalt","hermit:CalledShot+1"],"picked":"hermit:Quickdraw","floor":18},{"not_picked":["hermit:Vantage","hermit:Feint"],"picked":"hermit:Enervate","floor":19},{"not_picked":["hermit:Manifest+1","hermit:NoHoldsBarred"],"picked":"hermit:BodyArmor","floor":21},{"not_picked":["hermit:PistolWhip","hermit:HoleUp"],"picked":"hermit:RoundhouseKick","floor":24},{"not_picked":["hermit:Grudge+1","hermit:Vantage"],"picked":"hermit:FlashPowder","floor":25},{"not_picked":["hermit:Misfire+1","hermit:Grudge"],"picked":"hermit:HighCaliber+1","floor":28},{"not_picked":["hermit:Feint","hermit:WideOpen"],"picked":"hermit:HighCaliber+1","floor":30},{"not_picked":["hermit:Grudge","hermit:Feint+1","hermit:Cheat"],"picked":"SKIP","floor":31},{"not_picked":["hermit:EternalForm","hermit:DeadOrAlive"],"picked":"hermit:FatalDesire","floor":33},{"not_picked":["hermit:BodyArmor","hermit:GhostlyPresence"],"picked":"hermit:Snipe+1","floor":35},{"not_picked":["hermit:Roulette+1","hermit:Misfire+1","hermit:TakeAim"],"picked":"SKIP","floor":39},{"not_picked":["hermit:Desperado+1","hermit:LowProfile+1"],"picked":"hermit:CursedWeapon","floor":42}],"player_experience":882585,"relics_obtained":[{"floor":7,"key":"hubris:BottledRain"},{"floor":9,"key":"Lantern"},{"floor":19,"key":"Red Mask"},{"floor":22,"key":"reliquary:JackalopeAntler"},{"floor":24,"key":"StuffTheSpire:Experiment12"},{"floor":26,"key":"reliquary:SharkskinSheath"},{"floor":37,"key":"reliquary:Vitrine"},{"floor":38,"key":"Strawberry"}],"event_choices":[{"damage_healed":0.0,"max_hp_gain":0.0,"max_hp_loss":0.0,"gold_gain":0.0,"event_name":"Big Fish","player_choice":"Box","floor":3.0,"gold_loss":0.0,"damage_taken":0.0,"relics_obtained":["The Courier"],"cards_obtained":["Regret"]},{"damage_healed":0.0,"max_hp_gain":0.0,"max_hp_loss":0.0,"gold_gain":0.0,"cards_transformed":["hermit:Defend_Hermit"],"event_name":"Transmorgrifier","player_choice":"Transformed","floor":4.0,"gold_loss":0.0,"damage_taken":0.0,"cards_obtained":["hermit:Adapt"]},{"damage_healed":0,"gold_gain":0,"player_choice":"Fought Bandits","damage_taken":0,"max_hp_gain":0,"max_hp_loss":0,"event_name":"Masked Bandits","floor":19,"gold_loss":0},{"damage_healed":17,"gold_gain":0,"player_choice":"Full Heal","damage_taken":0,"max_hp_gain":0,"max_hp_loss":0,"event_name":"Wheel of Change","floor":20,"gold_loss":0},{"damage_healed":0,"gold_gain":0,"player_choice":"Became a vampire","damage_taken":0,"max_hp_gain":0,"max_hp_loss":23,"event_name":"Vampires","floor":32,"gold_loss":0,"cards_obtained":["Bite","Bite","Bite","Bite","Bite"]}],"is_beta":false,"boss_relics":[{"not_picked":["Astrolabe","SacredBark"],"picked":"hubris:ScarierMask"},{"not_picked":["conspire:RoyalGoblet","halation:CatFaceCupcake"],"picked":"Pandora\u0027s Box"}],"items_purged_floors":[],"is_endless":false,"potions_floor_spawned":[7,13,14,25,28,30,31,35,39],"killed_by":"Spire Growth","ascension_level":5}}