{"host":"vhifjdba66khcqwn","time":1613633407,"event":{"mods":["AchievementEnabler","BaseMod","Bestiary","Energized Spire","Minty Spire (QoL Compilation)","Practice Mode","Relic Stats","Spicy Shops","StSLib","slay the spire mod where everything is the same but ironclad has a cowboy hat"],"gold_per_floor":[113,113,60,76,76,104,104,133,149,203,203,35,69,69,79,92,17,34,34,111,111,111,182,182,195,210,210,226,276,276,304,304,322,340,389,389,389,304,304,284,315,328,328,405,405,405,478,478,493,236,288,300,317,317,317,53,80,94,94,145,145,178,178,178,198,198,198,198,198,48,80,80],"floor_reached":73,"language":"ENG","playtime":2493,"items_purged":["Pain","Doubt","Injury","Strike_B"],"score":3735,"play_id":"328a8c79-ca7e-414a-80b5-5edb0c9d2b89","local_time":"20210217233007","is_ascension_mode":true,"campfire_choices":[{"data":"Sunder","floor":7.0,"key":"SMITH"},{"data":"Capacitor","floor":14.0,"key":"SMITH"},{"floor":19.0,"key":"REST"},{"data":"Rainbow","floor":22.0,"key":"SMITH"},{"data":"Echo Form","floor":32.0,"key":"SMITH"},{"floor":37.0,"key":"REST"},{"data":"Capacitor","floor":43.0,"key":"SMITH"},{"floor":46.0,"key":"REST"},{"data":"Self Repair","floor":55.0,"key":"SMITH"},{"data":"Consume","floor":61.0,"key":"SMITH"},{"data":"Buffer","floor":64.0,"key":"SMITH"},{"floor":66,"key":"RECALL"},{"data":"Biased Cognition","floor":69,"key":"SMITH"}],"circlet_count":0,"master_deck":["AscendersBane","Strike_B","Strike_B","Strike_B","Defend_B","Defend_B","Defend_B","Defend_B","Zap","Dualcast","Sunder+1","Ball Lightning","Steam","Cold Snap","Capacitor+1","Ball Lightning","Barrage","Consume+1","Amplify","Rainbow+1","Biased Cognition+1","Self Repair+1","Consume+1","Glacier","Echo Form+1","Capacitor+1","Hologram+1","Turbo","Buffer+1","Creative AI","Chill","Self Repair","Electrodynamics"],"relics":["Cracked Core","NeowsBlessing","Pear","WarpedTongs","Vajra","Nunchaku","Strawberry","Bag of Marbles","White Beast Statue","DataDisk","SacredBark","energizedSpire:CursedPentagram","Blue Candle","Blood Vial","StrikeDummy","Mummified Hand","Symbiotic Virus","Philosopher\u0027s Stone","Black Star","OrangePellets","Pocketwatch","Runic Capacitor","Art of War","Bottled Tornado","Lantern","Anchor","Mango","Akabeko","CaptainsWheel"],"acts_visited":["Exordium","TheCity","TheBeyond","TheEnding"],"potions_floor_usage":[71,72,72],"damage_taken":[{"damage":0.0,"enemies":"Small Slimes","floor":1.0,"turns":1.0},{"damage":0.0,"enemies":"Cultist","floor":4.0,"turns":1.0},{"damage":0.0,"enemies":"Gremlin Nob","floor":6.0,"turns":1.0},{"damage":13.0,"enemies":"3 Sentries","floor":8.0,"turns":4.0},{"damage":2.0,"enemies":"2 Louse","floor":9.0,"turns":1.0},{"damage":7.0,"enemies":"Gremlin Nob","floor":13.0,"turns":3.0},{"damage":0.0,"enemies":"Large Slime","floor":15.0,"turns":2.0},{"damage":7.0,"enemies":"Gremlin Gang","floor":16.0,"turns":2.0},{"damage":6.0,"enemies":"Looter","floor":18.0,"turns":2.0},{"damage":13.0,"enemies":"Slime Boss","floor":20.0,"turns":7.0},{"damage":0.0,"enemies":"Slime Boss","floor":23.0,"turns":3.0},{"damage":8.0,"enemies":"2 Thieves","floor":25.0,"turns":3.0},{"damage":0.0,"enemies":"Chosen","floor":26.0,"turns":2.0},{"damage":0.0,"enemies":"Snake Plant","floor":28.0,"turns":1.0},{"damage":25.0,"enemies":"Slavers","floor":31.0,"turns":5.0},{"damage":7.0,"enemies":"3 Cultists","floor":33.0,"turns":4.0},{"damage":30.0,"enemies":"Shelled Parasite and Fungi","floor":34.0,"turns":6.0},{"damage":0.0,"enemies":"Gremlin Leader","floor":41.0,"turns":2.0},{"damage":5.0,"enemies":"Snake Plant","floor":42.0,"turns":2.0},{"damage":42.0,"enemies":"Collector","floor":44.0,"turns":9.0},{"damage":34.0,"enemies":"Collector","floor":47.0,"turns":9.0},{"damage":0.0,"enemies":"3 Darklings","floor":49.0,"turns":3.0},{"damage":42.0,"enemies":"2 Orb Walkers","floor":51.0,"turns":5.0},{"damage":3.0,"enemies":"3 Shapes","floor":52.0,"turns":5.0},{"damage":8.0,"enemies":"Writhing Mass","floor":53.0,"turns":5.0},{"damage":10.0,"enemies":"Giant Head","floor":57.0,"turns":7.0},{"damage":7.0,"enemies":"Sphere and 2 Shapes","floor":58.0,"turns":4.0},{"damage":0.0,"enemies":"Nemesis","floor":62.0,"turns":7.0},{"damage":2,"enemies":"3 Darklings","floor":65,"turns":5},{"damage":15,"enemies":"Donu and Deca","floor":67,"turns":6},{"damage":60,"enemies":"Shield and Spear","floor":71,"turns":4},{"damage":67,"enemies":"The Heart","floor":72,"turns":8}],"seed_played":"1483097052803471511","potions_obtained":[{"floor":1.0,"key":"PowerPotion"},{"floor":9.0,"key":"FocusPotion"},{"floor":20.0,"key":"LiquidMemories"},{"floor":23.0,"key":"SteroidPotion"},{"floor":25.0,"key":"Ancient Potion"},{"floor":26.0,"key":"Energy Potion"},{"floor":28.0,"key":"Fire Potion"},{"floor":31.0,"key":"PowerPotion"},{"floor":41.0,"key":"DistilledChaos"},{"floor":44.0,"key":"Energy Potion"},{"floor":47.0,"key":"Block Potion"},{"floor":49.0,"key":"PowerPotion"},{"floor":51.0,"key":"EssenceOfSteel"},{"floor":52.0,"key":"Fruit Juice"},{"floor":53.0,"key":"AttackPotion"},{"floor":57.0,"key":"EssenceOfSteel"},{"floor":62.0,"key":"BlessingOfTheForge"},{"floor":71,"key":"Dexterity Potion"}],"is_trial":false,"path_per_floor":["M","?","?","M","?","E","R","E","M","T","T","$","E","R","M","M","$","M","R","B",null,"R","B",null,"M","M","?","M","?","?","E","R","M","M","T","T","R","?","?","?","E","M","R","B",null,"R","B",null,"M","$","?","M","M","?","R","$","E","M","T","T","R","E","?","R","M","R","B",null,"R","$","E","B",null],"character_chosen":"DEFECT","items_purchased":["White Beast Statue","Capacitor","OrangePellets","Runic Capacitor","FocusPotion"],"campfire_rested":3,"item_purchase_floors":[12,12,50,56,56],"current_hp_per_floor":[64,64,74,74,74,74,74,61,59,66,66,66,59,59,59,52,52,46,72,59,59,59,59,81,73,73,73,73,73,73,55,55,68,38,38,38,64,64,64,64,66,63,63,37,37,63,38,76,88,88,56,65,76,76,76,76,88,93,93,93,93,112,106,106,106,106,106,106,106,106,66,18],"gold":80,"neow_bonus":"THREE_ENEMY_KILL","is_daily":false,"chose_seed":false,"campfire_upgraded":9,"win_rate":0.0,"timestamp":1613633407,"path_taken":["M","?","?","?","?","E","R","E","M","T","T","$","E","R","M","?","$","M","R","BOSS","R","BOSS","M","M","?","M","?","?","E","R","?","M","T","T","R","?","?","?","E","?","R","BOSS","R","BOSS","M","$","?","M","M","?","R","$","E","M","T","T","R","E","?","R","?","R","BOSS","R","$","E","BOSS"],"items_purchased_type":["Relic","Card","Relic","Relic","Potion"],"build_version":"2020-12-22","purchased_purges":4,"victory":true,"max_hp_per_floor":[71,71,81,81,81,81,81,81,81,88,88,88,88,88,88,88,88,88,88,88,88,88,88,88,88,88,88,88,88,88,88,88,88,88,88,88,88,88,88,88,88,88,88,88,88,88,88,88,88,88,88,88,98,98,98,98,98,98,98,98,98,112,106,106,106,106,106,106,106,106,106,106],"relic_stats":{"Blood Vial":22,"OrangePellets":[14],"Nunchaku":[18],"counters":[32,129],"Mummified Hand":[206],"Blue Candle":[4],"Black Star":3,"Art of War":[8],"obtain_stats":[{"Lantern":60,"SacredBark":21,"Vajra":6,"Mango":62,"Runic Capacitor":56,"Bottled Tornado":57,"Blood Vial":35,"Nunchaku":8,"energizedSpire:CursedPentagram":24,"Mummified Hand":38,"Strawberry":10,"Philosopher\u0027s Stone":45,"Cracked Core":0,"Pear":3,"NeowsBlessing":0,"Blue Candle":31,"White Beast Statue":12,"Akabeko":71,"WarpedTongs":5,"OrangePellets":50,"DataDisk":13,"Anchor":62,"CaptainsWheel":71,"Bag of Marbles":11,"Black Star":48,"Art of War":57,"StrikeDummy":36,"Symbiotic Virus":41,"Pocketwatch":51},{"Lantern":27,"SacredBark":10,"Vajra":3,"Mango":28,"Runic Capacitor":25,"Bottled Tornado":26,"Blood Vial":17,"Nunchaku":4,"energizedSpire:CursedPentagram":11,"Mummified Hand":17,"Strawberry":5,"Philosopher\u0027s Stone":20,"Cracked Core":0,"Pear":1,"NeowsBlessing":0,"Blue Candle":15,"White Beast Statue":5,"Akabeko":31,"WarpedTongs":2,"OrangePellets":22,"DataDisk":6,"Anchor":28,"CaptainsWheel":31,"Bag of Marbles":5,"Black Star":21,"Art of War":26,"StrikeDummy":17,"Symbiotic Virus":18,"Pocketwatch":23},{"Lantern":99,"SacredBark":24,"Vajra":3,"Mango":106,"Runic Capacitor":88,"Bottled Tornado":95,"Blood Vial":48,"Nunchaku":7,"energizedSpire:CursedPentagram":27,"Mummified Hand":48,"Strawberry":8,"Philosopher\u0027s Stone":61,"Cracked Core":0,"Pear":1,"NeowsBlessing":0,"Blue Candle":38,"White Beast Statue":8,"Akabeko":121,"WarpedTongs":2,"OrangePellets":73,"DataDisk":11,"Anchor":106,"CaptainsWheel":121,"Bag of Marbles":8,"Black Star":70,"Art of War":95,"StrikeDummy":48,"Symbiotic Virus":50,"Pocketwatch":78}],"WarpedTongs":[127],"Pocketwatch":[9]},"card_choices":[{"not_picked":["Compile Driver","Turbo"],"picked":"Sunder","floor":1.0},{"not_picked":["Turbo","Stack"],"picked":"Ball Lightning","floor":4.0},{"not_picked":["Go for the Eyes","Beam Cell"],"picked":"Steam","floor":6.0},{"not_picked":["Barrage","Rip and Tear"],"picked":"Cold Snap","floor":8.0},{"not_picked":["Redo","Gash","Streamline"],"picked":"SKIP","floor":9.0},{"not_picked":["Stack","Lockon"],"picked":"Ball Lightning","floor":13.0},{"not_picked":["Reprogram","Turbo"],"picked":"Barrage","floor":15.0},{"not_picked":["Gash","Barrage"],"picked":"Consume","floor":16.0},{"not_picked":["Aggregate","Stack"],"picked":"Amplify","floor":18.0},{"not_picked":["Machine Learning","Meteor Strike"],"picked":"Rainbow","floor":20.0},{"not_picked":["Buffer","Seek"],"picked":"Biased Cognition","floor":23.0},{"not_picked":["Streamline","Stack"],"picked":"Self Repair","floor":25.0},{"not_picked":["Leap+1","Sweeping Beam"],"picked":"Consume+1","floor":26.0},{"not_picked":["Compile Driver","Rebound+1"],"picked":"Glacier","floor":28.0},{"not_picked":["Hologram","Leap"],"picked":"Echo Form","floor":31.0},{"not_picked":["Go for the Eyes","Steam"],"picked":"Capacitor","floor":33.0},{"not_picked":["Ball Lightning","Leap"],"picked":"Hologram+1","floor":34.0},{"not_picked":["Recycle","Sweeping Beam","Stack"],"picked":"SKIP","floor":41.0},{"not_picked":["Fusion","Streamline"],"picked":"Turbo","floor":42.0},{"not_picked":["Amplify","Hyperbeam"],"picked":"Buffer","floor":44.0},{"not_picked":["Buffer","Multi-Cast"],"picked":"Creative AI","floor":47.0},{"not_picked":["Steam","Capacitor","Compile Driver"],"picked":"SKIP","floor":49.0},{"not_picked":["Rebound","Consume"],"picked":"Chill","floor":52.0},{"not_picked":["Reprogram","Steam","Streamline"],"picked":"SKIP","floor":53.0},{"not_picked":["Ball Lightning+1","Go for the Eyes","Melter"],"picked":"SKIP","floor":57.0},{"not_picked":["Cold Snap+1","Force Field+1"],"picked":"Self Repair","floor":58.0},{"not_picked":["Cold Snap","Steam","Stack"],"picked":"SKIP","floor":62.0},{"not_picked":["Hologram+1","Auto Shields"],"picked":"Electrodynamics","floor":65},{"not_picked":["Heatsinks+1","Sweeping Beam","Compile Driver"],"picked":"SKIP","floor":71}],"player_experience":1205903,"relics_obtained":[{"floor":6.0,"key":"Vajra"},{"floor":8.0,"key":"Nunchaku"},{"floor":10.0,"key":"Strawberry"},{"floor":11.0,"key":"Bag of Marbles"},{"floor":13.0,"key":"DataDisk"},{"floor":31.0,"key":"Blue Candle"},{"floor":35.0,"key":"Blood Vial"},{"floor":36.0,"key":"StrikeDummy"},{"floor":41.0,"key":"Symbiotic Virus"},{"floor":51.0,"key":"Pocketwatch"},{"floor":57.0,"key":"Art of War"},{"floor":57.0,"key":"Bottled Tornado"},{"floor":60.0,"key":"Lantern"},{"floor":62.0,"key":"Anchor"},{"floor":62.0,"key":"Mango"},{"floor":71,"key":"Akabeko"},{"floor":71,"key":"CaptainsWheel"}],"event_choices":[{"damage_healed":0.0,"max_hp_gain":0.0,"max_hp_loss":0.0,"gold_gain":0.0,"event_name":"Shining Light","player_choice":"Ignored","floor":2.0,"gold_loss":0.0,"damage_taken":0.0},{"damage_healed":0.0,"max_hp_gain":0.0,"max_hp_loss":0.0,"gold_gain":0.0,"event_name":"WeMeetAgain","player_choice":"Paid Gold","floor":3.0,"gold_loss":53.0,"damage_taken":0.0,"relics_obtained":["Pear"]},{"damage_healed":0.0,"max_hp_gain":0.0,"max_hp_loss":0.0,"gold_gain":0.0,"event_name":"Accursed Blacksmith","player_choice":"Rummage","floor":5.0,"gold_loss":0.0,"damage_taken":0.0,"relics_obtained":["WarpedTongs"],"cards_obtained":["Pain"]},{"damage_healed":0.0,"max_hp_gain":0.0,"max_hp_loss":0.0,"gold_gain":0.0,"event_name":"Ghosts","player_choice":"Ignored","floor":27.0,"gold_loss":0.0,"damage_taken":0.0},{"damage_healed":0.0,"max_hp_gain":0.0,"max_hp_loss":0.0,"gold_gain":50.0,"event_name":"Nest","player_choice":"Stole From Cult","floor":29.0,"gold_loss":0.0,"damage_taken":0.0},{"damage_healed":0.0,"max_hp_gain":0.0,"max_hp_loss":0.0,"gold_gain":0.0,"event_name":"Lab","player_choice":"Got Potions","floor":30.0,"gold_loss":0.0,"damage_taken":0.0},{"damage_healed":0.0,"max_hp_gain":0.0,"max_hp_loss":0.0,"gold_gain":0.0,"event_name":"Addict","player_choice":"Obtained Relic","floor":38.0,"gold_loss":85.0,"damage_taken":0.0,"relics_obtained":["Mummified Hand"]},{"damage_healed":0.0,"max_hp_gain":0.0,"max_hp_loss":0.0,"gold_gain":0.0,"event_name":"Cursed Tome","player_choice":"Ignored","floor":39.0,"gold_loss":0.0,"damage_taken":0.0},{"damage_healed":0.0,"max_hp_gain":0.0,"max_hp_loss":0.0,"gold_gain":0.0,"event_name":"The Woman in Blue","player_choice":"Bought 1 Potion","floor":40.0,"gold_loss":0.0,"damage_taken":0.0},{"damage_healed":0.0,"max_hp_gain":0.0,"max_hp_loss":0.0,"gold_gain":0.0,"event_name":"Mysterious Sphere","player_choice":"Fight","floor":51.0,"gold_loss":0.0,"damage_taken":0.0},{"damage_healed":0.0,"max_hp_gain":0.0,"max_hp_loss":0.0,"gold_gain":0.0,"event_name":"Tomb of Lord Red Mask","player_choice":"Ignored","floor":54.0,"gold_loss":0.0,"damage_taken":0.0},{"damage_healed":0.0,"max_hp_gain":0.0,"max_hp_loss":6.0,"gold_gain":0.0,"event_name":"Winding Halls","player_choice":"Max HP","floor":63.0,"gold_loss":0.0,"damage_taken":0.0}],"is_beta":false,"boss_relics":[{"not_picked":["Runic Dome","energizedSpire:DeadBattery"],"picked":"SacredBark"},{"not_picked":["Coffee Dripper","Runic Pyramid"],"picked":"energizedSpire:CursedPentagram"},{"not_picked":["energizedSpire:OldTV","SlaversCollar"],"picked":"Philosopher\u0027s Stone"},{"not_picked":["energizedSpire:UnstableMolecules","Sozu"],"picked":"Black Star"}],"items_purged_floors":[17,50,56,70],"is_endless":false,"potions_floor_spawned":[1,9,13,15,16,18,20,23,25,26,28,31,33,34,41,42,44,47,49,51,52,53,57,58,62,65,71],"ascension_level":18}}