{"host":"t9zjxed0utvsfjwc","time":1613627008,"event":{"mods":["2.2 Compatiblity","Act Like it!","Aspiration","BaseMod","Better Altar","Better Match","Better Note","Better Sensory Stone","Better Skull","Better Third Choice","Block Reminder","Colored Map","Colored Powertips","Conspire","Defuse TimeMaze Blight","Energized Spire","GifTheSpireLib","Hermit","Highlight Path","Hubris","Infinite Spire","Marked Mod","Minty Spire (QoL Compilation)","Quick Restart","Rare Cards Sparkle","Relic Sorter","Relic Stats","Reliquary","Replay The Spire","Ruina","StSLib","Stuff the Spire","The Blue Laboratory","The Jungle","The Marked","Unceasing Turn Reminder","Wandering Minibosses","everything is the same but u backflip on backflip"],"gold_per_floor":[110,110,110,121,135,135,152,152,152,172,172,172,172,234,234,330,330,346,365,415,465,465,503,503,534,583,646,646,676,676,726,726,733,733],"floor_reached":33,"language":"ENG","playtime":1193,"items_purged":[],"score":308,"play_id":"f6b5205a-d7a7-4f46-8f28-b1b798b48c88","local_time":"20210218054328","is_ascension_mode":true,"campfire_choices":[{"floor":6,"key":"RECALL"},{"floor":11,"key":"REST"},{"data":"hermit:Snapshot","floor":15,"key":"SMITH"},{"floor":24,"key":"REST"},{"floor":28,"key":"REST"},{"floor":30,"key":"REST"},{"data":"hermit:Defend_Hermit","floor":32,"key":"SMITH"}],"circlet_count":0,"master_deck":["hermit:Strike_Hermit+1","hermit:Strike_Hermit+1","hermit:Strike_Hermit+1","hermit:Defend_Hermit+1","hermit:Defend_Hermit","hermit:Defend_Hermit","hermit:Defend_Hermit","hermit:Snapshot+1","hermit:Strike_Hermit+1"],"relics":["reliquary:RedCape","Onion Ring","Replay:Bottled Eggs","infinitespire:Cubic Diamond","SsserpentHead","aspiration:IroncladSkillbook","Nunchaku","Replay:Lucky Slots","hubris:BottledRain","infinitespire:Joker Card","StuffTheSpire:Mouthbags","Strawberry"],"acts_visited":["Exordium","Exordium"],"potions_floor_usage":[16,18,20,20,25,33],"damage_taken":[{"damage":1,"enemies":"Jaw Worm","floor":1,"turns":3},{"damage":0,"enemies":"2 Louse","floor":4,"turns":2},{"damage":0,"enemies":"Small Slimes","floor":5,"turns":2},{"damage":0,"enemies":"Exordium Thugs","floor":7,"turns":4},{"damage":0,"enemies":"Large Slime","floor":10,"turns":3},{"damage":0,"enemies":"Blue Slaver","floor":14,"turns":2},{"damage":25,"enemies":"Slime Boss","floor":16,"turns":9},{"damage":25,"enemies":"theJungle:GiantWrat","floor":18,"turns":4},{"damage":0,"enemies":"theJungle:MUSHROOMGANG","floor":19,"turns":3},{"damage":1,"enemies":"JungleHuntersEvent","floor":20,"turns":8},{"damage":19,"enemies":"theJungle:2_Phrogs","floor":23,"turns":9},{"damage":34,"enemies":"theJungle:MamaSnecko","floor":25,"turns":5},{"damage":12,"enemies":"theJungle:Lyon","floor":27,"turns":3},{"damage":22,"enemies":"theJungle:2_Phrogs","floor":29,"turns":7},{"damage":69,"enemies":"theJungle:QueenSpyder","floor":33,"turns":8}],"seed_played":"-3131796140811972801","potions_obtained":[{"floor":1,"key":"blueLaboratory:FrostheartPotion"},{"floor":5,"key":"Ancient Potion"},{"floor":10,"key":"LiquidBronze"},{"floor":18,"key":"blueLaboratory:HummingbirdPotion"},{"floor":23,"key":"hermit:Tonic"},{"floor":29,"key":"Languid Potion"}],"is_trial":false,"path_per_floor":["M","?","T","M","M","R","M","$","T","M","R","?","?","M","R","B",null,"M","M","?","?","AVR","E","R","E","T","M","R","E","R","?","R","B"],"character_chosen":"HERMIT","items_purchased":[],"campfire_rested":4,"item_purchase_floors":[],"current_hp_per_floor":[74,56,56,56,56,56,56,56,56,56,75,75,75,75,75,50,75,54,58,61,61,61,46,68,38,38,30,52,41,65,65,65,0,0],"gold":733,"neow_bonus":"BOSS_RELIC","is_daily":false,"chose_seed":false,"campfire_upgraded":2,"win_rate":0.0,"timestamp":1613627008,"path_taken":["M","?","?","?","M","R","M","$","T","M","R","?","?","?","R","BOSS","M","M","?","?","AVR","E","R","E","T","?","R","E","R","?","R","BOSS"],"items_purchased_type":[],"build_version":"2020-12-22","purchased_purges":0,"victory":false,"max_hp_per_floor":[75,75,75,75,75,75,75,75,75,75,75,75,75,75,75,75,75,75,75,75,75,75,75,75,75,75,75,75,82,82,82,82,82,82],"relic_stats":{"SsserpentHead":250,"Nunchaku":[8],"counters":[15,72],"obtain_stats":[{"infinitespire:Cubic Diamond":12,"infinitespire:Joker Card":25,"reliquary:RedCape":0,"aspiration:IroncladSkillbook":17,"SsserpentHead":13,"Nunchaku":20,"StuffTheSpire:Mouthbags":26,"Strawberry":29,"Onion Ring":3,"Replay:Lucky Slots":22,"Replay:Bottled Eggs":9,"hermit:Momento":0,"hubris:BottledRain":23},{"infinitespire:Cubic Diamond":5,"infinitespire:Joker Card":12,"reliquary:RedCape":0,"aspiration:IroncladSkillbook":7,"SsserpentHead":5,"Nunchaku":10,"StuffTheSpire:Mouthbags":12,"Strawberry":14,"Onion Ring":1,"Replay:Lucky Slots":10,"Replay:Bottled Eggs":4,"hermit:Momento":0,"hubris:BottledRain":11},{"infinitespire:Cubic Diamond":14,"infinitespire:Joker Card":54,"reliquary:RedCape":0,"aspiration:IroncladSkillbook":25,"SsserpentHead":14,"Nunchaku":40,"StuffTheSpire:Mouthbags":54,"Strawberry":64,"Onion Ring":3,"Replay:Lucky Slots":40,"Replay:Bottled Eggs":11,"hermit:Momento":0,"hubris:BottledRain":49}]},"card_choices":[{"not_picked":["hermit:Headshot","hermit:TakeCover","hermit:Dive"],"picked":"SKIP","floor":1},{"not_picked":["hermit:Manifest","hermit:Glare","hermit:LowProfile"],"picked":"SKIP","floor":4},{"not_picked":["hermit:LuckOfTheDraw","hermit:Spite","hermit:ShadowCloak"],"picked":"SKIP","floor":5},{"not_picked":["hermit:Spite","hermit:Horror","hermit:Roulette"],"picked":"SKIP","floor":7},{"not_picked":["hermit:NoHoldsBarred","hermit:FlashPowder","hermit:HoleUp"],"picked":"SKIP","floor":10},{"not_picked":["hermit:Vantage","hermit:Spite","hermit:CalledShot"],"picked":"SKIP","floor":14},{"not_picked":["Fire Breathing","hermit:TrackingShot","Thunderclap","Perfected Strike"],"picked":"SKIP","floor":18},{"not_picked":["hermit:PistolWhip+1","hermit:FullyLoaded+1","hermit:HoleUp","Defy Death"],"picked":"SKIP","floor":19},{"not_picked":["Cleave","Run Through","hermit:SprayPray","hermit:Desperado"],"picked":"SKIP","floor":23},{"not_picked":["Cleave","Run Through","hermit:SprayPray","hermit:Desperado"],"picked":"SKIP","floor":23},{"not_picked":["conspire:ExplosiveBarrier","Dark Embrace+1","Flame Barrier","Perfected Strike"],"picked":"SKIP","floor":25},{"not_picked":["ReplayTheSpireMod:Stacked+1","Fire Breathing","Pummel","Spot Weakness"],"picked":"SKIP","floor":27},{"not_picked":["hermit:Combo+1","Flex","True Grit","hermit:Horror+1"],"picked":"SKIP","floor":29}],"player_experience":489047,"relics_obtained":[{"floor":3,"key":"Onion Ring"},{"floor":9,"key":"Replay:Bottled Eggs"},{"floor":20,"key":"Nunchaku"},{"floor":23,"key":"hubris:BottledRain"},{"floor":25,"key":"infinitespire:Joker Card"},{"floor":26,"key":"StuffTheSpire:Mouthbags"},{"floor":29,"key":"Strawberry"}],"event_choices":[{"damage_healed":0,"gold_gain":0,"player_choice":"Trade","damage_taken":0,"relics_obtained":["SsserpentHead"],"max_hp_gain":0,"max_hp_loss":0,"event_name":"FaceTrader","floor":13,"gold_loss":0},{"cards_removed":["hermit:Covet"],"damage_healed":0,"gold_gain":0,"player_choice":"Offered Basic","damage_taken":0,"max_hp_gain":0,"max_hp_loss":0,"event_name":"Bonfire Elementals","floor":21,"gold_loss":0},{"damage_healed":0,"gold_gain":0,"player_choice":"Ignored","damage_taken":0,"max_hp_gain":0,"max_hp_loss":0,"event_name":"Purifier","floor":31,"gold_loss":0}],"is_beta":false,"boss_relics":[{"not_picked":["SlaversCollar","reliquary:KinkedSpring"],"picked":"aspiration:IroncladSkillbook"}],"items_purged_floors":[],"is_endless":false,"potions_floor_spawned":[1,5,10,14,18,23,29],"killed_by":"theJungle:QueenSpyder","ascension_level":1}}