{"host":"37dk0reb6x0du8wx","time":1613625907,"event":{"mods":["BaseMod","Colored Map","DeckTracker","Minty Spire (QoL Compilation)","Quick Restart","StSLib","The Poker Player"],"gold_per_floor":[114,289,289,299,314,344,368,382,408,420,420,435,453,75,75,172,172,184,184,184],"floor_reached":18,"language":"KOR","playtime":655,"items_purged":["PokerPlayerMod:Spade2"],"score":166,"play_id":"abbce20b-3eca-440a-9fb2-0c760c7ead45","local_time":"20210218142507","is_ascension_mode":false,"metric_token":478,"campfire_choices":[{"data":"PokerPlayerMod:Diamond4","floor":11,"key":"SMITH"},{"data":"PokerPlayerMod:Diamond3","floor":15,"key":"SMITH"}],"circlet_count":0,"master_deck":["PokerPlayerMod:Diamond1","PokerPlayerMod:Diamond2","PokerPlayerMod:Diamond4","PokerPlayerMod:Diamond5","PokerPlayerMod:Diamond5","PokerPlayerMod:Spade3","PokerPlayerMod:Spade4","PokerPlayerMod:Club1","PokerPlayerMod:Club2","PokerPlayerMod:Heart2","PokerPlayerMod:TrumpStrike+1","PokerPlayerMod:BadJoker","PokerPlayerMod:Mulligan","PokerPlayerMod:HiddenCard","Doubt","PokerPlayerMod:Diamond9","PokerPlayerMod:Club7","PokerPlayerMod:Diamond5","PokerPlayerMod:Diamond6","PokerPlayerMod:Diamond9"],"relics":["PokerPlayerMod:DeckCase","Tiny Chest","Whetstone","Nunchaku","MealTicket","Boot","Strawberry","Black Star"],"acts_visited":["Exordium","TheCity"],"potions_floor_usage":[16],"damage_taken":[{"damage":7,"enemies":"Jaw Worm","floor":1,"turns":2},{"damage":7,"enemies":"2 Louse","floor":4,"turns":2},{"damage":0,"enemies":"Cultist","floor":5,"turns":3},{"damage":8,"enemies":"Gremlin Nob","floor":6,"turns":3},{"damage":0,"enemies":"Red Slaver","floor":8,"turns":2},{"damage":0,"enemies":"Blue Slaver","floor":10,"turns":2},{"damage":14,"enemies":"Exordium Wildlife","floor":12,"turns":3},{"damage":17,"enemies":"Exordium Thugs","floor":13,"turns":4},{"damage":23,"enemies":"The Guardian","floor":16,"turns":6},{"damage":22,"enemies":"3 Byrds","floor":18,"turns":3}],"seed_played":"3834103050653922400","potions_obtained":[{"floor":1,"key":"AttackPotion"},{"floor":5,"key":"Energy Potion"},{"floor":6,"key":"FearPotion"}],"is_trial":false,"path_per_floor":["M","?","?","M","M","E","T","M","T","M","R","M","M","$","R","B",null,"M"],"character_chosen":"THE_POKER_PLAYER","items_purchased":["Boot","Strawberry"],"campfire_rested":0,"item_purchase_floors":[14,14],"current_hp_per_floor":[45,45,45,38,40,32,32,34,34,38,38,26,11,33,33,10,59,37,37,37],"gold":184,"neow_bonus":"RANDOM_COMMON_RELIC","is_daily":false,"chose_seed":false,"campfire_upgraded":2,"win_rate":0.0,"timestamp":1613625907,"path_taken":["M","?","?","?","M","E","?","M","T","M","R","M","M","$","R","BOSS","M"],"items_purchased_type":["Relic","Relic"],"build_version":"2020-12-22","purchased_purges":1,"victory":false,"max_hp_per_floor":[52,52,52,52,52,52,52,52,52,52,52,52,52,59,59,59,59,59,59,59],"card_choices":[{"not_picked":["PokerPlayerMod:Spade4","PokerPlayerMod:Heart2"],"picked":"PokerPlayerMod:HiddenCard","floor":1},{"not_picked":["PokerPlayerMod:Diamond3","PokerPlayerMod:PoorCopy"],"picked":"PokerPlayerMod:Diamond9","floor":4},{"not_picked":["PokerPlayerMod:Diamond2","PokerPlayerMod:Heart2","PokerPlayerMod:SpadeStrike"],"picked":"SKIP","floor":5},{"not_picked":["PokerPlayerMod:Club3","PokerPlayerMod:Diamond2"],"picked":"PokerPlayerMod:Club7","floor":6},{"not_picked":["PokerPlayerMod:CardBurn","PokerPlayerMod:RiskyBet","PokerPlayerMod:SpadeStrike"],"picked":"SKIP","floor":8},{"not_picked":["PokerPlayerMod:CardBurn","PokerPlayerMod:RiskyBet","PokerPlayerMod:SpadeStrike"],"picked":"SKIP","floor":8},{"not_picked":["PokerPlayerMod:GamblerForm","PokerPlayerMod:MagicTrick","PokerPlayerMod:SpadeStrike"],"picked":"SKIP","floor":10},{"not_picked":["PokerPlayerMod:Diamond4","PokerPlayerMod:Configure"],"picked":"PokerPlayerMod:Diamond5","floor":12},{"not_picked":["PokerPlayerMod:Diamond1","PokerPlayerMod:Club2"],"picked":"PokerPlayerMod:Diamond6","floor":13},{"not_picked":["PokerPlayerMod:ChangeRules","PokerPlayerMod:WildCard"],"picked":"PokerPlayerMod:Diamond9","floor":16}],"player_experience":221744,"relics_obtained":[{"floor":6,"key":"Whetstone"},{"floor":7,"key":"Nunchaku"},{"floor":9,"key":"MealTicket"}],"event_choices":[{"damage_healed":0,"gold_gain":175,"player_choice":"AGREE","damage_taken":0,"max_hp_gain":0,"max_hp_loss":0,"event_name":"Liars Game","floor":2,"gold_loss":0,"cards_obtained":["Doubt"]},{"cards_removed":["PokerPlayerMod:Spade1"],"damage_healed":0,"gold_gain":0,"player_choice":"Purged","damage_taken":0,"max_hp_gain":0,"max_hp_loss":0,"event_name":"Purifier","floor":3,"gold_loss":0}],"is_beta":false,"boss_relics":[{"not_picked":["PokerPlayerMod:AceCard","Cursed Key"],"picked":"Black Star"}],"items_purged_floors":[14],"is_endless":false,"potions_floor_spawned":[1,5,6,8,12],"killed_by":"3 Byrds","ascension_level":0}}