{"host":"js2su9tbbk4rmjfl","time":1613677393,"event":{"mods":["AchievementEnabler","BaseMod","Block Reminder","Colored Map","Colored Powertips","Highlight Path","Minty Spire (QoL Compilation)","Relic Stats"],"gold_per_floor":[117,48,48,65,115,115,115,115,115,149,162,162,177,188,188,264,264,282,292,292,292],"floor_reached":20,"language":"ENG","playtime":1419,"items_purged":[],"score":382,"play_id":"6f497dbf-31f8-4ac8-90a9-6ec23526a7d5","local_time":"20210218204313","is_ascension_mode":true,"campfire_choices":[{"data":"Spot Weakness","floor":6,"key":"SMITH"},{"data":"Hemokinesis","floor":8,"key":"SMITH"},{"data":"Searing Blow","floor":12,"key":"SMITH"},{"data":"Demon Form","floor":15,"key":"SMITH"}],"circlet_count":0,"master_deck":["AscendersBane","Bash","Spot Weakness+1","Hemokinesis+1","Cleave","Searing Blow+1","Demon Form+1","Bludgeon","Sever Soul","Headbutt","Twin Strike","Heavy Blade","Disarm","Immolate","Headbutt","Havoc","Corruption"],"relics":["Burning Blood","NeowsBlessing","Pear","Anchor","Pandora\u0027s Box"],"acts_visited":["Exordium","TheCity"],"potions_floor_usage":[10,11,16,19],"damage_taken":[{"damage":0,"enemies":"Small Slimes","floor":1,"turns":1},{"damage":0,"enemies":"Jaw Worm","floor":4,"turns":1},{"damage":0,"enemies":"Cultist","floor":7,"turns":1},{"damage":2,"enemies":"Gremlin Nob","floor":10,"turns":3},{"damage":7,"enemies":"Gremlin Gang","floor":11,"turns":3},{"damage":8,"enemies":"Exordium Thugs","floor":13,"turns":4},{"damage":2,"enemies":"Looter","floor":14,"turns":2},{"damage":71,"enemies":"Hexaghost","floor":16,"turns":8},{"damage":39,"enemies":"Shell Parasite","floor":18,"turns":4},{"damage":48,"enemies":"3 Byrds","floor":19,"turns":4},{"damage":12,"enemies":"Centurion and Healer","floor":20,"turns":2}],"seed_played":"8198771447040686214","potions_obtained":[{"floor":4,"key":"Block Potion"},{"floor":10,"key":"Energy Potion"},{"floor":11,"key":"BloodPotion"},{"floor":13,"key":"Swift Potion"}],"is_trial":false,"path_per_floor":["M","?","?","M","?","R","M","R","T","E","M","R","M","M","R","B",null,"M","M","M"],"character_chosen":"IRONCLAD","items_purchased":[],"campfire_rested":0,"item_purchase_floors":[],"current_hp_per_floor":[74,74,74,75,75,75,75,75,85,85,84,84,82,85,85,20,69,36,11,0,0],"gold":292,"neow_bonus":"THREE_ENEMY_KILL","is_daily":false,"chose_seed":false,"campfire_upgraded":4,"win_rate":0.0,"timestamp":1613677393,"path_taken":["M","?","?","M","?","R","M","R","T","E","M","R","?","M","R","BOSS","M","M","?"],"items_purchased_type":[],"build_version":"2020-12-22","purchased_purges":0,"victory":false,"max_hp_per_floor":[75,75,75,75,75,75,75,75,85,85,85,85,85,85,85,85,85,85,85,85,85],"relic_stats":{"counters":[11,33],"Pandora\u0027s Box":["Sever Soul","Headbutt","Twin Strike","Heavy Blade","Disarm","Immolate","Headbutt","Havoc","Corruption"],"obtain_stats":[{"Anchor":10,"Pear":9,"NeowsBlessing":0,"Pandora\u0027s Box":17,"Burning Blood":0},{"Anchor":4,"Pear":3,"NeowsBlessing":0,"Pandora\u0027s Box":8,"Burning Blood":0},{"Anchor":6,"Pear":3,"NeowsBlessing":0,"Pandora\u0027s Box":23,"Burning Blood":0}],"Burning Blood":44},"card_choices":[{"not_picked":["Armaments","Headbutt"],"picked":"Spot Weakness","floor":1},{"not_picked":["Infernal Blade","Warcry"],"picked":"Hemokinesis","floor":4},{"not_picked":["True Grit","Heavy Blade","Shrug It Off"],"picked":"SKIP","floor":7},{"not_picked":["Shrug It Off","Clothesline"],"picked":"Cleave","floor":10},{"not_picked":["Pommel Strike","True Grit"],"picked":"Searing Blow","floor":11},{"not_picked":["Dark Embrace","Ghostly Armor"],"picked":"Demon Form","floor":13},{"not_picked":["Fire Breathing","Sever Soul","Reckless Charge"],"picked":"SKIP","floor":14},{"not_picked":["Immolate","Juggernaut"],"picked":"Bludgeon","floor":16},{"not_picked":["Armaments","Metallicize","Thunderclap"],"picked":"SKIP","floor":18},{"not_picked":["Rampage","Infernal Blade","Sever Soul"],"picked":"SKIP","floor":19}],"player_experience":837725,"relics_obtained":[{"floor":9,"key":"Pear"},{"floor":10,"key":"Anchor"}],"event_choices":[{"damage_healed":0,"gold_gain":0,"player_choice":"Left Gold","damage_taken":0,"max_hp_gain":0,"max_hp_loss":0,"event_name":"World of Goop","floor":2,"gold_loss":69},{"damage_healed":0,"gold_gain":0,"player_choice":"Ignored","damage_taken":0,"max_hp_gain":0,"max_hp_loss":0,"event_name":"Liars Game","floor":3,"gold_loss":0},{"damage_healed":0,"gold_gain":50,"player_choice":"Pray","damage_taken":0,"max_hp_gain":0,"max_hp_loss":0,"event_name":"Golden Shrine","floor":5,"gold_loss":0}],"is_beta":false,"boss_relics":[{"not_picked":["Calling Bell","Fusion Hammer"],"picked":"Pandora\u0027s Box"}],"items_purged_floors":[],"is_endless":false,"potions_floor_spawned":[4,10,11,13],"killed_by":"Centurion and Healer","ascension_level":18}}