{"host":"vdohis8gfezcjpr9","time":1613655180,"event":{"mods":["2.2 Compatiblity","Abigail Mod","AchievementEnabler","Act Like it!","BaseMod","BetterRewards","Colored Powertips","Custom Start","Friendly Minions","Gensokyo","Kiyohime£¨?ýï£©","Koishi","Marisa£¨Ùöéë¡¡Øª×âÞÞ£©","Minty Spire (QoL Compilation)","Permanent Neow","Prisma Mod","Rare Cards Sparkle","Reimu£¨ÚÏ???£©","Shop Mod","StSLib","Swap Starting Deck Mod","The Animator"],"gold_per_floor":[111,122,134,134,214,214,241,241,241,241,256,256,272,301,301,400,400,414,137,137,62,62,62,62,62],"floor_reached":24,"language":"KOR","playtime":1146,"items_purged":["Writhe"],"score":293,"play_id":"a5c16955-002b-4cd2-afaa-f060246abe33","local_time":"20210218223300","is_ascension_mode":true,"campfire_choices":[{"floor":6,"key":"RECALL"},{"floor":8,"key":"REST"},{"data":"Gathering:ReiMu","floor":10,"key":"SMITH"},{"data":"SubcavityFantasy:ReiMu","floor":15,"key":"SMITH"},{"data":"DependentForm:ReiMu","floor":23,"key":"SMITH"}],"circlet_count":0,"master_deck":["TightArray:ReiMu","SpringWay:ReiMu","AirStrike:ReiMu","SafetyPray:ReiMu","Meditation:ReiMu","SafetyPray:ReiMu","SpringWay:ReiMu","OrbThrow:ReiMu","SpringWay:ReiMu","Gathering:ReiMu+1","CareerPray:ReiMu","CareerPray:ReiMu","RainPray2:ReiMu","OrbThrow:ReiMu","Free:ReiMu","SubcavityFantasy:ReiMu+1","DependentForm:ReiMu+1","Gensokyo:LockedMedkit","Gensokyo:TarnishedGold","Gensokyo:TrainingManual","Gensokyo:FourOfAKind","Gensokyo:FourOfAKind","Gensokyo:FourOfAKind","Gensokyo:FourOfAKind"],"relics":["FlyPower:ReiMu","Gensokyo:PortableGap","Eternal Feather","Gensokyo:NagashiBinaDoll","Gambling Chip","SacredBark","CheatingSign:ReiMu"],"acts_visited":["Gensokyo:Gensokyo","Gensokyo:Gensokyoer"],"potions_floor_usage":[16,16],"damage_taken":[{"damage":0,"enemies":"Gensokyo:3_Fairies","floor":1,"turns":5},{"damage":0,"enemies":"Gensokyo:Gryphon","floor":2,"turns":2},{"damage":0,"enemies":"Gensokyo:Python","floor":3,"turns":3},{"damage":15,"enemies":"Gensokyo:Aya","floor":7,"turns":5},{"damage":0,"enemies":"Gensokyo:LivingMonolith","floor":11,"turns":3},{"damage":0,"enemies":"Gensokyo:VengefulSpirit","floor":13,"turns":3},{"damage":0,"enemies":"Gensokyo:Mamizou","floor":14,"turns":5},{"damage":64,"enemies":"Gensokyo:Reimu","floor":16,"turns":11},{"damage":9,"enemies":"Gensokyo:CosmicMonolith","floor":18,"turns":3},{"damage":56,"enemies":"Gensokyo:Reisen","floor":24,"turns":3}],"seed_played":"2335461917944066852","potions_obtained":[{"floor":2,"key":"LiquidBronze"},{"floor":11,"key":"Ancient Potion"},{"floor":14,"key":"FairyPotion"}],"is_trial":false,"path_per_floor":["M","M","M","?","?","R","E","R","T","R","M","?","M","E","R","B",null,"M","COS","?","$","?","R","E"],"character_chosen":"REIMU","items_purchased":[],"campfire_rested":1,"item_purchase_floors":[],"current_hp_per_floor":[33,33,33,33,33,33,18,41,41,47,47,47,47,47,56,17,59,50,50,50,50,40,40,0,0],"gold":62,"neow_bonus":"","is_daily":false,"chose_seed":false,"campfire_upgraded":3,"win_rate":0.0,"timestamp":1613655180,"path_taken":["M","M","M","?","?","R","E","R","T","R","?","?","?","E","R","BOSS","M","COS","?","$","?","R","E"],"items_purchased_type":[],"build_version":"2020-12-22","purchased_purges":1,"victory":false,"max_hp_per_floor":[65,65,65,59,59,59,59,59,59,59,59,59,59,59,59,59,59,59,59,59,56,40,40,40,40],"card_choices":[{"not_picked":["SubcavityInstant:ReiMu","WonderfulDomain:ReiMu"],"picked":"Gathering:ReiMu","floor":1},{"not_picked":["Enchanting:ReiMu","WonderfulDomain:ReiMu"],"picked":"CareerPray:ReiMu","floor":2},{"not_picked":["SpiritualOutbreak2:ReiMu","SpringWay:ReiMu"],"picked":"CareerPray:ReiMu","floor":3},{"not_picked":["WonderfulDomain:ReiMu","Intuition:ReiMu"],"picked":"RainPray2:ReiMu","floor":7},{"not_picked":["WonderfulDomain:ReiMu","SpiritualOutbreak2:ReiMu"],"picked":"OrbThrow:ReiMu","floor":11},{"not_picked":["EmergencyTakeOff:ReiMu","Meditation:ReiMu"],"picked":"Free:ReiMu","floor":13},{"not_picked":["Amulet:ReiMu","LovePray:ReiMu"],"picked":"SubcavityFantasy:ReiMu","floor":14},{"not_picked":["RunawayExorcism:ReiMu","CardOfSanctity:ReiMu"],"picked":"DependentForm:ReiMu","floor":16},{"not_picked":["AlertArray:ReiMu","AirStrike:ReiMu","TightArray:ReiMu"],"picked":"SKIP","floor":18}],"player_experience":153622,"relics_obtained":[{"floor":7,"key":"Eternal Feather"},{"floor":14,"key":"Gambling Chip"}],"event_choices":[],"is_beta":false,"boss_relics":[{"not_picked":["RedLine:ReiMu","Snecko Eye"],"picked":"SacredBark"}],"items_purged_floors":[21],"is_endless":false,"potions_floor_spawned":[2,11,14],"killed_by":"Gensokyo:Reisen","ascension_level":4}}