{"host":"ij6v9c62x5hkpuac","time":1613663291,"event":{"mods":["BaseMod","BetterRewards","Minty Spire (QoL Compilation)","Permanent Neow","Prisma Mod","Shop Mod","StSLib","Td1madao Mod","The Animator","The Servant 0.9.4","Yuri Mod"],"gold_per_floor":[114,126,92,12,12,41,61,61,115,115,146,164,164,184,184,184,184],"floor_reached":16,"language":"ENG","playtime":576,"items_purged":[],"score":223,"play_id":"05bf6540-86dc-4fc2-a8e4-aca28a1a3d29","local_time":"20210218234811","is_ascension_mode":true,"campfire_choices":[{"data":"GearUp","floor":10,"key":"SMITH"},{"data":"Sabotage","floor":13,"key":"SMITH"},{"data":"Sabotage","floor":15,"key":"SMITH"}],"circlet_count":0,"master_deck":["AscendersBane","Strike_S","Strike_S","Strike_S","Defend_S","Defend_S","Defend_S","Defend_S","KidneyShot","Exchange","InstantArmor","Contraction","GearUp+1","Sabotage+1","Sabotage+1","TheWorld","Moonlight"],"relics":["Uniform","NeowsBlessing","Oddly Smooth Stone","Bronze Scales"],"acts_visited":["Exordium"],"potions_floor_usage":[11,16,16],"damage_taken":[{"damage":0,"enemies":"Cultist","floor":1,"turns":1},{"damage":0,"enemies":"2 Louse","floor":2,"turns":1},{"damage":0,"enemies":"Lagavulin","floor":6,"turns":2},{"damage":0,"enemies":"Jaw Worm","floor":7,"turns":4},{"damage":17,"enemies":"Gremlin Nob","floor":11,"turns":5},{"damage":0,"enemies":"Red Slaver","floor":12,"turns":4},{"damage":0,"enemies":"2 Fungi Beasts","floor":14,"turns":3},{"damage":53,"enemies":"Slime Boss","floor":16,"turns":12}],"seed_played":"-8418823714098321756","potions_obtained":[{"floor":1,"key":"Fruit Juice"},{"floor":7,"key":"Ancient Potion"},{"floor":12,"key":"SpeedPotion"}],"is_trial":false,"path_per_floor":["M","M","$","$","?","E","M","$","T","R","E","M","R","M","R","B"],"character_chosen":"THE_SERVANT","items_purchased":["GearUp","Sabotage"],"campfire_rested":0,"item_purchase_floors":[3,4],"current_hp_per_floor":[59,59,59,59,59,59,59,59,59,59,42,42,42,42,42,0,0],"gold":184,"neow_bonus":"THREE_ENEMY_KILL","is_daily":false,"chose_seed":false,"campfire_upgraded":3,"win_rate":0.0,"timestamp":1613663291,"path_taken":["M","?","?","$","?","E","M","$","T","R","E","?","R","M","R","BOSS"],"items_purchased_type":["Card","Card"],"build_version":"2020-12-22","purchased_purges":0,"victory":false,"max_hp_per_floor":[65,65,65,65,65,65,65,65,65,65,65,65,65,65,65,70,70],"card_choices":[{"not_picked":["SurpressingFire","Rearm"],"picked":"InstantArmor","floor":1},{"not_picked":["Advance","Collapse"],"picked":"Contraction","floor":2},{"not_picked":["Deadline","Rearm"],"picked":"Sabotage","floor":6},{"not_picked":["ShiftingGears","DualDimension","Unruled"],"picked":"SKIP","floor":7},{"not_picked":["Replace","Potential"],"picked":"TheWorld","floor":11},{"not_picked":["MoonPhase","Unruled"],"picked":"Moonlight","floor":12},{"not_picked":["Spin","Rewind","Manipulate"],"picked":"SKIP","floor":14}],"player_experience":681494,"relics_obtained":[{"floor":6,"key":"Oddly Smooth Stone"},{"floor":9,"key":"Bronze Scales"}],"event_choices":[{"cards_removed":["Strike_S"],"damage_healed":0,"gold_gain":0,"player_choice":"Purged","damage_taken":0,"max_hp_gain":0,"max_hp_loss":0,"event_name":"Purifier","floor":5,"gold_loss":0}],"is_beta":false,"boss_relics":[],"items_purged_floors":[],"is_endless":false,"potions_floor_spawned":[1,7,12],"killed_by":"Slime Boss","ascension_level":13}}