{"host":"5y2vm16xfq9gfmb2","time":1613616442,"event":{"mods":["AchievementEnabler","BaseMod","Better Third Choice","Colored Map","Colored Powertips","DeckTracker","Friendly Minions","Marisa????????","Minty Spire (QoL Compilation)","Rare Cards Sparkle","Relic Stats","StSLib","The Alterego","The Animator","The Marked","The Servant 0.9.4","Yohane!"],"gold_per_floor":[116,128,128,138,138,173,173,189,189,189,289,315,315,331,331,331,331],"floor_reached":16,"language":"ENG","playtime":690,"items_purged":[],"score":110,"play_id":"53740974-e1b4-423e-b59b-e4a00c3e8e17","local_time":"20210217214722","is_ascension_mode":false,"campfire_choices":[{"floor":7,"key":"REST"},{"floor":13,"key":"REST"},{"floor":15,"key":"REST"}],"circlet_count":0,"master_deck":["alterego_mod:Strike","alterego_mod:Strike","alterego_mod:Strike","alterego_mod:Strike","alterego_mod:Defend","alterego_mod:Defend","alterego_mod:Defend","alterego_mod:Defend","alterego_mod:Impale","alterego_mod:BigMeatyClaws","alterego_mod:BrynhildrsRune","alterego_mod:IndependentAction","alterego_mod:BiFurious","alterego_mod:GachaTicket","alterego_mod:SakuraFive","alterego_mod:BiFurious","alterego_mod:BigMeatyClaws","alterego_mod:GachaTicket","alterego_mod:Crossover","alterego_mod:Mirror"],"relics":["alterego_mod:MasochisticConstitution","NeowsBlessing","Juzu Bracelet","Letter Opener"],"acts_visited":["Exordium"],"potions_floor_usage":[8,12],"damage_taken":[{"damage":0,"enemies":"Cultist","floor":1,"turns":1},{"damage":0,"enemies":"Jaw Worm","floor":2,"turns":1},{"damage":0,"enemies":"2 Louse","floor":4,"turns":1},{"damage":58,"enemies":"Lagavulin","floor":6,"turns":9},{"damage":22,"enemies":"Gremlin Gang","floor":8,"turns":5},{"damage":14,"enemies":"Gremlin Nob","floor":12,"turns":3},{"damage":21,"enemies":"Red Slaver","floor":14,"turns":5},{"damage":47,"enemies":"Slime Boss","floor":16,"turns":11}],"seed_played":"2654012468664113688","potions_obtained":[{"floor":6,"key":"DuplicationPotion"},{"floor":8,"key":"BlessingOfTheForge"}],"is_trial":false,"path_per_floor":["M","M","?","M","?","E","R","M","T","?","?","E","R","M","R","B"],"character_chosen":"The_Alterego","items_purchased":[],"campfire_rested":3,"item_purchase_floors":[],"current_hp_per_floor":[70,70,70,70,70,13,34,20,20,20,20,7,28,8,30,0,0],"gold":331,"neow_bonus":"THREE_ENEMY_KILL","is_daily":false,"chose_seed":false,"campfire_upgraded":0,"win_rate":0.0,"timestamp":1613616442,"path_taken":["M","M","?","?","?","E","R","M","T","?","?","E","R","M","R","BOSS"],"items_purchased_type":[],"build_version":"2020-12-22","purchased_purges":0,"victory":false,"max_hp_per_floor":[70,70,70,70,70,71,71,72,72,72,72,73,73,74,74,74,74],"relic_stats":{"counters":[8,36],"Juzu Bracelet":1,"Letter Opener":[30],"obtain_stats":[{"alterego_mod:MasochisticConstitution":0,"NeowsBlessing":0,"Juzu Bracelet":6,"Letter Opener":12},{"alterego_mod:MasochisticConstitution":0,"NeowsBlessing":0,"Juzu Bracelet":4,"Letter Opener":6},{"alterego_mod:MasochisticConstitution":0,"NeowsBlessing":0,"Juzu Bracelet":12,"Letter Opener":20}]},"card_choices":[{"not_picked":["alterego_mod:DeftHands","alterego_mod:Skirt"],"picked":"alterego_mod:TrashNCrash","floor":1},{"not_picked":["alterego_mod:Lingerie","alterego_mod:SakuraLabyrinth"],"picked":"alterego_mod:Bounce","floor":2},{"not_picked":["alterego_mod:1TonWallop","alterego_mod:BustOut"],"picked":"alterego_mod:BiFurious","floor":4},{"not_picked":["alterego_mod:SakuraLabyrinth","alterego_mod:Table"],"picked":"alterego_mod:SakuraFive","floor":6},{"not_picked":["alterego_mod:Lingerie","alterego_mod:Valentines"],"picked":"alterego_mod:BiFurious","floor":8},{"not_picked":["alterego_mod:BiFurious","alterego_mod:Cooking"],"picked":"alterego_mod:Crossover","floor":12},{"not_picked":["alterego_mod:Bounce","alterego_mod:Table"],"picked":"alterego_mod:Mirror","floor":14}],"player_experience":143051,"relics_obtained":[{"floor":6,"key":"Juzu Bracelet"},{"floor":12,"key":"Letter Opener"}],"event_choices":[{"damage_healed":0,"gold_gain":0,"cards_transformed":["alterego_mod:TrashNCrash"],"player_choice":"Transformed","damage_taken":0,"max_hp_gain":0,"max_hp_loss":0,"event_name":"Transmorgrifier","floor":3,"gold_loss":0,"cards_obtained":["alterego_mod:IndependentAction"]},{"damage_healed":0,"gold_gain":0,"cards_transformed":["alterego_mod:Bounce"],"player_choice":"Change","damage_taken":0,"max_hp_gain":0,"max_hp_loss":0,"event_name":"Living Wall","floor":5,"gold_loss":0,"cards_obtained":["alterego_mod:GachaTicket"]},{"damage_healed":0,"gold_gain":0,"player_choice":"2 cards matched","damage_taken":0,"max_hp_gain":0,"max_hp_loss":0,"event_name":"Match and Keep!","floor":10,"gold_loss":0,"cards_obtained":["alterego_mod:BigMeatyClaws","alterego_mod:GachaTicket"]},{"damage_healed":0,"gold_gain":100,"player_choice":"Gold","damage_taken":0,"max_hp_gain":0,"max_hp_loss":0,"event_name":"Wheel of Change","floor":11,"gold_loss":0}],"is_beta":false,"boss_relics":[],"items_purged_floors":[],"is_endless":false,"potions_floor_spawned":[6,8],"killed_by":"Slime Boss","ascension_level":0}}