{"host":"am0cr9xwekqmrere","time":1613666624,"event":{"mods":["AchievementEnabler","Act Like it!","BaseMod","Better Altar","Better Match","Better Note","Better Sensory Stone","Better Skull","Better Third Choice","BetterRewards","Conspire","Downfall","Hubris","Infinite Spire","Marisa????????","Minty Spire (QoL Compilation)","Rare Cards Sparkle","Spicy Shops","StSLib","The Servant 0.9.4","Unceasing Turn Reminder"],"gold_per_floor":[118,138,0,18,34,34,52,52,52,2,21,21,41,41,41],"floor_reached":14,"language":"ENG","playtime":610,"items_purged":[],"score":84,"play_id":"56b3eea8-a9ba-4deb-b432-3a568e5f3926","local_time":"20210218104344","is_ascension_mode":false,"campfire_choices":[{"data":"Enlightenment","floor":6,"key":"SMITH"},{"data":"BottledTime","floor":12,"key":"SMITH"}],"circlet_count":0,"master_deck":["Strike_S","Strike_S","Strike_S","Strike_S","Defend_S","Defend_S","Defend_S","Defend_S","KidneyShot","Exchange","DoubleEdge","Moondial","Enlightenment+1","Alleviate","Shuttle","Ricochet","BottledTime+1","Snipe"],"relics":["Uniform","Golden Idol","The Courier"],"acts_visited":["Exordium"],"potions_floor_usage":[2,4,4,11],"damage_taken":[{"damage":0,"enemies":"Cultist","floor":1,"turns":4},{"damage":4,"enemies":"Small Slimes","floor":2,"turns":4},{"damage":0,"enemies":"2 Louse","floor":4,"turns":1},{"damage":1,"enemies":"Blue Slaver","floor":5,"turns":4},{"damage":8,"enemies":"2 Fungi Beasts","floor":7,"turns":5},{"damage":17,"enemies":"Exordium Thugs","floor":11,"turns":4},{"damage":5,"enemies":"Looter","floor":13,"turns":3},{"damage":40,"enemies":"Lagavulin","floor":14,"turns":6}],"seed_played":"6069418920735141781","potions_obtained":[{"floor":0,"key":"bronze:BurnAndBuffPotion"},{"floor":0,"key":"Guardian:BlockOnCardUsePotion"},{"floor":0,"key":"Weak Potion"},{"floor":1,"key":"DistilledChaos"},{"floor":2,"key":"AttackPotion"},{"floor":7,"key":"sneckomod:MuddlingPotion"}],"is_trial":false,"path_per_floor":["M","M","?","M","M","R","M","?","T","?","M","R","M","E"],"character_chosen":"THE_SERVANT","items_purchased":[],"campfire_rested":0,"item_purchase_floors":[],"current_hp_per_floor":[65,61,67,67,66,66,58,58,58,58,41,41,36,0,0],"gold":41,"neow_bonus":"THREE_SMALL_POTIONS","is_daily":false,"chose_seed":false,"campfire_upgraded":2,"win_rate":0.0,"timestamp":1613666624,"path_taken":["M","?","?","M","M","R","M","?","T","?","M","R","M","E"],"items_purchased_type":[],"build_version":"2020-12-22","purchased_purges":0,"victory":false,"max_hp_per_floor":[65,65,71,71,71,71,71,71,71,71,71,71,71,71,71],"card_choices":[{"not_picked":["Replace","StarChef"],"picked":"DoubleEdge","floor":1},{"not_picked":["Alleviate","BottledTime"],"picked":"Moondial","floor":2},{"not_picked":["DualDimension","Reset"],"picked":"Alleviate","floor":4},{"not_picked":["PendulumOfEternity","BottledTime"],"picked":"Shuttle","floor":5},{"not_picked":["ShatteredReality","Advance"],"picked":"Ricochet","floor":7},{"not_picked":["Sabotage","Unruled"],"picked":"BottledTime","floor":11},{"not_picked":["Moondial","Spin"],"picked":"Snipe","floor":13}],"player_experience":2823998,"relics_obtained":[{"floor":9,"key":"The Courier"}],"event_choices":[{"damage_healed":0,"gold_gain":0,"player_choice":"RENOUNCE","damage_taken":138,"max_hp_gain":0,"max_hp_loss":0,"event_name":"betterThird:BetterSerpent","floor":3,"gold_loss":138,"cards_obtained":["Enlightenment"]},{"damage_healed":0,"gold_gain":0,"player_choice":"Take Wound","damage_taken":0,"relics_obtained":["Golden Idol"],"max_hp_gain":0,"max_hp_loss":0,"event_name":"Golden Idol","floor":8,"gold_loss":0,"cards_obtained":["Injury"]},{"cards_removed":["Injury"],"damage_healed":0,"gold_gain":0,"player_choice":"Card Removal","damage_taken":0,"max_hp_gain":0,"max_hp_loss":0,"event_name":"The Cleric","floor":10,"gold_loss":50}],"is_beta":false,"boss_relics":[],"items_purged_floors":[],"is_endless":false,"potions_floor_spawned":[1,2,7],"killed_by":"Lagavulin","ascension_level":0}}