{"host":"cqp8djd9d6qkqkjg","time":1613646261,"event":{"mods":["Act Like it!","BaseMod","Downfall","Hermit","Marisa£®ÏF”Í°°ƒß¿Ì…≥£©","Minty Spire (QoL Compilation)","READ ME - Guardian Mod","Reimu£®≤©¿ˆ¡È√Œ£©","Reliquary","Replay The Spire","StSLib","Yakumo Yukari mod"],"gold_per_floor":[117,117,117,127,140,173,173,186,186,186,201,213,245,22,22,126,126,143,158,158,58,158,158,189,189,189,222,222,241,331,342,342,439,439,459,475,244,244,254,254,254],"floor_reached":40,"language":"ZHS","playtime":2940,"items_purged":["Strike_R","Strike_R","Parasite"],"score":523,"play_id":"085f4ba4-f95f-4bc8-9e47-aec1379379c7","local_time":"20210218190421","is_ascension_mode":true,"campfire_choices":[{"data":"Inflame","floor":7,"key":"SMITH"},{"data":"Seeing Red","floor":10,"key":"SMITH"},{"floor":15,"key":"REST"},{"data":"Corruption","floor":23,"key":"SMITH"},{"data":"Sword Boomerang","floor":25,"key":"SMITH"},{"data":"Sword Boomerang","floor":28,"key":"SMITH"},{"data":"Sentinel","floor":32,"key":"SMITH"}],"circlet_count":0,"master_deck":["Strike_R","Strike_R","Strike_R","Defend_R+1","Defend_R","Defend_R","Defend_R+1","Bash","Intimidate+1","Seeing Red+1","Inflame+1","Sword Boomerang+1","Spot Weakness+1","Ghostly Armor+1","Shrug It Off+1","Corruption+1","Sword Boomerang+1","Sentinel+1","Sentinel+1","Offering","Headbutt+1","Deep Breath","Crow Ritual","Dark Embrace"],"relics":["Burning Blood","NeowsBlessing","Matryoshka","Quantum Egg","Incense Burner","Mastiff:ReiMu","Brimstone","Philosopher\u0027s Stone","ReplayTheSpireMod:Lightbulb","reliquary:Buckler","Question Card","War Paint","Sozu","ReplayTheSpireMod:CursedCoin"],"acts_visited":["Exordium","TheCity","TheBeyond"],"potions_floor_usage":[6,11,12,24,24,33,33],"damage_taken":[{"damage":0,"enemies":"Cultist","floor":1,"turns":1},{"damage":0,"enemies":"2 Louse","floor":4,"turns":1},{"damage":0,"enemies":"Jaw Worm","floor":5,"turns":1},{"damage":16,"enemies":"Gremlin Nob","floor":6,"turns":3},{"damage":15,"enemies":"Exordium Thugs","floor":8,"turns":5},{"damage":11,"enemies":"3 Louse","floor":11,"turns":3},{"damage":19,"enemies":"Gremlin Gang","floor":12,"turns":4},{"damage":32,"enemies":"3 Sentries","floor":13,"turns":7},{"damage":10,"enemies":"The Guardian","floor":16,"turns":7},{"damage":8,"enemies":"Spheric Guardian","floor":18,"turns":5},{"damage":8,"enemies":"Chosen","floor":19,"turns":4},{"damage":21,"enemies":"Replay:Snechameleon","floor":24,"turns":5},{"damage":9,"enemies":"Book of Stabbing","floor":27,"turns":5},{"damage":2,"enemies":"3 Cultists","floor":29,"turns":4},{"damage":14,"enemies":"Sentry and Sphere","floor":31,"turns":3},{"damage":6,"enemies":"Automaton","floor":33,"turns":5},{"damage":1,"enemies":"3 Darklings","floor":35,"turns":3},{"damage":12,"enemies":"3 Shapes","floor":36,"turns":3},{"damage":9,"enemies":"Writhing Mass","floor":39,"turns":3},{"damage":85,"enemies":"Reptomancer","floor":40,"turns":3}],"seed_played":"-6963784835793593505","potions_obtained":[{"floor":4,"key":"LiquidMemories"},{"floor":6,"key":"GrandPatriotsElixir:ReiMu"},{"floor":8,"key":"MagicPotion:ReiMu"},{"floor":11,"key":"AttackPotion"},{"floor":12,"key":"SpeedPotion"},{"floor":19,"key":"Fire Potion"},{"floor":27,"key":"ElixirPotion"},{"floor":31,"key":"Milkshake"}],"is_trial":false,"path_per_floor":["M","?","?","M","M","E","R","M","T","R","M","M","E","$","R","B",null,"M","M","?","$","?","R","E","R","T","E","R","M","?","M","R","B",null,"M","M","$","?","M","E"],"character_chosen":"IRONCLAD","items_purchased":["Brimstone","ReplayTheSpireMod:CursedCoin","Deep Breath","Crow Ritual"],"campfire_rested":1,"item_purchase_floors":[14,37,37,37],"current_hp_per_floor":[80,64,80,80,80,70,70,61,61,61,56,43,17,17,41,37,80,78,76,76,76,76,76,61,61,61,58,58,62,50,42,42,42,80,80,74,74,74,71,0,0],"gold":254,"neow_bonus":"THREE_ENEMY_KILL","is_daily":false,"chose_seed":false,"campfire_upgraded":6,"win_rate":0.0,"timestamp":1613646261,"path_taken":["M","?","?","M","M","E","R","M","T","R","?","M","E","$","R","BOSS","M","M","?","$","?","R","E","R","T","E","R","?","?","M","R","BOSS","M","M","$","?","?","E"],"items_purchased_type":["Relic","Relic","Card","Card"],"build_version":"2020-12-22","purchased_purges":3,"victory":false,"max_hp_per_floor":[80,80,80,80,80,80,80,80,80,80,80,80,80,80,80,80,80,80,80,80,80,80,80,80,80,80,80,80,80,80,80,80,80,80,80,80,77,77,77,77,77],"card_choices":[{"not_picked":["True Grit","Iron Wave"],"picked":"Intimidate","floor":1},{"not_picked":["Spot Weakness","Clothesline"],"picked":"Seeing Red","floor":4},{"not_picked":["Combust","Intimidate"],"picked":"Inflame","floor":5},{"not_picked":["Hemogenesis","Power Through"],"picked":"Sword Boomerang","floor":6},{"not_picked":["Sword Boomerang","Clothesline"],"picked":"Spot Weakness","floor":8},{"not_picked":["Reckless Charge","Combust"],"picked":"Ghostly Armor","floor":11},{"not_picked":["Carnage","Twin Strike"],"picked":"Shrug It Off","floor":12},{"not_picked":["Blood for Blood","Anger","Thunderclap"],"picked":"SKIP","floor":13},{"not_picked":["Barricade","Impervious"],"picked":"Corruption","floor":16},{"not_picked":["Run Through","Clothesline","ReplayTheSpireMod:LeadingStrike"],"picked":"SKIP","floor":18},{"not_picked":["Warcry","True Grit"],"picked":"Sword Boomerang","floor":19},{"not_picked":["Anger","Berserk"],"picked":"Sentinel+1","floor":24},{"not_picked":["Iron Wave","Blood for Blood","Entrench","Defy Death"],"picked":"SKIP","floor":27},{"not_picked":["Abandon","Reckless Charge","Headbutt"],"picked":"Sentinel","floor":29},{"not_picked":["Pommel Strike","ReplayTheSpireMod:Strike From Hell","Abandon+1","ReplayTheSpireMod:LeadingStrike"],"picked":"SKIP","floor":31},{"not_picked":["Berserk","Fiend Fire","Eclipse"],"picked":"Offering","floor":33},{"not_picked":["Havoc","Rampage+1","ReplayTheSpireMod:LeadingStrike+1","Anger"],"picked":"SKIP","floor":35},{"not_picked":["Heavy Blade","Sword Boomerang","Anger"],"picked":"Headbutt+1","floor":36},{"not_picked":["Intimidate+1","Clash+1","Wild Strike+1","Iron Wave+1"],"picked":"SKIP","floor":39}],"player_experience":301140,"relics_obtained":[{"floor":6,"key":"Matryoshka"},{"floor":9,"key":"Quantum Egg"},{"floor":9,"key":"Incense Burner"},{"floor":13,"key":"Mastiff:ReiMu"},{"floor":24,"key":"ReplayTheSpireMod:Lightbulb"},{"floor":26,"key":"reliquary:Buckler"},{"floor":26,"key":"Question Card"},{"floor":27,"key":"War Paint"}],"event_choices":[{"damage_healed":0,"gold_gain":0,"player_choice":"Entered Light","damage_taken":16,"max_hp_gain":0,"max_hp_loss":0,"event_name":"Shining Light","floor":2,"gold_loss":0,"cards_upgraded":["Defend_R","Intimidate"]},{"damage_healed":26,"gold_gain":0,"player_choice":"Banana","damage_taken":0,"max_hp_gain":0,"max_hp_loss":0,"event_name":"Big Fish","floor":3,"gold_loss":0},{"damage_healed":0,"gold_gain":0,"player_choice":"Ignored","damage_taken":0,"max_hp_gain":0,"max_hp_loss":0,"event_name":"Vampires","floor":20,"gold_loss":0},{"damage_healed":0,"gold_gain":100,"player_choice":"Pray","damage_taken":0,"max_hp_gain":0,"max_hp_loss":0,"event_name":"Golden Shrine","floor":22,"gold_loss":0},{"damage_healed":0,"gold_gain":90,"player_choice":"GOLD ","damage_taken":12,"max_hp_gain":0,"max_hp_loss":0,"event_name":"Knowing Skull","floor":30,"potions_obtained":[],"gold_loss":0,"cards_obtained":[]},{"damage_healed":0,"gold_gain":0,"player_choice":"1 cards matched","damage_taken":0,"max_hp_gain":0,"max_hp_loss":0,"event_name":"Match and Keep!","floor":38,"gold_loss":0,"cards_obtained":["Dark Embrace"]}],"is_beta":false,"boss_relics":[{"not_picked":["reliquary:Craggleroot","Tiny House"],"picked":"Philosopher\u0027s Stone"},{"not_picked":["reliquary:RedPaperclip","Runic Cube"],"picked":"Sozu"}],"items_purged_floors":[14,21,37],"is_endless":false,"potions_floor_spawned":[4,6,8,11,12,19,24,27,31,36,39],"killed_by":"Reptomancer","ascension_level":4}}