{"host":"3uci9gpt6cwo3y1o","time":1613625262,"event":{"mods":["Aspiration","BaseMod","Bossed Relics","Energized Spire","Minty Spire (QoL Compilation)","MostiFishMod","Reliquary","StSLib","TestMod"],"gold_per_floor":[111,111,130,150,150,178,178,203,226,244,257,283,299,333,333,404,404,423,465,465,465,390,449,494,549,595,652,395,395,423,467,467,539,539,584,584,630,351,367,432,432,492,492,274,274,639,639,679,679,693,693,693,265,320,320],"floor_reached":56,"language":"ZHS","playtime":2085,"items_purged":["Strike_P","Defend_P","Strike_P","Strike_P","Defend_P"],"score":2875,"play_id":"39ddbac9-c33e-4068-bb5a-38c4cf0e28dc","local_time":"20210218131422","is_ascension_mode":true,"campfire_choices":[{"data":"TalkToTheHand","floor":7.0,"key":"SMITH"},{"data":"Collect","floor":15.0,"key":"SMITH"},{"data":"Wish","floor":29.0,"key":"SMITH"},{"data":"Adaptation","floor":32,"key":"SMITH"},{"data":"MentalFortress","floor":41,"key":"SMITH"},{"data":"Panacea","floor":47,"key":"SMITH"},{"floor":49,"key":"RECALL"},{"data":"Tantrum","floor":52,"key":"SMITH"}],"circlet_count":0,"master_deck":["AscendersBane","Eruption+1","Vigilance","Panacea+1","Tantrum+1","TalkToTheHand+1","Collect+1","Indignation","MentalFortress+1","Prostrate+1","Adaptation+1","FearNoEvil+1","Adaptation+1","LessonLearned+1","Crescendo+1","Brilliance+1","MostiFishMod:FlowState+1","DeusExMachina"],"relics":["PureWater","DaveBox","testmod-TestBox","RhineSuit","testmod-EqualTreatment","SynthV:TestCard","Vajra","Singing Bowl","Bottled Flame","testmod-DragonStarHat","FossilizedHelix","testmod-Prudence","Akabeko","GoldenEye","Strawberry","Civilization","reliquary:Vitrine","testmod-GoldenSoul","Bronze Scales","PreservedInsect","testmod-InjuryResistance","Old Coin","reliquary:MudwinsCradle","reliquary:PartyBalloon"],"acts_visited":["TheCity","TheBeyond","TheEnding"],"potions_floor_usage":[39,48,55,55,55,55],"damage_taken":[{"damage":0.0,"enemies":"Small Slimes","floor":1.0,"turns":2.0},{"damage":4.0,"enemies":"2 Louse","floor":3.0,"turns":2.0},{"damage":0.0,"enemies":"Cultist","floor":4.0,"turns":2.0},{"damage":0.0,"enemies":"Lagavulin","floor":6.0,"turns":4.0},{"damage":0.0,"enemies":"Gremlin Nob","floor":8.0,"turns":3.0},{"damage":0.0,"enemies":"Lots of Slimes","floor":10.0,"turns":1.0},{"damage":0.0,"enemies":"2 Fungi Beasts","floor":11.0,"turns":2.0},{"damage":0.0,"enemies":"Lagavulin","floor":12.0,"turns":4.0},{"damage":0.0,"enemies":"Blue Slaver","floor":13.0,"turns":1.0},{"damage":0.0,"enemies":"Gremlin Nob","floor":14.0,"turns":3.0},{"damage":0.0,"enemies":"Slime Boss","floor":16.0,"turns":4.0},{"damage":0.0,"enemies":"Chosen","floor":18.0,"turns":2.0},{"damage":5.0,"enemies":"Spheric Guardian","floor":19.0,"turns":4.0},{"damage":33.0,"enemies":"Book of Stabbing","floor":23.0,"turns":4.0},{"damage":0.0,"enemies":"Centurion and Healer","floor":24.0,"turns":5.0},{"damage":0.0,"enemies":"Gremlin Leader","floor":25.0,"turns":3.0},{"damage":7.0,"enemies":"Book of Stabbing","floor":27.0,"turns":4.0},{"damage":0.0,"enemies":"Slavers","floor":30.0,"turns":1.0},{"damage":8,"enemies":"Snake Plant","floor":31,"turns":3},{"damage":0,"enemies":"Champ","floor":33,"turns":4},{"damage":0,"enemies":"3 Shapes","floor":35,"turns":5},{"damage":21,"enemies":"Orb Walker","floor":37,"turns":4},{"damage":8,"enemies":"Sphere and 2 Shapes","floor":39,"turns":1},{"damage":0,"enemies":"Reptomancer","floor":40,"turns":3},{"damage":0,"enemies":"Nemesis","floor":42,"turns":5},{"damage":0,"enemies":"Giant Head","floor":46,"turns":4},{"damage":0,"enemies":"3 Darklings","floor":48,"turns":2},{"damage":37,"enemies":"Time Eater","floor":50,"turns":5},{"damage":37,"enemies":"Shield and Spear","floor":54,"turns":3},{"damage":0,"enemies":"The Heart","floor":55,"turns":4}],"seed_played":"-7054066168900758442","potions_obtained":[{"floor":4.0,"key":"BlessingOfTheForge"},{"floor":6.0,"key":"Strength Potion"},{"floor":8.0,"key":"testmod-SpacePotion"},{"floor":11.0,"key":"Swift Potion"},{"floor":14.0,"key":"DistilledChaos"},{"floor":23.0,"key":"SteroidPotion"},{"floor":24.0,"key":"StancePotion"},{"floor":30.0,"key":"testmod-SpacePotion"},{"floor":31,"key":"DuplicationPotion"},{"floor":33,"key":"Block Potion"},{"floor":35,"key":"testmod-TestPotion"},{"floor":39,"key":"BlessingOfTheForge"},{"floor":46,"key":"GamblersBrew"},{"floor":54,"key":"Energy Potion"}],"is_trial":false,"path_per_floor":["M","?","M","M","?","E","R","E","T","M","M","E","M","E","R","B",null,"M","M","?","?","$","E","M","E","T","E","$","R","E","M","R","B",null,"M","?","M","$","M","E","R","E","T","$","?","E","R","M","R","B",null,"R","$","E","B",null],"character_chosen":"WATCHER","items_purchased":["Civilization","LessonLearned","Brilliance","reliquary:MudwinsCradle"],"campfire_rested":0,"item_purchase_floors":[28,38,44,53],"current_hp_per_floor":[61,56,52,52,52,54,54,56,56,58,58,60,60,62,62,62,74,76,71,71,71,71,40,40,42,49,44,44,44,49,45,45,52,27,34,34,20,20,19,24,24,31,31,31,31,38,38,43,43,11,61,61,61,29,34],"gold":320,"neow_bonus":"RANDOM_COLORLESS","is_daily":false,"chose_seed":false,"campfire_upgraded":7,"win_rate":0.0,"timestamp":1613625262,"path_taken":["M","?","M","M","?","E","R","E","T","?","?","E","M","E","R","BOSS","M","?","?","?","$","E","M","E","T","E","$","R","E","M","R","BOSS","M","?","M","$","?","E","R","E","T","?","?","E","R","M","R","BOSS","R","$","E","BOSS"],"items_purchased_type":["Relic","Card","Card","Relic"],"build_version":"2020-12-22","purchased_purges":5,"victory":true,"max_hp_per_floor":[68,68,68,68,68,70,70,72,72,74,74,76,76,78,78,78,78,80,80,80,80,80,82,82,84,91,93,93,93,98,102,102,109,27,34,34,41,41,48,53,53,60,60,60,60,67,67,72,72,77,77,77,77,82,87],"card_choices":[{"not_picked":["Jack Of All Trades","testmod-LifeRuler"],"picked":"Panacea","floor":0.0},{"not_picked":["EmptyBody","JustLucky"],"picked":"Tantrum","floor":1.0},{"not_picked":["FlyingSleeves","CrushJoints","Worship","LikeWater","Protect"],"picked":"SKIP","floor":3.0},{"not_picked":["EmptyBody","Crescendo","Nirvana","PathToVictory"],"picked":"TalkToTheHand","floor":4.0},{"not_picked":["Crescendo","Tantrum","WreathOfFlame","BowlingBash","ClearTheMind"],"picked":"Singing Bowl","floor":6.0},{"not_picked":["Nirvana","MostiFishMod:Pointsdynamics","CrushJoints","Evaluate","MostiFishMod:OutWit"],"picked":"Singing Bowl","floor":8.0},{"not_picked":["Consecrate","CutThroughFate","Wireheading","Prostrate","SashWhip"],"picked":"Singing Bowl","floor":10.0},{"not_picked":["Study","FlurryOfBlows","Sanctity","FlyingSleeves"],"picked":"Indignation","floor":11.0},{"not_picked":["MostiFishMod:StarWish","ClearTheMind","Judgement","MostiFishMod:FlowState","Evaluate"],"picked":"Singing Bowl","floor":12.0},{"not_picked":["FlyingSleeves","BowlingBash","Weave","Prostrate"],"picked":"MentalFortress","floor":13.0},{"not_picked":["SashWhip","ClearTheMind","MostiFishMod:Unraveling","CrushJoints","MostiFishMod:FlowState"],"picked":"Singing Bowl","floor":14.0},{"not_picked":["ConjureBlade","MostiFishMod:Unraveling","SpiritShield","MostiFishMod:StarWish"],"picked":"Wish","floor":16.0},{"not_picked":["Conclude","PathToVictory","DeceiveReality","CutThroughFate","ThirdEye"],"picked":"Singing Bowl","floor":18.0},{"not_picked":["WindmillStrike","PathToVictory","EmptyBody","SignatureMove"],"picked":"Prostrate+1","floor":19.0},{"not_picked":["MostiFishMod:LegendTransform","Tantrum","MostiFishMod:Nomercy","Halt","ClearTheMind"],"picked":"Singing Bowl","floor":23.0},{"not_picked":["BowlingBash","JustLucky","MentalFortress","EmptyBody"],"picked":"Adaptation","floor":24.0},{"not_picked":["Weave","MostiFishMod:FlowState","Protect","Crescendo","BowlingBash"],"picked":"Singing Bowl","floor":25.0},{"not_picked":["MostiFishMod:Moonprays","ClearTheMind","Weave","MostiFishMod:Speedup","PathToVictory"],"picked":"Singing Bowl","floor":27.0},{"not_picked":["FollowUp+1","MostiFishMod:OutWit","Evaluate","PathToVictory","BowlingBash"],"picked":"Singing Bowl","floor":30.0},{"not_picked":["Weave","FollowUp","ReachHeaven","SashWhip"],"picked":"FearNoEvil","floor":31},{"not_picked":["MostiFishMod:OutWit","Wish","MostiFishMod:StarOceanP","MostiFishMod:StarLaLaLa","MostiFishMod:Disappear"],"picked":"Singing Bowl","floor":33},{"not_picked":["BowlingBash","EmptyBody+1","MostiFishMod:LegendTransform","EmptyFist","Evaluate"],"picked":"Singing Bowl","floor":35},{"not_picked":["BowlingBash","Adaptation","EmptyBody","Prostrate","FlurryOfBlows"],"picked":"Singing Bowl","floor":37},{"not_picked":["Crescendo","EmptyFist+1","MostiFishMod:Nomercy","WindmillStrike","SignatureMove"],"picked":"Singing Bowl","floor":39},{"not_picked":["CrushJoints","MostiFishMod:Nomercy","MostiFishMod:StarOceanP","Halt"],"picked":"Crescendo+1","floor":40},{"not_picked":["FollowUp","FearNoEvil","Crescendo","Perseverance","Consecrate"],"picked":"Singing Bowl","floor":42},{"not_picked":["JustLucky","MostiFishMod:KamiSmash","EmptyMind","SashWhip+1","Tantrum"],"picked":"Singing Bowl","floor":46},{"not_picked":["Crescendo","Adaptation","Halt","FlurryOfBlows"],"picked":"MostiFishMod:FlowState+1","floor":48},{"not_picked":["Protect","Tantrum","WaveOfTheHand","Prostrate"],"picked":"DeusExMachina","floor":54}],"player_experience":915942,"relics_obtained":[{"floor":1.0,"key":"SynthV:TestCard"},{"floor":6.0,"key":"Singing Bowl"},{"floor":8.0,"key":"Bottled Flame"},{"floor":12.0,"key":"testmod-DragonStarHat"},{"floor":14.0,"key":"FossilizedHelix"},{"floor":23.0,"key":"Akabeko"},{"floor":25.0,"key":"GoldenEye"},{"floor":26.0,"key":"Strawberry"},{"floor":30.0,"key":"reliquary:Vitrine"},{"floor":40,"key":"Bronze Scales"},{"floor":42,"key":"PreservedInsect"},{"floor":43,"key":"testmod-InjuryResistance"},{"floor":46,"key":"Old Coin"},{"floor":54,"key":"reliquary:PartyBalloon"}],"event_choices":[{"damage_healed":0.0,"max_hp_gain":0.0,"max_hp_loss":0.0,"gold_gain":0.0,"event_name":"Scrap Ooze","player_choice":"Success","floor":2.0,"gold_loss":0.0,"damage_taken":5.0,"relics_obtained":["Vajra"]},{"damage_healed":0.0,"max_hp_gain":0.0,"max_hp_loss":0.0,"gold_gain":0.0,"cards_transformed":["Strike_P"],"event_name":"Transmorgrifier","player_choice":"Transformed","floor":5.0,"gold_loss":0.0,"damage_taken":0.0,"cards_obtained":["Collect"]},{"cards_removed":["Defend_P"],"damage_healed":0.0,"max_hp_gain":0.0,"max_hp_loss":0.0,"gold_gain":0.0,"event_name":"Back to Basics","player_choice":"Elegance","floor":20.0,"gold_loss":0.0,"damage_taken":0.0},{"cards_removed":["Defend_P"],"damage_healed":0.0,"max_hp_gain":0.0,"max_hp_loss":0.0,"gold_gain":0.0,"event_name":"Bonfire Elementals","player_choice":"Offered Basic","floor":21.0,"gold_loss":0.0,"damage_taken":0.0},{"damage_healed":0,"gold_gain":0,"player_choice":"Copied","damage_taken":0,"max_hp_gain":0,"max_hp_loss":0,"event_name":"Duplicator","floor":36,"gold_loss":0,"cards_obtained":["Adaptation"]},{"damage_healed":0,"gold_gain":0,"player_choice":"Ignored","damage_taken":0,"max_hp_gain":0,"max_hp_loss":0,"event_name":"Tomb of Lord Red Mask","floor":45,"gold_loss":0}],"is_beta":false,"boss_relics":[{"not_picked":["reliquary:RedCape","aspiration:SecretTechniqueScroll"],"picked":"testmod-Prudence"},{"not_picked":["energizedSpire:EnergizedDie","reliquary:ThirdArm"],"picked":"testmod-GoldenSoul"}],"items_purged_floors":[22,28,38,44,53],"is_endless":false,"potions_floor_spawned":[4,6,8,11,14,16,23,24,30,31,33,35,39,46,54],"ascension_level":15}}