{"host":"p7cjtxxrilhp4dw7","time":1613613479,"event":{"mods":["BaseMod","Block Reminder","Colored Map","Curses Come First","Downfall","Highlight Path","Minty Spire (QoL Compilation)","StSLib"],"gold_per_floor":[99,114,134,153,168,168,168,178,190,207,237,266,266,266,277,380,380,380,399,499,516,351,370,395,407,407,423,423,423,440,440,451,554,554,554,573,590,590,266,283,331,167,178,178,194,210,244,144,161,161],"floor_reached":51,"language":"ENG","playtime":6185,"items_purged":["bronze:Strike","bronze:Strike+1"],"score":714,"play_id":"1b873886-9058-49f1-abd7-8f93fd868c33","local_time":"20210217185759","is_ascension_mode":false,"campfire_choices":[{"data":"bronze:Replicate","floor":1,"key":"SMITH"},{"data":"bronze:DelayedSlice","floor":6,"key":"SMITH"},{"data":"bronze:FineTuning","floor":13,"key":"SMITH"},{"data":"bronze:AlphaBuild","floor":18,"key":"SMITH"},{"floor":29,"key":"REST"},{"data":"bronze:RecursiveStrike","floor":35,"key":"SMITH"},{"floor":44,"key":"REST"},{"floor":48,"key":"REST"}],"circlet_count":0,"master_deck":["bronze:Strike+1","bronze:Defend+1","bronze:Defend+1","bronze:Defend+1","bronze:Defend+1","bronze:Replicate+1","bronze:Goto","bronze:ChosenStrike","bronze:BronzeArmor","bronze:DelayedSlice+1","bronze:Boost","bronze:Branch","bronze:FineTuning+1","bronze:BitShift","bronze:FollowUp","bronze:AlphaBuild+1","CurseOfTheBell","bronze:ForLoop","bronze:DecaBeam","bronze:Flail","bronze:DigitalCarnage","bronze:CloningBeam+1","bronze:Optimize","bronze:Overload","bronze:BronzeOrb+1","bronze:Allocate+1","bronze:Branch+1","bronze:RecursiveStrike","expansioncontent:DashGenerateEvil","bronze:Fortify+1","bronze:Shield+1","bronze:Iterate"],"relics":["bronze:PlatinumCore","Calipers","Odd Mushroom","Unceasing Top","Calling Bell","Happy Flower","Ornamental Fan","Mango","Pen Nib","Lizard Tail","Nunchaku","Oddly Smooth Stone","White Beast Statue","downfall:HeartBlessingGreen"],"acts_visited":["Exordium","TheCity","TheBeyond"],"potions_floor_usage":[8,8,16,16,32,33,37,43,43,50,50],"damage_taken":[{"damage":1,"enemies":"Cultist","floor":2,"turns":3},{"damage":0,"enemies":"2 Louse","floor":3,"turns":3},{"damage":5,"enemies":"Small Slimes","floor":4,"turns":4},{"damage":2,"enemies":"2 Fungi Beasts","floor":5,"turns":3},{"damage":0,"enemies":"Blue Slaver","floor":8,"turns":2},{"damage":1,"enemies":"Large Slime","floor":9,"turns":4},{"damage":0,"enemies":"downfall:LooterAlt","floor":10,"turns":2},{"damage":0,"enemies":"The Mushroom Lair","floor":11,"turns":3},{"damage":5,"enemies":"3 Sentries","floor":12,"turns":4},{"damage":0,"enemies":"Red Slaver","floor":15,"turns":3},{"damage":13,"enemies":"IC_STATUS_ARCHETYPE","floor":16,"turns":7},{"damage":1,"enemies":"Chosen","floor":19,"turns":3},{"damage":15,"enemies":"Chosen","floor":20,"turns":6},{"damage":0,"enemies":"Spheric Guardian","floor":21,"turns":4},{"damage":0,"enemies":"downfall:FleeingMerchant","floor":22,"turns":4},{"damage":7,"enemies":"Cultist and Chosen","floor":23,"turns":4},{"damage":16,"enemies":"Centurion and Healer","floor":25,"turns":5},{"damage":0,"enemies":"Chosen and Byrds","floor":27,"turns":4},{"damage":21,"enemies":"Snecko","floor":30,"turns":7},{"damage":14,"enemies":"Snake Plant","floor":32,"turns":4},{"damage":23,"enemies":"SI_MIRROR_ARCHETYPE","floor":33,"turns":11},{"damage":14,"enemies":"3 Shapes","floor":36,"turns":5},{"damage":0,"enemies":"3 Darklings","floor":37,"turns":2},{"damage":0,"enemies":"downfall:FleeingMerchant","floor":39,"turns":4},{"damage":25,"enemies":"4 Shapes","floor":40,"turns":8},{"damage":0,"enemies":"downfall:FleeingMerchant","floor":42,"turns":4},{"damage":6,"enemies":"Maw","floor":43,"turns":7},{"damage":0,"enemies":"Spire Growth","floor":45,"turns":4},{"damage":0,"enemies":"3 Darklings","floor":46,"turns":4},{"damage":46,"enemies":"Reptomancer","floor":47,"turns":8},{"damage":3,"enemies":"Sphere and 2 Shapes","floor":49,"turns":9},{"damage":34,"enemies":"DF_ARCHETYPE_ORBS","floor":50,"turns":17}],"seed_played":"-2334311876771987852","potions_obtained":[{"floor":4,"key":"DistilledChaos"},{"floor":5,"key":"AttackPotion"},{"floor":8,"key":"Block Potion"},{"floor":12,"key":"Energy Potion"},{"floor":15,"key":"AttackPotion"},{"floor":19,"key":"bronze:CleanCodePotion"},{"floor":20,"key":"Strength Potion"},{"floor":25,"key":"ColorlessPotion"},{"floor":28,"key":"CultistPotion"},{"floor":33,"key":"Weak Potion"},{"floor":37,"key":"SkillPotion"},{"floor":43,"key":"Dexterity Potion"},{"floor":45,"key":"SpeedPotion"},{"floor":46,"key":"bronze:BuildAFunctionPotion"}],"is_trial":false,"path_per_floor":["R","M","M","M","M","R","T","M","M","M","?","E","R","?","M","B",null,"R","M","?","M","$","M","T","M","?","M","?","R","M","?","M","B",null,"R","M","M","?","$","M","T","$","M","R","M","M","E","R","M","B",null],"character_chosen":"THE_AUTOMATON","items_purchased":["bronze:DigitalCarnage","Lizard Tail","Oddly Smooth Stone","bronze:RecursiveStrike","expansioncontent:DashGenerateEvil"],"campfire_rested":3,"item_purchase_floors":[22,39,42,42,42],"current_hp_per_floor":[77,76,76,71,69,69,69,69,68,68,68,63,63,63,63,50,91,91,90,75,75,75,68,68,52,52,52,52,79,58,58,44,21,91,91,77,77,101,101,76,76,76,70,100,100,100,54,84,81,47],"gold":161,"neow_bonus":"TEN_PERCENT_HP_BONUS","is_daily":false,"chose_seed":false,"campfire_upgraded":5,"win_rate":0.0,"timestamp":1613613479,"path_taken":["R","?","M","M","M","R","T","M","M","M","?","E","R","?","M","BOSS","R","M","?","M","$","M","T","M","?","M","?","R","M","?","M","BOSS","R","M","M","?","$","M","T","$","M","R","M","M","E","R","M","BOSS"],"items_purchased_type":["Card","Relic","Relic","Card","Card"],"build_version":"2020-12-22","purchased_purges":2,"victory":true,"max_hp_per_floor":[77,77,77,77,77,77,77,77,77,77,77,77,77,77,77,77,91,91,91,91,91,91,91,91,91,91,91,91,91,91,91,91,91,91,91,91,91,101,101,101,101,101,101,101,101,101,101,101,101,101],"card_choices":[{"not_picked":["bronze:Deprecate","bronze:Iterate","bronze:BitShift"],"picked":"SKIP","floor":2},{"not_picked":["bronze:Backtrace","bronze:DelayedGuard"],"picked":"bronze:ChosenStrike","floor":3},{"not_picked":["bronze:Shell","bronze:Turbo"],"picked":"bronze:BronzeArmor","floor":4},{"not_picked":["bronze:CutThrough","bronze:WhirlingStrike"],"picked":"bronze:DelayedSlice","floor":5},{"not_picked":["bronze:BitShift","bronze:CutThrough"],"picked":"bronze:Boost","floor":8},{"not_picked":["bronze:Allocate","bronze:ForceShield"],"picked":"bronze:Branch","floor":9},{"not_picked":["bronze:Overload","bronze:ChildClass"],"picked":"bronze:FineTuning","floor":10},{"not_picked":["bronze:DelayedGuard","bronze:ItsAFeature"],"picked":"bronze:BitShift","floor":11},{"not_picked":["bronze:Shell","bronze:ShipIt"],"picked":"bronze:FollowUp","floor":12},{"not_picked":["bronze:Safeguard","bronze:BugBarrage","bronze:WildBeam"],"picked":"SKIP","floor":15},{"not_picked":["bronze:RecursiveStrike","bronze:Assembly"],"picked":"bronze:AlphaBuild","floor":16},{"not_picked":["bronze:DelayedSlice","bronze:MaxOutput"],"picked":"bronze:ForLoop","floor":19},{"not_picked":[],"picked":"bronze:DecaBeam","floor":20},{"not_picked":["bronze:Shell","bronze:Break"],"picked":"bronze:Flail","floor":20},{"not_picked":["bronze:DelayedSlice+1","bronze:WildBeam","bronze:Frontload"],"picked":"SKIP","floor":21},{"not_picked":["bronze:ForceShield","bronze:BuggyMess","bronze:Invalidate"],"picked":"SKIP","floor":22},{"not_picked":["bronze:ForLoop+1","bronze:CutThrough","bronze:DelayedGuard"],"picked":"SKIP","floor":23},{"not_picked":["bronze:CutThrough","bronze:Backtrace","bronze:Deprecate+1"],"picked":"SKIP","floor":25},{"not_picked":["bronze:DarkDash","bronze:HyperBeam"],"picked":"bronze:CloningBeam+1","floor":27},{"not_picked":["bronze:BronzeArmor+1","bronze:WildBeam+1","bronze:DelayedSlice"],"picked":"SKIP","floor":30},{"not_picked":["bronze:Shell","bronze:Repair"],"picked":"bronze:Optimize","floor":32},{"not_picked":["bronze:AlphaBuild","bronze:CleanCode"],"picked":"bronze:RecursiveStrike","floor":33},{"not_picked":["bronze:Safeguard","bronze:WildBeam"],"picked":"bronze:Overload","floor":36},{"not_picked":["bronze:ItsAFeature+1","bronze:CutThrough+1"],"picked":"bronze:BronzeOrb+1","floor":37},{"not_picked":["bronze:ForLoop+1","bronze:DigitalCarnage"],"picked":"bronze:Allocate+1","floor":39},{"not_picked":["bronze:Invalidate+1","bronze:Overheat"],"picked":"bronze:Branch+1","floor":40},{"not_picked":["bronze:Backtrace","bronze:BronzeArmor+1","bronze:Philosophize+1"],"picked":"SKIP","floor":42},{"not_picked":["bronze:Boost","bronze:DarkDash+1"],"picked":"bronze:Fortify+1","floor":43},{"not_picked":["bronze:DelayedGuard+1","bronze:AlphaBuild","bronze:BronzeArmor+1"],"picked":"SKIP","floor":45},{"not_picked":["bronze:FineTuning+1","bronze:Repulsor+1"],"picked":"bronze:Shield+1","floor":46},{"not_picked":["bronze:Frontload+1","bronze:FineTuning","bronze:Deprecate"],"picked":"SKIP","floor":47},{"not_picked":["bronze:BitShift+1","bronze:Deprecate+1"],"picked":"bronze:Iterate","floor":49}],"player_experience":813819,"relics_obtained":[{"floor":7,"key":"Calipers"},{"floor":11,"key":"Odd Mushroom"},{"floor":12,"key":"Unceasing Top"},{"floor":17,"key":"Happy Flower"},{"floor":17,"key":"Ornamental Fan"},{"floor":17,"key":"Mango"},{"floor":24,"key":"Pen Nib"},{"floor":41,"key":"Nunchaku"},{"floor":47,"key":"White Beast Statue"}],"event_choices":[{"damage_healed":0,"gold_gain":0,"player_choice":"Fought Mushrooms","damage_taken":0,"max_hp_gain":0,"max_hp_loss":0,"event_name":"Mushrooms","floor":11,"gold_loss":0}],"is_beta":false,"boss_relics":[{"not_picked":["Busted Crown","SlaversCollar"],"picked":"Calling Bell"},{"not_picked":["Philosopher\u0027s Stone","Empty Cage"],"picked":"bronze:PlatinumCore"}],"items_purged_floors":[22,42],"is_endless":false,"potions_floor_spawned":[4,5,8,12,15,19,20,25,27,33,37,43,45,46,49],"ascension_level":0}}