{"host":"3c8x8j1h2jyrixpf","time":1613618637,"event":{"mods":["BaseMod","Colored Powertips","Highlight Path","Minty Spire (QoL Compilation)","StSLib"],"gold_per_floor":[112,212,224,242,192,192,227,238,238,238,272,284,284,359,359,434,434,446,446,31,42,56,56,56,56],"floor_reached":24,"language":"ENG","playtime":797,"items_purged":["Strike_R"],"score":340,"play_id":"881198f2-22e9-4e53-9911-d2b3d8ef2897","local_time":"20210217212357","is_ascension_mode":true,"campfire_choices":[{"data":"Pommel Strike","floor":6,"key":"SMITH"},{"data":"Immolate","floor":10,"key":"SMITH"},{"data":"Clothesline","floor":13,"key":"SMITH"},{"data":"Bash","floor":15,"key":"SMITH"},{"floor":23,"key":"REST"}],"circlet_count":0,"master_deck":["AscendersBane","Strike_R","Strike_R","Defend_R","Defend_R","Defend_R","Bash+1","Brutality","Clothesline+1","Wild Strike","Pommel Strike+1","Iron Wave","Immolate+1","Pommel Strike","Impervious","Rupture+1","Sadistic Nature+1","Uppercut","Feel No Pain+1","Reaper"],"relics":["Burning Blood","Gambling Chip","Turnip","Dead Branch","Empty Cage","Frozen Egg 2"],"acts_visited":["Exordium","TheCity"],"potions_floor_usage":[7,16],"damage_taken":[{"damage":10,"enemies":"Jaw Worm","floor":1,"turns":4},{"damage":2,"enemies":"Cultist","floor":3,"turns":4},{"damage":3,"enemies":"2 Louse","floor":4,"turns":3},{"damage":10,"enemies":"Lagavulin","floor":7,"turns":6},{"damage":9,"enemies":"Looter","floor":8,"turns":3},{"damage":21,"enemies":"3 Sentries","floor":11,"turns":4},{"damage":0,"enemies":"2 Fungi Beasts","floor":12,"turns":2},{"damage":35,"enemies":"Hexaghost","floor":16,"turns":11},{"damage":21,"enemies":"3 Byrds","floor":18,"turns":4},{"damage":30,"enemies":"2 Thieves","floor":21,"turns":3},{"damage":12,"enemies":"Snecko","floor":22,"turns":5},{"damage":53,"enemies":"Cultist and Chosen","floor":24,"turns":6}],"seed_played":"4170088246062997124","potions_obtained":[{"floor":3,"key":"PowerPotion"},{"floor":8,"key":"SneckoOil"},{"floor":22,"key":"CultistPotion"}],"is_trial":false,"path_per_floor":["M","?","M","M","?","R","E","M","T","R","E","M","R","?","R","B",null,"M","?","$","M","M","R","M"],"character_chosen":"IRONCLAD","items_purchased":["Rupture+1","Sadistic Nature+1","Uppercut"],"campfire_rested":1,"item_purchase_floors":[20,20,20],"current_hp_per_floor":[68,68,72,75,75,75,71,68,68,68,53,59,59,48,48,19,65,50,50,50,26,20,44,0,0],"gold":56,"neow_bonus":"ONE_RANDOM_RARE_CARD","is_daily":false,"chose_seed":false,"campfire_upgraded":4,"win_rate":0.0,"timestamp":1613618637,"path_taken":["M","?","M","?","?","R","E","M","T","R","E","M","R","?","R","BOSS","M","?","$","M","M","R","M"],"items_purchased_type":["Card","Card","Card"],"build_version":"2020-12-22","purchased_purges":1,"victory":false,"max_hp_per_floor":[80,80,80,80,80,80,80,80,80,80,80,80,80,80,80,80,80,80,80,80,80,80,80,80,80],"card_choices":[{"not_picked":["Iron Wave","Power Through"],"picked":"Clothesline","floor":1},{"not_picked":["Rage","Power Through"],"picked":"Wild Strike","floor":3},{"not_picked":["Flex","Cleave"],"picked":"Pommel Strike","floor":4},{"not_picked":["Searing Blow","Rampage"],"picked":"Iron Wave","floor":7},{"not_picked":["Body Slam","Evolve"],"picked":"Immolate","floor":8},{"not_picked":["Whirlwind","Perfected Strike"],"picked":"Pommel Strike","floor":11},{"not_picked":["Sword Boomerang","Infernal Blade","Twin Strike"],"picked":"SKIP","floor":12},{"not_picked":["Double Tap","Berserk"],"picked":"Impervious","floor":16},{"not_picked":["Cleave","Sword Boomerang","Perfected Strike"],"picked":"SKIP","floor":18},{"not_picked":["True Grit+1","Pommel Strike"],"picked":"Feel No Pain+1","floor":21},{"not_picked":["Headbutt","Flex"],"picked":"Reaper","floor":22}],"player_experience":264761,"relics_obtained":[{"floor":7,"key":"Gambling Chip"},{"floor":9,"key":"Turnip"},{"floor":11,"key":"Dead Branch"},{"floor":19,"key":"Frozen Egg 2"}],"event_choices":[{"damage_healed":0,"gold_gain":100,"player_choice":"Pray","damage_taken":0,"max_hp_gain":0,"max_hp_loss":0,"event_name":"Golden Shrine","floor":2,"gold_loss":0},{"cards_removed":["Strike_R"],"damage_healed":0,"gold_gain":0,"player_choice":"Card Removal","damage_taken":0,"max_hp_gain":0,"max_hp_loss":0,"event_name":"The Cleric","floor":5,"gold_loss":50},{"damage_healed":0,"gold_gain":75,"player_choice":"Gather Gold","damage_taken":11,"max_hp_gain":0,"max_hp_loss":0,"event_name":"World of Goop","floor":14,"gold_loss":0},{"damage_healed":0,"gold_gain":0,"player_choice":"Relic","damage_taken":0,"max_hp_gain":0,"max_hp_loss":0,"event_name":"Wheel of Change","floor":19,"gold_loss":0}],"is_beta":false,"boss_relics":[{"not_picked":["Velvet Choker","Runic Dome"],"picked":"Empty Cage"}],"items_purged_floors":[20],"is_endless":false,"potions_floor_spawned":[3,8,22],"killed_by":"Cultist and Chosen","ascension_level":13}}