{"host":"x7btokbb0w2jhl7e","time":1613631951,"event":{"mods":["Act Like it!","BaseMod","Gensokyo","Marisa£®ÏF”Í°°ƒß¿Ì…≥£©","Minty Spire (QoL Compilation)","Quick Restart","StSLib","°æ“≈ŒÔø®≈∆°øREMEMod"],"gold_per_floor":[110,13,13,13,31,66,66,80,80,80,93,93,603,682,682,682,682],"floor_reached":16,"language":"ZHS","playtime":396,"items_purged":[],"score":240,"play_id":"dc1ae25c-2d3e-4d54-ad01-8ee0919cbf0d","local_time":"20210218150551","is_ascension_mode":true,"campfire_choices":[{"data":"BowlingBash","floor":7.0,"key":"SMITH"},{"data":"Vault","floor":15.0,"key":"SMITH"}],"circlet_count":0,"master_deck":["AscendersBane","Strike_P","Strike_P","Strike_P","Strike_P","Defend_P","Defend_P","Defend_P","Defend_P","Eruption+1","Vigilance","SatelliteIllusion","FlurryOfBlows","Indignation","Vault+1","Wireheading"],"relics":["PureWater","REME_ComplimentaryCards","NeowsBlessing","Prayer Wheel","Ornamental Fan","FossilizedHelix","Happy Flower","Toxic Egg 2"],"acts_visited":["Gensokyo:Gensokyo"],"potions_floor_usage":[],"damage_taken":[{"damage":0.0,"enemies":"Gensokyo:Gryphon","floor":1.0,"turns":1.0},{"damage":0.0,"enemies":"Gensokyo:3_Fairies","floor":5.0,"turns":2.0},{"damage":0.0,"enemies":"Gensokyo:Aya","floor":6.0,"turns":2.0},{"damage":6.0,"enemies":"Gensokyo:2_Kodama","floor":8.0,"turns":3.0},{"damage":0.0,"enemies":"Gensokyo:2_Rabbits","floor":11.0,"turns":2.0},{"damage":6.0,"enemies":"Gensokyo:Python_and_Kodama","floor":13.0,"turns":5.0},{"damage":23,"enemies":"Gensokyo:Yukari","floor":16,"turns":5}],"seed_played":"-3497885486018833281","potions_obtained":[{"floor":5.0,"key":"Dexterity Potion"}],"is_trial":false,"path_per_floor":["M","COS","?","?","M","E","R","M","T","?","M","?","M","T","R","B"],"character_chosen":"WATCHER","items_purchased":[],"campfire_rested":0,"item_purchase_floors":[],"current_hp_per_floor":[61,61,61,61,61,61,61,55,55,55,55,55,49,49,49,26,26],"gold":682,"neow_bonus":"THREE_ENEMY_KILL","is_daily":false,"chose_seed":false,"campfire_upgraded":2,"win_rate":0.0,"timestamp":1613631951,"path_taken":["M","COS","?","?","?","E","R","M","T","?","M","?","M","?","R","BOSS"],"items_purchased_type":[],"build_version":"2020-12-22","purchased_purges":0,"victory":false,"max_hp_per_floor":[68,68,68,68,68,68,68,68,68,68,68,68,68,68,68,68,68],"card_choices":[{"not_picked":["Halt","ClearTheMind"],"picked":"BowlingBash","floor":1.0},{"not_picked":["CarveReality","REME_Repentance"],"picked":"FlurryOfBlows","floor":4.0},{"not_picked":["FlyingSleeves","JustLucky","EmptyMind"],"picked":"SKIP","floor":5.0},{"not_picked":["Swivel","ForeignInfluence"],"picked":"Indignation","floor":6.0},{"not_picked":["Conclude","ThirdEye"],"picked":"Vault","floor":8.0},{"not_picked":["SashWhip","Prostrate","CutThroughFate"],"picked":"SKIP","floor":8.0},{"not_picked":["ThirdEye","CutThroughFate","EmptyMind"],"picked":"SKIP","floor":11.0},{"not_picked":["EmptyBody","CrushJoints","Fasting2"],"picked":"SKIP","floor":11.0},{"not_picked":["ThirdEye","CutThroughFate","EmptyMind"],"picked":"SKIP","floor":11.0},{"not_picked":["EmptyBody","CrushJoints","Fasting2"],"picked":"SKIP","floor":11.0},{"not_picked":["ThirdEye","CutThroughFate","EmptyMind"],"picked":"SKIP","floor":11.0},{"not_picked":["EmptyBody","CrushJoints","Fasting2"],"picked":"SKIP","floor":11.0},{"not_picked":["WindmillStrike","Halt"],"picked":"Wireheading","floor":13.0},{"not_picked":["DeceiveReality","FollowUp","Consecrate"],"picked":"SKIP","floor":13.0}],"player_experience":276321,"relics_obtained":[{"floor":6.0,"key":"Prayer Wheel"},{"floor":9.0,"key":"FossilizedHelix"},{"floor":14.0,"key":"Toxic Egg 2"}],"event_choices":[],"is_beta":false,"boss_relics":[],"items_purged_floors":[],"is_endless":false,"potions_floor_spawned":[5],"killed_by":"Gensokyo:Yukari","ascension_level":20}}