{"host":"md5cvv9kqfkr27d4","time":1613613342,"event":{"mods":["BaseMod","Hermit","Minty Spire (QoL Compilation)","StSLib"],"gold_per_floor":[109,109,124,144,154,154,181,193,218,218,393,455,455,455],"floor_reached":13,"language":"ZHS","playtime":911,"items_purged":[],"score":85,"play_id":"a450fd4c-868b-4477-8eca-9b9cf00895e0","local_time":"20210218095542","is_ascension_mode":false,"campfire_choices":[{"data":"hermit:HeroicBravado","floor":6.0,"key":"SMITH"},{"data":"hermit:CursedWeapon","floor":10,"key":"SMITH"}],"circlet_count":0,"master_deck":["hermit:Strike_Hermit","hermit:Strike_Hermit","hermit:Strike_Hermit","hermit:Strike_Hermit","hermit:Defend_Hermit","hermit:Defend_Hermit","hermit:Defend_Hermit","hermit:Defend_Hermit","hermit:Snapshot","hermit:Covet","hermit:HighCaliber","Regret","hermit:Midnight","hermit:HeroicBravado+1","hermit:LoneWolf","hermit:Enervate","hermit:CursedWeapon+1","Doubt","hermit:Cheat"],"relics":["hermit:Momento","NeowsBlessing","Juzu Bracelet","Smiling Mask","Centennial Puzzle"],"acts_visited":["Exordium"],"potions_floor_usage":[12,13],"damage_taken":[{"damage":0.0,"enemies":"Small Slimes","floor":1.0,"turns":1.0},{"damage":0.0,"enemies":"2 Louse","floor":3.0,"turns":1.0},{"damage":0.0,"enemies":"Jaw Worm","floor":4.0,"turns":1.0},{"damage":2.0,"enemies":"Looter","floor":5.0,"turns":4.0},{"damage":31,"enemies":"3 Sentries","floor":7,"turns":6},{"damage":1,"enemies":"3 Louse","floor":8,"turns":4},{"damage":35,"enemies":"Lagavulin Event","floor":12,"turns":5},{"damage":1,"enemies":"Lagavulin","floor":13,"turns":3}],"seed_played":"-3564101106494675456","potions_obtained":[{"floor":5.0,"key":"hermit:Eclipse"},{"floor":8,"key":"Energy Potion"},{"floor":12,"key":"Swift Potion"}],"is_trial":false,"path_per_floor":["M","?","M","M","M","R","E","M","T","R","?","?","E"],"character_chosen":"HERMIT","items_purchased":[],"campfire_rested":0,"item_purchase_floors":[],"current_hp_per_floor":[75,75,75,75,73,73,42,41,41,41,41,6,5,5],"gold":455,"neow_bonus":"THREE_ENEMY_KILL","is_daily":false,"chose_seed":false,"campfire_upgraded":2,"win_rate":0.0,"timestamp":1613613342,"path_taken":["M","?","M","M","M","R","E","M","T","R","?","?","E"],"items_purchased_type":[],"build_version":"2020-12-22","purchased_purges":0,"victory":false,"max_hp_per_floor":[75,75,75,75,75,75,75,75,75,75,75,75,75,75],"card_choices":[{"not_picked":["hermit:Desperado","hermit:Feint"],"picked":"hermit:HighCaliber","floor":1.0},{"not_picked":["hermit:WideOpen","hermit:Headshot"],"picked":"hermit:Midnight","floor":3.0},{"not_picked":["hermit:Manifest","hermit:Headshot"],"picked":"hermit:HeroicBravado","floor":4.0},{"not_picked":["hermit:Feint","hermit:TrackingShot"],"picked":"hermit:LoneWolf","floor":5.0},{"not_picked":["hermit:Desperado","hermit:FullyLoaded"],"picked":"hermit:Enervate","floor":7},{"not_picked":["hermit:Quickdraw","hermit:Showdown"],"picked":"hermit:CursedWeapon","floor":8},{"not_picked":["hermit:LuckOfTheDraw","hermit:Manifest"],"picked":"hermit:Cheat","floor":12}],"player_experience":217142,"relics_obtained":[{"floor":7,"key":"Smiling Mask"},{"floor":12,"key":"Centennial Puzzle"}],"event_choices":[{"damage_healed":0.0,"max_hp_gain":0.0,"max_hp_loss":0.0,"gold_gain":0.0,"event_name":"Big Fish","player_choice":"Box","floor":2.0,"gold_loss":0.0,"damage_taken":0.0,"relics_obtained":["Juzu Bracelet"],"cards_obtained":["Regret"]},{"damage_healed":0,"gold_gain":175,"player_choice":"AGREE","damage_taken":0,"max_hp_gain":0,"max_hp_loss":0,"event_name":"Liars Game","floor":11,"gold_loss":0,"cards_obtained":["Doubt"]},{"damage_healed":0,"gold_gain":30,"player_choice":"Searched \u00273\u0027 times","damage_taken":0,"max_hp_gain":0,"max_hp_loss":0,"event_name":"Dead Adventurer","floor":12,"gold_loss":0}],"is_beta":false,"boss_relics":[],"items_purged_floors":[],"is_endless":false,"potions_floor_spawned":[5,8,12],"killed_by":"Lagavulin","ascension_level":0}}