{"host":"jx3f6ezc0g3s9edc","time":1613615688,"event":{"mods":["AchievementEnabler","BaseMod","Bestiary","Colored Map","Highlight Path","Minty Spire (QoL Compilation)","StSLib"],"gold_per_floor":[369,319,319,2,22,22,50,50,50,83,83,93,105,115,115,188,188,201,300,215,215,230,230,257,277,303,303,336,351,351,46,46,46,46],"floor_reached":33,"language":"ENG","playtime":2060,"items_purged":["Strike_R"],"score":498,"play_id":"8ca4d93a-2add-4e3a-9253-f1c6581433fd","local_time":"20210217213448","is_ascension_mode":true,"campfire_choices":[{"data":"True Grit","floor":6.0,"key":"SMITH"},{"floor":11.0,"key":"REST"},{"data":"Inflame","floor":15.0,"key":"SMITH"},{"data":"Bloodletting","floor":23.0,"key":"SMITH"},{"floor":27,"key":"REST"},{"data":"Limit Break","floor":30,"key":"SMITH"},{"data":"Immolate","floor":32,"key":"SMITH"}],"circlet_count":0,"master_deck":["AscendersBane","Strike_R","Strike_R","Strike_R","Defend_R","Defend_R+1","Defend_R","Defend_R+1","Bash+1","Iron Wave","Inflame+1","True Grit+1","Wild Strike","Bloodletting+1","Cleave","Headbutt","Feed","Clothesline+1","Immolate+1","Spot Weakness","Limit Break+1"],"relics":["Burning Blood","Regal Pillow","The Courier","Ginger","Self Forming Clay","Snecko Eye","Meat on the Bone","War Paint","PreservedInsect","Bag of Marbles","Molten Egg 2"],"acts_visited":["Exordium","TheCity"],"potions_floor_usage":[24,33,33],"damage_taken":[{"damage":14.0,"enemies":"Jaw Worm","floor":1.0,"turns":4.0},{"damage":4.0,"enemies":"2 Louse","floor":5.0,"turns":3.0},{"damage":27.0,"enemies":"3 Sentries","floor":7.0,"turns":11.0},{"damage":40.0,"enemies":"Lagavulin","floor":10.0,"turns":7.0},{"damage":0.0,"enemies":"Cultist","floor":12.0,"turns":2.0},{"damage":13.0,"enemies":"2 Fungi Beasts","floor":13.0,"turns":4.0},{"damage":13.0,"enemies":"Lots of Slimes","floor":14.0,"turns":4.0},{"damage":22.0,"enemies":"Slime Boss","floor":16.0,"turns":7.0},{"damage":6.0,"enemies":"Chosen","floor":18.0,"turns":4.0},{"damage":22.0,"enemies":"Shell Parasite","floor":22.0,"turns":6.0},{"damage":34,"enemies":"Gremlin Leader","floor":24,"turns":6},{"damage":21,"enemies":"Cultist and Chosen","floor":25,"turns":5},{"damage":10,"enemies":"Slavers","floor":28,"turns":3},{"damage":6,"enemies":"Snake Plant","floor":29,"turns":4},{"damage":82,"enemies":"Automaton","floor":33,"turns":6}],"seed_played":"2323485355782170823","potions_obtained":[{"floor":7.0,"key":"Weak Potion"},{"floor":8.0,"key":"ColorlessPotion"},{"floor":10.0,"key":"SteroidPotion"},{"floor":14.0,"key":"BlessingOfTheForge"},{"floor":16.0,"key":"ColorlessPotion"},{"floor":28,"key":"DuplicationPotion"}],"is_trial":false,"path_per_floor":["M","?","?","$","M","R","E","?","T","E","R","M","M","M","R","B",null,"M","?","?","?","M","R","E","M","T","R","E","M","R","$","R","B"],"character_chosen":"IRONCLAD","items_purchased":["Regal Pillow","Inflame","True Grit","Wild Strike","Molten Egg 2","SteroidPotion"],"campfire_rested":2,"item_purchase_floors":[4,4,4,4,31,31],"current_hp_per_floor":[60,60,60,60,62,62,41,41,41,7,42,48,41,34,34,18,56,59,59,59,59,46,46,30,30,30,68,67,67,67,67,67,0,0],"gold":46,"neow_bonus":"TWO_FIFTY_GOLD","is_daily":false,"chose_seed":false,"campfire_upgraded":5,"win_rate":0.0,"timestamp":1613615688,"path_taken":["M","?","?","$","?","R","E","?","T","E","R","M","M","?","R","BOSS","M","?","?","?","M","R","E","M","T","R","E","M","R","?","R","BOSS"],"items_purchased_type":["Relic","Card","Card","Card","Relic","Potion"],"build_version":"2020-12-22","purchased_purges":1,"victory":false,"max_hp_per_floor":[68,68,68,68,68,68,68,68,68,68,68,68,68,68,68,68,68,71,71,71,71,74,74,74,77,77,77,80,80,80,80,80,80,80],"card_choices":[{"not_picked":["Thunderclap","Clash"],"picked":"Iron Wave","floor":1.0},{"not_picked":["Anger","Warcry","Dropkick"],"picked":"SKIP","floor":5.0},{"not_picked":["Iron Wave","Berserk"],"picked":"Bloodletting","floor":7.0},{"not_picked":["True Grit","Pommel Strike"],"picked":"Cleave","floor":10.0},{"not_picked":["Dark Embrace","Reckless Charge"],"picked":"Headbutt","floor":12.0},{"not_picked":["Pommel Strike","Rampage","Hemokinesis"],"picked":"SKIP","floor":13.0},{"not_picked":["Wild Strike","Clash","Warcry"],"picked":"SKIP","floor":14.0},{"not_picked":["Juggernaut","Exhume"],"picked":"Feed","floor":16.0},{"not_picked":["Sword Boomerang","Iron Wave","Havoc"],"picked":"SKIP","floor":18.0},{"not_picked":["Clash","Cleave"],"picked":"Clothesline+1","floor":22.0},{"not_picked":["Searing Blow+1","Thunderclap"],"picked":"Immolate","floor":24},{"not_picked":["True Grit","Wild Strike"],"picked":"Spot Weakness","floor":25},{"not_picked":["Rage","Headbutt"],"picked":"Limit Break","floor":28},{"not_picked":["Body Slam+1","Anger","Flex"],"picked":"SKIP","floor":29}],"player_experience":881043,"relics_obtained":[{"floor":7.0,"key":"The Courier"},{"floor":9.0,"key":"Ginger"},{"floor":10.0,"key":"Self Forming Clay"},{"floor":24,"key":"War Paint"},{"floor":26,"key":"PreservedInsect"},{"floor":28,"key":"Bag of Marbles"}],"event_choices":[{"cards_removed":["Strike_R"],"damage_healed":0.0,"max_hp_gain":0.0,"max_hp_loss":0.0,"gold_gain":0.0,"event_name":"The Cleric","player_choice":"Card Removal","floor":2.0,"gold_loss":50.0,"damage_taken":0.0},{"damage_healed":0.0,"max_hp_gain":0.0,"max_hp_loss":0.0,"gold_gain":0.0,"event_name":"Upgrade Shrine","player_choice":"Upgraded","floor":3.0,"gold_loss":0.0,"damage_taken":0.0,"cards_upgraded":["Bash"]},{"damage_healed":0.0,"max_hp_gain":0.0,"max_hp_loss":0.0,"gold_gain":0.0,"event_name":"Lab","player_choice":"Got Potions","floor":8.0,"gold_loss":0.0,"damage_taken":0.0},{"damage_healed":0.0,"max_hp_gain":0.0,"max_hp_loss":0.0,"gold_gain":99.0,"event_name":"Nest","player_choice":"Stole From Cult","floor":19.0,"gold_loss":0.0,"damage_taken":0.0},{"damage_healed":0.0,"max_hp_gain":0.0,"max_hp_loss":0.0,"gold_gain":0.0,"event_name":"Addict","player_choice":"Obtained Relic","floor":20.0,"gold_loss":85.0,"damage_taken":0.0,"relics_obtained":["Meat on the Bone"]},{"damage_healed":0.0,"max_hp_gain":0.0,"max_hp_loss":0.0,"gold_gain":0.0,"event_name":"Vampires","player_choice":"Ignored","floor":21.0,"gold_loss":0.0,"damage_taken":0.0}],"is_beta":false,"boss_relics":[{"not_picked":["Busted Crown","SacredBark"],"picked":"Snecko Eye"}],"items_purged_floors":[31],"is_endless":false,"potions_floor_spawned":[7,10,14,16,28],"killed_by":"Automaton","ascension_level":14}}