{"host":"boira1xv6we3zvcv","time":1613626150,"event":{"mods":["BaseMod","Colored Powertips","Hermit","Minty Spire (QoL Compilation)","Shop Mod","StSLib","The Cursed","The Necromancer","UnlockEverythingMod"],"gold_per_floor":[113,113,288,300,81,81,98,108,135,86,112,139,0,33,33,136,136,153,171,171,187,203,203,213,213,292,309,326,355,355,384,384,486,486,504,515,527,28,44,54,80,80,103,103,103,103,130,130,130,130,130,130,35,65,65,65],"floor_reached":55,"language":"ENG","playtime":5721,"items_purged":[],"score":879,"play_id":"559bff75-635a-4a9f-942c-76fc497fcaae","local_time":"20210218062910","is_ascension_mode":false,"campfire_choices":[{"floor":6,"key":"RECALL"},{"data":"TheCursedMod:CleanUpWorkshop","floor":15,"key":"SMITH"},{"floor":23,"key":"REST"},{"floor":30,"key":"REST"},{"floor":32,"key":"REST"},{"data":"TheCursedMod:HellfireBreathing","floor":42,"key":"SMITH"},{"data":"TheCursedMod:NeowsMight","floor":44,"key":"SMITH"},{"data":"TheCursedMod:NeowsMight","floor":46,"key":"SMITH"},{"floor":49,"key":"REST"},{"data":"TheCursedMod:CursedAmulet","floor":52,"key":"SMITH"}],"circlet_count":0,"master_deck":["TheCursedMod:Strike_TheCursed","TheCursedMod:Defend_TheCursed","TheCursedMod:Defend_TheCursed","TheCursedMod:Defend_TheCursed","TheCursedMod:Defend_TheCursed","TheCursedMod:CursedWand","TheCursedMod:CleanUpWorkshop+1","TheCursedMod:Dregs","TheCursedMod:ReleasedStrength","Doubt","TheCursedMod:FuryStrike","TheCursedMod:Hemoplague","TheCursedMod:CursedBlade","TheCursedMod:WearCloak","TheCursedMod:SmokeScreen","TheCursedMod:DemonSword","TheCursedMod:NeowsMight+1","TheCursedMod:SpitefulStrike","TheCursedMod:CursedAmulet+1","Necronomicurse","TheCursedMod:Wield","TheCursedMod:CircleOfCorruption+1","TheCursedMod:CursedStaff","Writhe","Normality","TheCursedMod:SpitefulPlan+1","TheCursedMod:NeowsMight+1","TheCursedMod:DemonSword","TheCursedMod:Neurasthenia","TheCursedMod:CircleOfBlood+1","TheCursedMod:ManaBullet","TheCursedMod:HellfireBreathing+1","TheCursedMod:SpitefulStrike+1","TheCursedMod:ReleasedStrength+1","TheCursedMod:Wield"],"relics":["TheCursedMod:BlackMagic101","NeowsBlessing","Lantern","MawBank","Lee\u0027s Waffle","Centennial Puzzle","Cursed Key","Necronomicon","Eternal Feather","TheCursedMod:DemonicMark","Omamori","Blue Candle","Empty Cage","Bottled Tornado","Bottled Lightning","Oddly Smooth Stone","Happy Flower","Bronze Scales","Pantograph"],"acts_visited":["Exordium","TheCity","TheBeyond","TheEnding"],"potions_floor_usage":[11,14,16,27,29,31,33,40,50,55,55,55,55,55],"damage_taken":[{"damage":0,"enemies":"Cultist","floor":1,"turns":1},{"damage":0,"enemies":"Small Slimes","floor":4,"turns":1},{"damage":0,"enemies":"Jaw Worm","floor":7,"turns":1},{"damage":7,"enemies":"Looter","floor":8,"turns":4},{"damage":40,"enemies":"Lagavulin","floor":11,"turns":8},{"damage":1,"enemies":"Exordium Wildlife","floor":12,"turns":4},{"damage":15,"enemies":"3 Sentries","floor":14,"turns":6},{"damage":23,"enemies":"The Guardian","floor":16,"turns":11},{"damage":16,"enemies":"Shell Parasite","floor":18,"turns":7},{"damage":0,"enemies":"Spheric Guardian","floor":19,"turns":3},{"damage":10,"enemies":"Cultist and Chosen","floor":21,"turns":6},{"damage":2,"enemies":"Snecko","floor":22,"turns":4},{"damage":13,"enemies":"Shelled Parasite and Fungi","floor":24,"turns":4},{"damage":17,"enemies":"Cultist and Chosen","floor":27,"turns":6},{"damage":4,"enemies":"Snake Plant","floor":28,"turns":3},{"damage":16,"enemies":"Gremlin Leader","floor":29,"turns":3},{"damage":10,"enemies":"Slavers","floor":31,"turns":3},{"damage":54,"enemies":"Champ","floor":33,"turns":7},{"damage":11,"enemies":"3 Shapes","floor":35,"turns":6},{"damage":0,"enemies":"Orb Walker","floor":36,"turns":2},{"damage":0,"enemies":"3 Darklings","floor":37,"turns":3},{"damage":13,"enemies":"Maw","floor":39,"turns":6},{"damage":1,"enemies":"Spire Growth","floor":40,"turns":4},{"damage":23,"enemies":"Giant Head","floor":41,"turns":5},{"damage":42,"enemies":"Nemesis","floor":47,"turns":5},{"damage":69,"enemies":"Awakened One","floor":50,"turns":8},{"damage":46,"enemies":"Shield and Spear","floor":54,"turns":4},{"damage":123,"enemies":"The Heart","floor":55,"turns":5}],"seed_played":"8402837411153053019","potions_obtained":[{"floor":1,"key":"FearPotion"},{"floor":12,"key":"SkillPotion"},{"floor":14,"key":"ColorlessPotion"},{"floor":16,"key":"LiquidMemories"},{"floor":18,"key":"Weak Potion"},{"floor":19,"key":"Fire Potion"},{"floor":27,"key":"FairyPotion"},{"floor":29,"key":"Fire Potion"},{"floor":35,"key":"BlessingOfTheForge"},{"floor":37,"key":"TheCursedMod:DregsPotion"},{"floor":41,"key":"CultistPotion"},{"floor":54,"key":"PowerPotion"}],"is_trial":false,"path_per_floor":["M","?","?","M","$","R","M","M","T","$","E","M","$","E","R","B",null,"M","M","?","M","M","R","M","?","T","M","M","E","R","E","R","B",null,"M","M","M","$","M","M","E","R","T","R","?","R","E","?","R","B",null,"R","$","E","B"],"character_chosen":"THE_CURSED","items_purchased":["TheCursedMod:Hemoplague","Lantern","Energy Potion","Lee\u0027s Waffle","Bottled Tornado","Bottled Lightning","EntropicBrew"],"campfire_rested":4,"item_purchase_floors":[5,5,10,13,38,38,53],"current_hp_per_floor":[75,68,68,68,68,68,68,61,61,61,21,20,82,67,67,44,82,66,66,50,40,38,62,49,49,49,32,28,12,51,41,82,28,82,71,82,82,82,69,68,69,82,82,82,78,78,36,36,78,9,78,78,78,32,0,0],"gold":65,"neow_bonus":"THREE_ENEMY_KILL","is_daily":false,"chose_seed":false,"campfire_upgraded":5,"win_rate":0.0,"timestamp":1613626150,"path_taken":["M","?","?","M","$","R","M","M","T","$","E","M","?","E","R","BOSS","M","M","?","M","M","R","M","?","T","M","M","E","R","E","R","BOSS","M","M","M","$","M","M","E","R","T","R","?","R","E","?","R","BOSS","R","$","E","BOSS"],"items_purchased_type":["Card","Relic","Potion","Relic","Relic","Relic","Potion"],"build_version":"2020-12-22","purchased_purges":0,"victory":false,"max_hp_per_floor":[75,75,75,75,75,75,75,75,75,75,75,75,82,82,82,82,82,82,82,82,82,82,82,82,82,82,82,82,82,82,82,82,82,82,82,82,82,82,82,82,82,82,82,82,78,78,78,78,78,78,78,78,78,78,78,78],"card_choices":[{"not_picked":["TheCursedMod:WearCloak","TheCursedMod:CursedBoomerang"],"picked":"TheCursedMod:ReleasedStrength","floor":1},{"not_picked":["TheCursedMod:FleshFromBone","TheCursedMod:Evocation"],"picked":"TheCursedMod:FuryStrike","floor":4},{"not_picked":["TheCursedMod:CircleOfAmplification","TheCursedMod:RavingStaff","TheCursedMod:CircleOfWindfury"],"picked":"SKIP","floor":7},{"not_picked":["TheCursedMod:RapidMovement","TheCursedMod:BloodBarrier"],"picked":"TheCursedMod:CursedBlade","floor":8},{"not_picked":["TheCursedMod:SurpriseAttack","TheCursedMod:SpitefulStrike"],"picked":"TheCursedMod:WearCloak","floor":11},{"not_picked":["TheCursedMod:SpitefulPlan","TheCursedMod:CircleOfFlame"],"picked":"TheCursedMod:SmokeScreen","floor":12},{"not_picked":["TheCursedMod:SaltUponWound","TheCursedMod:VitalStrike"],"picked":"TheCursedMod:DemonSword","floor":14},{"not_picked":["TheCursedMod:StunningStrike","TheCursedMod:OutForBlood"],"picked":"TheCursedMod:NeowsMight","floor":16},{"not_picked":["TheCursedMod:CircleOfCorruption","TheCursedMod:FleshFromBone"],"picked":"TheCursedMod:SpitefulStrike","floor":18},{"not_picked":["TheCursedMod:HellsGateOpen","TheCursedMod:CursedBlade"],"picked":"TheCursedMod:CursedAmulet","floor":19},{"not_picked":["TheCursedMod:CircleOfFlame","TheCursedMod:TacticalStrike"],"picked":"TheCursedMod:Wield","floor":21},{"not_picked":["TheCursedMod:TacticalStrike","TheCursedMod:BloodBarrier"],"picked":"TheCursedMod:CircleOfCorruption+1","floor":22},{"not_picked":["TheCursedMod:VitalStrike","TheCursedMod:WearCloak"],"picked":"TheCursedMod:CursedStaff","floor":24},{"not_picked":["TheCursedMod:WearCloak","TheCursedMod:SoulCrush"],"picked":"TheCursedMod:SpitefulPlan+1","floor":27},{"not_picked":["TheCursedMod:TacticalStrike","TheCursedMod:Stretching","TheCursedMod:VitalStrike"],"picked":"SKIP","floor":28},{"not_picked":["TheCursedMod:ReleasedStrength","TheCursedMod:WearCloak+1"],"picked":"TheCursedMod:NeowsMight","floor":29},{"not_picked":["TheCursedMod:WearCloak+1","TheCursedMod:StingEye"],"picked":"TheCursedMod:DemonSword","floor":31},{"not_picked":["TheCursedMod:UltimatePain","TheCursedMod:CircleOfAbyss"],"picked":"TheCursedMod:Neurasthenia","floor":33},{"not_picked":["TheCursedMod:VitalStrike+1","TheCursedMod:CursedAmulet+1"],"picked":"TheCursedMod:CircleOfBlood+1","floor":35},{"not_picked":["TheCursedMod:SoulReap+1","TheCursedMod:FleshFromBone"],"picked":"TheCursedMod:ManaBullet","floor":36},{"not_picked":["TheCursedMod:SmokeScreen+1","TheCursedMod:Torture+1"],"picked":"TheCursedMod:HellfireBreathing","floor":37},{"not_picked":["TheCursedMod:ParallelWorld","TheCursedMod:Wield","TheCursedMod:CursedStaff+1"],"picked":"SKIP","floor":39},{"not_picked":["TheCursedMod:VitalStrike","TheCursedMod:CursedMace+1"],"picked":"TheCursedMod:SpitefulStrike+1","floor":40},{"not_picked":["TheCursedMod:SurpriseAttack","TheCursedMod:Stretching"],"picked":"TheCursedMod:ReleasedStrength+1","floor":41},{"not_picked":["TheCursedMod:CursedMace+1","TheCursedMod:CursedBlade"],"picked":"TheCursedMod:Wield","floor":47},{"not_picked":["TheCursedMod:Grudge","TheCursedMod:VitalStrike","TheCursedMod:TacticalStrike+1"],"picked":"SKIP","floor":54}],"player_experience":46610,"relics_obtained":[{"floor":11,"key":"MawBank"},{"floor":14,"key":"Centennial Puzzle"},{"floor":20,"key":"Necronomicon"},{"floor":26,"key":"TheCursedMod:DemonicMark"},{"floor":29,"key":"Omamori"},{"floor":31,"key":"Blue Candle"},{"floor":41,"key":"Oddly Smooth Stone"},{"floor":43,"key":"Happy Flower"},{"floor":47,"key":"Bronze Scales"},{"floor":54,"key":"Pantograph"}],"event_choices":[{"cards_removed":["TheCursedMod:Strike_TheCursed"],"damage_healed":0,"gold_gain":0,"player_choice":"Card Removal","damage_taken":7,"max_hp_gain":0,"max_hp_loss":0,"event_name":"Golden Wing","floor":2,"gold_loss":0},{"damage_healed":0,"gold_gain":175,"player_choice":"AGREE","damage_taken":0,"max_hp_gain":0,"max_hp_loss":0,"event_name":"Liars Game","floor":3,"gold_loss":0,"cards_obtained":["Doubt"]},{"damage_healed":0,"gold_gain":0,"player_choice":"Obtained Book","damage_taken":16,"max_hp_gain":0,"max_hp_loss":0,"event_name":"Cursed Tome","floor":20,"gold_loss":0},{"damage_healed":0,"gold_gain":0,"player_choice":"Opened","damage_taken":0,"relics_obtained":["Eternal Feather"],"max_hp_gain":0,"max_hp_loss":0,"event_name":"The Mausoleum","floor":25,"gold_loss":0,"cards_obtained":["Writhe"]},{"damage_healed":0,"gold_gain":0,"player_choice":"Max HP","damage_taken":0,"max_hp_gain":0,"max_hp_loss":4,"event_name":"Winding Halls","floor":45,"gold_loss":0},{"damage_healed":0,"gold_gain":0,"player_choice":"Ignored","damage_taken":0,"max_hp_gain":0,"max_hp_loss":0,"event_name":"Mysterious Sphere","floor":48,"gold_loss":0}],"is_beta":false,"boss_relics":[{"not_picked":["SlaversCollar","Busted Crown"],"picked":"Cursed Key"},{"not_picked":["Fusion Hammer","Pandora\u0027s Box"],"picked":"Empty Cage"}],"items_purged_floors":[],"is_endless":false,"potions_floor_spawned":[1,12,14,16,18,19,22,27,29,35,37,39,41,54],"killed_by":"The Heart","ascension_level":0}}