{"host":"v6biu77h43umse0l","time":1613661965,"event":{"mods":["BaseMod","DeckTracker","Lobotomy","Minty Spire (QoL Compilation)","StSLib","SuperFastMode"],"gold_per_floor":[110,110,10,10,10,10,10,10,10,23,38,51,74,89,89,89,89],"floor_reached":16,"language":"KOR","playtime":423,"items_purged":["Strike_G"],"score":140,"play_id":"d7904dd0-ed94-42c2-b73e-157e38061de6","local_time":"20210219002605","is_ascension_mode":true,"campfire_choices":[{"floor":6,"key":"REST"},{"data":"Noxious Fumes","floor":8,"key":"SMITH"},{"data":"Bane","floor":15,"key":"SMITH"}],"circlet_count":0,"master_deck":["Strike_G","Strike_G","Strike_G","Strike_G","Defend_G","Defend_G","Defend_G","Defend_G","Defend_G","Survivor","Neutralize","OSAHOGD","Noxious Fumes+1","Deadly Poison","OldLady","Bane+1","MHz","Blade Dance","QueenOfHatred","Footwork","CrumblingArmor","Tools of the Trade","PunishingBird","PiercingWail"],"relics":["Ring of the Snake","CogitoBucket","Art of War","Golden Idol","Toy Ornithopter","AspirationHeart"],"acts_visited":["Exordium"],"potions_floor_usage":[],"damage_taken":[{"damage":2,"enemies":"Jaw Worm","floor":1,"turns":5},{"damage":2,"enemies":"2 Louse","floor":10,"turns":3},{"damage":12,"enemies":"Small Slimes","floor":11,"turns":3},{"damage":9,"enemies":"2 Fungi Beasts","floor":12,"turns":4},{"damage":7,"enemies":"Exordium Wildlife","floor":13,"turns":3},{"damage":10,"enemies":"Large Slime","floor":14,"turns":6},{"damage":100,"enemies":"Hexaghost","floor":16,"turns":1}],"seed_played":"78718000955012660","potions_obtained":[{"floor":12,"key":"GamblersBrew"},{"floor":14,"key":"ColorlessPotion"}],"is_trial":false,"path_per_floor":["M","?","$","?","?","R","$","R","T","M","M","M","M","M","R","B"],"character_chosen":"THE_SILENT","items_purchased":["Deadly Poison"],"campfire_rested":1,"item_purchase_floors":[3],"current_hp_per_floor":[68,43,43,48,30,52,52,52,52,50,38,29,22,34,34,0,0],"gold":89,"neow_bonus":"","is_daily":false,"chose_seed":false,"campfire_upgraded":2,"win_rate":0.0,"timestamp":1613661965,"path_taken":["M","?","$","?","?","R","?","R","T","M","M","M","M","M","R","BOSS"],"items_purchased_type":["Card"],"build_version":"2020-12-22","purchased_purges":1,"victory":false,"max_hp_per_floor":[70,70,70,75,75,75,75,75,75,75,75,75,75,85,85,85,85],"card_choices":[{"not_picked":["DespairKnight","VoidDream"],"picked":"OSAHOGD","floor":1},{"not_picked":["PiercingWail","Crippling Poison"],"picked":"Noxious Fumes","floor":1},{"not_picked":["SpiderBud","UniverseFragment"],"picked":"OldLady","floor":10},{"not_picked":["Infinite Blades","Backstab"],"picked":"Bane","floor":10},{"not_picked":["ShyLook","CrumblingArmor"],"picked":"MHz","floor":11},{"not_picked":["Concentrate","Acrobatics"],"picked":"Blade Dance","floor":11},{"not_picked":["Bloodbath","MeatLantern"],"picked":"QueenOfHatred","floor":12},{"not_picked":["Acrobatics","Dagger Spray"],"picked":"Footwork","floor":12},{"not_picked":["Bloodbath","FairyFestival"],"picked":"CrumblingArmor","floor":13},{"not_picked":["Sucker Punch","Calculated Gamble"],"picked":"Tools of the Trade","floor":13},{"not_picked":["Murderer","BigBird"],"picked":"PunishingBird","floor":14},{"not_picked":["Flying Knee","Blur"],"picked":"PiercingWail","floor":14}],"player_experience":382094,"relics_obtained":[{"floor":9,"key":"Toy Ornithopter"}],"event_choices":[{"damage_healed":0,"gold_gain":0,"player_choice":"Success","damage_taken":25,"relics_obtained":["Art of War"],"max_hp_gain":0,"max_hp_loss":0,"event_name":"Scrap Ooze","floor":2,"gold_loss":0},{"damage_healed":0,"gold_gain":0,"player_choice":"Donut","damage_taken":0,"max_hp_gain":5,"max_hp_loss":0,"event_name":"Big Fish","floor":4,"gold_loss":0},{"damage_healed":0,"gold_gain":0,"player_choice":"Take Damage","damage_taken":18,"relics_obtained":["Golden Idol"],"max_hp_gain":0,"max_hp_loss":0,"event_name":"Golden Idol","floor":5,"gold_loss":0}],"is_beta":false,"boss_relics":[],"items_purged_floors":[3],"is_endless":false,"potions_floor_spawned":[12,14],"killed_by":"Hexaghost","ascension_level":5}}