{"host":"pletss163z7s8pvv","time":1613631105,"event":{"mods":["AchievementEnabler","BaseMod","Better Altar","Better Match","Better Note","Better Sensory Stone","Better Skull","Better Third Choice","BetterRewards","CapriCore","ChefMod","Colored Map","Colored Powertips","Conspire","Energized Spire","Evolution","GifTheSpireLib","Hermit","Ironclad Rager","Jedi Mod","Marked Mod","Minty Spire (QoL Compilation)","Retaliation","Spicy Shops","StS++","StSLib","The Alterego","The Blue Laboratory","The Cursed","The Disciple","The Forsaken"],"gold_per_floor":[113,113,131,144,156,185,203,203,203,267,267,267,267,277,277,380,380,398,398,173,173,173,199,199,209,209,30,46,46,59,59,59,59,59],"floor_reached":33,"language":"ENG","playtime":1084,"items_purged":[],"score":365,"play_id":"7a27bd03-d2f6-4e6a-aee9-ce7c4ac7e5ed","local_time":"20210218005145","is_ascension_mode":false,"campfire_choices":[{"floor":8,"key":"REST"},{"floor":11,"key":"REST"},{"floor":13,"key":"REST"},{"floor":15,"key":"RECALL"},{"floor":24,"key":"REST"},{"floor":29,"key":"REST"},{"data":"alterego_mod:DustData","floor":32,"key":"SMITH"}],"circlet_count":0,"master_deck":["alterego_mod:BiFurious","alterego_mod:BiFurious","alterego_mod:BiFurious","alterego_mod:BiFurious","alterego_mod:Mirror","alterego_mod:Mirror","alterego_mod:Mirror+1","alterego_mod:Mirror","alterego_mod:Impale","alterego_mod:BigMeatyClaws","alterego_mod:BrynhildrsRune+1","alterego_mod:Exercise","alterego_mod:Cushion","alterego_mod:Valentines","alterego_mod:BiFurious","alterego_mod:TrashNCrash","alterego_mod:1TonWallop","alterego_mod:BoobPocket","alterego_mod:RidiculouslyBig","alterego_mod:IdEs","alterego_mod:TrashNCrash","alterego_mod:BustOut","alterego_mod:Clap+1","alterego_mod:Nekomimi+1","Injury","alterego_mod:1TonWallop","alterego_mod:DustData+1","alterego_mod:Smother+1"],"relics":["alterego_mod:MasochisticConstitution","EVO:Axolotl","Centennial Puzzle","Pear","War Paint","Toy Ornithopter","Cursed Key","Strawberry","ClockworkSouvenir","Frozen Egg 2","conspire:Dentures","InkBottle","Lee\u0027s Waffle"],"acts_visited":["Exordium","TheCity"],"potions_floor_usage":[6,16,16,23,33,33],"damage_taken":[{"damage":11,"enemies":"Jaw Worm","floor":1,"turns":3},{"damage":8,"enemies":"Small Slimes","floor":3,"turns":2},{"damage":0,"enemies":"Cultist","floor":4,"turns":2},{"damage":6,"enemies":"Large Slime","floor":5,"turns":5},{"damage":38,"enemies":"3 Sentries","floor":6,"turns":8},{"damage":13,"enemies":"Red Slaver","floor":7,"turns":3},{"damage":44,"enemies":"3 Sentries","floor":10,"turns":5},{"damage":14,"enemies":"3 Louse","floor":14,"turns":3},{"damage":36,"enemies":"Hexaghost","floor":16,"turns":7},{"damage":2,"enemies":"Shell Parasite","floor":18,"turns":2},{"damage":81,"enemies":"Slavers","floor":23,"turns":4},{"damage":4,"enemies":"3 Byrds","floor":25,"turns":3},{"damage":28,"enemies":"Snake Plant","floor":28,"turns":3},{"damage":22,"enemies":"Snecko","floor":30,"turns":4},{"damage":101,"enemies":"Automaton","floor":33,"turns":7}],"seed_played":"1925784749191357353","potions_obtained":[{"floor":1,"key":"Explosive Potion"},{"floor":6,"key":"FearPotion"},{"floor":10,"key":"DistilledChaos"},{"floor":14,"key":"PowerPotion"},{"floor":16,"key":"conspire:TimeTravelPotion"},{"floor":23,"key":"ColorlessPotion"},{"floor":25,"key":"CultistPotion"}],"is_trial":false,"path_per_floor":["M","?","M","M","M","E","M","R","T","?","R","?","R","M","R","B",null,"M","?","$","T","?","E","R","M","T","$","M","R","M","?","R","B"],"character_chosen":"The_Alterego","items_purchased":["ClockworkSouvenir","alterego_mod:BustOut","Lee\u0027s Waffle","alterego_mod:1TonWallop"],"campfire_rested":5,"item_purchase_floors":[20,20,27,27],"current_hp_per_floor":[70,70,63,63,72,59,47,73,73,30,56,56,82,69,69,44,91,90,82,82,82,82,42,72,69,69,108,81,109,88,88,88,0,0],"gold":59,"neow_bonus":"RANDOM_COMMON_RELIC","is_daily":false,"chose_seed":false,"campfire_upgraded":1,"win_rate":0.0,"timestamp":1613631105,"path_taken":["M","?","M","M","M","E","M","R","T","?","R","?","R","M","R","BOSS","M","?","$","?","?","E","R","M","T","$","M","R","?","?","R","BOSS"],"items_purchased_type":["Relic","Card","Relic","Card"],"build_version":"2020-12-22","purchased_purges":0,"victory":false,"max_hp_per_floor":[74,74,75,75,76,87,88,88,88,89,89,89,89,90,90,91,91,92,99,99,99,99,100,100,101,101,108,109,109,110,110,110,110,110],"card_choices":[{"not_picked":["alterego_mod:BreastValley","alterego_mod:Cycle"],"picked":"alterego_mod:Exercise","floor":1},{"not_picked":["alterego_mod:Punishment","alterego_mod:Pet"],"picked":"alterego_mod:Cushion","floor":3},{"not_picked":["alterego_mod:HighServant","alterego_mod:Belts"],"picked":"alterego_mod:Valentines","floor":4},{"not_picked":["alterego_mod:BreastValley","alterego_mod:DeftHands"],"picked":"alterego_mod:BiFurious","floor":5},{"not_picked":["alterego_mod:InsideBaseball","alterego_mod:Schoolgirl"],"picked":"alterego_mod:TrashNCrash","floor":6},{"not_picked":["alterego_mod:Bounce","alterego_mod:Complex"],"picked":"alterego_mod:1TonWallop","floor":7},{"not_picked":["alterego_mod:Jiggle","alterego_mod:Punishment"],"picked":"alterego_mod:BoobPocket","floor":10},{"not_picked":["alterego_mod:PurpleHair","alterego_mod:Pet"],"picked":"alterego_mod:RidiculouslyBig","floor":14},{"not_picked":["alterego_mod:AlterEgo","alterego_mod:Tantrum"],"picked":"alterego_mod:IdEs","floor":16},{"not_picked":["alterego_mod:Complex","alterego_mod:Exercise"],"picked":"alterego_mod:TrashNCrash","floor":18},{"not_picked":["alterego_mod:HighServant+1","alterego_mod:PresenceConcealment+1"],"picked":"alterego_mod:Clap+1","floor":23},{"not_picked":["alterego_mod:Punishment+1","alterego_mod:Birthday+1"],"picked":"alterego_mod:Nekomimi+1","floor":25},{"not_picked":["alterego_mod:DeftHands","alterego_mod:Cycle"],"picked":"alterego_mod:DustData","floor":28},{"not_picked":["alterego_mod:Mirror","alterego_mod:GoddessCore"],"picked":"alterego_mod:Smother+1","floor":30}],"player_experience":519052,"relics_obtained":[{"floor":6,"key":"Pear"},{"floor":9,"key":"War Paint"},{"floor":10,"key":"Toy Ornithopter"},{"floor":21,"key":"Frozen Egg 2"},{"floor":23,"key":"InkBottle"}],"event_choices":[{"damage_healed":0,"gold_gain":0,"player_choice":"Ignored","damage_taken":0,"max_hp_gain":0,"max_hp_loss":0,"event_name":"Golden Wing","floor":2,"gold_loss":0},{"damage_healed":0,"gold_gain":0,"player_choice":"Searched \u00271\u0027 times","damage_taken":0,"max_hp_gain":0,"max_hp_loss":0,"event_name":"Dead Adventurer","floor":10,"gold_loss":0},{"damage_healed":0,"gold_gain":0,"player_choice":"Gave Potion","damage_taken":0,"relics_obtained":["conspire:Dentures"],"max_hp_gain":0,"max_hp_loss":0,"event_name":"WeMeetAgain","floor":22,"gold_loss":0},{"cards_removed":["jedi:thedog"],"damage_healed":0,"gold_gain":0,"player_choice":"Purged","damage_taken":0,"max_hp_gain":0,"max_hp_loss":0,"event_name":"Purifier","floor":31,"gold_loss":0}],"is_beta":false,"boss_relics":[{"not_picked":["StSpp:Magatama","jedi:hotpepper"],"picked":"Cursed Key"}],"items_purged_floors":[],"is_endless":false,"potions_floor_spawned":[1,6,10,14,16,23,25],"killed_by":"Automaton","ascension_level":0}}