{"host":"93bjq340p293ukqy","time":1613684203,"event":{"mods":["BaseMod","Hermit","Minty Spire (QoL Compilation)","StSLib","The Cursed"],"gold_per_floor":[113,129,140,151,151,182,182,202,225,258,284,284,309,324,324,422,422,441,25,35,35,35,35,62,62,62,91,16,33,60,60,60,162,162,174,174,194,194,207,207,238,264,335,335,349,349,53,53,53,53],"floor_reached":51,"language":"ENG","playtime":2154,"items_purged":["Strike_B"],"score":1013,"play_id":"5d234b56-e5ca-4fdc-8619-4cafa4c0beb8","local_time":"20210218233643","is_ascension_mode":true,"campfire_choices":[{"floor":7,"key":"REST"},{"floor":12,"key":"REST"},{"floor":15,"key":"REST"},{"floor":23,"key":"REST"},{"floor":25,"key":"REST"},{"data":"Echo Form","floor":32,"key":"SMITH"},{"floor":40,"key":"REST"},{"floor":46,"key":"REST"},{"data":"Apotheosis","floor":49,"key":"SMITH"}],"circlet_count":0,"master_deck":["Strike_B","Defend_B+1","Defend_B","Defend_B","Defend_B+1","Zap","Dualcast","Sweeping Beam","Genetic Algorithm","Genetic Algorithm","Steam","Machine Learning","Echo Form+1","Heatsinks","Electrodynamics","Recycle+1","Apotheosis+1","Static Discharge","Storm+1","Tempest","Defragment","Static Discharge","Thunder Strike","Cold Snap+1"],"relics":["Cracked Core","NeowsBlessing","WingedGreaves","PreservedInsect","War Paint","Juzu Bracelet","Toy Ornithopter","SacredBark","Orrery","Cables","InkBottle","Blood Vial","Emotion Chip","Busted Crown","Meat on the Bone","Nunchaku","Singing Bowl","Runic Capacitor","Lantern"],"acts_visited":["Exordium","TheCity","TheBeyond"],"potions_floor_usage":[6,10,11,16,16,20,27,30,37,42,50,50],"damage_taken":[{"damage":0,"enemies":"Cultist","floor":1,"turns":1},{"damage":0,"enemies":"Jaw Worm","floor":2,"turns":1},{"damage":0,"enemies":"Small Slimes","floor":3,"turns":1},{"damage":12,"enemies":"Exordium Wildlife","floor":4,"turns":4},{"damage":16,"enemies":"Lagavulin","floor":6,"turns":7},{"damage":1,"enemies":"2 Fungi Beasts","floor":8,"turns":4},{"damage":19,"enemies":"Gremlin Nob","floor":10,"turns":4},{"damage":15,"enemies":"3 Sentries","floor":11,"turns":5},{"damage":6,"enemies":"Gremlin Nob","floor":13,"turns":5},{"damage":19,"enemies":"Exordium Thugs","floor":14,"turns":5},{"damage":33,"enemies":"The Guardian","floor":16,"turns":10},{"damage":10,"enemies":"Chosen","floor":18,"turns":6},{"damage":4,"enemies":"3 Byrds","floor":20,"turns":1},{"damage":37,"enemies":"Slavers","floor":24,"turns":2},{"damage":20,"enemies":"Book of Stabbing","floor":27,"turns":2},{"damage":1,"enemies":"Centurion and Healer","floor":29,"turns":3},{"damage":30,"enemies":"Gremlin Leader","floor":30,"turns":4},{"damage":37,"enemies":"Champ","floor":33,"turns":9},{"damage":11,"enemies":"Orb Walker","floor":35,"turns":3},{"damage":0,"enemies":"3 Shapes","floor":37,"turns":2},{"damage":23,"enemies":"Maw","floor":39,"turns":5},{"damage":13,"enemies":"Giant Head","floor":41,"turns":5},{"damage":24,"enemies":"Reptomancer","floor":42,"turns":4},{"damage":10,"enemies":"Sphere and 2 Shapes","floor":45,"turns":3},{"damage":41,"enemies":"Donu and Deca","floor":50,"turns":4}],"seed_played":"2276047492707924797","potions_obtained":[{"floor":4,"key":"AttackPotion"},{"floor":6,"key":"FocusPotion"},{"floor":10,"key":"Fire Potion"},{"floor":13,"key":"EssenceOfDarkness"},{"floor":14,"key":"Weak Potion"},{"floor":16,"key":"Regen Potion"},{"floor":18,"key":"LiquidBronze"},{"floor":24,"key":"EssenceOfSteel"},{"floor":29,"key":"LiquidBronze"},{"floor":35,"key":"Block Potion"},{"floor":39,"key":"Regen Potion"},{"floor":41,"key":"ColorlessPotion"},{"floor":45,"key":"FearPotion"}],"is_trial":false,"path_per_floor":["M","M","M","M","?","E","R","M","T","E","E","R","E","M","R","B",null,"M","$","M","?","?","R","E","R","T","E","$","M","E","?","R","B",null,"M","?","M","?","M","R","E","E","T","$","M","R","$","?","R","B",null],"character_chosen":"DEFECT","items_purchased":["Apotheosis","Orrery","Static Discharge","Runic Capacitor","Lantern"],"campfire_rested":7,"item_purchase_floors":[19,19,28,47,47],"current_hp_per_floor":[68,68,68,56,56,40,62,61,61,42,27,49,43,24,46,23,62,52,52,53,53,53,75,38,60,60,45,45,46,50,75,75,38,66,57,57,64,64,43,65,54,49,49,49,43,66,66,66,66,56],"gold":53,"neow_bonus":"THREE_ENEMY_KILL","is_daily":false,"chose_seed":false,"campfire_upgraded":2,"win_rate":0.0,"timestamp":1613684203,"path_taken":["M","?","M","M","?","E","R","?","T","E","E","R","E","M","R","BOSS","M","$","M","?","?","R","E","R","T","E","?","M","E","?","R","BOSS","M","?","M","?","M","R","E","E","T","$","M","R","$","?","R","BOSS"],"items_purchased_type":["Card","Relic","Card","Relic","Relic"],"build_version":"2020-12-22","purchased_purges":1,"victory":true,"max_hp_per_floor":[75,75,75,75,75,75,75,75,75,75,75,75,75,75,75,75,75,75,75,75,75,75,75,75,75,75,75,75,75,75,75,75,75,75,75,75,75,75,75,75,75,75,75,75,77,77,77,77,77,77],"card_choices":[{"not_picked":["Leap","Gash"],"picked":"Sweeping Beam","floor":1},{"not_picked":["Turbo","Beam Cell","Barrage"],"picked":"SKIP","floor":2},{"not_picked":["Compile Driver","Turbo"],"picked":"Genetic Algorithm","floor":3},{"not_picked":["Turbo","Reinforced Body"],"picked":"Genetic Algorithm","floor":4},{"not_picked":["Ball Lightning","Beam Cell"],"picked":"Machine Learning","floor":6},{"not_picked":["Sweeping Beam","Reinforced Body","Stack"],"picked":"SKIP","floor":8},{"not_picked":["Double Energy","Coolheaded"],"picked":"Echo Form","floor":10},{"not_picked":["Reinforced Body","Reprogram"],"picked":"Heatsinks","floor":11},{"not_picked":["Cold Snap","Sweeping Beam"],"picked":"Doom and Gloom","floor":13},{"not_picked":["Turbo","Reinforced Body","BootSequence"],"picked":"SKIP","floor":14},{"not_picked":["Rainbow","Buffer"],"picked":"Electrodynamics","floor":16},{"not_picked":["Reinforced Body+1","Go for the Eyes+1"],"picked":"Recycle+1","floor":18},{"not_picked":["Streamline","Skim"],"picked":"Static Discharge","floor":19},{"not_picked":["Thunder Strike","Steam Power"],"picked":"Doom and Gloom","floor":19},{"not_picked":["Coolheaded+1","Tempest"],"picked":"Storm+1","floor":19},{"not_picked":["Stack","Sweeping Beam+1"],"picked":"Tempest","floor":19},{"not_picked":["Double Energy","Hologram+1"],"picked":"Defragment","floor":20},{"not_picked":["Coolheaded+1","Redo","Stack"],"picked":"SKIP","floor":24},{"not_picked":["Coolheaded","Rebound+1","Gash"],"picked":"SKIP","floor":27},{"not_picked":["Gash","Beam Cell","Consume"],"picked":"SKIP","floor":29},{"not_picked":["Beam Cell","Compile Driver","Conserve Battery"],"picked":"SKIP","floor":30},{"not_picked":["Seek","Hyperbeam"],"picked":"Thunder Strike","floor":33},{"not_picked":[],"picked":"Cold Snap+1","floor":35},{"not_picked":["Streamline+1"],"picked":"SKIP","floor":37},{"not_picked":["Stack+1"],"picked":"SKIP","floor":39},{"not_picked":["Coolheaded+1"],"picked":"SKIP","floor":41},{"not_picked":["Darkness"],"picked":"SKIP","floor":42},{"not_picked":["Coolheaded"],"picked":"Singing Bowl","floor":45}],"player_experience":256189,"relics_obtained":[{"floor":6,"key":"WingedGreaves"},{"floor":9,"key":"PreservedInsect"},{"floor":10,"key":"War Paint"},{"floor":11,"key":"Juzu Bracelet"},{"floor":13,"key":"Toy Ornithopter"},{"floor":24,"key":"Cables"},{"floor":26,"key":"InkBottle"},{"floor":27,"key":"Blood Vial"},{"floor":30,"key":"Emotion Chip"},{"floor":41,"key":"Meat on the Bone"},{"floor":42,"key":"Nunchaku"},{"floor":43,"key":"Singing Bowl"}],"event_choices":[{"damage_healed":0,"gold_gain":0,"cards_transformed":["Strike_B"],"player_choice":"Transformed","damage_taken":0,"max_hp_gain":0,"max_hp_loss":0,"event_name":"Transmorgrifier","floor":5,"gold_loss":0,"cards_obtained":["Steam"]},{"damage_healed":0,"gold_gain":0,"player_choice":"Ignored","damage_taken":0,"max_hp_gain":0,"max_hp_loss":0,"event_name":"Vampires","floor":21,"gold_loss":0},{"cards_removed":["Doom and Gloom"],"damage_healed":0,"gold_gain":0,"player_choice":"Elegance","damage_taken":0,"max_hp_gain":0,"max_hp_loss":0,"event_name":"Back to Basics","floor":22,"gold_loss":0},{"cards_removed":["Doom and Gloom"],"damage_healed":25,"gold_gain":0,"player_choice":"Offered Uncommon","damage_taken":0,"max_hp_gain":0,"max_hp_loss":0,"event_name":"Bonfire Elementals","floor":31,"gold_loss":0},{"cards_removed":["Strike_B"],"damage_healed":0,"gold_gain":0,"player_choice":"Card Removal","damage_taken":0,"max_hp_gain":0,"max_hp_loss":0,"event_name":"Wheel of Change","floor":36,"gold_loss":0},{"damage_healed":0,"gold_gain":0,"player_choice":"Ignored","damage_taken":0,"max_hp_gain":0,"max_hp_loss":0,"event_name":"Tomb of Lord Red Mask","floor":38,"gold_loss":0},{"damage_healed":0,"gold_gain":0,"player_choice":"0 cards matched","damage_taken":0,"max_hp_gain":0,"max_hp_loss":0,"event_name":"Match and Keep!","floor":48,"gold_loss":0,"cards_obtained":[]}],"is_beta":false,"boss_relics":[{"not_picked":["Coffee Dripper","Sozu"],"picked":"SacredBark"},{"not_picked":["Pandora\u0027s Box","Calling Bell"],"picked":"Busted Crown"}],"items_purged_floors":[19],"is_endless":false,"potions_floor_spawned":[4,6,10,13,14,16,18,24,29,35,39,41,45],"ascension_level":6}}