{"host":"nz11ypxva4e39b7q","time":1613668466,"event":{"mods":["BaseMod","Better Third Choice","Better Vampires","Colored Map","Minty Spire (QoL Compilation)","Quick Restart","Shapeshifter Mod","StSLib"],"gold_per_floor":[111,186,213,240,240,279,291,340,379,391,449,491,503,552,564,688,700,740,752,174,18,52,96,116,164,189,189,213,237,237,237,237,350,400,425,425,454,467,467,504,150,196,249,249,124,174,174,220,220,227,227,227,28,69,69],"floor_reached":56,"language":"ENG","playtime":5618,"items_purged":["StSShapeShifter:Lynx_Form","StSShapeShifter:ShapeShifter_Strike","StSShapeShifter:ShapeShifter_Strike","StSShapeShifter:ShapeShifter_Strike"],"score":1592,"play_id":"42a53c2c-355b-4047-901b-0f446fd09b9a","local_time":"20210218181426","is_ascension_mode":true,"campfire_choices":[{"data":"StSShapeShifter:Consume","floor":7.0,"key":"SMITH"},{"floor":10.0,"key":"REST"},{"floor":13.0,"key":"REST"},{"data":"StSShapeShifter:SunflowerShuriken","floor":15.0,"key":"SMITH"},{"data":"StSShapeShifter:GoldenBerries","floor":27,"key":"SMITH"},{"data":"StSShapeShifter:Ensconce","floor":30,"key":"SMITH"},{"data":"StSShapeShifter:BearForm","floor":32,"key":"SMITH"},{"data":"StSShapeShifter:SunflowerShuriken","floor":44,"key":"SMITH"},{"floor":47,"key":"RECALL"},{"data":"StSShapeShifter:ShapeShifter_Defend","floor":49,"key":"SMITH"},{"data":"StSShapeShifter:ShapeShifter_Defend","floor":52,"key":"SMITH"}],"circlet_count":0,"master_deck":["StSShapeShifter:ShapeShifter_Strike","StSShapeShifter:ShapeShifter_Strike+1","StSShapeShifter:ShapeShifter_Defend+1","StSShapeShifter:ShapeShifter_Defend","StSShapeShifter:ShapeShifter_Defend","StSShapeShifter:ShapeShifter_Defend+1","StSShapeShifter:ShapeShifter_Defend+1","StSShapeShifter:Tortoise_Form+1","StSShapeShifter:FoxForm","StSShapeShifter:ShiftingStrike","StSShapeShifter:OakBlade","StSShapeShifter:Consume+1","StSShapeShifter:SunflowerShuriken+1","StSShapeShifter:GoldenBerries+1","StSShapeShifter:PhoenixForm+1","StSShapeShifter:SunflowerShuriken+1","StSShapeShifter:Autumn","StSShapeShifter:Ensconce+1","StSShapeShifter:SquirrelForm+1","StSShapeShifter:BearForm+1","StSShapeShifter:LeapingSlash","StSShapeShifter:DiverseSpirit+1","StSShapeShifter:VineHandcuffs+1","StSShapeShifter:DiverseSpirit+1","StSShapeShifter:Synchronicity+1","StSShapeShifter:DeerForm+1","StSShapeShifter:BurstingSpore+1"],"relics":["StSShapeShifter:AnimalHeart","StSShapeShifter:TheShapeShiftersMagnolia","Lantern","Shuriken","Oddly Smooth Stone","MawBank","Torii","StSShapeShifter:AlchemistsNecklace","Bird Faced Urn","Darkstone Periapt","Coffee Dripper","StSShapeShifter:DruidicMedallion","OrangePellets","Ice Cream","War Paint","Happy Flower","CaptainsWheel","Anchor","Enchiridion","Tiny House","Bottled Flame","Kunai","Pocketwatch","MealTicket","StSShapeShifter:AlarmClock","Juzu Bracelet","Mummified Hand"],"acts_visited":["Exordium","TheCity","TheBeyond","TheEnding"],"potions_floor_usage":[23,25,29,40,42,42,50,54,55,55,55,55,55],"damage_taken":[{"damage":0.0,"enemies":"Small Slimes","floor":1.0,"turns":6.0},{"damage":1.0,"enemies":"Cultist","floor":3.0,"turns":4.0},{"damage":7.0,"enemies":"Jaw Worm","floor":4.0,"turns":4.0},{"damage":28.0,"enemies":"Lagavulin","floor":6.0,"turns":9.0},{"damage":24.0,"enemies":"Gremlin Nob","floor":8.0,"turns":4.0},{"damage":30.0,"enemies":"Lagavulin","floor":11.0,"turns":4.0},{"damage":3.0,"enemies":"Exordium Thugs","floor":12.0,"turns":6.0},{"damage":31.0,"enemies":"Gremlin Nob","floor":14.0,"turns":4.0},{"damage":0.0,"enemies":"Slime Boss","floor":16.0,"turns":6.0},{"damage":9.0,"enemies":"3 Byrds","floor":18.0,"turns":5.0},{"damage":23.0,"enemies":"Shell Parasite","floor":22.0,"turns":14.0},{"damage":21,"enemies":"Book of Stabbing","floor":23,"turns":5},{"damage":13,"enemies":"Snake Plant","floor":24,"turns":5},{"damage":1,"enemies":"Slavers","floor":25,"turns":7},{"damage":1,"enemies":"3 Cultists","floor":29,"turns":6},{"damage":9,"enemies":"Collector","floor":33,"turns":9},{"damage":6,"enemies":"3 Darklings","floor":35,"turns":6},{"damage":12,"enemies":"Orb Walker","floor":37,"turns":4},{"damage":0,"enemies":"Spire Growth","floor":38,"turns":5},{"damage":0,"enemies":"Giant Head","floor":40,"turns":6},{"damage":6,"enemies":"Reptomancer","floor":42,"turns":9},{"damage":28,"enemies":"Giant Head","floor":46,"turns":7},{"damage":21,"enemies":"Reptomancer","floor":48,"turns":7},{"damage":0,"enemies":"Awakened One","floor":50,"turns":9},{"damage":10,"enemies":"Shield and Spear","floor":54,"turns":6},{"damage":5,"enemies":"The Heart","floor":55,"turns":10}],"seed_played":"-282064000734669995","potions_obtained":[{"floor":1.0,"key":"Strength Potion"},{"floor":11.0,"key":"Strength Potion"},{"floor":14.0,"key":"Swift Potion"},{"floor":16.0,"key":"DistilledChaos"},{"floor":22.0,"key":"SteroidPotion"},{"floor":25,"key":"Fire Potion"},{"floor":33,"key":"Regen Potion"},{"floor":34,"key":"CultistPotion"},{"floor":36,"key":"EntropicBrew"},{"floor":40,"key":"LiquidMemories"},{"floor":42,"key":"Weak Potion"},{"floor":48,"key":"Regen Potion"}],"is_trial":false,"path_per_floor":["M","?","M","M","?","E","R","E","T","R","E","M","R","E","R","B",null,"M","?","$","$","M","E","M","E","T","R","T","M","R","?","R","B",null,"M","?","M","M","?","E","$","E","T","R","$","E","R","E","R","B",null,"R","$","E","B",null],"character_chosen":"SHAPESHIFTER","items_purchased":["OrangePellets","StSShapeShifter:Ensconce","Ice Cream","War Paint","Kunai","Weak Potion"],"campfire_rested":2,"item_purchase_floors":[20,20,20,21,41,53],"current_hp_per_floor":[78,71,70,63,68,40,40,16,16,40,10,13,37,11,11,17,83,80,80,80,80,62,49,44,52,52,52,52,66,66,50,50,59,88,88,88,83,88,88,88,88,85,85,85,88,64,64,65,65,88,88,88,88,88,86],"gold":69,"neow_bonus":"RANDOM_COMMON_RELIC","is_daily":false,"chose_seed":false,"campfire_upgraded":8,"win_rate":0.0,"timestamp":1613668466,"path_taken":["M","?","?","M","?","E","R","E","T","R","E","M","R","E","R","BOSS","M","?","?","$","?","E","M","E","T","R","?","M","R","?","R","BOSS","M","?","M","?","?","E","?","E","T","R","$","E","R","E","R","BOSS","R","$","E","BOSS"],"items_purchased_type":["Relic","Card","Relic","Relic","Relic","Potion"],"build_version":"2020-12-22","purchased_purges":4,"victory":true,"max_hp_per_floor":[78,78,78,78,83,83,83,83,83,83,83,83,83,83,83,83,83,83,83,83,83,83,83,83,83,83,83,83,83,83,83,83,83,88,88,88,88,88,88,88,88,88,88,88,88,88,88,88,88,88,88,88,88,88,88],"card_choices":[{"not_picked":["StSShapeShifter:Rabid","StSShapeShifter:BurstingSpore"],"picked":"StSShapeShifter:FoxForm","floor":1.0},{"not_picked":["StSShapeShifter:BladeOfGrass","StSShapeShifter:FallingLeaves"],"picked":"StSShapeShifter:ShiftingStrike","floor":3.0},{"not_picked":["StSShapeShifter:FallingLeaves","StSShapeShifter:RaptorForm"],"picked":"StSShapeShifter:OakBlade","floor":4.0},{"not_picked":["StSShapeShifter:Maul","StSShapeShifter:MonkeyForm"],"picked":"StSShapeShifter:Consume","floor":6.0},{"not_picked":["StSShapeShifter:ShiftingStrike","StSShapeShifter:FesteringBite"],"picked":"StSShapeShifter:SunflowerShuriken","floor":8.0},{"not_picked":["StSShapeShifter:PoisonIvy","StSShapeShifter:Bonk"],"picked":"StSShapeShifter:GoldenBerries","floor":11.0},{"not_picked":["StSShapeShifter:PoisonIvy","StSShapeShifter:Roar"],"picked":"StSShapeShifter:PhoenixForm","floor":12.0},{"not_picked":["StSShapeShifter:BarkSkin","StSShapeShifter:Mystical_Branch"],"picked":"StSShapeShifter:SunflowerShuriken","floor":14.0},{"not_picked":["StSShapeShifter:RitualOfTheElders","StSShapeShifter:SkullBash"],"picked":"StSShapeShifter:Autumn","floor":16.0},{"not_picked":["StSShapeShifter:BarkSkin","StSShapeShifter:Rest+1","StSShapeShifter:Guard"],"picked":"SKIP","floor":18.0},{"not_picked":["StSShapeShifter:ForestFire","StSShapeShifter:Mystical_Branch+1"],"picked":"StSShapeShifter:SquirrelForm+1","floor":22.0},{"not_picked":["StSShapeShifter:BurstingSpore","StSShapeShifter:Guard"],"picked":"StSShapeShifter:BearForm","floor":23},{"not_picked":["StSShapeShifter:ThornToss","StSShapeShifter:FlowerShield+1"],"picked":"StSShapeShifter:LeapingSlash","floor":24},{"not_picked":["StSShapeShifter:OwlForm","StSShapeShifter:ForestFire"],"picked":"StSShapeShifter:DiverseSpirit+1","floor":25},{"not_picked":["StSShapeShifter:PoisonIvy","StSShapeShifter:ShiftingStrike+1"],"picked":"StSShapeShifter:VineHandcuffs+1","floor":29},{"not_picked":["StSShapeShifter:SunflowerShuriken","StSShapeShifter:BladeOfGrass"],"picked":"StSShapeShifter:DiverseSpirit+1","floor":34},{"not_picked":["StSShapeShifter:AdaptiveStrikes+1","StSShapeShifter:VineHandcuffs","StSShapeShifter:BurstingSpore"],"picked":"SKIP","floor":35},{"not_picked":["StSShapeShifter:FesteringBite","StSShapeShifter:BloomingSlash","StSShapeShifter:ThornToss+1"],"picked":"SKIP","floor":37},{"not_picked":["StSShapeShifter:ThornToss","StSShapeShifter:Rest+1","StSShapeShifter:RockSlide"],"picked":"SKIP","floor":38},{"not_picked":["StSShapeShifter:BarkSkin","StSShapeShifter:Bonk"],"picked":"StSShapeShifter:Synchronicity+1","floor":40},{"not_picked":["StSShapeShifter:MonkeyForm+1","StSShapeShifter:ThornToss+1","StSShapeShifter:PoisonIvy"],"picked":"SKIP","floor":42},{"not_picked":["StSShapeShifter:FlowerShield+1","StSShapeShifter:MultiSpiritedStrike+1","StSShapeShifter:Ensconce+1"],"picked":"SKIP","floor":46},{"not_picked":["StSShapeShifter:Spring","StSShapeShifter:Rabid"],"picked":"StSShapeShifter:DeerForm+1","floor":48},{"not_picked":["StSShapeShifter:RockSlide+1","StSShapeShifter:DiverseSpirit"],"picked":"StSShapeShifter:BurstingSpore+1","floor":54}],"player_experience":1051931,"relics_obtained":[{"floor":4.0,"key":"Shuriken"},{"floor":4.0,"key":"Oddly Smooth Stone"},{"floor":6.0,"key":"MawBank"},{"floor":8.0,"key":"Torii"},{"floor":9.0,"key":"StSShapeShifter:AlchemistsNecklace"},{"floor":11.0,"key":"Bird Faced Urn"},{"floor":14.0,"key":"Darkstone Periapt"},{"floor":18.0,"key":"StSShapeShifter:DruidicMedallion"},{"floor":23,"key":"Happy Flower"},{"floor":25,"key":"CaptainsWheel"},{"floor":26,"key":"Anchor"},{"floor":31,"key":"Enchiridion"},{"floor":40,"key":"Bottled Flame"},{"floor":42,"key":"Pocketwatch"},{"floor":43,"key":"MealTicket"},{"floor":46,"key":"StSShapeShifter:AlarmClock"},{"floor":48,"key":"Juzu Bracelet"},{"floor":54,"key":"Mummified Hand"}],"event_choices":[{"damage_healed":0.0,"max_hp_gain":0.0,"max_hp_loss":0.0,"gold_gain":75.0,"event_name":"FaceTrader","player_choice":"Touch","floor":2.0,"gold_loss":0.0,"damage_taken":7.0},{"damage_healed":0.0,"max_hp_gain":5.0,"max_hp_loss":0.0,"gold_gain":0.0,"event_name":"Big Fish","player_choice":"Donut","floor":5.0,"gold_loss":0.0,"damage_taken":0.0},{"damage_healed":0.0,"max_hp_gain":0.0,"max_hp_loss":0.0,"gold_gain":0.0,"event_name":"N\u0027loth","player_choice":"Ignored","floor":19.0,"gold_loss":0.0,"damage_taken":0.0},{"damage_healed":0,"gold_gain":0,"player_choice":"Obtained Book","damage_taken":16,"max_hp_gain":0,"max_hp_loss":0,"event_name":"Cursed Tome","floor":31,"gold_loss":0},{"damage_healed":0,"gold_gain":0,"player_choice":"Got Potions","damage_taken":0,"max_hp_gain":0,"max_hp_loss":0,"event_name":"Lab","floor":36,"gold_loss":0}],"is_beta":false,"boss_relics":[{"not_picked":["Runic Pyramid","Fusion Hammer"],"picked":"Coffee Dripper"},{"not_picked":["Snecko Eye","Velvet Choker"],"picked":"Tiny House"}],"items_purged_floors":[20,41,45,53],"is_endless":false,"potions_floor_spawned":[1,11,14,16,22,25,33,38,40,42,48],"ascension_level":2}}