{"host":"qdluzwl0w2iptkmi","time":1613630486,"event":{"mods":["AchievementEnabler","BaseMod","BetterRewards","DeckTracker","Keyboard Shortcuts","Minty Spire (QoL Compilation)","Quick Restart","Relic Stats","StSLib","SuperFastMode"],"gold_per_floor":[132,162,213,249,300,378,453,540,567,660,717,807,864,422,422,710,710,767,815,130,160,205,310,388,469,469,550,625,90,189,282,282,594,594,627,687,747,53,98,197,284,365,389,479,36,126,186,35,35,35],"floor_reached":51,"language":"KOR","playtime":2035,"items_purged":["Caltrops","Dagger Throw","Outmaneuver"],"score":1902,"play_id":"0754e0be-95cd-4238-872c-84db18dccf2c","local_time":"20210218154126","daily_mods":["Draft","Vintage","Green Cards","Heirloom","Time Dilation","Flight","DeadlyEvents","Elite Swarm","Lethality","Midas"],"is_ascension_mode":false,"campfire_choices":[{"floor":15,"key":"REST"},{"floor":32,"key":"REST"}],"circlet_count":0,"master_deck":["Prepared","Slice+1","Blade Dance","Masterful Stab","Deadly Poison","Prepared","PiercingWail","Slice","Cloak And Dagger+1","Cloak And Dagger+1","Masterful Stab","Cloak And Dagger","Adrenaline","After Image","Venomology","Phantasmal Killer","Deep Breath","Slice+1","Deflect","Adrenaline","Accuracy","Adrenaline","Envenom+1","After Image+1","Accuracy+1","Adrenaline+1","Slice+1","Swift Strike+1","Apotheosis+1","Masterful Stab+1","Escape Plan+1","Calculated Gamble+1","Masterful Stab+1","Terror+1","Footwork+1","Escape Plan+1","Jack Of All Trades+1"],"relics":["Unceasing Top","Gambling Chip","Question Card","Eternal Feather","Darkstone Periapt","Akabeko","Bag of Marbles","Bottled Flame","Anchor","War Paint","Tiny Chest","Lantern","Snake Skull","Lizard Tail","Happy Flower","Toy Ornithopter","Black Star","Bronze Scales","Meat on the Bone","DollysMirror","Oddly Smooth Stone","Letter Opener","Frozen Egg 2","Tough Bandages","Mummified Hand","Orichalcum","Matryoshka","Regal Pillow","Bottled Tornado","Thread and Needle","Potion Belt","Singing Bowl","Toxic Egg 2","Bag of Preparation","Molten Egg 2","Paper Crane","Whetstone","Toolbox","Ancient Tea Set","Pocketwatch","Ninja Scroll","InkBottle","PreservedInsect","Coffee Dripper","MawBank","Blue Candle","Pen Nib","Turnip","Vajra","The Courier","MealTicket","Ornamental Fan","Omamori","Strawberry","Mercury Hourglass","Tingsha","Boot","CeramicFish","Shuriken","Art of War","StrikeDummy","Blood Vial","Gremlin Horn","Pear","Orrery"],"acts_visited":["Exordium","TheCity","TheBeyond"],"potions_floor_usage":[16,16,23,33,50,50,50],"damage_taken":[{"damage":0,"enemies":"Cultist","floor":1,"turns":1},{"damage":0,"enemies":"Jaw Worm","floor":2,"turns":1},{"damage":0,"enemies":"2 Louse","floor":3,"turns":1},{"damage":0,"enemies":"Red Slaver","floor":4,"turns":1},{"damage":0,"enemies":"Looter","floor":5,"turns":1},{"damage":0,"enemies":"3 Sentries","floor":6,"turns":2},{"damage":0,"enemies":"Lagavulin","floor":7,"turns":1},{"damage":0,"enemies":"Gremlin Nob","floor":8,"turns":1},{"damage":0,"enemies":"3 Sentries","floor":10,"turns":2},{"damage":0,"enemies":"2 Fungi Beasts","floor":11,"turns":1},{"damage":0,"enemies":"Lagavulin","floor":12,"turns":1},{"damage":0,"enemies":"Large Slime","floor":13,"turns":1},{"damage":0,"enemies":"Slime Boss","floor":16,"turns":1},{"damage":0,"enemies":"Shell Parasite","floor":18,"turns":1},{"damage":0,"enemies":"2 Thieves","floor":19,"turns":1},{"damage":0,"enemies":"Snake Plant","floor":21,"turns":1},{"damage":0,"enemies":"Centurion and Healer","floor":22,"turns":1},{"damage":0,"enemies":"Gremlin Leader","floor":23,"turns":1},{"damage":0,"enemies":"Book of Stabbing","floor":24,"turns":1},{"damage":0,"enemies":"Gremlin Leader","floor":25,"turns":1},{"damage":0,"enemies":"Slavers","floor":27,"turns":1},{"damage":0,"enemies":"Gremlin Leader","floor":28,"turns":1},{"damage":0,"enemies":"Book of Stabbing","floor":30,"turns":1},{"damage":0,"enemies":"Slavers","floor":31,"turns":1},{"damage":0,"enemies":"Champ","floor":33,"turns":1},{"damage":0,"enemies":"3 Shapes","floor":35,"turns":1},{"damage":0,"enemies":"Orb Walker","floor":36,"turns":1},{"damage":0,"enemies":"Transient","floor":37,"turns":2},{"damage":0,"enemies":"Jaw Worm Horde","floor":39,"turns":1},{"damage":0,"enemies":"Giant Head","floor":40,"turns":2},{"damage":0,"enemies":"Reptomancer","floor":41,"turns":1},{"damage":0,"enemies":"Nemesis","floor":42,"turns":1},{"damage":0,"enemies":"Giant Head","floor":44,"turns":1},{"damage":0,"enemies":"Reptomancer","floor":46,"turns":1},{"damage":0,"enemies":"Sphere and 2 Shapes","floor":47,"turns":1},{"damage":0,"enemies":"Time Eater","floor":50,"turns":2}],"seed_played":"-6066719295457237612","potions_obtained":[{"floor":2,"key":"CunningPotion"},{"floor":5,"key":"Dexterity Potion"},{"floor":6,"key":"Energy Potion"},{"floor":16,"key":"EssenceOfSteel"},{"floor":22,"key":"GhostInAJar"},{"floor":27,"key":"SneckoOil"},{"floor":30,"key":"DuplicationPotion"},{"floor":31,"key":"Strength Potion"},{"floor":36,"key":"Strength Potion"},{"floor":41,"key":"BlessingOfTheForge"}],"is_trial":true,"path_per_floor":["M","M","M","M","M","E","E","E","T","E","M","E","M","$","R","B",null,"M","M","$","M","M","E","E","E","T","E","E","$","E","E","R","B",null,"M","M","M","$","M","E","E","E","T","E","$","E","M","$","R","B",null],"character_chosen":"THE_SILENT","items_purchased":["Deep Breath","Toy Ornithopter","Slice","Deflect","SteroidPotion","DollysMirror","Accuracy","Oddly Smooth Stone","Letter Opener","Accuracy+1","Whetstone","Toolbox","Ancient Tea Set","Turnip","Vajra","Slice+1","CultistPotion","StrikeDummy","Swift Strike+1","Apotheosis+1","Masterful Stab+1","Orrery","Escape Plan+1","Jack Of All Trades+1"],"campfire_rested":2,"item_purchase_floors":[14,14,14,14,14,20,20,20,20,29,29,29,29,38,38,38,38,45,45,45,45,48,48,48],"current_hp_per_floor":[70,70,70,70,70,70,70,70,70,70,70,70,70,70,70,70,70,70,70,70,70,70,70,70,70,70,72,74,74,76,76,76,78,78,78,78,78,78,78,80,89,91,91,93,93,95,105,105,105,105],"gold":35,"neow_bonus":"","is_daily":false,"chose_seed":false,"campfire_upgraded":0,"win_rate":0.0,"timestamp":1613630486,"path_taken":["M","M","M","M","M","E","E","E","T","E","M","E","M","$","R","BOSS","M","M","$","M","M","E","E","E","T","E","E","$","E","E","R","BOSS","M","M","M","$","M","E","E","E","T","E","?","E","M","$","R","BOSS"],"items_purchased_type":["Card","Relic","Card","Card","Potion","Relic","Card","Relic","Relic","Card","Relic","Relic","Relic","Relic","Relic","Card","Potion","Relic","Card","Card","Card","Relic","Card","Card"],"build_version":"2020-12-22","purchased_purges":3,"victory":true,"max_hp_per_floor":[70,70,70,70,70,70,70,70,70,70,70,70,70,70,70,70,70,70,70,70,70,70,70,70,70,70,72,74,74,76,76,76,78,78,78,78,78,78,78,80,89,91,91,93,93,95,105,105,105,105],"relic_stats":{"Darkstone Periapt":0,"Regal Pillow":0,"Singing Bowl":18,"Gremlin Horn":[2,2],"CeramicFish":90,"Snake Skull":[119],"Bag of Preparation":[17],"Whetstone":["Slice","Slice"],"Boot":[0],"Blood Vial":0,"Lizard Tail":0,"Tough Bandages":[93],"Mummified Hand":[41],"Gambling Chip":[50],"Tiny Chest":0,"MealTicket":0,"InkBottle":[17],"Happy Flower":[9],"counters":[36,41],"Blue Candle":[0],"Eternal Feather":0,"Tingsha":[30],"PreservedInsect":414,"Pen Nib":[5],"Letter Opener":[224],"War Paint":["Cloak And Dagger","Cloak And Dagger"],"Orichalcum":[0],"Question Card":24,"MawBank":36,"Mercury Hourglass":[24],"Ornamental Fan":[48],"Shuriken":[5],"Bronze Scales":[6],"Turnip":[0],"Black Star":12,"Art of War":[0],"obtain_stats":[{"Gremlin Horn":46,"CeramicFish":43,"Vajra":38,"Whetstone":29,"Bottled Tornado":25,"Boot":43,"Blood Vial":46,"Lizard Tail":12,"DollysMirror":20,"Strawberry":41,"MealTicket":40,"Toxic Egg 2":27,"Pear":47,"Happy Flower":13,"Blue Candle":36,"Oddly Smooth Stone":20,"Eternal Feather":2,"Tingsha":42,"Pen Nib":37,"Letter Opener":20,"War Paint":8,"Paper Crane":28,"Question Card":1,"Akabeko":4,"Bottled Flame":6,"Shuriken":44,"Bronze Scales":18,"Molten Egg 2":28,"Black Star":17,"StrikeDummy":45,"Unceasing Top":0,"Meat on the Bone":19,"Pocketwatch":30,"Darkstone Periapt":3,"Lantern":10,"Regal Pillow":24,"Singing Bowl":26,"Snake Skull":11,"Bag of Preparation":27,"Ancient Tea Set":29,"Tough Bandages":22,"Matryoshka":24,"Mummified Hand":23,"Ninja Scroll":30,"Gambling Chip":0,"Toolbox":29,"Tiny Chest":9,"InkBottle":31,"Potion Belt":26,"Thread and Needle":25,"PreservedInsect":31,"The Courier":39,"Omamori":41,"Frozen Egg 2":21,"Orichalcum":23,"MawBank":35,"Mercury Hourglass":42,"Anchor":7,"Ornamental Fan":40,"Orrery":48,"Turnip":38,"Bag of Marbles":5,"Coffee Dripper":34,"Art of War":44,"Toy Ornithopter":14},{"Gremlin Horn":34,"CeramicFish":32,"Vajra":28,"Whetstone":22,"Bottled Tornado":20,"Boot":32,"Blood Vial":34,"Lizard Tail":11,"DollysMirror":15,"Strawberry":31,"MealTicket":30,"Toxic Egg 2":21,"Pear":35,"Happy Flower":12,"Blue Candle":27,"Oddly Smooth Stone":15,"Eternal Feather":2,"Tingsha":32,"Pen Nib":28,"Letter Opener":15,"War Paint":8,"Paper Crane":22,"Question Card":1,"Akabeko":4,"Bottled Flame":6,"Shuriken":33,"Bronze Scales":14,"Molten Egg 2":22,"Black Star":13,"StrikeDummy":33,"Unceasing Top":0,"Meat on the Bone":15,"Pocketwatch":23,"Darkstone Periapt":3,"Lantern":9,"Regal Pillow":19,"Singing Bowl":20,"Snake Skull":10,"Bag of Preparation":21,"Ancient Tea Set":22,"Tough Bandages":17,"Matryoshka":19,"Mummified Hand":18,"Ninja Scroll":23,"Gambling Chip":0,"Toolbox":22,"Tiny Chest":8,"InkBottle":24,"Potion Belt":20,"Thread and Needle":20,"PreservedInsect":24,"The Courier":29,"Omamori":31,"Frozen Egg 2":16,"Orichalcum":18,"MawBank":26,"Mercury Hourglass":32,"Anchor":7,"Ornamental Fan":30,"Orrery":35,"Turnip":28,"Bag of Marbles":5,"Coffee Dripper":25,"Art of War":33,"Toy Ornithopter":12},{"Gremlin Horn":38,"CeramicFish":36,"Vajra":31,"Whetstone":24,"Bottled Tornado":22,"Boot":36,"Blood Vial":38,"Lizard Tail":13,"DollysMirror":17,"Strawberry":35,"MealTicket":34,"Toxic Egg 2":23,"Pear":39,"Happy Flower":14,"Blue Candle":29,"Oddly Smooth Stone":17,"Eternal Feather":2,"Tingsha":36,"Pen Nib":31,"Letter Opener":17,"War Paint":9,"Paper Crane":24,"Question Card":1,"Akabeko":4,"Bottled Flame":7,"Shuriken":37,"Bronze Scales":16,"Molten Egg 2":24,"Black Star":15,"StrikeDummy":37,"Unceasing Top":0,"Meat on the Bone":17,"Pocketwatch":25,"Darkstone Periapt":3,"Lantern":11,"Regal Pillow":21,"Singing Bowl":22,"Snake Skull":12,"Bag of Preparation":23,"Ancient Tea Set":24,"Tough Bandages":19,"Matryoshka":21,"Mummified Hand":20,"Ninja Scroll":25,"Gambling Chip":0,"Toolbox":24,"Tiny Chest":9,"InkBottle":26,"Potion Belt":22,"Thread and Needle":22,"PreservedInsect":26,"The Courier":32,"Omamori":35,"Frozen Egg 2":18,"Orichalcum":20,"MawBank":28,"Mercury Hourglass":36,"Anchor":8,"Ornamental Fan":34,"Orrery":39,"Turnip":31,"Bag of Marbles":5,"Coffee Dripper":27,"Art of War":37,"Toy Ornithopter":14}],"Unceasing Top":[41],"Toy Ornithopter":0,"Meat on the Bone":0,"Pocketwatch":[0]},"card_choices":[{"not_picked":["Riddle With Holes","Dodge and Roll"],"picked":"Prepared","floor":0},{"not_picked":["Quick Slash","Outmaneuver"],"picked":"Slice","floor":0},{"not_picked":["Underhanded Strike","Sucker Punch"],"picked":"Caltrops","floor":0},{"not_picked":["Masterful Stab","Flechettes"],"picked":"Blade Dance","floor":0},{"not_picked":["Backstab","Prepared"],"picked":"Masterful Stab","floor":0},{"not_picked":["Expertise","Predator"],"picked":"Deadly Poison","floor":0},{"not_picked":["Flying Knee","Backflip"],"picked":"Outmaneuver","floor":0},{"not_picked":["Flying Knee","Infinite Blades"],"picked":"Prepared","floor":0},{"not_picked":["Dagger Throw","Dodge and Roll"],"picked":"PiercingWail","floor":0},{"not_picked":["Flechettes","Bane"],"picked":"Slice","floor":0},{"not_picked":["Sucker Punch","Flying Knee"],"picked":"Cloak And Dagger","floor":0},{"not_picked":["Poisoned Stab","Setup"],"picked":"Cloak And Dagger","floor":0},{"not_picked":["Poisoned Stab","Blade Dance"],"picked":"Masterful Stab","floor":0},{"not_picked":["Skewer","Backflip"],"picked":"Dagger Throw","floor":0},{"not_picked":["Expertise","Quick Slash"],"picked":"Cloak And Dagger","floor":0},{"not_picked":["Night Terror","Tools of the Trade","Bullet Time","Doppelganger"],"picked":"SKIP","floor":6},{"not_picked":["Burst","Grand Finale","Wraith Form v2"],"picked":"Adrenaline","floor":7},{"not_picked":["Tools of the Trade","Malaise","Doppelganger"],"picked":"After Image","floor":8},{"not_picked":["Doppelganger","After Image","Grand Finale"],"picked":"Venomology","floor":10},{"not_picked":["A Thousand Cuts","Wraith Form v2","Bullet Time"],"picked":"Phantasmal Killer","floor":12},{"not_picked":["Glass Knife","Unload","Corpse Explosion"],"picked":"Adrenaline","floor":23},{"not_picked":["Tools of the Trade+1","Grand Finale","Venomology"],"picked":"Envenom+1","floor":24},{"not_picked":["Grand Finale","Die Die Die","Storm of Steel"],"picked":"After Image+1","floor":25},{"not_picked":["After Image+1","Night Terror+1","Wraith Form v2+1","Unload"],"picked":"Singing Bowl","floor":27},{"not_picked":["Tools of the Trade+1","A Thousand Cuts+1","Corpse Explosion+1","Malaise+1"],"picked":"Singing Bowl","floor":28},{"not_picked":["Storm of Steel+1","Bullet Time+1","Phantasmal Killer+1","Malaise+1"],"picked":"Singing Bowl","floor":30},{"not_picked":["Grand Finale+1","Burst+1","Corpse Explosion+1"],"picked":"Adrenaline+1","floor":31},{"not_picked":["Bullet Time+1","Unload+1","Burst+1","Corpse Explosion+1"],"picked":"Singing Bowl","floor":33},{"not_picked":["A Thousand Cuts+1","Night Terror+1","Burst+1","Venomology+1"],"picked":"Singing Bowl","floor":40},{"not_picked":["Corpse Explosion+1","Phantasmal Killer+1","After Image+1","Burst+1"],"picked":"Singing Bowl","floor":41},{"not_picked":["Adrenaline+1","Glass Knife+1","After Image+1","Phantasmal Killer+1"],"picked":"Singing Bowl","floor":42},{"not_picked":["Burst+1","Unload+1","Storm of Steel+1","Venomology+1"],"picked":"Singing Bowl","floor":44},{"not_picked":["Glass Knife+1","Bullet Time+1","Wraith Form v2+1","Corpse Explosion+1"],"picked":"Singing Bowl","floor":46},{"not_picked":["Deflect+1","Prepared+1","Eviscerate+1"],"picked":"Escape Plan+1","floor":48},{"not_picked":["Predator+1","Cloak And Dagger+1","Dagger Throw+1"],"picked":"Calculated Gamble+1","floor":48},{"not_picked":["Grand Finale+1","Prepared+1","A Thousand Cuts+1"],"picked":"Masterful Stab+1","floor":48},{"not_picked":["Concentrate+1","Bane+1","Backflip+1"],"picked":"Terror+1","floor":48},{"not_picked":["Dagger Throw+1","Deflect+1","Cloak And Dagger+1"],"picked":"Footwork+1","floor":48}],"player_experience":1270510,"relics_obtained":[{"floor":1,"key":"Question Card"},{"floor":2,"key":"Eternal Feather"},{"floor":3,"key":"Darkstone Periapt"},{"floor":4,"key":"Akabeko"},{"floor":5,"key":"Bag of Marbles"},{"floor":6,"key":"Bottled Flame"},{"floor":7,"key":"Anchor"},{"floor":8,"key":"War Paint"},{"floor":9,"key":"Tiny Chest"},{"floor":10,"key":"Lantern"},{"floor":11,"key":"Snake Skull"},{"floor":12,"key":"Lizard Tail"},{"floor":13,"key":"Happy Flower"},{"floor":18,"key":"Bronze Scales"},{"floor":19,"key":"Meat on the Bone"},{"floor":21,"key":"Frozen Egg 2"},{"floor":22,"key":"Tough Bandages"},{"floor":23,"key":"Mummified Hand"},{"floor":23,"key":"Orichalcum"},{"floor":24,"key":"Matryoshka"},{"floor":24,"key":"Regal Pillow"},{"floor":25,"key":"Bottled Tornado"},{"floor":25,"key":"Thread and Needle"},{"floor":26,"key":"Potion Belt"},{"floor":26,"key":"Singing Bowl"},{"floor":27,"key":"Toxic Egg 2"},{"floor":27,"key":"Bag of Preparation"},{"floor":28,"key":"Molten Egg 2"},{"floor":28,"key":"Paper Crane"},{"floor":30,"key":"Pocketwatch"},{"floor":30,"key":"Ninja Scroll"},{"floor":31,"key":"InkBottle"},{"floor":31,"key":"PreservedInsect"},{"floor":35,"key":"MawBank"},{"floor":36,"key":"Blue Candle"},{"floor":37,"key":"Pen Nib"},{"floor":39,"key":"The Courier"},{"floor":40,"key":"MealTicket"},{"floor":40,"key":"Ornamental Fan"},{"floor":41,"key":"Omamori"},{"floor":41,"key":"Strawberry"},{"floor":42,"key":"Mercury Hourglass"},{"floor":42,"key":"Tingsha"},{"floor":43,"key":"Boot"},{"floor":43,"key":"CeramicFish"},{"floor":44,"key":"Shuriken"},{"floor":44,"key":"Art of War"},{"floor":46,"key":"Blood Vial"},{"floor":46,"key":"Gremlin Horn"},{"floor":47,"key":"Pear"}],"event_choices":[],"is_beta":false,"boss_relics":[{"not_picked":["Sozu","Velvet Choker"],"picked":"Black Star"},{"not_picked":["HoveringKite","Cursed Key"],"picked":"Coffee Dripper"}],"items_purged_floors":[14,20,38],"is_endless":false,"potions_floor_spawned":[2,5,6,7,10,12,16,21,22,27,30,31,36,39,41,44,46],"ascension_level":0}}