{"host":"iodn1af76021fjto","time":1613638102,"event":{"mods":["AchievementEnabler","BaseMod","BetterRewards","Colored Map","Downfall","Hermit","Jorbs\u0027s Wanderer Trilogy","Minty Spire (QoL Compilation)","Quick Restart","StSLib","SuperFastMode","The Cursed","The Hierophant","The Jungle","The Runesmith","The Servant 0.9.4"],"gold_per_floor":[109,120,120,120,134,134,167,152,177,177,24,24,24,49,49,150,150,170,170,156,156,156],"floor_reached":21,"language":"ENG","playtime":781,"items_purged":[],"score":206,"play_id":"2ebec288-1b1c-477a-8d25-c59315818411","local_time":"20210218034822","is_ascension_mode":true,"campfire_choices":[{"data":"Poisoned Stab","floor":6,"key":"SMITH"},{"floor":10,"key":"REST"},{"data":"Neutralize","floor":15,"key":"SMITH"}],"circlet_count":0,"master_deck":["Strike_G","Strike_G","Strike_G","Strike_G","Defend_G","Defend_G","Defend_G","Defend_G","Defend_G","Survivor","Neutralize+1","Poisoned Stab+1","Deadly Poison","Prepared","Catalyst+1","Adrenaline","Quick Slash","Die Die Die","Footwork+1"],"relics":["Ring of the Serpent","MealTicket","Toy Ornithopter","Pen Nib","Runesmith:AutoHammer","Lantern","Vajra"],"acts_visited":["Exordium","TheCity"],"potions_floor_usage":[],"damage_taken":[{"damage":0,"enemies":"Cultist","floor":1,"turns":3},{"damage":4,"enemies":"Small Slimes","floor":2,"turns":4},{"damage":4,"enemies":"2 Louse","floor":5,"turns":3},{"damage":23,"enemies":"3 Sentries","floor":7,"turns":10},{"damage":27,"enemies":"Exordium Thugs","floor":8,"turns":4},{"damage":27,"enemies":"Gremlin Nob","floor":14,"turns":4},{"damage":13,"enemies":"The Guardian","floor":16,"turns":9},{"damage":29,"enemies":"3 Byrds","floor":18,"turns":6},{"damage":21,"enemies":"2 Thieves","floor":20,"turns":4},{"damage":35,"enemies":"Cultist and Chosen","floor":21,"turns":6}],"seed_played":"3153567934258226058","potions_obtained":[{"floor":2,"key":"SteroidPotion"},{"floor":7,"key":"SteroidPotion"},{"floor":8,"key":"SneckoOil"}],"is_trial":false,"path_per_floor":["M","M","?","?","M","R","E","M","T","R","$","?","$","E","R","B",null,"M","?","M","M"],"character_chosen":"THE_SILENT","items_purchased":["Lantern"],"campfire_rested":1,"item_purchase_floors":[11],"current_hp_per_floor":[70,66,71,71,67,67,44,17,17,39,54,54,69,42,42,29,75,46,46,25,0,0],"gold":156,"neow_bonus":"RANDOM_COMMON_RELIC","is_daily":false,"chose_seed":false,"campfire_upgraded":2,"win_rate":0.0,"timestamp":1613638102,"path_taken":["M","M","?","?","?","R","E","M","T","R","$","?","?","E","R","BOSS","M","?","?","M"],"items_purchased_type":["Relic"],"build_version":"2020-12-22","purchased_purges":0,"victory":false,"max_hp_per_floor":[70,70,75,75,75,75,75,75,75,75,75,75,75,75,75,75,75,75,75,75,75,75],"card_choices":[{"not_picked":["Slice","Sucker Punch"],"picked":"Poisoned Stab","floor":1},{"not_picked":["Dagger Spray","Dagger Throw"],"picked":"Deadly Poison","floor":2},{"not_picked":["Storm of Steel","Eviscerate"],"picked":"Prepared","floor":5},{"not_picked":["Dagger Throw","Acrobatics"],"picked":"Catalyst","floor":7},{"not_picked":["Dagger Throw","Blade Dance"],"picked":"Adrenaline","floor":8},{"not_picked":["Underhanded Strike","Reflex"],"picked":"Quick Slash","floor":14},{"not_picked":["Bullet Time","Doppelganger"],"picked":"Die Die Die","floor":16},{"not_picked":["Cloak And Dagger","Dash","Quick Slash"],"picked":"SKIP","floor":18},{"not_picked":["Sucker Punch+1","Choke"],"picked":"Footwork+1","floor":20}],"player_experience":263869,"relics_obtained":[{"floor":7,"key":"Pen Nib"},{"floor":9,"key":"Runesmith:AutoHammer"},{"floor":14,"key":"Vajra"}],"event_choices":[{"damage_healed":0,"gold_gain":0,"player_choice":"Donut","damage_taken":0,"max_hp_gain":5,"max_hp_loss":0,"event_name":"Big Fish","floor":3,"gold_loss":0},{"damage_healed":0,"gold_gain":0,"player_choice":"Gave Potion","damage_taken":0,"relics_obtained":["Toy Ornithopter"],"max_hp_gain":0,"max_hp_loss":0,"event_name":"WeMeetAgain","floor":4,"gold_loss":0},{"damage_healed":0,"gold_gain":0,"player_choice":"Forge","damage_taken":0,"max_hp_gain":0,"max_hp_loss":0,"event_name":"Accursed Blacksmith","floor":12,"gold_loss":0,"cards_upgraded":["Catalyst"]},{"cards_removed":["Strike_G"],"damage_healed":0,"gold_gain":0,"player_choice":"Card Removal","damage_taken":0,"max_hp_gain":0,"max_hp_loss":0,"event_name":"Wheel of Change","floor":19,"gold_loss":0}],"is_beta":false,"boss_relics":[{"not_picked":["Fusion Hammer","Sozu"],"picked":"Ring of the Serpent"}],"items_purged_floors":[],"is_endless":false,"potions_floor_spawned":[2,7,8],"killed_by":"Cultist and Chosen","ascension_level":2}}