{"host":"lv7etzzgwahaenh9","time":1613611541,"event":{"mods":["AchievementEnabler","BaseMod","Colored Map","Colored Powertips","Highlight Path","Minty Spire (QoL Compilation)","Permanent Neow","Quick Restart","Random Character Button","StSLib"],"gold_per_floor":[19,38,213,213,233,233,271,296,349,362,71,71,87,106,106,232,232,253,223,223],"floor_reached":19,"language":"ENG","playtime":751,"items_purged":[],"score":245,"play_id":"fa5ada18-fa52-430b-85e8-41aaf8567571","local_time":"20210217172541","is_ascension_mode":true,"campfire_choices":[{"data":"FlurryOfBlows","floor":6,"key":"SMITH"},{"floor":12,"key":"REST"},{"data":"ConjureBlade","floor":15,"key":"SMITH"}],"circlet_count":0,"master_deck":["Strike_P","Strike_P+1","Strike_P","Strike_P","Defend_P","Defend_P","Defend_P","Defend_P","Eruption+1","Vigilance","TalkToTheHand","FlurryOfBlows+1","Doubt","Protect","ConjureBlade+1","CutThroughFate","Pray+1","Evaluate+1","Blasphemy+1","Wallop","LessonLearned","CurseOfTheBell","CrushJoints"],"relics":["PureWater","Ginger","Golden Idol","Dream Catcher","Bag of Preparation","Whetstone","Toxic Egg 2","Calling Bell","Omamori","Sundial","Thread and Needle"],"acts_visited":["Exordium","TheCity"],"potions_floor_usage":[7,10,19],"damage_taken":[{"damage":0,"enemies":"Small Slimes","floor":1,"turns":3},{"damage":0,"enemies":"Jaw Worm","floor":2,"turns":3},{"damage":0,"enemies":"2 Louse","floor":5,"turns":3},{"damage":18,"enemies":"Lagavulin","floor":7,"turns":9},{"damage":14,"enemies":"Exordium Thugs","floor":10,"turns":4},{"damage":0,"enemies":"Looter","floor":13,"turns":4},{"damage":2,"enemies":"Red Slaver","floor":14,"turns":4},{"damage":4,"enemies":"Hexaghost","floor":16,"turns":8},{"damage":15,"enemies":"Spheric Guardian","floor":18,"turns":4},{"damage":5,"enemies":"2 Thieves","floor":19,"turns":2}],"seed_played":"5313936893409063701","potions_obtained":[{"floor":2,"key":"Energy Potion"},{"floor":5,"key":"Swift Potion"},{"floor":7,"key":"BottledMiracle"}],"is_trial":false,"path_per_floor":["M","M","?","?","M","R","E","T","T","M","$","R","M","M","R","B",null,"M","M"],"character_chosen":"WATCHER","items_purchased":["Toxic Egg 2","Pray+1"],"campfire_rested":1,"item_purchase_floors":[11,11],"current_hp_per_floor":[65,65,65,47,47,47,29,29,29,15,15,36,36,34,34,30,62,47,42,42],"gold":223,"neow_bonus":"ONE_RARE_RELIC","is_daily":false,"chose_seed":false,"campfire_upgraded":2,"win_rate":0.0,"timestamp":1613611541,"path_taken":["M","M","?","?","M","R","E","?","T","?","$","R","M","M","R","BOSS","M","M"],"items_purchased_type":["Relic","Card"],"build_version":"2020-12-22","purchased_purges":0,"victory":false,"max_hp_per_floor":[72,72,72,72,72,72,72,72,72,72,72,72,72,72,72,72,72,72,72,72],"card_choices":[{"not_picked":["ThirdEye","Swivel"],"picked":"TalkToTheHand","floor":1},{"not_picked":["Protect","CutThroughFate"],"picked":"FlurryOfBlows","floor":2},{"not_picked":["Evaluate","EmptyFist"],"picked":"Protect","floor":5},{"not_picked":["DeusExMachina","DeceiveReality"],"picked":"ConjureBlade","floor":7},{"not_picked":["Halt","Evaluate"],"picked":"CutThroughFate","floor":10},{"not_picked":["ThirdEye+1","BowlingBash"],"picked":"Evaluate+1","floor":12},{"not_picked":["Wallop","ClearTheMind+1"],"picked":"Blasphemy+1","floor":13},{"not_picked":["Meditate+1","Evaluate+1"],"picked":"Wallop","floor":14},{"not_picked":["Omniscience+1","Wish+1"],"picked":"LessonLearned","floor":16},{"not_picked":["LikeWater","ClearTheMind+1"],"picked":"CrushJoints","floor":18}],"player_experience":421773,"relics_obtained":[{"floor":7,"key":"Dream Catcher"},{"floor":8,"key":"Bag of Preparation"},{"floor":9,"key":"Whetstone"},{"floor":17,"key":"Omamori"},{"floor":17,"key":"Sundial"},{"floor":17,"key":"Thread and Needle"}],"event_choices":[{"damage_healed":0,"gold_gain":175,"player_choice":"AGREE","damage_taken":0,"max_hp_gain":0,"max_hp_loss":0,"event_name":"Liars Game","floor":3,"gold_loss":0,"cards_obtained":["Doubt"]},{"damage_healed":0,"gold_gain":0,"player_choice":"Take Damage","damage_taken":18,"relics_obtained":["Golden Idol"],"max_hp_gain":0,"max_hp_loss":0,"event_name":"Golden Idol","floor":4,"gold_loss":0}],"is_beta":false,"boss_relics":[{"not_picked":["VioletLotus","Sozu"],"picked":"Calling Bell"}],"items_purged_floors":[],"is_endless":false,"potions_floor_spawned":[2,5,7],"killed_by":"2 Thieves","ascension_level":9}}