{"host":"684z1xpuwaoqmmh1","time":1613666019,"event":{"mods":["A Magickal Journey","BaseMod","Downfall","Hermit","Jorbs\u0027s Wanderer Trilogy","Marisa????????","Minty Spire (QoL Compilation)","Robot Space Explorer","Shade Mod","StSLib","The Bug Knight","The Dragon Tamer","The Elementalist","The Hayseed","The Hierophant","The Marked","The Mystic","The Runesmith","The Saiyan","The Senshi","The Spell Scribe","The Vixen","TheBandit","TheFirefly"],"gold_per_floor":[114,114,124,46,96,130,205,240,240,251,261,277,308,322,322,421,421,431,449,374,156,172,172,172,172],"floor_reached":24,"language":"ENG","playtime":1290,"items_purged":["HollowMod:FocusHealStart"],"score":322,"play_id":"1044d5fb-c3f4-40d2-8451-616f84f15e2d","local_time":"20210218183339","is_ascension_mode":true,"campfire_choices":[{"data":"HollowMod:VoidDash","floor":15.0,"key":"SMITH"},{"data":"HollowMod:LifebloodCore","floor":23,"key":"SMITH"}],"circlet_count":0,"master_deck":["HollowMod:NailStrikeStart","HollowMod:NailStrikeStart","HollowMod:NailStrikeStart","HollowMod:QuickDashStart","HollowMod:QuickDashStart","HollowMod:QuickDashStart","HollowMod:QuickDashStart","HollowMod:PogoStrike","HollowMod:SoulStrike","HollowMod:DreamGate","HollowMod:VoidDash+1","HollowMod:VengefulVoid","HollowMod:DashSlash","HollowMod:DescendingDark","HollowMod:BlackTendrils","HollowMod:FastStrike","HollowMod:CycloneSlash","HollowMod:LifebloodCore+1","HollowMod:AbyssShriek","HollowMod:LifebloodCocoon","HollowMod:FallenFury"],"relics":["HollowMod:VoidIdolRelic","NeowsBlessing","FossilizedHelix","Centennial Puzzle","Mummified Hand","White Beast Statue","Strawberry"],"acts_visited":["Exordium","TheCity"],"potions_floor_usage":[24],"damage_taken":[{"damage":0.0,"enemies":"Jaw Worm","floor":1.0,"turns":1.0},{"damage":0.0,"enemies":"Cultist","floor":3.0,"turns":1.0},{"damage":0.0,"enemies":"Lagavulin","floor":6.0,"turns":1.0},{"damage":11.0,"enemies":"3 Sentries","floor":8.0,"turns":6.0},{"damage":0.0,"enemies":"2 Louse","floor":10.0,"turns":3.0},{"damage":0.0,"enemies":"Large Slime","floor":11.0,"turns":3.0},{"damage":0.0,"enemies":"Blue Slaver","floor":12.0,"turns":4.0},{"damage":0.0,"enemies":"Lagavulin","floor":13.0,"turns":5.0},{"damage":0.0,"enemies":"Looter","floor":14.0,"turns":2.0},{"damage":64.0,"enemies":"HollowMod:FalseKnight","floor":16.0,"turns":11.0},{"damage":0.0,"enemies":"Spheric Guardian","floor":18.0,"turns":4.0},{"damage":21.0,"enemies":"Shell Parasite","floor":19.0,"turns":5.0},{"damage":0,"enemies":"Snecko","floor":22,"turns":3},{"damage":82,"enemies":"Book of Stabbing","floor":24,"turns":5}],"seed_played":"7854161177515918880","potions_obtained":[{"floor":3.0,"key":"AttackPotion"},{"floor":10.0,"key":"Swift Potion"},{"floor":11.0,"key":"Swift Potion"},{"floor":12.0,"key":"Explosive Potion"},{"floor":14.0,"key":"Ancient Potion"},{"floor":16.0,"key":"FearPotion"},{"floor":18.0,"key":"DistilledChaos"},{"floor":19,"key":"hexamod:SoulburnPotion"},{"floor":22,"key":"Explosive Potion"}],"is_trial":false,"path_per_floor":["M","?","M","$","?","E","?","E","T","M","M","M","E","M","R","B",null,"M","M","?","$","M","R","E"],"character_chosen":"THE_BUGKNIGHT","items_purchased":["HollowMod:VoidDash","Strawberry"],"campfire_rested":0,"item_purchase_floors":[4,21],"current_hp_per_floor":[75,75,75,75,75,75,64,53,53,53,53,53,56,58,58,2,75,75,58,58,65,68,68,0,0],"gold":172,"neow_bonus":"THREE_ENEMY_KILL","is_daily":false,"chose_seed":false,"campfire_upgraded":2,"win_rate":0.0,"timestamp":1613666019,"path_taken":["M","?","?","$","?","E","?","E","T","M","M","M","E","M","R","BOSS","M","M","?","$","M","R","E"],"items_purchased_type":["Card","Relic"],"build_version":"2020-12-22","purchased_purges":1,"victory":false,"max_hp_per_floor":[75,75,75,75,75,75,75,75,75,75,75,75,75,75,75,75,75,75,75,75,82,82,82,82,82],"card_choices":[{"not_picked":["HollowMod:InfectedCysts","HollowMod:NewJinnsSoul"],"picked":"HollowMod:SoulStrike","floor":1.0},{"not_picked":["HollowMod:SiblingsSouls","HollowMod:ShadowDash"],"picked":"HollowMod:DreamGate","floor":3.0},{"not_picked":["HollowMod:HeavyBlow","HollowMod:NewJinnsSoul"],"picked":"HollowMod:MonomonsArchive","floor":6.0},{"not_picked":["HollowMod:SiblingsShadow","HollowMod:ChannelNail"],"picked":"HollowMod:VengefulVoid","floor":8.0},{"not_picked":["HollowMod:DescendingDark","HollowMod:LuriensSpire"],"picked":"HollowMod:DashSlash","floor":10.0},{"not_picked":["HollowMod:DreamGate","HollowMod:InfectedAttack"],"picked":"HollowMod:DescendingDark","floor":11.0},{"not_picked":["HollowMod:CycloneSlash","HollowMod:WraithStrike"],"picked":"HollowMod:BlackTendrils","floor":12.0},{"not_picked":["HollowMod:PaleKingsBlessing","HollowMod:BaldurShell"],"picked":"HollowMod:FastStrike","floor":13.0},{"not_picked":["HollowMod:FastStrike","HollowMod:CornifersMapStart"],"picked":"HollowMod:CycloneSlash","floor":14.0},{"not_picked":["HollowMod:PaleKingsBlessing","HollowMod:AwokenDreamNail"],"picked":"HollowMod:LifebloodCore","floor":16.0},{"not_picked":["HollowMod:SoulStrike","HollowMod:SharpenedNail"],"picked":"HollowMod:AbyssShriek","floor":18.0},{"not_picked":["HollowMod:DescendingDark","HollowMod:InfectedCysts+1"],"picked":"HollowMod:LifebloodCocoon","floor":19},{"not_picked":["HollowMod:InfectedCysts+1","HollowMod:DoubleDash"],"picked":"HollowMod:FallenFury","floor":22}],"player_experience":3328277,"relics_obtained":[{"floor":6.0,"key":"FossilizedHelix"},{"floor":8.0,"key":"Centennial Puzzle"},{"floor":9.0,"key":"Mummified Hand"},{"floor":13.0,"key":"White Beast Statue"}],"event_choices":[{"cards_removed":["HollowMod:NailStrikeStart"],"damage_healed":0.0,"max_hp_gain":0.0,"max_hp_loss":0.0,"gold_gain":0.0,"event_name":"Bonfire Elementals","player_choice":"Offered Basic","floor":2.0,"gold_loss":0.0,"damage_taken":0.0},{"damage_healed":0.0,"max_hp_gain":0.0,"max_hp_loss":0.0,"gold_gain":75.0,"event_name":"World of Goop","player_choice":"Gather Gold","floor":7.0,"gold_loss":0.0,"damage_taken":11.0},{"cards_removed":["HollowMod:MonomonsArchive"],"damage_healed":0,"gold_gain":0,"player_choice":"Gave Gold","damage_taken":0,"max_hp_gain":0,"max_hp_loss":0,"event_name":"Beggar","floor":20,"gold_loss":75}],"is_beta":false,"boss_relics":[{"not_picked":["Cursed Key","SlaversCollar"],"picked":"HollowMod:VoidIdolRelic"}],"items_purged_floors":[21],"is_endless":false,"potions_floor_spawned":[3,10,11,12,14,16,18,19,22],"killed_by":"Book of Stabbing","ascension_level":4}}