{"host":"jh3le8zafogi7i0y","time":1613620720,"event":{"mods":["AchievementEnabler","Act Like it!","Aspiration","Astrologer","BaseMod","BetterRewards","Block Reminder","Colored Map","Colored Powertips","Conspire","Downfall","Duelist Mod","Friendly Minions","GungeonMod","Halation","Hallownest","Highlight Path","Hubris","Infinite Spire","Jorbs\u0027s Wanderer Trilogy","Lobotomy","Minty Spire (QoL Compilation)","Rare Cards Sparkle","Replay The Spire","SOS???????","Shop Mod","StSLib","Synergy Search","The Administrix","The Animator","The Blue Laboratory","The Death Knight","The Jungle","The Kombatant","The Poker Player","The Runesmith","[IsaacMod]????"],"gold_per_floor":[116,163,185,185,195,195,220,220,220,232,248,248,276,295,295,407,407,420,420,438,438,474,474,492,507,507,507,537,548,548,558,558,660,660,678,678,703,715,715,715,732,746,799,799,816,829,829,849,849,849],"floor_reached":51,"language":"ENG","playtime":11774,"items_purged":[],"score":696,"play_id":"10109de1-3c7c-45ec-90fa-bf2ed89fb78c","local_time":"20210218105840","is_ascension_mode":false,"campfire_choices":[{"data":"animator:ElricEdward","floor":6,"key":"SMITH"},{"data":"animator:DolaSchwi","floor":8,"key":"SMITH"},{"data":"animator:Demiurge","floor":12,"key":"SMITH"},{"data":"animator:NagisaMomoe","floor":15,"key":"SMITH"},{"data":"animator:DolaCouronne","floor":23,"key":"SMITH"},{"floor":27,"key":"REST"},{"data":"animator:Sebas","floor":32,"key":"SMITH"},{"floor":40,"key":"REST"},{"floor":44,"key":"REST"},{"floor":47,"key":"REST"},{"floor":49,"key":"REST"}],"circlet_count":0,"master_deck":["animator:Strike_NoGameNoLife+1","animator:Defend_NoGameNoLife+1","animator:Strike+1","animator:Strike+1","animator:Strike+1","animator:Defend+1","animator:Defend+1","animator:Defend+1","animator:DolaSchwi+1","animator:DolaCouronne+1","DoctorFetus","animator:NagisaMomoe+1","animator:Kuribayashi","animator:Cocytus","animator:ElricEdward+1","animator:YaoHaDucy","animator:Demiurge+1","animator:Shalltear","animator:Sebas+1","animator:ItamiYouji","animator:ZankiKiguchi+1","animator:Shinoa","animator:PandorasActor","animator:Emonzaemon","animator:Shigure+1","animator:DolaStephanie","animator:CrowleyEusford","animator:DolaRiku+1","Pride","animator:HigakiRinne","animator:Yoichi+1","animator:Jibril","Parasite","animator:Evileye","animator:DolaSchwi+1","animator:ZankiKiguchi+1","animator:TsurugaMeisai","animator:Hitei","animator:TsurugaMeisai+1"],"relics":["animator:LivingPicture","animator:TheMissingPiece","HushsDoor","RabbitCall","MoneyPower","aspiration:FrozenJewel","Replay:Wax Seal","HornCleat","animator:HolyGrailRelic","halation:EternalFortune","animator:OldCoffin","SlaversCollar","hubris:Icosahedron","aspiration:HiddenCompartment"],"acts_visited":["Exordium","TheCity","TheBeyond"],"potions_floor_usage":[16,22,33,33,33,41,42,48,50,50,50],"damage_taken":[{"damage":2,"enemies":"2_ Uuma","floor":1,"turns":8},{"damage":11,"enemies":"Hallownest:eliteVengeflyKing","floor":2,"turns":9},{"damage":0,"enemies":"Hallownest:monsterHuskWarrior","floor":3,"turns":5},{"damage":0,"enemies":"Hallownest:2_MossCreeps","floor":5,"turns":4},{"damage":5,"enemies":"Hallownest:eliteMossKnight","floor":7,"turns":9},{"damage":0,"enemies":"Hallownest:monsterMossCharger","floor":10,"turns":4},{"damage":6,"enemies":"Hallownest:1_Baldur_1_Crawlid_1_Warrior","floor":11,"turns":6},{"damage":0,"enemies":"Hallownest:1_Ooma_and_2_Uuma","floor":13,"turns":5},{"damage":0,"enemies":"Hallownest:monsterFoolEater","floor":14,"turns":3},{"damage":23,"enemies":"Hallownest:BossHornet","floor":16,"turns":10},{"damage":0,"enemies":"3 Byrds","floor":18,"turns":4},{"damage":10,"enemies":"Spheric Guardian","floor":20,"turns":4},{"damage":6,"enemies":"conspire:HollyBat","floor":22,"turns":8},{"damage":0,"enemies":"Snake Plant","floor":24,"turns":3},{"damage":6,"enemies":"Centurion and Healer","floor":25,"turns":5},{"damage":7,"enemies":"conspire:HollyBat","floor":28,"turns":9},{"damage":1,"enemies":"Snecko","floor":29,"turns":5},{"damage":3,"enemies":"Centurion and Healer","floor":31,"turns":6},{"damage":63,"enemies":"hubris:MusketHawk","floor":33,"turns":9},{"damage":36,"enemies":"3 Darklings","floor":35,"turns":6},{"damage":0,"enemies":"Orb Walker","floor":37,"turns":3},{"damage":36,"enemies":"Writhing Mass","floor":38,"turns":5},{"damage":43,"enemies":"Maw","floor":41,"turns":9},{"damage":14,"enemies":"4 Shapes","floor":42,"turns":5},{"damage":18,"enemies":"Sphere and 2 Shapes","floor":45,"turns":5},{"damage":6,"enemies":"Transient","floor":46,"turns":5},{"damage":50,"enemies":"Spire Growth","floor":48,"turns":5},{"damage":34,"enemies":"Awakened One","floor":50,"turns":13}],"seed_played":"8096884859622867090","potions_obtained":[{"floor":1,"key":"blueLaboratory:BottledHope"},{"floor":5,"key":"blueLaboratory:LouseDecoction"},{"floor":11,"key":"Ancient Potion"},{"floor":16,"key":"PowerPotion"},{"floor":20,"key":"SkillPotion"},{"floor":22,"key":"blueLaboratory:LouseDecoction"},{"floor":24,"key":"Elixir"},{"floor":29,"key":"blueLaboratory:ExaltedPotion"},{"floor":37,"key":"Toxic Potion"},{"floor":41,"key":"Fire Potion"},{"floor":45,"key":"blueLaboratory:StoneskinPotion"},{"floor":48,"key":"SteroidPotion"}],"is_trial":false,"path_per_floor":["M","?","M","?","M","R","E","R","T","M","M","R","M","M","R","B",null,"M","?","M","?","M","R","M","M","T","R","M","M","?","M","R","B",null,"M","?","M","M","$","R","M","M","T","R","M","M","R","M","R","B",null],"character_chosen":"THE_ANIMATOR","items_purchased":[],"campfire_rested":5,"item_purchase_floors":[],"current_hp_per_floor":[64,53,53,60,60,60,55,55,55,56,51,51,51,52,52,29,77,79,82,74,74,70,70,72,68,68,90,85,86,86,86,86,25,99,65,65,65,33,33,64,23,11,11,43,27,23,56,8,42,8],"gold":849,"neow_bonus":"","is_daily":false,"chose_seed":false,"campfire_upgraded":6,"win_rate":0.0,"timestamp":1613620720,"path_taken":["M","?","?","?","M","R","E","R","T","M","M","R","M","M","R","BOSS","M","?","M","?","M","R","?","M","T","R","M","M","?","M","R","BOSS","M","?","M","M","?","R","M","M","T","R","M","M","R","M","R","BOSS"],"items_purchased_type":[],"build_version":"2020-12-22","purchased_purges":0,"victory":true,"max_hp_per_floor":[66,66,66,66,66,66,66,66,66,67,68,68,68,69,69,69,77,79,82,84,84,86,86,88,90,90,90,92,94,94,97,97,99,99,101,101,101,105,105,105,107,109,109,109,111,113,113,115,115,112],"card_choices":[{"not_picked":[],"picked":"DoctorFetus","floor":0.0},{"not_picked":["animator:HigakiRinne","animator:IzunaHatsuse"],"picked":"animator:NagisaMomoe","floor":1},{"not_picked":["animator:Sebas","animator:Kyubey"],"picked":"animator:Kuribayashi","floor":2},{"not_picked":["animator:Yoichi","animator:Togame"],"picked":"animator:Cocytus","floor":3},{"not_picked":["animator:MaesHughes","animator:Sloth"],"picked":"animator:ElricEdward","floor":5},{"not_picked":["animator:Biyorigo","animator:IzunaHatsuse","animator:Shiro"],"picked":"SKIP","floor":7},{"not_picked":["animator:TukaLunaMarceau","animator:YachiyoNanami"],"picked":"animator:YaoHaDucy","floor":10},{"not_picked":["animator:HiiragiShinya","animator:Arpeggio"],"picked":"animator:Demiurge","floor":11},{"not_picked":["animator:Sebas","animator:Demiurge"],"picked":"animator:Shalltear","floor":13},{"not_picked":["animator:KrulTepes","animator:UneriGinkaku"],"picked":"animator:Sebas","floor":14},{"not_picked":["animator:Kyubey","animator:Biyorigo"],"picked":"animator:ItamiYouji","floor":16},{"not_picked":["animator:Bozes+1","animator:Scar"],"picked":"animator:ZankiKiguchi+1","floor":18},{"not_picked":["animator:IrohaTamaki","animator:DolaSchwi"],"picked":"animator:Shinoa","floor":20},{"not_picked":["animator:Demiurge","animator:Cocytus"],"picked":"animator:PandorasActor","floor":22},{"not_picked":["animator:ZankiKiguchi","animator:PandorasActor+1"],"picked":"animator:Emonzaemon","floor":24},{"not_picked":["animator:IrohaTamaki","animator:Guren"],"picked":"animator:Shigure+1","floor":25},{"not_picked":["animator:PandorasActor","animator:TukaLunaMarceau"],"picked":"animator:DolaStephanie","floor":28},{"not_picked":["animator:Yuuichirou","animator:Yoichi"],"picked":"animator:CrowleyEusford","floor":29},{"not_picked":["animator:Kuribayashi","animator:RoyMustang+1"],"picked":"animator:DolaRiku+1","floor":31},{"not_picked":["animator:Envy","animator:FeridBathory"],"picked":"animator:HigakiRinne","floor":33},{"not_picked":["animator:Sloth","animator:YachiyoNanami+1"],"picked":"animator:Yoichi+1","floor":35},{"not_picked":["animator:KyokoSakura","animator:SayakaMiki+1"],"picked":"animator:Jibril","floor":37},{"not_picked":["animator:Entoma","animator:Demiurge"],"picked":"animator:Evileye","floor":38},{"not_picked":["animator:OrikoMikuni+1","animator:Demiurge"],"picked":"animator:DolaSchwi+1","floor":41},{"not_picked":["animator:Evileye","animator:Entoma"],"picked":"animator:ZankiKiguchi+1","floor":42},{"not_picked":["animator:Kyubey","animator:Entoma"],"picked":"animator:TsurugaMeisai","floor":45},{"not_picked":["animator:UneriGinkaku","animator:ZankiKiguchi"],"picked":"animator:Hitei","floor":46},{"not_picked":["animator:Evileye+1","animator:Cocytus+1"],"picked":"animator:TsurugaMeisai+1","floor":48}],"player_experience":244368,"relics_obtained":[{"floor":2,"key":"aspiration:FrozenJewel"},{"floor":7,"key":"Replay:Wax Seal"},{"floor":9,"key":"HornCleat"},{"floor":26,"key":"animator:OldCoffin"},{"floor":43,"key":"aspiration:HiddenCompartment"}],"event_choices":[{"damage_healed":0,"gold_gain":0,"player_choice":"Simplicity","damage_taken":0,"max_hp_gain":0,"max_hp_loss":0,"event_name":"Back to Basics","floor":30,"gold_loss":0,"cards_upgraded":["animator:Strike_NoGameNoLife","animator:Defend_NoGameNoLife","animator:Strike","animator:Strike","animator:Strike","animator:Defend","animator:Defend","animator:Defend"]}],"is_beta":false,"boss_relics":[{"not_picked":["ChampionBelt","conspire:SlowCooker"],"picked":"animator:HolyGrailRelic"},{"not_picked":[]},{"not_picked":["SacredBark","Honey Jar"],"picked":"SlaversCollar"},{"not_picked":[]}],"items_purged_floors":[],"is_endless":false,"potions_floor_spawned":[1,5,11,16,20,22,24,29,37,41,45,48],"ascension_level":0}}