{"host":"xo0glkmxta74xh34","time":1613622268,"event":{"mods":["BaseMod","Downfall","Minty Spire (QoL Compilation)","Reliquary","Replay The Spire","StSLib"],"gold_per_floor":[99,84,84,15,7,7,33,54,95,115,290,290,54,72,99,209,209,209,233,3,3,22,46,46,62,170,170,197,197,39,64,90,195,195,195,218,236,236,384,384,407,407,420,442,442,461,480,6,17,17],"floor_reached":51,"language":"ENG","playtime":3871,"items_purged":["Doubt"],"score":887,"play_id":"96f6a0cf-4c9f-41a4-82c0-157e750d888e","local_time":"20210217222428","is_ascension_mode":true,"campfire_choices":[{"data":"hexamod:WildfireWeapon","floor":1.0,"key":"SMITH"},{"floor":12.0,"key":"REST"},{"data":"hexamod:ForkedFlame","floor":18.0,"key":"SMITH"},{"floor":27.0,"key":"REST"},{"floor":29.0,"key":"REST"},{"data":"hexamod:TimeWarp","floor":35,"key":"SMITH"},{"data":"hexamod:HexaLevel","floor":35,"key":"SMITH"},{"data":"hexamod:GhostOfSpirePast","floor":40,"key":"SMITH"},{"data":"hexamod:VolcanoVisage","floor":40,"key":"SMITH"},{"data":"hexamod:Incineration","floor":42,"key":"SMITH"},{"data":"hexamod:Float","floor":42,"key":"SMITH"},{"floor":45,"key":"REST"}],"circlet_count":0,"master_deck":["hexamod:Strike","hexamod:Defend","hexamod:Defend","hexamod:Sear","hexamod:Float+1","hexamod:WildfireWeapon+1","hexamod:Rewind+1","hexamod:SpectralSpark+1","hexamod:FirstSeal","hexamod:SecondSeal","hexamod:StepThrough","hexamod:RadiantFlame","hexamod:FirstSeal","hexamod:ApocalypticArmor","hexamod:ForkedFlame+1","hexamod:VolcanoVisage+1","hexamod:FirstSeal","hexamod:SkipABeat+1","hexamod:RetreatToShadows+1","hexamod:RainOfEmbers+1","hexamod:Incineration+1","hexamod:GhostOfSpirePast+1","hexamod:TimeWarp+1","hexamod:HexaLevel+1","hexamod:WildfireWeapon+1","hexamod:EtherealExpedition+1","hexamod:RecurringNightmare+1","hexamod:FourthSeal","hexamod:RetreatToShadows+1","The Bomb","hexamod:ExtraCrispy","hexamod:RadiantFlame+1"],"relics":["hexamod:SpiritBrand","Dream Catcher","reliquary:QuartzCube","ReplayTheSpireMod:TigerMarble","reliquary:ThirdArm","Lantern","Happy Flower","Shuriken","Replay:Arrowhead","reliquary:Vitrine","Omamori","Replay:Ringing Soul","Astrolabe","ClockworkSouvenir","Guardian:PocketSentry","Guardian:BottledAnomaly"],"acts_visited":["Exordium","TheCity","TheBeyond"],"potions_floor_usage":[33,33,39,46,47,50,50,50],"damage_taken":[{"damage":0.0,"enemies":"downfall:FleeingMerchant","floor":2.0,"turns":4.0},{"damage":5.0,"enemies":"downfall:FleeingMerchant","floor":4.0,"turns":4.0},{"damage":1.0,"enemies":"Cultist","floor":8.0,"turns":3.0},{"damage":15.0,"enemies":"Lagavulin","floor":9.0,"turns":6.0},{"damage":0.0,"enemies":"2 Louse","floor":10.0,"turns":3.0},{"damage":0.0,"enemies":"downfall:FleeingMerchant","floor":13.0,"turns":4.0},{"damage":0.0,"enemies":"Small Slimes","floor":14.0,"turns":3.0},{"damage":10.0,"enemies":"2 Fungi Beasts","floor":15.0,"turns":4.0},{"damage":21.0,"enemies":"SI_SHIV_ARCHETYPE","floor":16.0,"turns":9.0},{"damage":29.0,"enemies":"downfall:LooterAlt2","floor":19.0,"turns":6.0},{"damage":10.0,"enemies":"downfall:FleeingMerchant","floor":20.0,"turns":4.0},{"damage":24.0,"enemies":"3 Byrds","floor":22.0,"turns":5.0},{"damage":34.0,"enemies":"Sentry and Sphere","floor":23.0,"turns":7.0},{"damage":14.0,"enemies":"Snake Plant","floor":25.0,"turns":3.0},{"damage":32.0,"enemies":"IC_STATUS_ARCHETYPE","floor":26.0,"turns":7.0},{"damage":7.0,"enemies":"Centurion and Healer","floor":28.0,"turns":4.0},{"damage":15.0,"enemies":"downfall:FleeingMerchant","floor":30.0,"turns":4.0},{"damage":36.0,"enemies":"Book of Stabbing","floor":31.0,"turns":5.0},{"damage":31,"enemies":"Shelled Parasite and Fungi","floor":32,"turns":5},{"damage":41,"enemies":"DF_ARCHETYPE_CLAW","floor":33,"turns":6},{"damage":0,"enemies":"3 Shapes","floor":36,"turns":4},{"damage":17,"enemies":"Orb Walker","floor":37,"turns":3},{"damage":15,"enemies":"downfall:FleeingMerchant","floor":39,"turns":3},{"damage":0,"enemies":"Maw","floor":43,"turns":4},{"damage":26,"enemies":"3 Darklings","floor":44,"turns":4},{"damage":40,"enemies":"Jaw Worm Horde","floor":46,"turns":6},{"damage":21,"enemies":"Sphere and 2 Shapes","floor":47,"turns":6},{"damage":18,"enemies":"Transient","floor":49,"turns":5},{"damage":57,"enemies":"WA_ARCHETYPE_DIVINITY","floor":50,"turns":7}],"seed_played":"-8776305964780196741","potions_obtained":[{"floor":8.0,"key":"Venom Potion"},{"floor":9.0,"key":"hexamod:EctoCoolerPotion"},{"floor":15.0,"key":"FairyPotion"},{"floor":22.0,"key":"hexamod:SoulburnPotion"},{"floor":26.0,"key":"Weak Potion"},{"floor":28.0,"key":"AttackPotion"},{"floor":32,"key":"Reflective Coating"},{"floor":33,"key":"Energy Potion"},{"floor":43,"key":"LiquidBronze"},{"floor":46,"key":"SteroidPotion"},{"floor":46,"key":"Fruit Juice"},{"floor":47,"key":"BlessingOfTheForge"},{"floor":47,"key":"Venom Potion"},{"floor":49,"key":"Venom Potion"}],"is_trial":false,"path_per_floor":["R","$","?","$","?","?","T","M","E","M","?","R","$","M","M","B",null,"R","M","$","T","M","M","T","M","?","R","M","R","$","E","M","B",null,"R","M","M","?","$","R","T","R","M","M","R","M","M","$","M","B",null],"character_chosen":"THE_SPIRIT","items_purchased":["hexamod:SpectralSpark+1","ReplayTheSpireMod:TigerMarble","Lantern","hexamod:FirstSeal","Omamori","ClockworkSouvenir","Regen Potion","Guardian:BottledAnomaly","The Bomb","hexamod:DoubleChargePotion","hexamod:ExtraCrispy"],"campfire_rested":4,"item_purchase_floors":[4,13,20,20,30,39,39,48,48,48,48],"current_hp_per_floor":[63,63,63,58,51,51,51,57,49,56,56,70,70,70,70,49,65,65,50,54,54,51,38,38,38,27,48,41,62,61,46,39,31,68,68,75,72,72,78,78,78,78,79,70,82,68,86,89,95,38],"gold":17,"neow_bonus":"ONE_RANDOM_RARE_CARD","is_daily":false,"chose_seed":false,"campfire_upgraded":8,"win_rate":0.0,"timestamp":1613622268,"path_taken":["R","$","?","$","?","?","T","M","E","M","?","R","$","?","M","BOSS","R","M","$","?","M","M","T","M","?","R","M","R","$","E","M","BOSS","R","M","M","?","$","R","T","R","M","M","R","M","M","$","M","BOSS"],"items_purchased_type":["Card","Relic","Relic","Card","Relic","Relic","Potion","Relic","Card","Potion","Card"],"build_version":"2020-12-22","purchased_purges":1,"victory":true,"max_hp_per_floor":[70,70,70,70,70,70,70,70,70,70,70,70,70,70,70,70,70,70,70,70,70,70,70,70,70,70,70,70,70,70,70,73,76,79,79,79,79,79,79,79,79,79,79,82,82,87,90,93,96,96],"card_choices":[{"not_picked":["hexamod:SwordOfDarkness","hexamod:AdvancingGuard"],"picked":"hexamod:FastForward","floor":2.0},{"not_picked":["hexamod:BacktrackSmack","hexamod:NightmareStrike"],"picked":"hexamod:Rewind","floor":4.0},{"not_picked":["hexamod:GhostLash","hexamod:Firestarter"],"picked":"hexamod:StepThrough","floor":8.0},{"not_picked":["hexamod:HauntingEcho","hexamod:ChargedBarrage","hexamod:EtherealExpedition"],"picked":"SKIP","floor":8.0},{"not_picked":["hexamod:ChargedBarrage","hexamod:DynamicBlow"],"picked":"hexamod:RadiantFlame","floor":9.0},{"not_picked":["hexamod:SpectralAdrenaline","hexamod:Hexaguard","hexamod:SpectralSpark"],"picked":"SKIP","floor":9.0},{"not_picked":["hexamod:SpectersWail","hexamod:GhostShield"],"picked":"hexamod:FirstSeal","floor":10.0},{"not_picked":["hexamod:GhostflameBarrier","hexamod:GhostOfSpireFuture","hexamod:SwordOfDarkness"],"picked":"SKIP","floor":10.0},{"not_picked":["hexamod:ThermalTransfer","hexamod:Firestarter"],"picked":"hexamod:ApocalypticArmor","floor":13.0},{"not_picked":["hexamod:SwordOfDarkness","hexamod:DynamicBlow","hexamod:HeatCrush"],"picked":"SKIP","floor":13.0},{"not_picked":["hexamod:BurningTouch","hexamod:ShieldOfDarkness","hexamod:FastForward"],"picked":"SKIP","floor":14.0},{"not_picked":["hexamod:SpectersWail","hexamod:DynamicBlow","hexamod:RecurringNightmare"],"picked":"SKIP","floor":15.0},{"not_picked":["hexamod:Hexaguard","hexamod:GhostLash","hexamod:SpectralAdrenaline"],"picked":"SKIP","floor":15.0},{"not_picked":["hexamod:FlameSwitch","hexamod:GhostflameInferno"],"picked":"hexamod:ForkedFlame","floor":16.0},{"not_picked":["hexamod:Toasty","hexamod:WildfireWeapon"],"picked":"hexamod:VolcanoVisage","floor":16.0},{"not_picked":["hexamod:ThermalTransfer+1","hexamod:HauntingEcho","hexamod:Firestarter"],"picked":"SKIP","floor":19.0},{"not_picked":["hexamod:NightmareStrike","hexamod:Haunt+1","hexamod:ThirdSeal"],"picked":"SKIP","floor":19.0},{"not_picked":["hexamod:HeatMetal","hexamod:Hexaguard","hexamod:CatchUp"],"picked":"SKIP","floor":20.0},{"not_picked":["hexamod:NightmareStrike","hexamod:Hexaguard","hexamod:SuperheatedStrike"],"picked":"SKIP","floor":20.0},{"not_picked":["hexamod:HeatMetal","hexamod:GhostShield"],"picked":"hexamod:SkipABeat+1","floor":22.0},{"not_picked":["hexamod:FlameSwitch","hexamod:NightmareGuise","hexamod:SpectersWail"],"picked":"SKIP","floor":22.0},{"not_picked":["hexamod:PhantomFireball","hexamod:SuperheatedStrike","hexamod:SwordOfDarkness"],"picked":"SKIP","floor":23.0},{"not_picked":["hexamod:BurningTouch","hexamod:SuperheatedStrike","hexamod:PhantomFireball"],"picked":"SKIP","floor":25.0},{"not_picked":["hexamod:NightmareGuise","hexamod:SpectralSpark"],"picked":"hexamod:RetreatToShadows+1","floor":26.0},{"not_picked":["hexamod:SwordOfDarkness","hexamod:Firestarter"],"picked":"hexamod:RainOfEmbers+1","floor":26.0},{"not_picked":["hexamod:SwordOfDarkness+1","hexamod:HauntingEcho+1","hexamod:GhostLash+1"],"picked":"SKIP","floor":28.0},{"not_picked":["hexamod:FlameSwitch","hexamod:ThirdSeal","hexamod:GhostShield"],"picked":"SKIP","floor":30.0},{"not_picked":["hexamod:SwordOfDarkness+1","hexamod:ShieldOfDarkness"],"picked":"hexamod:Incineration","floor":31.0},{"not_picked":["hexamod:Again","hexamod:ThirdSeal","hexamod:AdvancingGuard"],"picked":"SKIP","floor":31.0},{"not_picked":["hexamod:Incineration","hexamod:ThirdSeal"],"picked":"hexamod:GhostOfSpirePast","floor":32},{"not_picked":["hexamod:TurnItUp","hexamod:ApocalypseNow"],"picked":"hexamod:TimeWarp","floor":33},{"not_picked":["hexamod:FlameSwitch","hexamod:UnleashSpirits"],"picked":"hexamod:HexaLevel","floor":33},{"not_picked":["hexamod:Firestarter","hexamod:HeatMetal","hexamod:BurningTouch+1"],"picked":"SKIP","floor":36},{"not_picked":["hexamod:EtherealExpedition+1","hexamod:HauntingEcho+1","hexamod:Rewind"],"picked":"SKIP","floor":36},{"not_picked":["hexamod:FastForward+1","hexamod:Again+1","hexamod:GhostOfSpireFuture"],"picked":"SKIP","floor":37},{"not_picked":["hexamod:EtherealExpedition","hexamod:SuperheatedStrike+1","hexamod:AdvancingGuard"],"picked":"SKIP","floor":39},{"not_picked":["hexamod:SecondSeal","hexamod:Hexaguard","hexamod:SwordOfDarkness"],"picked":"SKIP","floor":43},{"not_picked":["hexamod:NightmareStrike","hexamod:InspiringFlames+1"],"picked":"hexamod:FourthSeal","floor":44},{"not_picked":["hexamod:Rewind","hexamod:ThermalTransfer","hexamod:HeatCrush"],"picked":"SKIP","floor":46},{"not_picked":["hexamod:ThirdSeal","hexamod:HeatCrush+1"],"picked":"hexamod:RetreatToShadows+1","floor":47},{"not_picked":["hexamod:RetreatToShadows","hexamod:PowerFromBeyond"],"picked":"hexamod:RadiantFlame+1","floor":49}],"player_experience":510791,"relics_obtained":[{"floor":7.0,"key":"Dream Catcher"},{"floor":9.0,"key":"reliquary:QuartzCube"},{"floor":21.0,"key":"Happy Flower"},{"floor":24.0,"key":"Shuriken"},{"floor":26.0,"key":"Replay:Arrowhead"},{"floor":26.0,"key":"reliquary:Vitrine"},{"floor":31.0,"key":"Replay:Ringing Soul"},{"floor":41,"key":"Guardian:PocketSentry"}],"event_choices":[{"damage_healed":0.0,"max_hp_gain":0.0,"max_hp_loss":0.0,"gold_gain":0.0,"event_name":"Living Wall","player_choice":"Grow","floor":6.0,"gold_loss":0.0,"damage_taken":0.0,"cards_upgraded":["hexamod:Rewind"]}],"is_beta":false,"boss_relics":[{"not_picked":["Empty Cage","Painkiller Herb"],"picked":"reliquary:ThirdArm"},{"not_picked":["Velvet Choker","Replay:Wanted Poster"],"picked":"Astrolabe"}],"items_purged_floors":[13],"is_endless":false,"potions_floor_spawned":[8,9,15,22,26,28,32,33,43,46,47],"ascension_level":6}}