{"host":"tzwikg9s6mkzv6w0","time":1613626662,"event":{"mods":["BaseMod","Good Game Mod","Minty Spire (QoL Compilation)","Spicy Shops","StSLib"],"gold_per_floor":[360,360,285,285,360,396,412,412,439,439,457,457,488,25,25,115,115,134,134,155,155,155,189,189,223,223,264,293,393,411,423,423,498,498,509,527,561,119,130,162,5,38,38,67,67,91,110,143,143,143,143,143,17,46,46],"floor_reached":56,"language":"ZHS","playtime":1876,"items_purged":["Strike_G","Strike_G","Strike_G","Strike_G"],"score":2395,"play_id":"7254569d-4e83-4087-80c7-c459bf3b6925","local_time":"20210218133742","is_ascension_mode":true,"campfire_choices":[{"data":"Venomology","floor":8.0,"key":"SMITH"},{"floor":10.0,"key":"REST"},{"data":"Accuracy","floor":12.0,"key":"SMITH"},{"data":"Blade Dance","floor":15.0,"key":"SMITH"},{"data":"Tactician","floor":24.0,"key":"SMITH"},{"data":"Prepared","floor":32.0,"key":"SMITH"},{"floor":45.0,"key":"RECALL"},{"data":"Acrobatics","floor":49.0,"key":"SMITH"},{"data":"Phantasmal Killer","floor":52.0,"key":"SMITH"}],"circlet_count":0,"master_deck":["AscendersBane","Strike_G","Defend_G","Defend_G","Defend_G","Defend_G","Defend_G","Survivor","Neutralize+1","Venomology+1","Accuracy+1","Blade Dance+1","Grand Finale+1","Cloak And Dagger+1","Tactician+1","Terror","Acrobatics+1","Acrobatics","Prepared+1","Madness","Madness","Accuracy","Phantasmal Killer+1"],"relics":["Ring of the Snake","REME:ComplimentaryCards","Bloody Idol","Happy Flower","Regal Pillow","Strawberry","Ninja Scroll","Black Star","MutagenicStrength","Enchiridion","Bronze Scales","CeramicFish","Nunchaku","Blood Vial","Matryoshka","Pantograph","Turnip","Kunai","WristBlade","Lizard Tail","Medical Kit","PreservedInsect","Bottled Lightning","Lantern","Membership Card","Oddly Smooth Stone","Toy Ornithopter","Whetstone","Gremlin Horn","Ornamental Fan","Sundial","Toxic Egg 2","Question Card","OrangePellets","Bag of Preparation","Shuriken"],"acts_visited":["Exordium","TheCity","TheBeyond","TheEnding"],"potions_floor_usage":[55,55,55,55],"damage_taken":[{"damage":4.0,"enemies":"Small Slimes","floor":1.0,"turns":5.0},{"damage":13.0,"enemies":"Lagavulin","floor":6.0,"turns":8.0},{"damage":0.0,"enemies":"Jaw Worm","floor":7.0,"turns":9.0},{"damage":1.0,"enemies":"2 Louse","floor":11.0,"turns":5.0},{"damage":28.0,"enemies":"Gremlin Nob","floor":13.0,"turns":5.0},{"damage":47.0,"enemies":"Slime Boss","floor":16.0,"turns":10.0},{"damage":0.0,"enemies":"Spheric Guardian","floor":18.0,"turns":2.0},{"damage":0.0,"enemies":"Chosen","floor":20.0,"turns":2.0},{"damage":11.0,"enemies":"Slavers","floor":23.0,"turns":4.0},{"damage":0.0,"enemies":"Gremlin Leader","floor":25.0,"turns":6.0},{"damage":15.0,"enemies":"Slavers","floor":27.0,"turns":5.0},{"damage":0.0,"enemies":"Centurion and Healer","floor":28.0,"turns":3.0},{"damage":0.0,"enemies":"Colosseum Slavers","floor":29.0,"turns":2.0},{"damage":1.0,"enemies":"Colosseum Nobs","floor":29.0,"turns":3.0},{"damage":0.0,"enemies":"Chosen and Byrds","floor":30.0,"turns":4.0},{"damage":18.0,"enemies":"Shelled Parasite and Fungi","floor":31.0,"turns":4.0},{"damage":14.0,"enemies":"Champ","floor":33.0,"turns":8.0},{"damage":0.0,"enemies":"3 Shapes","floor":35.0,"turns":3.0},{"damage":0.0,"enemies":"Mind Bloom Boss Battle","floor":37.0,"turns":2.0},{"damage":0.0,"enemies":"3 Darklings","floor":39.0,"turns":3.0},{"damage":0.0,"enemies":"Giant Head","floor":40.0,"turns":4.0},{"damage":0.0,"enemies":"Nemesis","floor":42.0,"turns":1.0},{"damage":3.0,"enemies":"Giant Head","floor":44.0,"turns":3.0},{"damage":0.0,"enemies":"4 Shapes","floor":46.0,"turns":2.0},{"damage":0.0,"enemies":"Writhing Mass","floor":47.0,"turns":2.0},{"damage":0.0,"enemies":"Nemesis","floor":48.0,"turns":3.0},{"damage":49.0,"enemies":"Donu and Deca","floor":50.0,"turns":5.0},{"damage":24.0,"enemies":"Shield and Spear","floor":54.0,"turns":5.0},{"damage":88,"enemies":"The Heart","floor":55,"turns":5}],"seed_played":"7933753097944141292","potions_obtained":[{"floor":6.0,"key":"Dexterity Potion"},{"floor":13.0,"key":"Dexterity Potion"},{"floor":18.0,"key":"Block Potion"},{"floor":29.0,"key":"Swift Potion"},{"floor":31.0,"key":"SkillPotion"},{"floor":35.0,"key":"Swift Potion"},{"floor":54.0,"key":"SteroidPotion"}],"is_trial":false,"path_per_floor":["M","?","$","?","?","E","M","R","T","R","M","R","E","$","R","B",null,"M","?","M","?","?","E","R","E","T","E","M","?","M","M","R","B",null,"M","?","?","$","M","E","$","E","T","E","R","M","M","E","R","B",null,"R","$","E","B",null],"character_chosen":"THE_SILENT","items_purchased":["Ninja Scroll","Medical Kit","PreservedInsect","Membership Card","OrangePellets","SteroidPotion"],"campfire_rested":1,"item_purchase_floors":[14,38,38,41,53,53],"current_hp_per_floor":[40,45,45,45,34,21,21,21,21,55,54,54,33,33,33,13,57,57,57,57,57,36,35,35,45,45,42,54,62,69,58,58,62,69,71,68,71,71,71,71,71,71,71,71,71,71,71,71,71,22,59,59,59,47,20],"gold":46,"neow_bonus":"TWO_FIFTY_GOLD","is_daily":false,"chose_seed":false,"campfire_upgraded":7,"win_rate":0.0,"timestamp":1613626662,"path_taken":["M","?","$","?","?","E","M","R","T","R","M","R","E","$","R","BOSS","M","?","M","?","?","E","R","E","T","E","M","?","?","M","R","BOSS","M","?","?","$","M","E","?","E","T","E","R","?","M","E","R","BOSS","R","$","E","BOSS"],"items_purchased_type":["Relic","Relic","Relic","Relic","Relic","Potion"],"build_version":"2020-12-22","purchased_purges":4,"victory":true,"max_hp_per_floor":[66,71,71,64,64,64,64,64,64,64,64,64,71,71,71,71,71,71,71,71,71,71,71,71,71,71,71,71,71,71,71,71,71,71,71,71,71,71,71,71,71,71,71,71,71,71,71,71,71,71,71,71,71,71,71],"card_choices":[{"not_picked":["Crippling Poison","Deadly Poison","Riddle With Holes"],"picked":"SKIP","floor":1.0},{"not_picked":["Finisher","Riddle With Holes"],"picked":"Accuracy","floor":6.0},{"not_picked":["Cloak And Dagger","Slice","Predator"],"picked":"SKIP","floor":7.0},{"not_picked":["Dagger Throw","Distraction","PiercingWail"],"picked":"SKIP","floor":11.0},{"not_picked":["Distraction","Acrobatics"],"picked":"Blade Dance","floor":13.0},{"not_picked":["Bullet Time","Venomology"],"picked":"Grand Finale","floor":16.0},{"not_picked":["Backflip","Flying Knee"],"picked":"Cloak And Dagger+1","floor":18.0},{"not_picked":["Flechettes","Dagger Throw"],"picked":"Tactician","floor":20.0},{"not_picked":["Catalyst","Infinite Blades+1"],"picked":"Terror","floor":23.0},{"not_picked":["Bullet Time","Cloak And Dagger"],"picked":"Acrobatics","floor":25.0},{"not_picked":["Underhanded Strike","Quick Slash"],"picked":"Acrobatics","floor":27.0},{"not_picked":["Sucker Punch+1","Blade Dance"],"picked":"Prepared","floor":28.0},{"not_picked":["PiercingWail+1","Dodge and Roll","Escape Plan"],"picked":"SKIP","floor":30.0},{"not_picked":["Bane","Cloak And Dagger","Acrobatics"],"picked":"SKIP","floor":31.0},{"not_picked":["PiercingWail+1","Flying Knee","Dodge and Roll"],"picked":"SKIP","floor":35.0},{"not_picked":["Dodge and Roll","Dagger Spray"],"picked":"Accuracy","floor":37.0},{"not_picked":["PiercingWail","Underhanded Strike+1","Dagger Throw+1"],"picked":"SKIP","floor":39.0},{"not_picked":["Riddle With Holes","Noxious Fumes+1","Backflip+1"],"picked":"SKIP","floor":40.0},{"not_picked":["Crippling Poison","Night Terror","Flechettes+1"],"picked":"SKIP","floor":42.0},{"not_picked":["Expertise","Poisoned Stab+1","Outmaneuver"],"picked":"SKIP","floor":44.0},{"not_picked":["Backflip","Dagger Spray"],"picked":"Phantasmal Killer","floor":46.0},{"not_picked":["Poisoned Stab","PiercingWail","Outmaneuver"],"picked":"SKIP","floor":47.0},{"not_picked":["Poisoned Stab","Dagger Throw","Die Die Die"],"picked":"SKIP","floor":48.0},{"not_picked":["Dagger Throw+1","Slice","Blade Dance+1","Dodge and Roll+1"],"picked":"SKIP","floor":54.0}],"player_experience":132180,"relics_obtained":[{"floor":6.0,"key":"Happy Flower"},{"floor":9.0,"key":"Regal Pillow"},{"floor":13.0,"key":"Strawberry"},{"floor":22.0,"key":"Enchiridion"},{"floor":23.0,"key":"Bronze Scales"},{"floor":23.0,"key":"CeramicFish"},{"floor":25.0,"key":"Nunchaku"},{"floor":25.0,"key":"Blood Vial"},{"floor":27.0,"key":"Matryoshka"},{"floor":27.0,"key":"Pantograph"},{"floor":29.0,"key":"Turnip"},{"floor":29.0,"key":"Kunai"},{"floor":37.0,"key":"Lizard Tail"},{"floor":40.0,"key":"Bottled Lightning"},{"floor":40.0,"key":"Lantern"},{"floor":42.0,"key":"Oddly Smooth Stone"},{"floor":42.0,"key":"Toy Ornithopter"},{"floor":43.0,"key":"Whetstone"},{"floor":43.0,"key":"Gremlin Horn"},{"floor":44.0,"key":"Ornamental Fan"},{"floor":44.0,"key":"Sundial"},{"floor":48.0,"key":"Toxic Egg 2"},{"floor":48.0,"key":"Question Card"},{"floor":54.0,"key":"Bag of Preparation"},{"floor":54.0,"key":"Shuriken"}],"event_choices":[{"damage_healed":0.0,"max_hp_gain":5.0,"max_hp_loss":0.0,"gold_gain":0.0,"event_name":"Big Fish","player_choice":"Donut","floor":2.0,"gold_loss":0.0,"damage_taken":0.0},{"damage_healed":0.0,"max_hp_gain":0.0,"max_hp_loss":7.0,"gold_gain":0.0,"event_name":"Golden Idol","player_choice":"Lose Max HP","floor":4.0,"gold_loss":0.0,"damage_taken":0.0,"relics_obtained":["Golden Idol"]},{"damage_healed":0.0,"max_hp_gain":0.0,"max_hp_loss":0.0,"gold_gain":75.0,"event_name":"World of Goop","player_choice":"Gather Gold","floor":5.0,"gold_loss":0.0,"damage_taken":11.0},{"damage_healed":0.0,"max_hp_gain":0.0,"max_hp_loss":0.0,"gold_gain":0.0,"event_name":"Drug Dealer","player_choice":"Inject Mutagens","floor":19.0,"gold_loss":0.0,"damage_taken":0.0,"relics_obtained":["MutagenicStrength"]},{"damage_healed":0.0,"max_hp_gain":0.0,"max_hp_loss":0.0,"gold_gain":0.0,"event_name":"Forgotten Altar","player_choice":"Gave Idol","floor":21.0,"relics_lost":["Golden Idol"],"gold_loss":0.0,"damage_taken":0.0,"relics_obtained":["Bloody Idol"]},{"damage_healed":0.0,"max_hp_gain":0.0,"max_hp_loss":0.0,"gold_gain":0.0,"event_name":"Cursed Tome","player_choice":"Obtained Book","floor":22.0,"gold_loss":0.0,"damage_taken":21.0},{"damage_healed":0.0,"max_hp_gain":0.0,"max_hp_loss":0.0,"gold_gain":0.0,"event_name":"Colosseum","player_choice":"Fight","floor":29.0,"gold_loss":0.0,"damage_taken":0.0},{"damage_healed":0.0,"max_hp_gain":0.0,"max_hp_loss":0.0,"gold_gain":0.0,"event_name":"Colosseum","player_choice":"Fought Nobs","floor":29.0,"gold_loss":0.0,"damage_taken":0.0},{"damage_healed":0.0,"max_hp_gain":0.0,"max_hp_loss":0.0,"gold_gain":0.0,"event_name":"Winding Halls","player_choice":"Embrace Madness","floor":36.0,"gold_loss":0.0,"damage_taken":13.0,"cards_obtained":["Madness","Madness"]},{"damage_healed":0.0,"max_hp_gain":0.0,"max_hp_loss":0.0,"gold_gain":0.0,"event_name":"MindBloom","player_choice":"Fight","floor":37.0,"gold_loss":0.0,"damage_taken":0.0}],"is_beta":false,"boss_relics":[{"not_picked":["Philosopher\u0027s Stone","Cursed Key"],"picked":"Black Star"},{"not_picked":["Tiny House","Ring of the Serpent"],"picked":"WristBlade"}],"items_purged_floors":[3,14,14,38],"is_endless":false,"potions_floor_spawned":[6,13,18,28,29,29,31,35,40,42,46,54],"ascension_level":15}}