{"host":"1vqon1dbpr5c1qll","time":1613646306,"event":{"mods":["2.2 Compatiblity","AchievementEnabler","BaseMod","BetterRewards","Colored Map","DeckTracker","Hermit","Highlight Path","Lobotomy","Minty Spire (QoL Compilation)","Permanent Neow","Quick Restart","Random Character Button","Replay The Spire","StSLib","SuperFastMode","The Cursed","The Servant 0.9.4","everything is the same but u backflip on backflip"],"gold_per_floor":[118,138,138,153,172,204,204,233,233,233,246,246,120,132,132,231,231,250,360,360,3,15,50,50,50,50],"floor_reached":25,"language":"KOR","playtime":1043,"items_purged":["Regret"],"score":309,"play_id":"61ec2e96-3155-4995-89b1-264cb84c7ac9","local_time":"20210218200506","is_ascension_mode":true,"campfire_choices":[{"floor":7,"key":"REST"},{"floor":12,"key":"REST"},{"floor":15,"key":"DIG"}],"circlet_count":0,"master_deck":["TheCursedMod:Strike_TheCursed+1","TheCursedMod:Strike_TheCursed+1","TheCursedMod:Strike_TheCursed+1","TheCursedMod:Strike_TheCursed+1","TheCursedMod:Defend_TheCursed+1","TheCursedMod:Defend_TheCursed+1","TheCursedMod:Defend_TheCursed+1","TheCursedMod:Defend_TheCursed+1","TheCursedMod:CursedWand","TheCursedMod:CleanUpWorkshop","TheCursedMod:Dregs","TheCursedMod:SpitefulPlan","TheCursedMod:Wield","TheCursedMod:SurpriseAttack","TheCursedMod:CursedBoomerang","TheCursedMod:CursedStaff","TheCursedMod:CursedRelics","TheCursedMod:SpitefulStrike","TheCursedMod:AbyssShockwave","TheCursedMod:AntiAging","TheCursedMod:Hemoplague+1","TheCursedMod:CursedBlade","TheCursedMod:CursedBlade+1","TheCursedMod:CircleOfFlame","TheCursedMod:ReleasedStrength","TheCursedMod:ReleasedStrength","TheCursedMod:BlessingInDisguise+1","TheCursedMod:CursedAmulet","Decay"],"relics":["TheCursedMod:BlackMagic101","ReplayFunnel","Juzu Bracelet","InkBottle","MealTicket","Shuriken","Black Star","Sling","ReplayTheSpireMod:TigerMarble","The Courier","Mummified Hand"],"acts_visited":["Exordium","TheCity"],"potions_floor_usage":[6,6,16,18,22],"damage_taken":[{"damage":0,"enemies":"Jaw Worm","floor":1,"turns":5},{"damage":2,"enemies":"2 Louse","floor":2,"turns":3},{"damage":9,"enemies":"Small Slimes","floor":4,"turns":3},{"damage":11,"enemies":"Looter","floor":5,"turns":4},{"damage":23,"enemies":"Replay:BlueRogue","floor":6,"turns":5},{"damage":30,"enemies":"Lagavulin","floor":8,"turns":6},{"damage":10,"enemies":"3 Louse","floor":11,"turns":4},{"damage":0,"enemies":"Exordium Wildlife","floor":14,"turns":2},{"damage":0,"enemies":"Fading Forest","floor":16,"turns":11},{"damage":11,"enemies":"Chosen","floor":18,"turns":4},{"damage":30,"enemies":"Shell Parasite","floor":22,"turns":6},{"damage":48,"enemies":"Book of Stabbing","floor":23,"turns":5},{"damage":9,"enemies":"Cultist and Chosen","floor":25,"turns":1}],"seed_played":"1951619249017182093","potions_obtained":[{"floor":4,"key":"AttackPotion"},{"floor":5,"key":"Dexterity Potion"},{"floor":14,"key":"SneckoOil"},{"floor":16,"key":"SteroidPotion"}],"is_trial":false,"path_per_floor":["M","M","?","M","M","E","R","E","T","?","M","R","$","M","R_BF","B",null,"M","?","?","$","M","E","?","M"],"character_chosen":"THE_CURSED","items_purchased":["Block Potion","Sling","ReplayTheSpireMod:TigerMarble","TheCursedMod:ReleasedStrength"],"campfire_rested":2,"item_purchase_floors":[13,21,21,21],"current_hp_per_floor":[75,73,73,64,53,30,52,22,22,22,12,34,49,49,49,49,75,66,66,66,77,53,5,5,0,0],"gold":50,"neow_bonus":"RANDOM_EVENT","is_daily":false,"chose_seed":false,"campfire_upgraded":0,"win_rate":0.0,"timestamp":1613646306,"path_taken":["M","M","?","M","M","E","R","E","T","?","M","R","$","M","R_BF","BOSS","M","?","?","$","M","E","?","M"],"items_purchased_type":["Potion","Relic","Relic","Card"],"build_version":"2020-12-22","purchased_purges":1,"victory":false,"max_hp_per_floor":[75,75,75,75,75,75,75,75,75,75,75,75,75,75,75,75,75,77,77,77,77,79,79,79,79,79],"card_choices":[{"not_picked":["TheCursedMod:SmokeScreen","TheCursedMod:Stretching"],"picked":"TheCursedMod:SpitefulPlan","floor":1},{"not_picked":["TheCursedMod:RapidMovement","TheCursedMod:HellsGateOpen"],"picked":"TheCursedMod:Wield","floor":2},{"not_picked":["TheCursedMod:RapidMovement","TheCursedMod:Stigma"],"picked":"TheCursedMod:SurpriseAttack","floor":4},{"not_picked":["TheCursedMod:AshesToAshes","TheCursedMod:SpreadPlague"],"picked":"TheCursedMod:CursedBoomerang","floor":5},{"not_picked":["TheCursedMod:StingEye","TheCursedMod:VitalStrike"],"picked":"TheCursedMod:CursedStaff","floor":6},{"not_picked":["TheCursedMod:Torture","TheCursedMod:DoubleShield"],"picked":"TheCursedMod:CursedRelics","floor":8},{"not_picked":["TheCursedMod:HellsGateOpen","TheCursedMod:CircleOfCorruption"],"picked":"TheCursedMod:SpitefulStrike","floor":11},{"not_picked":["TheCursedMod:CursedShiv","TheCursedMod:Wield"],"picked":"TheCursedMod:AbyssShockwave","floor":14},{"not_picked":["TheCursedMod:CursedRelics","TheCursedMod:Neurasthenia"],"picked":"TheCursedMod:AntiAging","floor":16},{"not_picked":["TheCursedMod:CursedSpellbook","TheCursedMod:CursedArmor"],"picked":"TheCursedMod:Hemoplague+1","floor":18},{"not_picked":["TheCursedMod:TacticalStrike","TheCursedMod:PrepareRite"],"picked":"TheCursedMod:CursedBlade","floor":19},{"not_picked":["TheCursedMod:CursedAmulet","TheCursedMod:RapidMovement"],"picked":"TheCursedMod:CursedBlade+1","floor":19},{"not_picked":["TheCursedMod:TacticalStrike","TheCursedMod:CircleOfAmplification+1"],"picked":"TheCursedMod:CircleOfFlame","floor":19},{"not_picked":["TheCursedMod:Stretching","TheCursedMod:CircleOfFlame"],"picked":"TheCursedMod:BlessingInDisguise+1","floor":22},{"not_picked":["TheCursedMod:CursedBoomerang","TheCursedMod:StingEye"],"picked":"TheCursedMod:CursedAmulet","floor":23}],"player_experience":1001932,"relics_obtained":[{"floor":6,"key":"Juzu Bracelet"},{"floor":8,"key":"InkBottle"},{"floor":9,"key":"MealTicket"},{"floor":15,"key":"Shuriken"},{"floor":23,"key":"The Courier"},{"floor":23,"key":"Mummified Hand"}],"event_choices":[{"damage_healed":0,"gold_gain":0,"player_choice":"Box","damage_taken":0,"relics_obtained":["ReplayFunnel"],"max_hp_gain":0,"max_hp_loss":0,"event_name":"Big Fish","floor":0,"gold_loss":0,"cards_obtained":["Regret"]},{"damage_healed":0,"gold_gain":0,"player_choice":"Ignored","damage_taken":0,"max_hp_gain":0,"max_hp_loss":0,"event_name":"Liars Game","floor":3,"gold_loss":0},{"damage_healed":0,"gold_gain":0,"player_choice":"Simplicity","damage_taken":0,"max_hp_gain":0,"max_hp_loss":0,"event_name":"Back to Basics","floor":20,"gold_loss":0,"cards_upgraded":["TheCursedMod:Strike_TheCursed","TheCursedMod:Strike_TheCursed","TheCursedMod:Strike_TheCursed","TheCursedMod:Strike_TheCursed","TheCursedMod:Defend_TheCursed","TheCursedMod:Defend_TheCursed","TheCursedMod:Defend_TheCursed","TheCursedMod:Defend_TheCursed"]},{"damage_healed":0,"gold_gain":0,"player_choice":"Smashed Altar","damage_taken":0,"max_hp_gain":0,"max_hp_loss":0,"event_name":"Forgotten Altar","floor":24,"gold_loss":0,"cards_obtained":["Decay"]}],"is_beta":false,"boss_relics":[{"not_picked":["Velvet Choker","Calling Bell"],"picked":"Black Star"}],"items_purged_floors":[13],"is_endless":false,"potions_floor_spawned":[4,5,14,16],"killed_by":"Cultist and Chosen","ascension_level":2}}