{"host":"tzwikg9s6mkzv6w0","time":1613624076,"event":{"mods":["BaseMod","Good Game Mod","Minty Spire (QoL Compilation)","Spicy Shops","StSLib"],"gold_per_floor":[119,69,69,86,106,106,140,140,140,167,92,92,117,134,134,212,212,227,240,690,113,125,125,150,150,196,208,238,238,272,272,272,351,351,366,444,168,193,542,557,557,591,671,703,719,231,264,274,274,274,274,274,35,65,65],"floor_reached":56,"language":"ZHS","playtime":1965,"items_purged":["Strike_G","Strike_G","Decay","Strike_G","Strike_G","Defend_G","Defend_G"],"score":2345,"play_id":"ed1d2a06-ba50-435e-a6bb-ce3993852e96","local_time":"20210218125436","is_ascension_mode":true,"campfire_choices":[{"data":"Apotheosis","floor":6.0,"key":"SMITH"},{"floor":8.0,"key":"REST"},{"floor":12.0,"key":"RECALL"},{"data":"Prepared","floor":15.0,"key":"SMITH"},{"floor":23.0,"key":"REST"},{"data":"Accuracy","floor":25.0,"key":"SMITH"},{"floor":29.0,"key":"REST"},{"data":"Escape Plan","floor":32.0,"key":"SMITH"},{"data":"1","floor":41,"key":"LIFT"},{"data":"2","floor":49,"key":"LIFT"},{"data":"3","floor":52,"key":"LIFT"}],"circlet_count":0,"master_deck":["AscendersBane","Defend_G","Defend_G","Defend_G","Survivor","Neutralize","Apotheosis+1","Escape Plan+1","Concentrate","Dagger Spray","Tactician","Prepared+1","Blade Dance","Accuracy+1","Reflex","Phantasmal Killer","Acrobatics+1","Acrobatics+1","Terror","Venomology","Tools of the Trade","Calculated Gamble","Accuracy"],"relics":["REME:ComplimentaryCards","Runic Pyramid","Bag of Preparation","Mummified Hand","Ninja Scroll","Boot","Darkstone Periapt","HoveringKite","ClockworkSouvenir","Eternal Feather","Blood Vial","Bottled Lightning","Unceasing Top","WristBlade","Question Card","TheAbacus","Girya","Old Coin","Akabeko","Pear","White Beast Statue","Membership Card","Nunchaku","Potion Belt","Orichalcum"],"acts_visited":["Exordium","TheCity","TheBeyond","TheEnding"],"potions_floor_usage":[44,45,47,50,54,55,55,55,55],"damage_taken":[{"damage":7.0,"enemies":"Small Slimes","floor":1.0,"turns":3.0},{"damage":0.0,"enemies":"Cultist","floor":4.0,"turns":3.0},{"damage":0.0,"enemies":"Jaw Worm","floor":5.0,"turns":4.0},{"damage":28.0,"enemies":"Gremlin Nob","floor":7.0,"turns":5.0},{"damage":0.0,"enemies":"Lagavulin","floor":10.0,"turns":6.0},{"damage":2.0,"enemies":"3 Sentries","floor":13.0,"turns":8.0},{"damage":0.0,"enemies":"Red Slaver","floor":14.0,"turns":3.0},{"damage":4.0,"enemies":"Slime Boss","floor":16.0,"turns":8.0},{"damage":0.0,"enemies":"Chosen","floor":18.0,"turns":5.0},{"damage":0.0,"enemies":"3 Byrds","floor":19.0,"turns":3.0},{"damage":1.0,"enemies":"Centurion and Healer","floor":22.0,"turns":3.0},{"damage":8.0,"enemies":"Book of Stabbing","floor":24.0,"turns":4.0},{"damage":17.0,"enemies":"Snake Plant","floor":27.0,"turns":5.0},{"damage":8.0,"enemies":"Slavers","floor":28.0,"turns":4.0},{"damage":0.0,"enemies":"Gremlin Leader","floor":30.0,"turns":5.0},{"damage":26.0,"enemies":"Collector","floor":33.0,"turns":8.0},{"damage":0.0,"enemies":"3 Shapes","floor":35.0,"turns":1.0},{"damage":0,"enemies":"Mind Bloom Boss Battle","floor":38,"turns":3},{"damage":5,"enemies":"2 Orb Walkers","floor":39,"turns":2},{"damage":0,"enemies":"3 Darklings","floor":40,"turns":2},{"damage":0,"enemies":"Nemesis","floor":42,"turns":3},{"damage":0,"enemies":"Giant Head","floor":44,"turns":2},{"damage":0,"enemies":"Writhing Mass","floor":45,"turns":1},{"damage":7,"enemies":"Nemesis","floor":47,"turns":3},{"damage":0,"enemies":"Transient","floor":48,"turns":5},{"damage":19,"enemies":"Donu and Deca","floor":50,"turns":3},{"damage":0,"enemies":"Shield and Spear","floor":54,"turns":1},{"damage":24,"enemies":"The Heart","floor":55,"turns":4}],"seed_played":"7579137015603789412","potions_obtained":[{"floor":1.0,"key":"Weak Potion"},{"floor":7.0,"key":"DistilledChaos"},{"floor":18.0,"key":"LiquidMemories"},{"floor":24.0,"key":"EssenceOfSteel"},{"floor":33.0,"key":"Swift Potion"},{"floor":47,"key":"LiquidBronze"}],"is_trial":false,"path_per_floor":["M","?","?","M","M","R","E","R","T","E","$","R","E","M","R","B",null,"M","M","?","$","M","R","E","R","T","M","E","R","E","?","R","B",null,"M","T","$","?","?","M","R","E","T","E","M","$","E","M","R","B",null,"R","$","E","B",null],"character_chosen":"THE_SILENT","items_purchased":["ClockworkSouvenir","Eternal Feather","Accuracy","TheAbacus","Membership Card","Accuracy","Nunchaku","SpeedPotion"],"campfire_rested":3,"item_purchase_floors":[21,21,21,37,46,46,46,53],"current_hp_per_floor":[52,52,45,45,45,45,17,36,36,36,36,36,34,34,34,30,57,57,57,11,11,10,38,30,39,39,24,18,46,48,54,66,42,65,67,67,67,69,66,68,72,72,82,82,82,82,75,77,82,63,77,82,82,82,58],"gold":65,"neow_bonus":"BOSS_RELIC","is_daily":false,"chose_seed":false,"campfire_upgraded":4,"win_rate":0.0,"timestamp":1613624076,"path_taken":["M","?","?","M","M","R","E","R","T","E","$","R","E","M","R","BOSS","M","M","?","$","M","R","E","R","T","?","E","R","E","?","R","BOSS","M","?","$","?","?","M","R","E","T","E","M","$","E","M","R","BOSS","R","$","E","BOSS"],"items_purchased_type":["Relic","Relic","Card","Relic","Relic","Card","Relic","Potion"],"build_version":"2020-12-22","purchased_purges":7,"victory":true,"max_hp_per_floor":[66,66,66,66,66,66,66,66,66,66,66,66,66,66,66,66,66,66,66,66,66,66,66,66,66,66,66,66,66,66,72,72,72,72,72,72,72,72,72,72,72,72,82,82,82,82,82,82,82,82,82,82,82,82,82],"card_choices":[{"not_picked":["Deadly Poison","Expertise"],"picked":"Escape Plan","floor":1.0},{"not_picked":["Cloak And Dagger","Endless Agony"],"picked":"Concentrate","floor":4.0},{"not_picked":["Dagger Spray","Backflip","Deadly Poison"],"picked":"SKIP","floor":5.0},{"not_picked":["Backflip","Deadly Poison"],"picked":"Dagger Spray","floor":5.0},{"not_picked":["Backflip","Deadly Poison"],"picked":"Tactician","floor":7.0},{"not_picked":["Crippling Poison","Deflect","Bane"],"picked":"SKIP","floor":10.0},{"not_picked":["Cloak And Dagger","Concentrate"],"picked":"Prepared","floor":13.0},{"not_picked":["Leg Sweep","Dagger Throw"],"picked":"Blade Dance","floor":14.0},{"not_picked":["Underhanded Strike","Outmaneuver","PiercingWail"],"picked":"SKIP","floor":18.0},{"not_picked":["Quick Slash","Cloak And Dagger","Escape Plan"],"picked":"SKIP","floor":19.0},{"not_picked":["Slice","Dagger Throw"],"picked":"Reflex","floor":22.0},{"not_picked":["Concentrate","Endless Agony","Prepared"],"picked":"SKIP","floor":24.0},{"not_picked":["Reflex","Prepared","Caltrops+1"],"picked":"SKIP","floor":27.0},{"not_picked":["Masterful Stab+1","Sucker Punch","Blur"],"picked":"SKIP","floor":28.0},{"not_picked":["Underhanded Strike","Escape Plan","Slice+1"],"picked":"SKIP","floor":30.0},{"not_picked":["Die Die Die","Unload"],"picked":"Phantasmal Killer","floor":33.0},{"not_picked":["Deadly Poison","Dagger Spray+1"],"picked":"Acrobatics+1","floor":35.0},{"not_picked":["Backflip","Blade Dance","Slice"],"picked":"Acrobatics+1","floor":38},{"not_picked":["Accuracy","Blade Dance+1","Prepared"],"picked":"Terror","floor":39},{"not_picked":["Dagger Spray","Dodge and Roll+1","Poisoned Stab","Setup"],"picked":"SKIP","floor":40},{"not_picked":["Envenom","Deadly Poison","Burst"],"picked":"Venomology","floor":42},{"not_picked":["Flying Knee","Deflect","Phantasmal Killer"],"picked":"Tools of the Trade","floor":44},{"not_picked":["Bane","Skewer","Caltrops"],"picked":"Calculated Gamble","floor":45},{"not_picked":["Skewer","Cloak And Dagger","Underhanded Strike","Sucker Punch"],"picked":"SKIP","floor":47},{"not_picked":["Dodge and Roll+1","Deadly Poison+1","Quick Slash","Dagger Throw"],"picked":"SKIP","floor":48},{"not_picked":["Phantasmal Killer","Eviscerate+1","Accuracy+1","Tactician"],"picked":"SKIP","floor":54}],"player_experience":130215,"relics_obtained":[{"floor":7.0,"key":"Mummified Hand"},{"floor":9.0,"key":"Ninja Scroll"},{"floor":10.0,"key":"Boot"},{"floor":13.0,"key":"Darkstone Periapt"},{"floor":24.0,"key":"Blood Vial"},{"floor":28.0,"key":"Bottled Lightning"},{"floor":30.0,"key":"Unceasing Top"},{"floor":36.0,"key":"Question Card"},{"floor":38,"key":"Girya"},{"floor":39,"key":"Old Coin"},{"floor":42,"key":"Akabeko"},{"floor":43,"key":"Pear"},{"floor":44,"key":"White Beast Statue"},{"floor":47,"key":"Potion Belt"},{"floor":54,"key":"Orichalcum"}],"event_choices":[{"cards_removed":["Strike_G"],"damage_healed":0.0,"max_hp_gain":0.0,"max_hp_loss":0.0,"gold_gain":0.0,"event_name":"The Cleric","player_choice":"Card Removal","floor":2.0,"gold_loss":50.0,"damage_taken":0.0},{"damage_healed":0.0,"max_hp_gain":0.0,"max_hp_loss":0.0,"gold_gain":0.0,"event_name":"Scrap Ooze","player_choice":"Success","floor":3.0,"gold_loss":0.0,"damage_taken":7.0,"relics_obtained":["Bag of Preparation"]},{"damage_healed":0.0,"max_hp_gain":0.0,"max_hp_loss":0.0,"gold_gain":450.0,"event_name":"Knowing Skull","player_choice":"GOLD GOLD GOLD GOLD GOLD ","floor":20.0,"potions_obtained":[],"gold_loss":0.0,"damage_taken":46.0,"cards_obtained":[]},{"damage_healed":0.0,"max_hp_gain":0.0,"max_hp_loss":0.0,"gold_gain":0.0,"event_name":"Wheel of Change","player_choice":"Cursed","floor":31.0,"gold_loss":0.0,"damage_taken":0.0,"cards_obtained":["Decay"]},{"damage_healed":0,"gold_gain":0,"player_choice":"Fight","damage_taken":0,"max_hp_gain":0,"max_hp_loss":0,"event_name":"MindBloom","floor":38,"gold_loss":0},{"damage_healed":0,"gold_gain":0,"player_choice":"Fight","damage_taken":0,"max_hp_gain":0,"max_hp_loss":0,"event_name":"Mysterious Sphere","floor":39,"gold_loss":0}],"is_beta":false,"boss_relics":[{"not_picked":["Ectoplasm","Snecko Eye"],"picked":"HoveringKite"},{"not_picked":["Empty Cage","Sozu"],"picked":"WristBlade"}],"items_purged_floors":[11,21,37,46,46,53,53],"is_endless":false,"potions_floor_spawned":[1,7,14,18,22,24,33,35,39,42,44,45,47,48,54],"ascension_level":14}}