{"host":"19tvufa8xx4wr4o1","time":1613662275,"event":{"mods":["AchievementEnabler","BaseMod","Better Sensory Stone","Better Third Choice","Highlight Path","Minty Spire (QoL Compilation)","Relic Stats","StSLib"],"gold_per_floor":[116,116,125,125,16,16,41,41,41,41,75,95,95,122,122,204,204,214,223,247,269,194,194,203,203,203,225,245,269,278,11,11,94,94,114,114,134,48,68,68,87,37,37,37,62,75,75,97,97,97,97],"floor_reached":50,"language":"ENG","playtime":1960,"items_purged":["Regret","Writhe"],"score":1029,"play_id":"c8fdf14b-9b97-4685-a927-8c45ccbbc93b","local_time":"20210218093115","is_ascension_mode":true,"campfire_choices":[{"data":"Neutralize","floor":6.0,"key":"SMITH"},{"data":"Choke","floor":8.0,"key":"SMITH"},{"data":"Strike_G","floor":10.0,"key":"SMITH"},{"data":"Dash","floor":15.0,"key":"SMITH"},{"floor":23.0,"key":"REST"},{"floor":25.0,"key":"RECALL"},{"floor":32.0,"key":"REST"},{"floor":40.0,"key":"REST"},{"floor":44.0,"key":"REST"},{"floor":47.0,"key":"REST"},{"floor":49.0,"key":"REST"}],"circlet_count":0,"master_deck":["AscendersBane","Strike_G+1","Strike_G","Strike_G","Strike_G+1","Strike_G","Defend_G","Defend_G","Defend_G","Defend_G","Defend_G","Survivor+1","Neutralize+1","Noxious Fumes+1","Choke+1","Deadly Poison+1","Quick Slash","Dash+1","Wraith Form v2+1","Cloak And Dagger","Terror+1","Well Laid Plans+1","Backflip","RitualDagger","Footwork+1","Blind","Bullet Time","Footwork+1","Predator+1","Infinite Blades+1","Blade Dance","Catalyst+1","Caltrops+1","Infinite Blades+1","Blur+1"],"relics":["Ring of the Snake","NeowsBlessing","CeramicFish","Kunai","Eternal Feather","Frozen Egg 2","Fusion Hammer","WarpedTongs","Pantograph","Ginger","SlaversCollar","Bottled Lightning","Turnip"],"acts_visited":["Exordium","TheCity","TheBeyond"],"potions_floor_usage":[50],"damage_taken":[{"damage":0.0,"enemies":"2 Louse","floor":1.0,"turns":1.0},{"damage":0.0,"enemies":"Gremlin Nob","floor":7.0,"turns":1.0},{"damage":0.0,"enemies":"Lagavulin","floor":11.0,"turns":1.0},{"damage":4.0,"enemies":"Small Slimes","floor":12.0,"turns":3.0},{"damage":1.0,"enemies":"Jaw Worm","floor":14.0,"turns":3.0},{"damage":35.0,"enemies":"The Guardian","floor":16.0,"turns":11.0},{"damage":9.0,"enemies":"Spheric Guardian","floor":18.0,"turns":5.0},{"damage":16.0,"enemies":"Shell Parasite","floor":20.0,"turns":5.0},{"damage":9.0,"enemies":"Snake Plant","floor":21.0,"turns":5.0},{"damage":8.0,"enemies":"Centurion and Healer","floor":27.0,"turns":6.0},{"damage":4.0,"enemies":"Sentry and Sphere","floor":28.0,"turns":6.0},{"damage":3.0,"enemies":"Snecko","floor":29.0,"turns":4.0},{"damage":50.0,"enemies":"Collector","floor":33.0,"turns":12.0},{"damage":29.0,"enemies":"3 Darklings","floor":35.0,"turns":7.0},{"damage":10.0,"enemies":"Orb Walker","floor":37.0,"turns":4.0},{"damage":2.0,"enemies":"Maw","floor":39.0,"turns":8.0},{"damage":20.0,"enemies":"Transient","floor":41.0,"turns":6.0},{"damage":20.0,"enemies":"Spire Growth","floor":45.0,"turns":6.0},{"damage":18.0,"enemies":"Writhing Mass","floor":46.0,"turns":8.0},{"damage":38.0,"enemies":"Jaw Worm Horde","floor":48.0,"turns":4.0},{"damage":69,"enemies":"Donu and Deca","floor":50,"turns":9}],"seed_played":"-6973926309343236166","potions_obtained":[{"floor":1.0,"key":"BlessingOfTheForge"},{"floor":11.0,"key":"EssenceOfSteel"},{"floor":21.0,"key":"Energy Potion"},{"floor":35.0,"key":"Swift Potion"},{"floor":37.0,"key":"Fire Potion"},{"floor":48.0,"key":"LiquidMemories"}],"is_trial":false,"path_per_floor":["M","?","?","?","$","R","E","R","T","R","E","M","?","M","R","B",null,"M","?","M","M","?","R","?","R","T","M","M","M","?","$","R","B",null,"M","T","M","$","M","R","M","?","T","R","M","M","R","M","R","B"],"character_chosen":"THE_SILENT","items_purchased":["Choke","Footwork+1","Blind","Infinite Blades+1","Blade Dance"],"campfire_rested":6,"item_purchase_floors":[5,31,31,38,38],"current_hp_per_floor":[59,39,39,39,39,39,39,39,39,48,48,44,44,43,52,17,54,45,45,29,20,20,51,51,63,63,55,51,48,42,42,66,16,54,25,25,15,15,13,50,30,30,30,66,46,28,65,27,66,0,0],"gold":97,"neow_bonus":"THREE_ENEMY_KILL","is_daily":false,"chose_seed":false,"campfire_upgraded":4,"win_rate":0.0,"timestamp":1613662275,"path_taken":["M","?","?","?","$","R","E","R","T","R","E","?","?","?","R","BOSS","M","?","M","?","?","R","?","R","T","M","M","M","?","?","R","BOSS","M","?","M","$","M","R","M","?","T","R","M","?","R","M","R","BOSS"],"items_purchased_type":["Card","Card","Card","Card","Card"],"build_version":"2020-12-22","purchased_purges":2,"victory":false,"max_hp_per_floor":[66,66,66,66,66,66,66,66,66,66,66,66,66,66,66,66,66,66,66,66,66,66,66,66,66,66,66,66,66,66,66,66,66,66,66,66,66,66,66,66,66,66,66,66,66,66,66,66,66,66,66],"relic_stats":{"counters":[21,115],"CeramicFish":216,"Pantograph":0,"Eternal Feather":132,"Turnip":[0],"Kunai":[52],"Ginger":[18],"obtain_stats":[{"NeowsBlessing":0,"CeramicFish":3,"Eternal Feather":9,"Ginger":26,"Frozen Egg 2":11,"WarpedTongs":19,"SlaversCollar":34,"Pantograph":24,"Fusion Hammer":17,"Turnip":43,"Kunai":7,"Bottled Lightning":36,"Ring of the Snake":0},{"NeowsBlessing":0,"CeramicFish":1,"Eternal Feather":2,"Ginger":9,"Frozen Egg 2":3,"WarpedTongs":7,"SlaversCollar":13,"Pantograph":9,"Fusion Hammer":6,"Turnip":17,"Kunai":2,"Bottled Lightning":14,"Ring of the Snake":0},{"NeowsBlessing":0,"CeramicFish":1,"Eternal Feather":2,"Ginger":35,"Frozen Egg 2":3,"WarpedTongs":25,"SlaversCollar":63,"Pantograph":35,"Fusion Hammer":20,"Turnip":88,"Kunai":2,"Bottled Lightning":70,"Ring of the Snake":0}],"Ring of the Snake":[42],"WarpedTongs":[88]},"card_choices":[{"not_picked":["Slice","Backstab"],"picked":"Noxious Fumes","floor":1.0},{"not_picked":["Backflip","Concentrate","Masterful Stab"],"picked":"SKIP","floor":7.0},{"not_picked":["Night Terror","Masterful Stab"],"picked":"Deadly Poison","floor":11.0},{"not_picked":["Backflip","Tactician"],"picked":"Quick Slash","floor":12.0},{"not_picked":["Bouncing Flask","PiercingWail"],"picked":"Dash","floor":14.0},{"not_picked":["Grand Finale","After Image+1"],"picked":"Wraith Form v2+1","floor":16.0},{"not_picked":["Underhanded Strike","Slice","Outmaneuver"],"picked":"SKIP","floor":18.0},{"not_picked":["Slice","Sucker Punch"],"picked":"Cloak And Dagger","floor":20.0},{"not_picked":["Reflex","Deadly Poison"],"picked":"Terror","floor":21.0},{"not_picked":["Quick Slash","Dash+1"],"picked":"Well Laid Plans+1","floor":27.0},{"not_picked":["Sucker Punch","Acrobatics","Deflect"],"picked":"SKIP","floor":28.0},{"not_picked":["Setup","Eviscerate"],"picked":"Backflip","floor":29.0},{"not_picked":["Night Terror","Envenom+1"],"picked":"Bullet Time","floor":33.0},{"not_picked":["Bouncing Flask","Terror"],"picked":"Footwork+1","floor":35.0},{"not_picked":["Eviscerate","Masterful Stab"],"picked":"Predator+1","floor":37.0},{"not_picked":["Blade Dance+1","Poisoned Stab"],"picked":"Catalyst","floor":39.0},{"not_picked":["Underhanded Strike+1","Heel Hook"],"picked":"Caltrops+1","floor":41.0},{"not_picked":["Outmaneuver+1","Prepared"],"picked":"Infinite Blades+1","floor":45.0},{"not_picked":["Acrobatics","Dagger Spray","Backflip"],"picked":"SKIP","floor":46.0},{"not_picked":["Slice","Flying Knee"],"picked":"Blur+1","floor":48.0}],"player_experience":649116,"relics_obtained":[{"floor":7.0,"key":"Kunai"},{"floor":9.0,"key":"Eternal Feather"},{"floor":11.0,"key":"Frozen Egg 2"},{"floor":26.0,"key":"Ginger"},{"floor":36.0,"key":"Bottled Lightning"},{"floor":43.0,"key":"Turnip"}],"event_choices":[{"damage_healed":59.0,"max_hp_gain":0.0,"max_hp_loss":66.0,"gold_gain":0.0,"event_name":"betterThird:BetterShining","player_choice":"Upgrade","floor":2.0,"gold_loss":0.0,"damage_taken":20.0,"cards_upgraded":["Strike_G","Survivor"]},{"damage_healed":0.0,"max_hp_gain":0.0,"max_hp_loss":0.0,"gold_gain":0.0,"event_name":"Big Fish","player_choice":"Box","floor":3.0,"gold_loss":0.0,"damage_taken":0.0,"relics_obtained":["CeramicFish"],"cards_obtained":["Regret"]},{"damage_healed":0.0,"max_hp_gain":0.0,"max_hp_loss":0.0,"gold_gain":0.0,"event_name":"Living Wall","player_choice":"Grow","floor":4.0,"gold_loss":0.0,"damage_taken":0.0,"cards_upgraded":["Noxious Fumes"]},{"damage_healed":0.0,"max_hp_gain":0.0,"max_hp_loss":0.0,"gold_gain":0.0,"event_name":"Upgrade Shrine","player_choice":"Upgraded","floor":13.0,"gold_loss":0.0,"damage_taken":0.0,"cards_upgraded":["Deadly Poison"]},{"damage_healed":0.0,"max_hp_gain":0.0,"max_hp_loss":0.0,"gold_gain":0.0,"event_name":"Accursed Blacksmith","player_choice":"Rummage","floor":19.0,"gold_loss":0.0,"damage_taken":0.0,"relics_obtained":["WarpedTongs"],"cards_obtained":["Pain"]},{"cards_removed":["Pain"],"damage_healed":0.0,"max_hp_gain":0.0,"max_hp_loss":0.0,"gold_gain":0.0,"event_name":"Beggar","player_choice":"Gave Gold","floor":22.0,"gold_loss":75.0,"damage_taken":0.0},{"damage_healed":0.0,"max_hp_gain":0.0,"max_hp_loss":0.0,"gold_gain":0.0,"event_name":"The Mausoleum","player_choice":"Opened","floor":24.0,"gold_loss":0.0,"damage_taken":0.0,"relics_obtained":["Pantograph"],"cards_obtained":["Writhe"]},{"damage_healed":0.0,"max_hp_gain":0.0,"max_hp_loss":0.0,"gold_gain":0.0,"event_name":"betterThird:BetterNest","player_choice":"Dagger","floor":30.0,"gold_loss":0.0,"damage_taken":6.0,"cards_obtained":["RitualDagger"]},{"damage_healed":0.0,"max_hp_gain":0.0,"max_hp_loss":0.0,"gold_gain":0.0,"event_name":"Designer","player_choice":"Upgraded Two","floor":42.0,"gold_loss":50.0,"damage_taken":0.0,"cards_upgraded":["Catalyst","Terror"]}],"is_beta":false,"boss_relics":[{"not_picked":["Calling Bell","Ring of the Serpent"],"picked":"Fusion Hammer"},{"not_picked":["Busted Crown","Sozu"],"picked":"SlaversCollar"}],"items_purged_floors":[5,31],"is_endless":false,"potions_floor_spawned":[1,11,14,18,21,27,29,35,37,48],"killed_by":"Donu and Deca","ascension_level":19}}