{"host":"vps8b43x7l1xjn40","time":1613676015,"event":{"mods":["AchievementEnabler","BaseMod","Colored Map","Colored Powertips","Custom Start","Lobotomy","LobotomyExtend","Minty Spire (QoL Compilation)","Quick Restart","StSLib"],"gold_per_floor":[114,5,5,5,21,21,41,53,53,68,23,23,34,90,90,90,90],"floor_reached":16,"language":"JPN","playtime":1366,"items_purged":["FairyFestival"],"score":92,"play_id":"1b4342ff-6c77-4cda-b617-35ed949bbf6d","local_time":"20210219042015","is_ascension_mode":false,"campfire_choices":[{"data":"Iron Wave","floor":6,"key":"SMITH"},{"floor":15,"key":"REST"}],"circlet_count":0,"master_deck":["Strike_R","Strike_R","Strike_R","Strike_R","Strike_R","Defend_R","Defend_R","Defend_R","Defend_R","Bash","Iron Wave+1","Infernal Blade","Heavy Blade","SpiderBud","Double Tap","Alriune","Iron Wave","FairyFestival","Anger","Bloodbath","Clash","Pommel Strike","LaLuna","Pommel Strike","FieryBird"],"relics":["Burning Blood","CogitoBucket","LetterFromLob","Frozen Egg 2","SkinProphecy","Torii"],"acts_visited":["Exordium"],"potions_floor_usage":[5,5,5,13,16,16],"damage_taken":[{"damage":6,"enemies":"Small Slimes","floor":1,"turns":4},{"damage":3,"enemies":"Jaw Worm","floor":5,"turns":3},{"damage":4,"enemies":"Cultist","floor":7,"turns":4},{"damage":12,"enemies":"Gremlin Gang","floor":8,"turns":4},{"damage":7,"enemies":"3 Louse","floor":10,"turns":4},{"damage":36,"enemies":"Blue Slaver","floor":13,"turns":5},{"damage":45,"enemies":"Gremlin Nob","floor":14,"turns":5},{"damage":49,"enemies":"The Guardian","floor":16,"turns":7}],"seed_played":"-4747184798292348578","potions_obtained":[{"floor":1,"key":"Weak Potion"},{"floor":4,"key":"Weak Potion"},{"floor":4,"key":"ColorlessPotion"},{"floor":4,"key":"EntropicBrew"},{"floor":13,"key":"DistilledChaos"}],"is_trial":false,"path_per_floor":["M","$","?","?","M","R","M","M","T","M","$","E","M","?","R","B"],"character_chosen":"IRONCLAD","items_purchased":["Infernal Blade","Clash"],"campfire_rested":1,"item_purchase_floors":[2,11],"current_hp_per_floor":[80,80,80,80,80,80,80,74,74,73,73,73,49,11,35,0,0],"gold":90,"neow_bonus":"","is_daily":false,"chose_seed":false,"campfire_upgraded":1,"win_rate":0.0,"timestamp":1613676015,"path_taken":["M","$","?","?","M","R","M","M","T","?","$","E","?","?","R","BOSS"],"items_purchased_type":["Card","Card"],"build_version":"2020-12-22","purchased_purges":1,"victory":false,"max_hp_per_floor":[80,80,80,80,80,80,80,80,80,80,80,80,80,82,82,84,84],"card_choices":[{"not_picked":["True Grit","Sword Boomerang"],"picked":"Iron Wave","floor":1},{"not_picked":["Scorched","LaLuna","CherryBlossoms"],"picked":"Singing Bowl","floor":1},{"not_picked":["Wellcheers","RedShoes"],"picked":"FairyFestival","floor":1},{"not_picked":["Pummel","Twin Strike"],"picked":"Heavy Blade","floor":5},{"not_picked":["Scorched","PunishingBird","LittleHelper"],"picked":"Singing Bowl","floor":5},{"not_picked":["Scarecrow","Wellcheers"],"picked":"SpiderBud","floor":5},{"not_picked":["Thunderclap","Uppercut"],"picked":"Double Tap","floor":7},{"not_picked":["CrumblingArmor","LongBird"],"picked":"Alriune","floor":7},{"not_picked":["Warcry","Seeing Red"],"picked":"Iron Wave","floor":8},{"not_picked":["Wellcheers","OSAHOGD"],"picked":"FairyFestival","floor":8},{"not_picked":["Body Slam","Power Through"],"picked":"Anger","floor":10},{"not_picked":["Rudolta","Woodsman"],"picked":"Bloodbath","floor":10},{"not_picked":["Perfected Strike","Whirlwind"],"picked":"Pommel Strike","floor":13},{"not_picked":["QueenBee","PunishingBird"],"picked":"LaLuna","floor":13},{"not_picked":["Headbutt","Reaper"],"picked":"Pommel Strike","floor":14},{"not_picked":["VoidDream","MHz"],"picked":"FieryBird","floor":14}],"player_experience":6503,"relics_obtained":[{"floor":1,"key":"LetterFromLob"},{"floor":9,"key":"Frozen Egg 2"},{"floor":14,"key":"Torii"}],"event_choices":[{"damage_healed":0,"gold_gain":0,"player_choice":"Got Potions","damage_taken":0,"max_hp_gain":0,"max_hp_loss":0,"event_name":"Lab","floor":4,"gold_loss":0},{"damage_healed":0,"gold_gain":30,"player_choice":"Searched \u00273\u0027 times","damage_taken":0,"max_hp_gain":0,"max_hp_loss":0,"event_name":"Dead Adventurer","floor":14,"gold_loss":0}],"is_beta":false,"boss_relics":[],"items_purged_floors":[2],"is_endless":false,"potions_floor_spawned":[1,5,7,13],"killed_by":"The Guardian","ascension_level":0}}