{"host":"w97dq1whmpm6b2tc","time":1613637352,"event":{"mods":["BaseMod","Challenge The Spire","Downfall","Minty Spire (QoL Compilation)","StSLib"],"gold_per_floor":[99,99,99,99,199,229,298,134,162,177,209,309,329,364,392,508,520,532,558,583,595,607,642,678,722,747,587,605,305,8,8,26,126,126,126,141,151,26,26,56,56,85,138,150,178,28,28,39,55,55,55,86,37,37,37,37],"floor_reached":57,"language":"ENG","playtime":6832,"items_purged":["hexamod:Strike","hexamod:Strike","hexamod:Defend","hexamod:SixthSeal"],"score":1570,"play_id":"5f7c1aed-44c4-48d9-903a-1c3ac01f7131","local_time":"20210218103552","is_ascension_mode":true,"campfire_choices":[{"data":"hexamod:Float","floor":1.0,"key":"SMITH"},{"floor":18.0,"key":"RECALL"},{"data":"hexamod:ForkedFlame","floor":29.0,"key":"SMITH"},{"data":"hexamod:ForkedFlame","floor":35,"key":"SMITH"},{"floor":47,"key":"REST"},{"data":"hexamod:BacktrackSmack","floor":54,"key":"SMITH"}],"circlet_count":0,"master_deck":["hexamod:Defend+1","hexamod:Sear+1","hexamod:Float+1","hexamod:StepThrough+1","hexamod:WildfireWeapon+1","hexamod:ForkedFlame+1","hexamod:EmpoweredFlame+1","hexamod:Rewind+1","hexamod:TurnItUp+1","hexamod:ApocalypseNow+1","hexamod:HauntingEcho+1","hexamod:ForkedFlame+1","hexamod:RadiantFlame+1","hexamod:GhostOfSpirePast+1","hexamod:GhostOfSpirePast+1","hexamod:BacktrackSmack+1","hexamod:BacktrackSmack+1"],"relics":["hexamod:SpiritBrand","downfall:HeartsMalice","Ornamental Fan","Toxic Egg 2","sneckomod:BlankCard","HornCleat","White Beast Statue","MawBank","hexamod:IceCube","Nilry\u0027s Codex","hexamod:MatchstickCase","Sundial","Pantograph","bronze:DonusWashers","downfall:HeartBlessingRed","downfall:HeartBlessingGreen","downfall:HeartBlessingBlue","hexamod:JarOfFuel","Blood Vial","Cursed Key","War Paint","InkBottle","Bird Faced Urn","Pen Nib","Orichalcum"],"acts_visited":["Exordium","TheCity","TheBeyond","TheEnding"],"potions_floor_usage":[40,40,42,43,55,56,56],"damage_taken":[{"damage":0.0,"enemies":"Small Slimes","floor":2.0,"turns":1.0},{"damage":0.0,"enemies":"Cultist","floor":3.0,"turns":1.0},{"damage":0.0,"enemies":"downfall:Heads","floor":5.0,"turns":1.0},{"damage":7.0,"enemies":"Lagavulin","floor":6.0,"turns":6.0},{"damage":0.0,"enemies":"downfall:FleeingMerchant","floor":8.0,"turns":4.0},{"damage":0.0,"enemies":"3 Sentries","floor":9.0,"turns":6.0},{"damage":0.0,"enemies":"Jaw Worm","floor":10.0,"turns":2.0},{"damage":8.0,"enemies":"Lagavulin","floor":11.0,"turns":3.0},{"damage":0.0,"enemies":"downfall:LadyInBlue","floor":12.0,"turns":4.0},{"damage":0.0,"enemies":"Red Slaver","floor":13.0,"turns":1.0},{"damage":2.0,"enemies":"Gremlin Nob","floor":14.0,"turns":3.0},{"damage":0.0,"enemies":"3 Louse","floor":15.0,"turns":2.0},{"damage":0.0,"enemies":"WA_ARCHETYPE_RETAIN","floor":16.0,"turns":4.0},{"damage":0.0,"enemies":"Spheric Guardian","floor":19.0,"turns":3.0},{"damage":0.0,"enemies":"Chosen","floor":20.0,"turns":3.0},{"damage":15.0,"enemies":"Book of Stabbing","floor":25.0,"turns":4.0},{"damage":13.0,"enemies":"3 Cultists","floor":26.0,"turns":4.0},{"damage":0.0,"enemies":"downfall:FleeingMerchant","floor":27.0,"turns":4.0},{"damage":0.0,"enemies":"Cultist and Chosen","floor":28.0,"turns":4.0},{"damage":0.0,"enemies":"Shelled Parasite and Fungi","floor":32.0,"turns":3.0},{"damage":17.0,"enemies":"IC_MUSHROOM_ARCHETYPE","floor":33.0,"turns":5.0},{"damage":0,"enemies":"Orb Walker","floor":36,"turns":3},{"damage":0,"enemies":"3 Darklings","floor":37,"turns":3},{"damage":0,"enemies":"Nemesis","floor":40,"turns":3},{"damage":25,"enemies":"Reptomancer","floor":42,"turns":5},{"damage":7,"enemies":"2 Orb Walkers","floor":43,"turns":3},{"damage":0,"enemies":"Jaw Worm Horde","floor":44,"turns":3},{"damage":0,"enemies":"Nemesis","floor":45,"turns":3},{"damage":0,"enemies":"Spire Growth","floor":48,"turns":3},{"damage":0,"enemies":"3 Darklings","floor":49,"turns":3},{"damage":29,"enemies":"SI_POISON_ARCHETYPE","floor":50,"turns":4},{"damage":0,"enemies":"downfall:CharBossMerchant","floor":52,"turns":3},{"damage":4,"enemies":"downfall:NeowBoss","floor":55,"turns":8},{"damage":53,"enemies":"downfall:NeowBossFinal","floor":56,"turns":6}],"seed_played":"3827395311189874193","potions_obtained":[{"floor":5.0,"key":"Swift Potion"},{"floor":9.0,"key":"Dexterity Potion"},{"floor":12.0,"key":"DistilledChaos"},{"floor":12.0,"key":"Strength Potion"},{"floor":13.0,"key":"DuplicationPotion"},{"floor":16.0,"key":"DistilledChaos"},{"floor":25.0,"key":"ColorlessPotion"},{"floor":33.0,"key":"Swift Potion"},{"floor":40,"key":"hexamod:InfernoChargePotion"},{"floor":42,"key":"GamblersBrew"},{"floor":43,"key":"Fire Potion"},{"floor":44,"key":"DuplicationPotion"}],"is_trial":false,"path_per_floor":["R","M","M","?","?","E","T","$","E","M","E","?","M","E","M","B",null,"R","M","M","?","?","T","T","E","M","$","M","R","$","?","M","B",null,"R","M","M","$","?","E","T","E","?","M","E","$","R","M","M","B",null,"E","$","R","B","B",null],"character_chosen":"THE_SPIRIT","items_purchased":["hexamod:Rewind+1","Pantograph","bronze:DonusWashers","hexamod:JarOfFuel","Blood Vial","hexamod:BacktrackSmack"],"campfire_rested":1,"item_purchase_floors":[8,27,27,30,30,53],"current_hp_per_floor":[70,70,70,70,70,63,63,63,63,63,55,55,55,53,53,53,70,70,70,70,54,54,54,54,39,26,26,26,36,36,36,38,48,80,80,80,80,80,80,80,80,55,50,64,80,80,80,80,80,53,80,80,80,80,78,31],"gold":37,"neow_bonus":"THREE_ENEMY_KILL","is_daily":false,"chose_seed":false,"campfire_upgraded":4,"win_rate":0.0,"timestamp":1613637352,"path_taken":["R","M","M","?","?","E","T","$","E","M","E","?","?","E","M","BOSS","R","M","M","?","?","?","T","E","M","$","?","R","$","?","M","BOSS","R","M","M","?","?","E","T","E","?","M","E","?","R","M","M","BOSS","E","$","R","BOSS","BOSS"],"items_purchased_type":["Card","Relic","Relic","Relic","Relic","Card"],"build_version":"2020-12-22","purchased_purges":4,"victory":true,"max_hp_per_floor":[70,70,70,70,70,70,70,70,70,70,70,70,70,70,70,70,70,70,70,70,70,70,70,70,70,70,70,70,80,80,80,80,80,80,80,80,80,80,80,80,80,80,80,80,80,80,80,80,80,80,80,80,80,80,80,80],"card_choices":[{"not_picked":["hexamod:HeatMetal","hexamod:NightmareGuise"],"picked":"hexamod:StepThrough","floor":2.0},{"not_picked":["hexamod:BacktrackSmack","hexamod:SpectersWail","hexamod:RetreatToShadows"],"picked":"SKIP","floor":3.0},{"not_picked":["hexamod:SwordOfDarkness","hexamod:HauntingEcho"],"picked":"hexamod:ForkedFlame","floor":6.0},{"not_picked":["hexamod:ShieldOfDarkness+1","hexamod:AdvancingGuard+1"],"picked":"hexamod:EmpoweredFlame","floor":8.0},{"not_picked":["hexamod:EmpoweredFlame","hexamod:FlamesFromBeyond+1","hexamod:GhostOfSpirePast"],"picked":"SKIP","floor":9.0},{"not_picked":["hexamod:SpectersWail","hexamod:GhostflameBarrier+1","hexamod:BacktrackSmack"],"picked":"SKIP","floor":10.0},{"not_picked":["hexamod:RecurringNightmare+1","hexamod:ShieldOfDarkness+1"],"picked":"hexamod:TurnItUp+1","floor":11.0},{"not_picked":["hexamod:HeatMetal","hexamod:HeatShield+1","hexamod:NightmareGuise+1"],"picked":"SKIP","floor":13.0},{"not_picked":["hexamod:PhantomFireball","hexamod:HauntingEcho"],"picked":"hexamod:ApocalypseNow+1","floor":14.0},{"not_picked":["hexamod:RainOfEmbers","hexamod:EtherealExpedition+1"],"picked":"hexamod:HauntingEcho","floor":15.0},{"not_picked":["hexamod:ApocalypseNow+1","hexamod:VolcanoVisage"],"picked":"hexamod:ForkedFlame","floor":16.0},{"not_picked":["hexamod:SuperheatedStrike","hexamod:NightmareStrike","hexamod:GhostLash"],"picked":"SKIP","floor":19.0},{"not_picked":["hexamod:NightmareStrike","hexamod:SecondSeal","hexamod:DynamicBlow"],"picked":"SKIP","floor":20.0},{"not_picked":["hexamod:WildfireWeapon","hexamod:SuperheatedStrike"],"picked":"hexamod:RadiantFlame","floor":25.0},{"not_picked":["hexamod:RainOfEmbers","hexamod:SuperheatedStrike","hexamod:Rewind+1"],"picked":"SKIP","floor":26.0},{"not_picked":["hexamod:SwordOfDarkness","hexamod:GhostLash","hexamod:HexaLevel"],"picked":"SKIP","floor":27.0},{"not_picked":["hexamod:FourthSeal","hexamod:Haunt+1","hexamod:DynamicBlow"],"picked":"SKIP","floor":28.0},{"not_picked":["hexamod:HauntingEcho+1","hexamod:ThermalTransfer"],"picked":"hexamod:GhostOfSpirePast","floor":32.0},{"not_picked":["hexamod:GhostOfSpirePresent","hexamod:HexaLevel"],"picked":"hexamod:SixthSeal","floor":33.0},{"not_picked":["hexamod:GhostShield+1","hexamod:InspiringFlames+1"],"picked":"hexamod:GhostOfSpirePast","floor":36},{"not_picked":["hexamod:HeatCrush","hexamod:SuperheatedStrike+1","hexamod:AdvancingGuard+1"],"picked":"SKIP","floor":37},{"not_picked":["hexamod:SkipABeat+1","hexamod:RecurringNightmare+1"],"picked":"hexamod:BacktrackSmack+1","floor":40},{"not_picked":["hexamod:NightmareStrike","hexamod:PowerFromBeyond+1","hexamod:AdvancingGuard+1"],"picked":"SKIP","floor":42},{"not_picked":["hexamod:ThermalTransfer","hexamod:NightmareGuise+1","hexamod:GhostShield+1"],"picked":"SKIP","floor":44},{"not_picked":["hexamod:SwordOfDarkness","hexamod:Hexaguard+1","hexamod:UnleashSpirits"],"picked":"SKIP","floor":45},{"not_picked":["hexamod:FlamesFromBeyond+1","hexamod:GhostLash+1","hexamod:SecondSeal"],"picked":"SKIP","floor":48},{"not_picked":["hexamod:Firestarter","hexamod:HeatCrush+1","hexamod:FirstSeal"],"picked":"SKIP","floor":49},{"not_picked":["hexamod:FifthSeal","hexamod:FlamesFromBeyond+1","hexamod:SwordOfDarkness+1"],"picked":"SKIP","floor":52}],"player_experience":3762609,"relics_obtained":[{"floor":6.0,"key":"Ornamental Fan"},{"floor":7.0,"key":"Toxic Egg 2"},{"floor":9.0,"key":"sneckomod:BlankCard"},{"floor":11.0,"key":"HornCleat"},{"floor":12.0,"key":"White Beast Statue"},{"floor":14.0,"key":"MawBank"},{"floor":21.0,"key":"Nilry\u0027s Codex"},{"floor":24.0,"key":"hexamod:MatchstickCase"},{"floor":25.0,"key":"Sundial"},{"floor":40,"key":"War Paint"},{"floor":42,"key":"InkBottle"},{"floor":43,"key":"Bird Faced Urn"},{"floor":45,"key":"Pen Nib"},{"floor":52,"key":"Orichalcum"}],"event_choices":[{"cards_removed":["hexamod:Defend"],"damage_healed":0.0,"max_hp_gain":0.0,"max_hp_loss":0.0,"gold_gain":0.0,"event_name":"The Cleric","player_choice":"Card Removal","floor":4.0,"gold_loss":0.0,"damage_taken":0.0},{"cards_removed":["hexamod:Strike"],"damage_healed":0.0,"max_hp_gain":0.0,"max_hp_loss":0.0,"gold_gain":0.0,"event_name":"Bonfire Elementals","player_choice":"Offered Basic","floor":31.0,"gold_loss":0.0,"damage_taken":0.0},{"damage_healed":0,"gold_gain":0,"player_choice":"Fight","damage_taken":0,"max_hp_gain":0,"max_hp_loss":0,"event_name":"Mysterious Sphere","floor":43,"gold_loss":0}],"is_beta":false,"boss_relics":[{"not_picked":["Tiny House","Runic Dome"],"picked":"hexamod:IceCube"},{"not_picked":["hexamod:UnbrokenSoul","Black Star"],"picked":"Cursed Key"}],"items_purged_floors":[8,27,38,46],"is_endless":false,"potions_floor_spawned":[5,9,13,14,15,16,19,20,25,26,27,28,32,33,36,37,40,42,43,44,45,48,49,52],"ascension_level":1}}