{"host":"b5jaqh8y266k2cz4","time":1613687950,"event":{"mods":["AchievementEnabler","Aspiration","BaseMod","Colored Powertips","Conspire","Dio Mod","Downfall","Googly Eyes","Hermit","Highlight Path","Hubris","Infinite Spire","MarisaÅiñ∂âJÅ@ñÇóùçπÅj","Mimic Mod","Minty Spire (QoL Compilation)","Quick Restart","Replay The Spire","Spikes Relics","StSLib","Synergy Search","Td1madao Mod","The Animator","The Cursed","The Jungle","The Necromancer","The Servant 0.9.4","The Wild Card","slay the spire mod where everything is the same but ironclad has a cowboy hat"],"gold_per_floor":[117,128,53,53,69,69,98,111,192,192,192,217,217,236,236,332,332,350,367,367,367],"floor_reached":20,"language":"ENG","playtime":735,"items_purged":["Strike_C"],"score":202,"play_id":"dcf1d7fe-cced-4fcf-baeb-5f1768f2311b","local_time":"20210218173910","is_ascension_mode":true,"campfire_choices":[{"data":"Light Attack","floor":6,"key":"SMITH"},{"data":"Chip","floor":10,"key":"SMITH"},{"data":"Retrieval Recycling","floor":13,"key":"SMITH"},{"floor":15,"key":"REST"}],"circlet_count":0,"master_deck":["Strike_C","Strike_C","Strike_C","Defend_C","Defend_C","Defend_C","Defend_C","Knight Kick","Chip+1","Bandage Up","Lunge","Light Attack+1","Retrieval Recycling+1","Retrieval Recycling","Light Attack"],"relics":["Apod","Vajra","Mummified Hand","Omamori","conspire:RunicOctahedron"],"acts_visited":["Exordium","theJungle:Jungle"],"potions_floor_usage":[5,7,12,16,20],"damage_taken":[{"damage":6,"enemies":"Jaw Worm","floor":1,"turns":5},{"damage":7,"enemies":"Cultist","floor":2,"turns":5},{"damage":7,"enemies":"infinitespire:Voidling","floor":5,"turns":4},{"damage":26,"enemies":"Gremlin Nob","floor":7,"turns":4},{"damage":5,"enemies":"2 Fungi Beasts","floor":8,"turns":3},{"damage":16,"enemies":"3 Sentries","floor":12,"turns":6},{"damage":8,"enemies":"Exordium Wildlife","floor":14,"turns":3},{"damage":37,"enemies":"Hexaghost","floor":16,"turns":8},{"damage":25,"enemies":"theJungle:GiantWrat","floor":18,"turns":4},{"damage":17,"enemies":"theJungle:MUSHROOMGANG","floor":19,"turns":4},{"damage":38,"enemies":"theJungle:2_Flameangoes","floor":20,"turns":3}],"seed_played":"4333140196053276088","potions_obtained":[{"floor":4,"key":"ColorlessPotion"},{"floor":4,"key":"Doom Potion"},{"floor":4,"key":"LiquidBronze"},{"floor":5,"key":"Swift Potion"},{"floor":7,"key":"SpeedPotion"},{"floor":12,"key":"SkillPotion"},{"floor":16,"key":"SteroidPotion"},{"floor":18,"key":"champ:CounterPotion"}],"is_trial":false,"path_per_floor":["M","M","$","?","M","R","E","M","T","R","?","E","R","M","R","B",null,"M","M","M"],"character_chosen":"TD1MADAO_CLASS","items_purchased":[],"campfire_rested":1,"item_purchase_floors":[],"current_hp_per_floor":[64,61,61,61,62,62,40,39,39,39,39,27,27,23,44,11,70,45,32,0,0],"gold":367,"neow_bonus":"RANDOM_COLORLESS","is_daily":false,"chose_seed":false,"campfire_upgraded":3,"win_rate":0.0,"timestamp":1613687950,"path_taken":["M","M","$","?","?","R","E","M","T","R","?","E","R","M","R","BOSS","M","?","M"],"items_purchased_type":[],"build_version":"2020-12-22","purchased_purges":1,"victory":false,"max_hp_per_floor":[70,70,70,70,70,70,70,70,70,70,70,70,70,70,70,70,70,70,70,70,70],"card_choices":[{"not_picked":["Dark Shackles","Enlightenment"],"picked":"Bandage Up","floor":0},{"not_picked":["Afterwards","Three Hit"],"picked":"Lunge","floor":1},{"not_picked":["Cursed Blade","White Contract"],"picked":"Light Attack","floor":2},{"not_picked":["Fire Up","Three Hit","Machining"],"picked":"SKIP","floor":5},{"not_picked":["New Defend Magic","Awareness","Three Hit"],"picked":"SKIP","floor":7},{"not_picked":["New Defend Magic","Awareness","Three Hit"],"picked":"SKIP","floor":7},{"not_picked":["Ruin Defend","Machining","Fire Up"],"picked":"SKIP","floor":8},{"not_picked":["Pod Fire","New Defend Magic"],"picked":"Retrieval Recycling","floor":12},{"not_picked":["Rupture","Floating Swing Kick","Twin Teeth"],"picked":"SKIP","floor":14},{"not_picked":["Memory Alloy","Moon Tear"],"picked":"Retrieval Recycling","floor":16},{"not_picked":["Sudden Beat","Oblique Hack"],"picked":"Light Attack","floor":18},{"not_picked":["Defend System","E MP+1","Afterwards"],"picked":"SKIP","floor":19}],"player_experience":400068,"relics_obtained":[{"floor":7,"key":"Vajra"},{"floor":12,"key":"Omamori"}],"event_choices":[{"damage_healed":0,"gold_gain":0,"player_choice":"Got Potions","damage_taken":0,"max_hp_gain":0,"max_hp_loss":0,"event_name":"Lab","floor":4,"gold_loss":0},{"damage_healed":0,"gold_gain":0,"player_choice":"Gave Potion","damage_taken":0,"relics_obtained":["Mummified Hand"],"max_hp_gain":0,"max_hp_loss":0,"event_name":"WeMeetAgain","floor":11,"gold_loss":0}],"is_beta":false,"boss_relics":[{"not_picked":["conspire:RoyalGoblet","SlaversCollar"],"picked":"conspire:RunicOctahedron"}],"items_purged_floors":[3],"is_endless":false,"potions_floor_spawned":[5,7,12,16,18],"killed_by":"theJungle:2_Flameangoes","ascension_level":2}}