{"host":"7gquyva492f4udta","time":1613682679,"event":{"mods":["BaseMod","Minty Spire (QoL Compilation)"],"gold_per_floor":[109,384,395,49,49,92,113,113,113,113,137,155,195,219,219,348,348,369,383,16,16,30,70,70,85,112,133,133,148,148,179,179,302,302,321,342,675,691,711,738,764,810,822,834,865,877,385,420,420,420,420,420,136,170,170,170],"floor_reached":55,"language":"ENG","playtime":5802,"items_purged":["Regret","Parasite"],"score":1145,"play_id":"325f0987-a40a-4324-8873-8e73afe139ae","local_time":"20210218151119","is_ascension_mode":true,"campfire_choices":[{"data":"Footwork","floor":8.0,"key":"SMITH"},{"floor":15.0,"key":"REST"},{"data":"Envenom","floor":24.0,"key":"SMITH"},{"data":"Caltrops","floor":28.0,"key":"SMITH"},{"data":"Tools of the Trade","floor":30.0,"key":"SMITH"},{"data":"Leg Sweep","floor":32.0,"key":"SMITH"},{"floor":46.0,"key":"RECALL"},{"floor":49.0,"key":"REST"},{"data":"Adrenaline","floor":52,"key":"SMITH"}],"circlet_count":0,"master_deck":["Survivor","Neutralize","Blur","Footwork+1","Backflip","Caltrops+1","Glass Knife","Escape Plan+1","Flying Knee","Acrobatics","Unload","Bouncing Flask+1","All Out Attack","Backstab","Underhanded Strike","Adrenaline+1","Glass Knife","Endless Agony","Envenom+1","Leg Sweep+1","Deflect+1","Glass Knife","Cloak And Dagger+1","Dagger Throw+1","Tools of the Trade+1","Dodge and Roll+1","Deflect+1","Footwork","Acrobatics+1","Escape Plan","Blur+1","Die Die Die","Underhanded Strike+1","Noxious Fumes","Prepared","Secret Technique","Burst","Prepared+1","Infinite Blades","PiercingWail","Dark Shackles","Transmutation","Malaise","Caltrops"],"relics":["Ring of the Snake","Strange Spoon","Singing Bowl","Nunchaku","Akabeko","Pandora\u0027s Box","TwistedFunnel","Bag of Preparation","Turnip","Bronze Scales","Snake Skull","HoveringKite","MawBank","Bottled Lightning","Membership Card","Pen Nib","Smiling Mask","Orrery","War Paint"],"acts_visited":["TheEnding"],"potions_floor_usage":[55,55,55],"damage_taken":[{"damage":1.0,"enemies":"2 Louse","floor":1.0,"turns":4.0},{"damage":4.0,"enemies":"Cultist","floor":3.0,"turns":5.0},{"damage":21.0,"enemies":"Lagavulin","floor":6.0,"turns":13.0},{"damage":3.0,"enemies":"Jaw Worm","floor":7.0,"turns":5.0},{"damage":0.0,"enemies":"3 Louse","floor":11.0,"turns":6.0},{"damage":0.0,"enemies":"Lots of Slimes","floor":12.0,"turns":4.0},{"damage":23.0,"enemies":"3 Sentries","floor":13.0,"turns":12.0},{"damage":0.0,"enemies":"Red Slaver","floor":14.0,"turns":4.0},{"damage":22.0,"enemies":"Slime Boss","floor":16.0,"turns":11.0},{"damage":0.0,"enemies":"2 Thieves","floor":18.0,"turns":3.0},{"damage":5.0,"enemies":"Shell Parasite","floor":19.0,"turns":5.0},{"damage":0.0,"enemies":"Centurion and Healer","floor":22.0,"turns":3.0},{"damage":3.0,"enemies":"Book of Stabbing","floor":23.0,"turns":4.0},{"damage":12.0,"enemies":"Chosen and Byrds","floor":25.0,"turns":3.0},{"damage":0.0,"enemies":"Snake Plant","floor":27.0,"turns":2.0},{"damage":3.0,"enemies":"Snecko","floor":29.0,"turns":4.0},{"damage":0.0,"enemies":"Gremlin Leader","floor":31.0,"turns":5.0},{"damage":3.0,"enemies":"Champ","floor":33.0,"turns":7.0},{"damage":0.0,"enemies":"3 Darklings","floor":35.0,"turns":4.0},{"damage":11.0,"enemies":"Orb Walker","floor":36.0,"turns":3.0},{"damage":16.0,"enemies":"4 Shapes","floor":38.0,"turns":2.0},{"damage":0.0,"enemies":"Maw","floor":39.0,"turns":5.0},{"damage":13.0,"enemies":"Reptomancer","floor":40.0,"turns":6.0},{"damage":1.0,"enemies":"Writhing Mass","floor":41.0,"turns":3.0},{"damage":0.0,"enemies":"Giant Head","floor":42.0,"turns":6.0},{"damage":3.0,"enemies":"Jaw Worm Horde","floor":45.0,"turns":2.0},{"damage":18.0,"enemies":"Reptomancer","floor":48.0,"turns":5.0},{"damage":24.0,"enemies":"Donu and Deca","floor":50.0,"turns":10.0},{"damage":73,"enemies":"Shield and Spear","floor":54,"turns":6},{"damage":35,"enemies":"The Heart","floor":55,"turns":3}],"seed_played":"-7372428498319752825","potions_obtained":[{"floor":3.0,"key":"Fire Potion"},{"floor":7.0,"key":"SkillPotion"},{"floor":12.0,"key":"SteroidPotion"},{"floor":14.0,"key":"LiquidMemories"},{"floor":16.0,"key":"Swift Potion"},{"floor":22.0,"key":"Ancient Potion"},{"floor":25.0,"key":"EntropicBrew"},{"floor":27.0,"key":"AttackPotion"},{"floor":29.0,"key":"DistilledChaos"},{"floor":39.0,"key":"Dexterity Potion"},{"floor":44.0,"key":"PowerPotion"},{"floor":44.0,"key":"AttackPotion"},{"floor":45.0,"key":"DistilledChaos"},{"floor":54,"key":"Ancient Potion"}],"is_trial":false,"path_per_floor":["M","?","M","$","?","E","M","R","T","?","M","M","E","M","R","B",null,"M","M","$","?","M","E","R","M","T","M","R","M","R","E","R","B",null,"M","M","?","M","M","E","M","E","T","?","M","R","$","E","R","B",null,"R","$","E","B"],"character_chosen":"THE_SILENT","items_purchased":["Strange Spoon","Backflip","Caltrops","TwistedFunnel","Glass Knife","Bag of Preparation","Membership Card","Pen Nib","Noxious Fumes","Prepared","Secret Technique","Burst","Dexterity Potion","Infinite Blades","PiercingWail","Dark Shackles","Transmutation","Orrery"],"campfire_rested":2,"item_purchase_floors":[4,4,4,20,20,20,47,47,47,47,47,47,53,53,53,53,53,53],"current_hp_per_floor":[76,76,72,72,53,32,31,31,31,31,31,31,10,10,34,12,64,64,59,59,91,91,88,88,76,76,76,76,73,73,75,75,74,90,90,81,81,65,65,52,53,53,53,53,50,50,50,32,60,36,81,81,87,16,0,0],"gold":170,"neow_bonus":"TEN_PERCENT_HP_BONUS","is_daily":false,"chose_seed":false,"campfire_upgraded":6,"win_rate":0.0,"timestamp":1613682679,"path_taken":["M","?","?","$","?","E","M","R","T","?","?","M","E","M","R","BOSS","M","M","$","?","M","E","R","M","T","M","R","M","R","E","R","BOSS","M","?","?","M","M","E","M","E","T","?","?","R","$","E","R","BOSS","R","$","E","BOSS"],"items_purchased_type":["Relic","Card","Card","Relic","Card","Relic","Relic","Relic","Card","Card","Card","Card","Potion","Card","Card","Card","Card","Relic"],"build_version":"2020-12-22","purchased_purges":2,"victory":false,"max_hp_per_floor":[77,77,77,77,77,77,79,79,79,79,79,79,81,81,81,81,81,81,81,81,91,91,91,91,91,91,91,91,91,91,93,93,95,95,95,97,97,97,97,97,99,99,99,99,99,99,96,96,96,96,96,96,102,104,104,104],"card_choices":[{"not_picked":["Outmaneuver","Prepared"],"picked":"Blur","floor":1.0},{"not_picked":["Outmaneuver","Deadly Poison"],"picked":"Footwork","floor":3.0},{"not_picked":["Quick Slash","Underhanded Strike"],"picked":"Glass Knife","floor":6.0},{"not_picked":["Concentrate","Dagger Spray","Sucker Punch"],"picked":"Singing Bowl","floor":7.0},{"not_picked":["PiercingWail","Infinite Blades"],"picked":"Escape Plan","floor":11.0},{"not_picked":["Concentrate","Caltrops"],"picked":"Flying Knee","floor":12.0},{"not_picked":["Deflect","Dodge and Roll","Phantasmal Killer"],"picked":"Singing Bowl","floor":13.0},{"not_picked":["Quick Slash","Outmaneuver"],"picked":"Acrobatics","floor":14.0},{"not_picked":["A Thousand Cuts","Storm of Steel"],"picked":"Unload","floor":16.0},{"not_picked":["Prepared","Flechettes"],"picked":"Leg Sweep","floor":18.0},{"not_picked":["Acrobatics","Backflip"],"picked":"Deflect+1","floor":19.0},{"not_picked":["Dagger Spray","Masterful Stab"],"picked":"Cloak And Dagger+1","floor":22.0},{"not_picked":["Poisoned Stab+1","Deflect"],"picked":"Dagger Throw+1","floor":23.0},{"not_picked":["Deadly Poison","Dodge and Roll"],"picked":"Tools of the Trade","floor":25.0},{"not_picked":["Escape Plan","Bane"],"picked":"Dodge and Roll+1","floor":27.0},{"not_picked":["Underhanded Strike","Dagger Spray"],"picked":"Deflect+1","floor":29.0},{"not_picked":["Concentrate","Predator","Outmaneuver"],"picked":"Singing Bowl","floor":31.0},{"not_picked":["Wraith Form v2","Phantasmal Killer","Envenom"],"picked":"Singing Bowl","floor":33.0},{"not_picked":["Underhanded Strike+1","Prepared"],"picked":"Footwork","floor":35.0},{"not_picked":["Dagger Spray","Poisoned Stab+1","Dodge and Roll"],"picked":"Singing Bowl","floor":36.0},{"not_picked":["Poisoned Stab+1","Concentrate"],"picked":"Acrobatics+1","floor":38.0},{"not_picked":["Sucker Punch+1","Dodge and Roll+1"],"picked":"Escape Plan","floor":39.0},{"not_picked":["Envenom","Outmaneuver+1"],"picked":"Blur+1","floor":40.0},{"not_picked":["Dodge and Roll+1","Deflect","Sucker Punch+1"],"picked":"Singing Bowl","floor":41.0},{"not_picked":["Quick Slash","Reflex"],"picked":"Die Die Die","floor":42.0},{"not_picked":["Quick Slash","Calculated Gamble"],"picked":"Underhanded Strike+1","floor":45.0},{"not_picked":["Underhanded Strike","Slice"],"picked":"Prepared+1","floor":48.0},{"not_picked":["Choke","Terror","PiercingWail+1"],"picked":"Singing Bowl","floor":53},{"not_picked":["Eviscerate","Tactician+1"],"picked":"Malaise","floor":53},{"not_picked":["Infinite Blades","Phantasmal Killer","Predator+1"],"picked":"Singing Bowl","floor":53},{"not_picked":["Concentrate","Underhanded Strike","Predator+1"],"picked":"Singing Bowl","floor":53},{"not_picked":["Sucker Punch","Phantasmal Killer"],"picked":"Caltrops","floor":53},{"not_picked":["Flechettes","Outmaneuver+1","Dagger Throw"],"picked":"Singing Bowl","floor":54}],"player_experience":276684,"relics_obtained":[{"floor":6.0,"key":"Singing Bowl"},{"floor":9.0,"key":"Nunchaku"},{"floor":13.0,"key":"Akabeko"},{"floor":23.0,"key":"Turnip"},{"floor":26.0,"key":"Bronze Scales"},{"floor":31.0,"key":"Snake Skull"},{"floor":40.0,"key":"MawBank"},{"floor":42.0,"key":"Bottled Lightning"},{"floor":48.0,"key":"Smiling Mask"},{"floor":54,"key":"War Paint"}],"event_choices":[{"damage_healed":0.0,"max_hp_gain":0.0,"max_hp_loss":0.0,"gold_gain":275.0,"event_name":"Golden Shrine","player_choice":"Desecrate","floor":2.0,"gold_loss":0.0,"damage_taken":0.0,"cards_obtained":["Regret"]},{"damage_healed":0.0,"max_hp_gain":0.0,"max_hp_loss":0.0,"gold_gain":0.0,"event_name":"Golden Idol","player_choice":"Take Damage","floor":5.0,"gold_loss":0.0,"damage_taken":19.0,"relics_obtained":["Golden Idol"]},{"cards_removed":["Strike_G"],"damage_healed":0.0,"max_hp_gain":0.0,"max_hp_loss":0.0,"gold_gain":0.0,"event_name":"Purifier","player_choice":"Purged","floor":10.0,"gold_loss":0.0,"damage_taken":0.0},{"cards_removed":["Unload"],"damage_healed":22.0,"max_hp_gain":10.0,"max_hp_loss":0.0,"gold_gain":0.0,"event_name":"Bonfire Elementals","player_choice":"Offered Rare","floor":21.0,"gold_loss":0.0,"damage_taken":0.0},{"damage_healed":0.0,"max_hp_gain":0.0,"max_hp_loss":0.0,"gold_gain":333.0,"event_name":"The Moai Head","player_choice":"Gave Idol","floor":37.0,"relics_lost":["Golden Idol"],"gold_loss":0.0,"damage_taken":0.0},{"damage_healed":0.0,"max_hp_gain":0.0,"max_hp_loss":0.0,"gold_gain":0.0,"event_name":"Lab","player_choice":"Got Potions","floor":44.0,"gold_loss":0.0,"damage_taken":0.0}],"is_beta":false,"boss_relics":[{"not_picked":["Ectoplasm","Runic Dome"],"picked":"Pandora\u0027s Box"},{"not_picked":["Velvet Choker","Snecko Eye"],"picked":"HoveringKite"}],"items_purged_floors":[4,47],"is_endless":false,"potions_floor_spawned":[3,7,12,14,16,22,25,27,29,39,40,45,54],"killed_by":"The Heart","ascension_level":5}}