{"host":"xf2qgw60ouc7kuj7","time":1613616683,"event":{"mods":["100% Spire Juice","Act Like it!","BaseMod","Bestiary","Better Altar","Better Match","Better Note","Better Sensory Stone","Better Skull","Better Third Choice","Curses Come First","Dark Map","Friendly Minions","Gensokyo","Hallownest","HololiveMod","Marisa????????","Marked Mod","Minty Spire (QoL Compilation)","Quick Restart","Rare Cards Sparkle","Relic Stats","Reliquary","Ruina","StSLib","The Bug Knight","Waifu the Spire","everything is the same but u backflip on backflip"],"gold_per_floor":[112,127,127,60,72,105,105,105,174,203,226,252,264,288,60,170,182,204,230,254,280,311,323,107,119,119],"floor_reached":25,"language":"ENG","playtime":1022,"items_purged":[],"score":244,"play_id":"ce8fcfd1-8ff4-44f1-8db4-d3d36037ed78","local_time":"20210217185123","is_ascension_mode":false,"campfire_choices":[{"data":"Moonworks:EvilSpyWorkPreparation","floor":7,"key":"SMITH"},{"data":"Moonworks:CloudOfSeagulls","floor":13,"key":"SMITH"},{"floor":15,"key":"REST"},{"floor":23,"key":"REST"}],"circlet_count":0,"master_deck":["Moonworks:Strike","Moonworks:Strike","Moonworks:Strike","Moonworks:Defend","Moonworks:Defend","Moonworks:Defend","Moonworks:Defend","Moonworks:Ambush","Moonworks:LongDistanceShot","Moonworks:JonathanRush","Moonworks:JonathanRush","Moonworks:FullSpeedAlicianrone","Moonworks:EvilSpyWorkPreparation+1","Moonworks:DevilHand","Moonworks:CloudOfSeagulls+1","Moonworks:WindyEnchantment","Moonworks:JonathanRush","Moonworks:WindyEnchantment","Moonworks:HolyNight","Moonworks:Flamethrower","Moonworks:JonathanRush","Moonworks:EvilSpyWorkPreparation","Moonworks:JonathanRush+1"],"relics":["Moonworks:BrokenBomb","Moonworks:Homemark","FossilizedHelix","Lantern","MawBank","reliquary:RedCape"],"acts_visited":["Exordium","ruina:Briah"],"potions_floor_usage":[6,6,21,25],"damage_taken":[{"damage":0,"enemies":"Cultist","floor":1,"turns":3},{"damage":0,"enemies":"Small Slimes","floor":2,"turns":4},{"damage":0,"enemies":"2 Louse","floor":5,"turns":2},{"damage":8,"enemies":"Lagavulin","floor":6,"turns":5},{"damage":16,"enemies":"3 Sentries","floor":10,"turns":5},{"damage":0,"enemies":"Lots of Slimes","floor":11,"turns":2},{"damage":6,"enemies":"2 Fungi Beasts","floor":12,"turns":3},{"damage":7,"enemies":"3 Louse","floor":14,"turns":2},{"damage":27,"enemies":"Hexaghost","floor":16,"turns":6},{"damage":0,"enemies":"ruina:2_Scarecrows","floor":18,"turns":3},{"damage":0,"enemies":"ruina:Nosferatu","floor":19,"turns":3},{"damage":21,"enemies":"ruina:3_Scarecrows","floor":20,"turns":4},{"damage":35,"enemies":"ruina:KingOfGreed","floor":21,"turns":4},{"damage":0,"enemies":"ruina:Nos_and_Bat","floor":22,"turns":3},{"damage":0,"enemies":"ruina:3_Scarecrows","floor":24,"turns":3},{"damage":32,"enemies":"ruina:Mountain","floor":25,"turns":2}],"seed_played":"4726694654005060496","potions_obtained":[{"floor":1,"key":"EssenceOfSteel"},{"floor":2,"key":"SneckoOil"},{"floor":18,"key":"AttackPotion"},{"floor":24,"key":"DuplicationPotion"}],"is_trial":false,"path_per_floor":["M","M","?","$","M","E","R","?","T","E","M","M","R","M","R","B",null,"M","M","M","M","M","R","M","E"],"character_chosen":"THE_STARBREAKER","items_purchased":["Moonworks:FullSpeedAlicianrone"],"campfire_rested":2,"item_purchase_floors":[4],"current_hp_per_floor":[54,54,59,59,59,51,51,51,51,35,35,29,29,22,39,12,59,59,59,38,3,3,20,20,0,0],"gold":119,"neow_bonus":"ONE_RARE_RELIC","is_daily":false,"chose_seed":false,"campfire_upgraded":2,"win_rate":0.0,"timestamp":1613616683,"path_taken":["M","?","?","$","M","E","R","?","T","E","M","M","R","M","R","BOSS","M","?","M","M","M","R","M","E"],"items_purchased_type":["Card"],"build_version":"2020-12-22","purchased_purges":0,"victory":false,"max_hp_per_floor":[54,54,59,59,59,59,59,59,59,59,59,59,59,59,59,59,59,59,59,59,59,59,59,59,59,59],"relic_stats":{"counters":[16,54],"MawBank":180,"obtain_stats":[{"Frozen Eye":18,"Lantern":6,"Moonworks:Homemark":0,"reliquary:RedCape":17,"MawBank":10,"FossilizedHelix":0,"Moonworks:BrokenBomb":0},{"Frozen Eye":9,"Lantern":4,"Moonworks:Homemark":0,"reliquary:RedCape":9,"MawBank":5,"FossilizedHelix":0,"Moonworks:BrokenBomb":0},{"Frozen Eye":32,"Lantern":14,"Moonworks:Homemark":0,"reliquary:RedCape":32,"MawBank":19,"FossilizedHelix":0,"Moonworks:BrokenBomb":0}]},"card_choices":[{"not_picked":["Moonworks:ForcedRevival","Moonworks:BigMagnum"],"picked":"Moonworks:JonathanRush","floor":1},{"not_picked":["Moonworks:LulusLuckyEgg","Moonworks:NicePresent"],"picked":"Moonworks:JonathanRush","floor":2},{"not_picked":["Moonworks:CastOff","Moonworks:x16BigRocket","Moonworks:ImOnFire"],"picked":"SKIP","floor":5},{"not_picked":["Moonworks:Assault","Moonworks:FinalSurgery"],"picked":"Moonworks:EvilSpyWorkPreparation","floor":6},{"not_picked":["Moonworks:DeployBits","Moonworks:SakisCookie"],"picked":"Moonworks:CloudOfSeagulls","floor":10},{"not_picked":["Moonworks:NicePresent","Moonworks:IndiscriminateFireSupport"],"picked":"Moonworks:WindyEnchantment","floor":11},{"not_picked":["Moonworks:GoAway","Moonworks:IndiscriminateFireSupport"],"picked":"Moonworks:JonathanRush","floor":12},{"not_picked":["Moonworks:BeyondHell","Moonworks:ForcedRevival"],"picked":"Moonworks:WindyEnchantment","floor":14},{"not_picked":["Moonworks:MetallicMonocoque","Moonworks:CrystalBarrier"],"picked":"Moonworks:HolyNight","floor":16},{"not_picked":["Moonworks:StiffCrystal","Moonworks:AwakeningOfTalent"],"picked":"Moonworks:Flamethrower","floor":18},{"not_picked":["Moonworks:BeyondHell+1","Moonworks:CloudOfSeagulls"],"picked":"Moonworks:JonathanRush","floor":19},{"not_picked":["Moonworks:JonathanRush","Moonworks:Assault"],"picked":"Moonworks:EvilSpyWorkPreparation","floor":20},{"not_picked":["Moonworks:StiffCrystal","Moonworks:IndiscriminateFireSupport"],"picked":"Moonworks:JonathanRush+1","floor":21},{"not_picked":["Moonworks:UnluckyCharm+1","Moonworks:Assault","Moonworks:UnpaidWork"],"picked":"SKIP","floor":22},{"not_picked":["Moonworks:MixPhenomenon+1","Moonworks:BackdoorTrade","Moonworks:Dinner"],"picked":"SKIP","floor":24}],"player_experience":290977,"relics_obtained":[{"floor":6,"key":"Lantern"},{"floor":10,"key":"MawBank"}],"event_choices":[{"damage_healed":0,"gold_gain":0,"player_choice":"Donut","damage_taken":0,"max_hp_gain":5,"max_hp_loss":0,"event_name":"Big Fish","floor":3,"gold_loss":0},{"damage_healed":0,"gold_gain":0,"cards_transformed":["Moonworks:Strike"],"player_choice":"Transformed","damage_taken":0,"max_hp_gain":0,"max_hp_loss":0,"event_name":"Transmorgrifier","floor":8,"gold_loss":0,"cards_obtained":["Moonworks:DevilHand"]}],"is_beta":false,"boss_relics":[{"not_picked":["Empty Cage","reliquary:Craggleroot"],"picked":"reliquary:RedCape"}],"items_purged_floors":[],"is_endless":false,"potions_floor_spawned":[1,2,18,24],"killed_by":"ruina:Mountain","ascension_level":0}}