{"host":"6pietnjer90du4bs","time":1613658819,"event":{"mods":["Aspiration","BaseMod","Bossed Relics","Colored Map","Infinite Spire","Minty Spire (QoL Compilation)","Replay The Spire","StSLib"],"gold_per_floor":[117,4,4,19,34,34,44,76,76,76,76,110,140,159,159,159,159],"floor_reached":16,"language":"ENG","playtime":391,"items_purged":[],"score":215,"play_id":"47c25d25-2f88-45d0-8af6-156dbe74d5ca","local_time":"20210218153339","is_ascension_mode":true,"campfire_choices":[{"data":"Flex","floor":6,"key":"SMITH"},{"floor":11,"key":"REST"},{"floor":15,"key":"REST"}],"circlet_count":0,"master_deck":["AscendersBane","Strike_R","Strike_R","Strike_R","Strike_R","Strike_R","Defend_R","Defend_R","Defend_R","Bash","Strike_B","Flex+1","Wild Strike","ReplayTheSpireMod:Strike From Hell","Havoc","Massacre","Dual Wield","Fire Breathing"],"relics":["Burning Blood","infinitespire:Lychee Nut","Anchor","Replay:PocketPolymizer","Pet Ghost"],"acts_visited":["Exordium"],"potions_floor_usage":[12],"damage_taken":[{"damage":9,"enemies":"Small Slimes","floor":1,"turns":4},{"damage":9,"enemies":"2 Louse","floor":4,"turns":3},{"damage":9,"enemies":"Jaw Worm","floor":5,"turns":3},{"damage":8,"enemies":"Red Slaver","floor":7,"turns":3},{"damage":55,"enemies":"Lagavulin","floor":8,"turns":8},{"damage":15,"enemies":"3 Sentries","floor":12,"turns":6},{"damage":3,"enemies":"3 Louse","floor":14,"turns":3},{"damage":36,"enemies":"The Guardian","floor":16,"turns":3}],"seed_played":"9127308621943688648","potions_obtained":[{"floor":8,"key":"Explosive Potion"},{"floor":12,"key":"FairyPotion"}],"is_trial":false,"path_per_floor":["M","$","?","M","M","R","M","E","T","$","R","E","?","M","R","B"],"character_chosen":"IRONCLAD","items_purchased":["Wild Strike","ReplayTheSpireMod:Strike From Hell"],"campfire_rested":2,"item_purchase_floors":[2,2],"current_hp_per_floor":[56,56,56,55,55,55,56,7,7,7,23,20,20,28,44,13,13],"gold":159,"neow_bonus":"ONE_RARE_RELIC","is_daily":false,"chose_seed":false,"campfire_upgraded":1,"win_rate":0.0,"timestamp":1613658819,"path_taken":["M","$","?","M","M","R","M","E","T","$","R","E","?","?","R","BOSS"],"items_purchased_type":["Card","Card"],"build_version":"2020-12-22","purchased_purges":0,"victory":false,"max_hp_per_floor":[56,56,56,56,56,56,56,56,56,56,56,56,56,56,56,56,56],"card_choices":[{"not_picked":["ReplayTheSpireMod:Limb From Limb","Life Link"],"picked":"Flex","floor":1},{"not_picked":["Sword Boomerang","Body Slam","Armaments"],"picked":"SKIP","floor":4},{"not_picked":["Havoc","Twin Strike","Anger"],"picked":"SKIP","floor":5},{"not_picked":["ReplayTheSpireMod:LeadingStrike","Iron Wave"],"picked":"Havoc","floor":7},{"not_picked":["Heavy Blade","ReplayTheSpireMod:Stacked"],"picked":"Massacre","floor":8},{"not_picked":["Rage","Anger","Intimidate"],"picked":"SKIP","floor":12},{"not_picked":["Clothesline","Run Through","Anger"],"picked":"SKIP","floor":14}],"player_experience":744631,"relics_obtained":[{"floor":8,"key":"Anchor"},{"floor":9,"key":"Replay:PocketPolymizer"},{"floor":12,"key":"Pet Ghost"}],"event_choices":[{"damage_healed":0,"gold_gain":30,"player_choice":"Searched \u00271\u0027 times","damage_taken":0,"max_hp_gain":0,"max_hp_loss":0,"event_name":"Dead Adventurer","floor":13,"gold_loss":0}],"is_beta":false,"boss_relics":[],"items_purged_floors":[],"is_endless":false,"potions_floor_spawned":[8,12],"killed_by":"The Guardian","ascension_level":19}}