{"host":"b1dzdo8uo7e6jx8g","time":1613689411,"event":{"mods":["AchievementEnabler","BaseMod","BetterRewards","Colored Map","Downfall","Highlight Path","Minty Spire (QoL Compilation)","StSLib"],"gold_per_floor":[112,112,212,231,247,272,272,303,338,380,46,46,46,66,66,197,197,216,148,181,195,221,260,260,40,40,40,64,64,89,105,105,233,233,254,254,269,332,348,348,366,366,366,385,409,409,424,449,449,449,449,449,6,40,40,40],"floor_reached":55,"language":"ENG","playtime":1653,"items_purged":[],"score":1249,"play_id":"85b4b5d0-b379-4cf4-802c-b1fb8bfe2996","local_time":"20210219000331","is_ascension_mode":true,"campfire_choices":[{"floor":7,"key":"REST"},{"floor":13,"key":"REST"},{"floor":15,"key":"RECALL"},{"data":"Apotheosis","floor":24,"key":"SMITH"},{"data":"Double Tap","floor":32,"key":"SMITH"},{"floor":40,"key":"REST"},{"data":"Pummel","floor":42,"key":"SMITH"},{"data":"Pummel","floor":49,"key":"SMITH"},{"floor":52,"key":"REST"}],"circlet_count":0,"master_deck":["Strike_R+1","Strike_R","Strike_R","Strike_R+1","Strike_R","Defend_R","Defend_R","Defend_R","Defend_R","Bash","Cleave","Pommel Strike","Pummel+1","Pummel+1","Infernal Blade","Twin Strike","Dual Wield","Double Tap+1","Apotheosis+1","Pummel+1","Spot Weakness","Infernal Blade","Seeing Red+1","Spot Weakness+1","Discovery+1","Disarm+1","Warcry+1","Dual Wield+1","Double Tap+1","CurseOfTheBell","Madness+1","Madness+1","Heavy Blade+1","Infernal Blade+1","Heavy Blade+1","Spot Weakness+1","Battle Trance+1"],"relics":["Burning Blood","Brimstone","Bronze Scales","Orichalcum","MawBank","Gremlin Horn","Golden Idol","Sozu","Red Mask","Art of War","Toxic Egg 2","MealTicket","Red Skull","Calling Bell","Blood Vial","Pantograph","Dead Branch","Charon\u0027s Ashes","Anchor","Calipers","HandDrill","Bird Faced Urn"],"acts_visited":["Exordium","TheCity","TheBeyond","TheEnding"],"potions_floor_usage":[23],"damage_taken":[{"damage":8,"enemies":"2 Louse","floor":1,"turns":2},{"damage":8,"enemies":"Jaw Worm","floor":4,"turns":2},{"damage":0,"enemies":"Cultist","floor":5,"turns":2},{"damage":24,"enemies":"Lagavulin","floor":6,"turns":5},{"damage":6,"enemies":"3 Sentries","floor":8,"turns":3},{"damage":0,"enemies":"Lagavulin","floor":10,"turns":3},{"damage":0,"enemies":"2 Fungi Beasts","floor":14,"turns":2},{"damage":0,"enemies":"Slime Boss","floor":16,"turns":3},{"damage":9,"enemies":"Chosen","floor":18,"turns":2},{"damage":0,"enemies":"Masked Bandits","floor":20,"turns":2},{"damage":3,"enemies":"2 Thieves","floor":21,"turns":2},{"damage":28,"enemies":"Book of Stabbing","floor":23,"turns":3},{"damage":7,"enemies":"Sentry and Sphere","floor":28,"turns":3},{"damage":11,"enemies":"Shelled Parasite and Fungi","floor":30,"turns":2},{"damage":4,"enemies":"3 Cultists","floor":31,"turns":3},{"damage":14,"enemies":"Automaton","floor":33,"turns":4},{"damage":3,"enemies":"Orb Walker","floor":35,"turns":2},{"damage":29,"enemies":"3 Shapes","floor":37,"turns":4},{"damage":43,"enemies":"Mind Bloom Boss Battle","floor":38,"turns":4},{"damage":0,"enemies":"Transient","floor":39,"turns":5},{"damage":0,"enemies":"3 Darklings","floor":41,"turns":1},{"damage":0,"enemies":"Spire Growth","floor":44,"turns":2},{"damage":8,"enemies":"4 Shapes","floor":45,"turns":2},{"damage":19,"enemies":"Maw","floor":47,"turns":5},{"damage":0,"enemies":"3 Darklings","floor":48,"turns":2},{"damage":50,"enemies":"Awakened One","floor":50,"turns":5},{"damage":26,"enemies":"Shield and Spear","floor":54,"turns":3},{"damage":88,"enemies":"The Heart","floor":55,"turns":3}],"seed_played":"1196302987669200994","potions_obtained":[{"floor":5,"key":"SpeedPotion"},{"floor":8,"key":"Slimebound:ThreeZeroPotion"},{"floor":10,"key":"SteroidPotion"}],"is_trial":false,"path_per_floor":["M","?","?","M","M","E","R","E","T","E","$","?","R","M","R","B",null,"M","$","?","M","T","E","R","$","T","?","M","$","M","M","R","B",null,"M","?","M","?","M","R","M","R","T","M","M","?","M","M","R","B",null,"R","$","E","B"],"character_chosen":"IRONCLAD","items_purchased":["Brimstone","Cleave","Bronze Scales","Double Tap","Apotheosis","Spot Weakness","MealTicket","Spot Weakness+1","Calipers","HandDrill"],"campfire_rested":4,"item_purchase_floors":[0,0,0,11,11,19,25,25,53,53],"current_hp_per_floor":[66,50,50,48,54,36,60,60,60,66,66,46,70,76,76,80,80,77,77,80,80,80,58,58,58,58,58,57,72,67,69,69,61,75,80,70,49,39,47,71,79,79,79,80,78,78,67,75,75,36,69,80,80,60,0,0],"gold":40,"neow_bonus":"","is_daily":false,"chose_seed":false,"campfire_upgraded":4,"win_rate":0.0,"timestamp":1613689411,"path_taken":["M","?","?","?","M","E","R","E","T","E","$","?","R","M","R","BOSS","M","$","?","M","?","E","R","$","T","?","?","$","M","M","R","BOSS","M","?","M","?","?","R","M","R","T","M","M","?","M","M","R","BOSS","R","$","E","BOSS"],"items_purchased_type":["Relic","Card","Relic","Card","Card","Card","Relic","Card","Relic","Relic"],"build_version":"2020-12-22","purchased_purges":0,"victory":false,"max_hp_per_floor":[80,80,80,80,80,80,80,80,80,80,80,80,80,80,80,80,80,80,80,80,80,80,80,80,80,80,80,80,80,80,80,80,80,80,80,80,80,80,80,80,80,80,80,80,80,80,80,80,80,80,80,80,80,80,80,80],"card_choices":[{"not_picked":["Bloodletting","Flame Barrier"],"picked":"Pommel Strike","floor":1},{"not_picked":["Intimidate","Dark Embrace"],"picked":"Pummel","floor":4},{"not_picked":["Cleave","Anger"],"picked":"Pummel","floor":5},{"not_picked":["Brutality","Cleave"],"picked":"Infernal Blade","floor":6},{"not_picked":["Warcry","Rupture"],"picked":"Twin Strike","floor":8},{"not_picked":["Shrug It Off","Uppercut"],"picked":"Dual Wield","floor":10},{"not_picked":["Second Wind","Armaments"],"picked":"Pummel","floor":14},{"not_picked":["Armaments","Carnage","Wild Strike"],"picked":"SKIP","floor":18},{"not_picked":["True Grit","Iron Wave"],"picked":"Infernal Blade","floor":20},{"not_picked":["Searing Blow","Evolve","Reckless Charge+1"],"picked":"SKIP","floor":21},{"not_picked":["True Grit+1","Havoc+1"],"picked":"Seeing Red+1","floor":23},{"not_picked":["Shrug It Off+1","Thunderclap"],"picked":"Disarm+1","floor":28},{"not_picked":["Armaments+1","Ghostly Armor+1"],"picked":"Warcry+1","floor":30},{"not_picked":["Pommel Strike","Dark Embrace+1"],"picked":"Dual Wield+1","floor":31},{"not_picked":["Corruption","Impervious+1"],"picked":"Double Tap+1","floor":33},{"not_picked":["Warcry+1","Shrug It Off+1","True Grit+1"],"picked":"SKIP","floor":35},{"not_picked":["Twin Strike+1","Sword Boomerang","Pommel Strike+1"],"picked":"SKIP","floor":37},{"not_picked":["Iron Wave","Dark Embrace"],"picked":"Heavy Blade+1","floor":38},{"not_picked":["Carnage+1","Seeing Red+1"],"picked":"Infernal Blade+1","floor":39},{"not_picked":["Inflame+1","Wild Strike"],"picked":"Heavy Blade+1","floor":41},{"not_picked":["Dropkick+1","Perfected Strike+1","Bludgeon"],"picked":"SKIP","floor":44},{"not_picked":["Havoc+1","Flex+1"],"picked":"Spot Weakness+1","floor":45},{"not_picked":["Rage+1","Blood for Blood+1","Perfected Strike+1"],"picked":"SKIP","floor":47},{"not_picked":["Pommel Strike","Rampage+1"],"picked":"Battle Trance+1","floor":48},{"not_picked":["Rampage","Shrug It Off+1","Berserk"],"picked":"SKIP","floor":54}],"player_experience":260987,"relics_obtained":[{"floor":6,"key":"Orichalcum"},{"floor":8,"key":"MawBank"},{"floor":10,"key":"Gremlin Horn"},{"floor":20,"key":"Red Mask"},{"floor":22,"key":"Art of War"},{"floor":23,"key":"Toxic Egg 2"},{"floor":26,"key":"Red Skull"},{"floor":34,"key":"Blood Vial"},{"floor":34,"key":"Pantograph"},{"floor":34,"key":"Dead Branch"},{"floor":38,"key":"Charon\u0027s Ashes"},{"floor":43,"key":"Anchor"},{"floor":54,"key":"Bird Faced Urn"}],"event_choices":[{"damage_healed":0,"gold_gain":0,"player_choice":"Entered Light","damage_taken":16,"max_hp_gain":0,"max_hp_loss":0,"event_name":"Shining Light","floor":2,"gold_loss":0,"cards_upgraded":["Strike_R","Strike_R"]},{"damage_healed":0,"gold_gain":100,"player_choice":"Pray","damage_taken":0,"max_hp_gain":0,"max_hp_loss":0,"event_name":"Golden Shrine","floor":3,"gold_loss":0},{"damage_healed":0,"gold_gain":0,"player_choice":"Take Damage","damage_taken":20,"relics_obtained":["Golden Idol"],"max_hp_gain":0,"max_hp_loss":0,"event_name":"Golden Idol","floor":12,"gold_loss":0},{"damage_healed":0,"gold_gain":0,"player_choice":"Fought Bandits","damage_taken":0,"max_hp_gain":0,"max_hp_loss":0,"event_name":"Masked Bandits","floor":20,"gold_loss":0},{"damage_healed":0,"gold_gain":0,"player_choice":"1 cards matched","damage_taken":0,"max_hp_gain":0,"max_hp_loss":0,"event_name":"Match and Keep!","floor":27,"gold_loss":0,"cards_obtained":["Discovery"]},{"damage_healed":0,"gold_gain":0,"player_choice":"Embrace Madness","damage_taken":10,"max_hp_gain":0,"max_hp_loss":0,"event_name":"Winding Halls","floor":36,"gold_loss":0,"cards_obtained":["Madness","Madness"]},{"damage_healed":0,"gold_gain":0,"player_choice":"Fight","damage_taken":0,"max_hp_gain":0,"max_hp_loss":0,"event_name":"MindBloom","floor":38,"gold_loss":0},{"damage_healed":0,"gold_gain":0,"player_choice":"Forge","damage_taken":0,"max_hp_gain":0,"max_hp_loss":0,"event_name":"Accursed Blacksmith","floor":46,"gold_loss":0,"cards_upgraded":["Pummel"]}],"is_beta":false,"boss_relics":[{"not_picked":["Tiny House","Astrolabe"],"picked":"Sozu"},{"not_picked":["Fusion Hammer","Velvet Choker"],"picked":"Calling Bell"}],"items_purged_floors":[],"is_endless":false,"potions_floor_spawned":[5,8,10,16,18,23,28,38,39,44,47,48],"killed_by":"The Heart","ascension_level":5}}