{"host":"jzhosqkmc1ht3q4y","time":1613629289,"event":{"mods":["100% Spire Juice","Act Like it!","Arknights","BaseMod","Better Third Choice","Colored Map","Minty Spire (QoL Compilation)","Rare Cards Sparkle","StSLib","SuperFastMode"],"gold_per_floor":[12,12,25,25,25,25,37,72,72,72,91,0,0,11,11,112,112,128,141,141,153,173,173,193,193,193,193,212,212,212,62,62,162,162,180,198,217,232,280,280,306,306,375,391,408,422,451,28,28,28,28,28,28,60,60],"floor_reached":56,"language":"KOR","playtime":3008,"items_purged":["Pain","Decay"],"score":1205,"play_id":"ba5df9f2-9bd7-4475-900f-ad6b98e4e591","local_time":"20210218152129","is_ascension_mode":true,"campfire_choices":[{"data":"ats:Echo Reverb","floor":6.0,"key":"SMITH"},{"data":"ats:Neurotoxin","floor":10.0,"key":"SMITH"},{"data":"Enlightenment","floor":15.0,"key":"SMITH"},{"floor":23.0,"key":"DIG"},{"floor":25.0,"key":"REST"},{"floor":27.0,"key":"DIG"},{"floor":30.0,"key":"DIG"},{"floor":32.0,"key":"REST"},{"data":"ats:Emotion Absorption","floor":40.0,"key":"SMITH"},{"floor":49,"key":"RECALL"},{"data":"ats:Shadow Assault","floor":52,"key":"SMITH"}],"circlet_count":0,"master_deck":["ats:Strike G","ats:Armor Crushing Shot","ats:Defend","ats:Defend","ats:Defend","ats:Emotion Absorption+1","ats:Part Time Job","ats:Echo Reverb+1","ats:Consecutive Shot Auto","ats:Neurotoxin+1","ats:Magnetic Hammer","Enlightenment+1","ats:Flexible Camouflage","ats:True Silver Slash","CurseOfTheBell","ats:Closed Bolt Burst Fire","ats:Guard Mode","ats:Closed Bolt Burst Fire","ats:Nebulous Foxfire","ats:Assault Order+1","ats:Powerful Strike","ats:Assault Order","ats:Soul Absorption","Impatience","ats:Overload","ats:Collapsing Strike","ats:Shadow Assault+1","ats:Healing Strengthening","ats:Dogmatic Field","ats:Mental Burst","Dark Shackles","ats:Hook Shot+1"],"relics":["ats:Sanity","WarpedTongs","ats:Originium","Lizard Tail","Incense Burner","Orichalcum","Calling Bell","Blood Vial","Darkstone Periapt","Shovel","Unceasing Top","Ornamental Fan","ats:Industrial Water Cannon","Sozu","ats:Remnant Ash","Shuriken","ats:Emergency Defibrillator","Boot","Bird Faced Urn"],"acts_visited":["Exordium","TheCity","TheBeyond","TheEnding"],"potions_floor_usage":[],"damage_taken":[{"damage":2.0,"enemies":"Small Slimes","floor":1.0,"turns":6.0},{"damage":12.0,"enemies":"Jaw Worm","floor":3.0,"turns":7.0},{"damage":13.0,"enemies":"ats:Genji","floor":7.0,"turns":4.0},{"damage":20.0,"enemies":"Gremlin Nob","floor":8.0,"turns":4.0},{"damage":22.0,"enemies":"3 Louse","floor":11.0,"turns":3.0},{"damage":14.0,"enemies":"Exordium Thugs","floor":14.0,"turns":3.0},{"damage":41.0,"enemies":"Slime Boss","floor":16.0,"turns":10.0},{"damage":7.0,"enemies":"Shell Parasite","floor":18.0,"turns":4.0},{"damage":2.0,"enemies":"Chosen","floor":19.0,"turns":5.0},{"damage":19.0,"enemies":"Snake Plant","floor":21.0,"turns":5.0},{"damage":43.0,"enemies":"Sentry and Sphere","floor":22.0,"turns":5.0},{"damage":22.0,"enemies":"Centurion and Healer","floor":24.0,"turns":7.0},{"damage":27.0,"enemies":"Shelled Parasite and Fungi","floor":28.0,"turns":3.0},{"damage":38.0,"enemies":"Collector","floor":33.0,"turns":10.0},{"damage":3.0,"enemies":"Orb Walker","floor":35.0,"turns":3.0},{"damage":33.0,"enemies":"3 Shapes","floor":36.0,"turns":4.0},{"damage":31.0,"enemies":"Transient","floor":37.0,"turns":5.0},{"damage":18.0,"enemies":"Spire Growth","floor":38.0,"turns":6.0},{"damage":39.0,"enemies":"2 Orb Walkers","floor":39.0,"turns":6.0},{"damage":59.0,"enemies":"Giant Head","floor":41.0,"turns":9.0},{"damage":20,"enemies":"Sphere and 2 Shapes","floor":44,"turns":4},{"damage":0,"enemies":"Transient","floor":45,"turns":5},{"damage":16,"enemies":"Writhing Mass","floor":46,"turns":6},{"damage":45,"enemies":"Nemesis","floor":47,"turns":7},{"damage":41,"enemies":"Donu and Deca","floor":50,"turns":7},{"damage":86,"enemies":"Shield and Spear","floor":54,"turns":10},{"damage":10154,"enemies":"The Heart","floor":55,"turns":12}],"seed_played":"-2317093086553066228","potions_obtained":[{"floor":3.0,"key":"BlessingOfTheForge"},{"floor":11.0,"key":"ats:Burn Big Potion"},{"floor":16.0,"key":"GamblersBrew"},{"floor":20.0,"key":"FairyPotion"},{"floor":20.0,"key":"SteroidPotion"},{"floor":22.0,"key":"FairyPotion"}],"is_trial":false,"path_per_floor":["M","?","M","?","?","R","M","E","T","R","M","?","?","M","R","B",null,"M","M","?","M","M","R","M","R","T","R","M","?","R","$","R","B",null,"M","M","M","M","?","R","E","?","T","M","M","M","E","$","R","B",null,"R","$","E","B",null],"character_chosen":"DOCTOR_CLASS","items_purchased":["ats:Guard Mode","ats:Closed Bolt Burst Fire","Boot","ats:Mental Burst","Dark Shackles"],"campfire_rested":2,"item_purchase_floors":[31,31,48,48,48],"current_hp_per_floor":[70,70,64,64,64,64,57,43,43,43,24,30,30,19,19,38,78,74,78,78,60,25,25,11,34,34,34,9,9,9,9,32,2,78,75,47,30,26,33,33,18,24,24,6,23,21,1,1,1,26,84,84,84,70,22],"gold":60,"neow_bonus":"REMOVE_TWO","is_daily":false,"chose_seed":false,"campfire_upgraded":5,"win_rate":0.0,"timestamp":1613629289,"path_taken":["M","?","?","?","?","R","?","E","T","R","M","?","?","M","R","BOSS","M","M","?","M","M","R","M","R","T","R","?","?","R","$","R","BOSS","M","M","M","M","?","R","E","?","T","M","M","?","E","$","R","BOSS","R","$","E","BOSS"],"items_purchased_type":["Card","Card","Relic","Card","Card"],"build_version":"2020-12-22","purchased_purges":2,"victory":true,"max_hp_per_floor":[72,72,72,72,72,72,72,72,72,72,72,78,78,78,78,78,78,78,78,78,78,78,78,78,78,78,78,78,78,78,78,78,78,78,78,78,78,78,78,78,78,84,84,84,84,84,84,84,84,84,84,84,84,84,84],"card_choices":[{"not_picked":["ats:Curse Doll","ats:Guard Mode"],"picked":"ats:Part Time Job","floor":1.0},{"not_picked":["ats:Leaping Hammer","ats:Beaten Up"],"picked":"ats:Consecutive Shot Auto","floor":3.0},{"not_picked":["ats:Assault Order","ats:Cat Scratch","ats:Soul Absorption"],"picked":"SKIP","floor":7.0},{"not_picked":["ats:Support Order","ats:Consecutive Shot Auto","ats:Shell Defense"],"picked":"SKIP","floor":8.0},{"not_picked":["ats:Cat Scratch","ats:Curse Doll"],"picked":"ats:Magnetic Hammer","floor":11.0},{"not_picked":["ats:Guard Mode","ats:Collapsing Strike"],"picked":"ats:Flexible Camouflage","floor":14.0},{"not_picked":["ats:Soul Rend","ats:Echo Reverb"],"picked":"ats:True Silver Slash","floor":16.0},{"not_picked":["ats:Revitalization","ats:Hook Shot","ats:Curse Doll+1"],"picked":"SKIP","floor":18.0},{"not_picked":["ats:Beaten Up","ats:Healing Drone","ats:Consecutive Shot Auto"],"picked":"SKIP","floor":19.0},{"not_picked":["ats:Consecutive Shot Auto","ats:Leaping Hammer","ats:Explosion Area Strengthen"],"picked":"SKIP","floor":21.0},{"not_picked":["ats:Beaten Up","ats:Cat Scratch+1","ats:Soul Absorption"],"picked":"SKIP","floor":22.0},{"not_picked":["ats:Support Order","ats:Flexible Camouflage"],"picked":"ats:Closed Bolt Burst Fire","floor":24.0},{"not_picked":["ats:Blood Oath","ats:Explosion Area Strengthen","ats:Poison Spread"],"picked":"SKIP","floor":28.0},{"not_picked":["ats:Volcano","ats:Rat Pack"],"picked":"ats:Nebulous Foxfire","floor":33.0},{"not_picked":["ats:Cat Scratch","ats:Flame Of Heaven+1"],"picked":"ats:Assault Order+1","floor":35.0},{"not_picked":["ats:Leaping Hammer","ats:Sword Rain+1"],"picked":"ats:Powerful Strike","floor":36.0},{"not_picked":["ats:Absolute Focus+1","ats:Ignite","ats:Phantom"],"picked":"SKIP","floor":37.0},{"not_picked":["ats:Explosion Area Strengthen+1","ats:Counter Healing Mode"],"picked":"ats:Assault Order","floor":38.0},{"not_picked":["ats:Hammer On","ats:Very Hot Blade+1"],"picked":"ats:Soul Absorption","floor":41.0},{"not_picked":["ats:Cat Scratch","ats:Support Order+1"],"picked":"ats:Collapsing Strike","floor":44},{"not_picked":["ats:Guard Mode","ats:Shell Defense+1"],"picked":"ats:Shadow Assault","floor":45},{"not_picked":["ats:Ignite+1","ats:Cat Scratch+1"],"picked":"ats:Healing Strengthening","floor":46},{"not_picked":["ats:Directed Diagnosis","ats:Curse Doll+1"],"picked":"ats:Dogmatic Field","floor":47},{"not_picked":["ats:Blood Oath+1","ats:Revitalization"],"picked":"ats:Hook Shot+1","floor":54}],"player_experience":783458,"relics_obtained":[{"floor":8.0,"key":"ats:Originium"},{"floor":8.0,"key":"Lizard Tail"},{"floor":9.0,"key":"Incense Burner"},{"floor":17.0,"key":"Blood Vial"},{"floor":17.0,"key":"Darkstone Periapt"},{"floor":17.0,"key":"Shovel"},{"floor":23.0,"key":"Unceasing Top"},{"floor":26.0,"key":"Ornamental Fan"},{"floor":30.0,"key":"ats:Industrial Water Cannon"},{"floor":39.0,"key":"ats:Remnant Ash"},{"floor":41.0,"key":"Shuriken"},{"floor":47,"key":"ats:Originium"},{"floor":47,"key":"ats:Emergency Defibrillator"},{"floor":54,"key":"ats:Originium"},{"floor":54,"key":"Bird Faced Urn"}],"event_choices":[{"damage_healed":0.0,"max_hp_gain":0.0,"max_hp_loss":0.0,"gold_gain":0.0,"cards_transformed":["ats:Defend"],"event_name":"Transmorgrifier","player_choice":"Transformed","floor":2.0,"gold_loss":0.0,"damage_taken":0.0,"cards_obtained":["ats:Echo Reverb"]},{"damage_healed":0.0,"max_hp_gain":0.0,"max_hp_loss":0.0,"gold_gain":0.0,"cards_transformed":["ats:Strike C"],"event_name":"Living Wall","player_choice":"Change","floor":4.0,"gold_loss":0.0,"damage_taken":0.0,"cards_obtained":["ats:Neurotoxin"]},{"damage_healed":0.0,"max_hp_gain":0.0,"max_hp_loss":0.0,"gold_gain":0.0,"event_name":"Accursed Blacksmith","player_choice":"Rummage","floor":5.0,"gold_loss":0.0,"damage_taken":0.0,"relics_obtained":["WarpedTongs"],"cards_obtained":["Pain"]},{"damage_healed":0.0,"max_hp_gain":0.0,"max_hp_loss":0.0,"gold_gain":0.0,"event_name":"betterThird:BetterSerpent","player_choice":"RENOUNCE","floor":12.0,"gold_loss":91.0,"damage_taken":91.0,"cards_obtained":["Enlightenment"]},{"damage_healed":0.0,"max_hp_gain":0.0,"max_hp_loss":0.0,"gold_gain":0.0,"event_name":"Dead Adventurer","player_choice":"Searched \u00272\u0027 times","floor":13.0,"gold_loss":0.0,"damage_taken":0.0,"relics_obtained":["Orichalcum"]},{"damage_healed":0.0,"max_hp_gain":0.0,"max_hp_loss":0.0,"gold_gain":0.0,"event_name":"Lab","player_choice":"Got Potions","floor":20.0,"gold_loss":0.0,"damage_taken":0.0},{"damage_healed":0.0,"max_hp_gain":0.0,"max_hp_loss":0.0,"gold_gain":0.0,"event_name":"Vampires","player_choice":"Ignored","floor":29.0,"gold_loss":0.0,"damage_taken":0.0},{"damage_healed":0.0,"max_hp_gain":0.0,"max_hp_loss":0.0,"gold_gain":0.0,"event_name":"Mysterious Sphere","player_choice":"Fight","floor":39.0,"gold_loss":0.0,"damage_taken":0.0},{"damage_healed":0,"gold_gain":0,"player_choice":"3 cards matched","damage_taken":0,"max_hp_gain":0,"max_hp_loss":0,"event_name":"Match and Keep!","floor":42,"gold_loss":0,"cards_obtained":["Impatience","ats:Overload","Decay"]}],"is_beta":false,"boss_relics":[{"not_picked":["Pandora\u0027s Box","Velvet Choker"],"picked":"Calling Bell"},{"not_picked":["Runic Dome","ats:Sanity Plus"],"picked":"Sozu"}],"items_purged_floors":[31,48],"is_endless":false,"potions_floor_spawned":[3,11,16,21,22,24,36,39,41,46,47,54],"ascension_level":1}}