{"host":"ad59wuc8ynh8u2z6","time":1613676875,"event":{"mods":["AchievementEnabler","BaseMod","Colored Powertips","DeckTracker","Highlight Path","Minty Spire (QoL Compilation)","Permanent Neow"],"gold_per_floor":[13,33,51,71,85,111,122,147,147,173,188,188,188,219,219,317,317,333,258,270,282,282,312,312,343,368,368,398,398,429,445,445,547,547,563,583,379,394,409,444,344,370,370,116,116,144,178,211,211,211],"floor_reached":51,"language":"ENG","playtime":2499,"items_purged":["Defend_R","Defend_R","Defend_R","Strike_R"],"score":1309,"play_id":"2aa2cd9f-47cc-46e3-b390-55e1392cc5e0","local_time":"20210218203435","is_ascension_mode":true,"campfire_choices":[{"data":"Feed","floor":12.0,"key":"SMITH"},{"data":"Metallicize","floor":15.0,"key":"SMITH"},{"data":"Feed","floor":27.0,"key":"SMITH"},{"data":"Battle Trance","floor":29.0,"key":"SMITH"},{"data":"Burning Pact","floor":32.0,"key":"SMITH"},{"data":"Bash","floor":45.0,"key":"SMITH"},{"data":"Metallicize","floor":49,"key":"SMITH"}],"circlet_count":0,"master_deck":["Strike_R","Strike_R+1","Strike_R","Strike_R","Bash+1","Rampage+1","Battle Trance+1","Burning Pact+1","Metallicize+1","Feed+1","Feed+1","Warcry+1","CurseOfTheBell","Metallicize+1"],"relics":["Burning Blood","WingedGreaves","Orichalcum","Bag of Marbles","PreservedInsect","Regal Pillow","Akabeko","Velvet Choker","Bottled Tornado","Prayer Wheel","Pen Nib","The Courier","Oddly Smooth Stone","Calling Bell","MealTicket","Paper Frog","Mango","Omamori","Art of War","Unceasing Top","Meat on the Bone","Boot","Ice Cream","Vajra"],"acts_visited":["Exordium","TheCity","TheBeyond"],"potions_floor_usage":[46,50,50],"damage_taken":[{"damage":11.0,"enemies":"Cultist","floor":1.0,"turns":4.0},{"damage":0.0,"enemies":"Small Slimes","floor":2.0,"turns":3.0},{"damage":6.0,"enemies":"2 Louse","floor":3.0,"turns":4.0},{"damage":13.0,"enemies":"Large Slime","floor":4.0,"turns":7.0},{"damage":15.0,"enemies":"3 Louse","floor":5.0,"turns":6.0},{"damage":36.0,"enemies":"3 Sentries","floor":6.0,"turns":11.0},{"damage":5.0,"enemies":"2 Fungi Beasts","floor":7.0,"turns":5.0},{"damage":14.0,"enemies":"Gremlin Nob","floor":8.0,"turns":4.0},{"damage":14.0,"enemies":"3 Sentries","floor":10.0,"turns":5.0},{"damage":3.0,"enemies":"Blue Slaver","floor":11.0,"turns":6.0},{"damage":19.0,"enemies":"Gremlin Nob","floor":14.0,"turns":5.0},{"damage":10.0,"enemies":"Slime Boss","floor":16.0,"turns":9.0},{"damage":2.0,"enemies":"Chosen","floor":18.0,"turns":4.0},{"damage":1.0,"enemies":"Spheric Guardian","floor":20.0,"turns":3.0},{"damage":18.0,"enemies":"Snake Plant","floor":21.0,"turns":3.0},{"damage":10.0,"enemies":"Slavers","floor":23.0,"turns":4.0},{"damage":0.0,"enemies":"Gremlin Leader","floor":25.0,"turns":5.0},{"damage":15.0,"enemies":"Book of Stabbing","floor":28.0,"turns":3.0},{"damage":0.0,"enemies":"Gremlin Leader","floor":30.0,"turns":3.0},{"damage":18.0,"enemies":"Centurion and Healer","floor":31.0,"turns":5.0},{"damage":76.0,"enemies":"Automaton","floor":33.0,"turns":7.0},{"damage":1.0,"enemies":"Orb Walker","floor":35.0,"turns":2.0},{"damage":0.0,"enemies":"3 Shapes","floor":36.0,"turns":5.0},{"damage":22.0,"enemies":"3 Darklings","floor":38.0,"turns":6.0},{"damage":6.0,"enemies":"4 Shapes","floor":39.0,"turns":5.0},{"damage":12.0,"enemies":"Reptomancer","floor":40.0,"turns":2.0},{"damage":35.0,"enemies":"Nemesis","floor":42.0,"turns":3.0},{"damage":58,"enemies":"Reptomancer","floor":46,"turns":3},{"damage":43,"enemies":"Nemesis","floor":47,"turns":3},{"damage":0,"enemies":"Giant Head","floor":48,"turns":5},{"damage":126,"enemies":"Donu and Deca","floor":50,"turns":9}],"seed_played":"9121060014130289373","potions_obtained":[{"floor":2.0,"key":"ColorlessPotion"},{"floor":3.0,"key":"BloodPotion"},{"floor":4.0,"key":"ElixirPotion"},{"floor":10.0,"key":"CultistPotion"},{"floor":16.0,"key":"SneckoOil"},{"floor":21.0,"key":"PowerPotion"},{"floor":25.0,"key":"Fire Potion"},{"floor":31.0,"key":"FairyPotion"},{"floor":33.0,"key":"Explosive Potion"},{"floor":36.0,"key":"BlessingOfTheForge"},{"floor":40.0,"key":"SteroidPotion"},{"floor":42.0,"key":"Energy Potion"},{"floor":46,"key":"Strength Potion"}],"is_trial":false,"path_per_floor":["M","M","M","M","M","E","M","E","T","E","M","R","?","E","R","B",null,"M","$","M","M","?","E","?","E","T","R","E","R","E","M","R","B",null,"M","M","$","M","M","E","$","E","T","$","R","E","E","E","R","B",null],"character_chosen":"IRONCLAD","items_purchased":["Omamori","Regen Potion","CultistPotion"],"campfire_rested":0,"item_purchase_floors":[37,44,44],"current_hp_per_floor":[67,73,73,66,57,27,28,20,20,15,21,21,4,12,12,12,74,82,82,90,82,73,76,76,86,86,86,81,81,91,87,87,21,121,130,144,159,147,155,153,168,143,143,158,158,110,89,107,107,80],"gold":211,"neow_bonus":"ONE_RARE_RELIC","is_daily":false,"chose_seed":false,"campfire_upgraded":7,"win_rate":0.0,"timestamp":1613676875,"path_taken":["M","M","M","?","M","E","M","E","T","E","M","R","?","E","R","BOSS","M","$","M","M","?","E","?","E","T","R","E","R","E","M","R","BOSS","M","M","$","M","M","E","$","E","T","$","R","E","E","E","R","BOSS"],"items_purchased_type":["Relic","Potion","Potion"],"build_version":"2020-12-22","purchased_purges":4,"victory":true,"max_hp_per_floor":[80,80,80,80,80,80,80,80,80,83,86,86,86,90,90,94,94,98,98,101,105,105,112,112,116,116,116,120,120,124,132,132,136,150,154,162,162,166,174,178,178,182,182,182,182,186,190,190,190,198],"card_choices":[{"not_picked":["Clothesline","Power Through"],"picked":"Rampage","floor":1.0},{"not_picked":["Heavy Blade","Body Slam","Iron Wave"],"picked":"SKIP","floor":2.0},{"not_picked":["Seeing Red","Searing Blow"],"picked":"Battle Trance","floor":3.0},{"not_picked":["Clash","Anger"],"picked":"Burning Pact","floor":4.0},{"not_picked":["Entrench","Hemokinesis"],"picked":"Metallicize","floor":5.0},{"not_picked":["Iron Wave","Pommel Strike","Sword Boomerang"],"picked":"SKIP","floor":6.0},{"not_picked":["Intimidate","Wild Strike"],"picked":"Feed","floor":7.0},{"not_picked":["Dual Wield","Body Slam","True Grit"],"picked":"SKIP","floor":8.0},{"not_picked":["Flex","Ghostly Armor","Wild Strike"],"picked":"SKIP","floor":10.0},{"not_picked":["True Grit","Iron Wave","Dark Embrace"],"picked":"SKIP","floor":11.0},{"not_picked":["Burning Pact","Headbutt","Sever Soul"],"picked":"SKIP","floor":14.0},{"not_picked":["Impervious","Limit Break"],"picked":"Feed","floor":16.0},{"not_picked":["Headbutt+1","True Grit","Clash+1"],"picked":"SKIP","floor":18.0},{"not_picked":["Flame Barrier","Body Slam+1","Shockwave"],"picked":"SKIP","floor":20.0},{"not_picked":["Wild Strike+1","Bloodletting+1","Dual Wield"],"picked":"SKIP","floor":21.0},{"not_picked":["Warcry","Thunderclap","Demon Form"],"picked":"SKIP","floor":23.0},{"not_picked":["Shrug It Off","Power Through","Spot Weakness"],"picked":"SKIP","floor":25.0},{"not_picked":["Havoc","Clothesline","Cleave"],"picked":"SKIP","floor":28.0},{"not_picked":["Anger","Perfected Strike+1"],"picked":"Warcry+1","floor":30.0},{"not_picked":["Cleave","Uppercut","Iron Wave"],"picked":"SKIP","floor":31.0},{"not_picked":["Sword Boomerang+1","Body Slam+1","Shrug It Off"],"picked":"SKIP","floor":31.0},{"not_picked":["Twin Strike+1","Dark Embrace","Headbutt"],"picked":"SKIP","floor":35.0},{"not_picked":["Shockwave","Dual Wield+1","Feel No Pain"],"picked":"SKIP","floor":35.0},{"not_picked":["Twin Strike+1","Dropkick","Searing Blow"],"picked":"SKIP","floor":36.0},{"not_picked":["Rampage","Hemokinesis+1","Headbutt"],"picked":"SKIP","floor":36.0},{"not_picked":["Heavy Blade","Havoc","Flex+1"],"picked":"SKIP","floor":38.0},{"not_picked":["Warcry+1","Body Slam+1","Wild Strike"],"picked":"SKIP","floor":38.0},{"not_picked":["Second Wind+1","Anger+1","Immolate"],"picked":"SKIP","floor":39.0},{"not_picked":["Wild Strike","Pummel+1","Sentinel+1"],"picked":"SKIP","floor":39.0},{"not_picked":["Dark Embrace","Fire Breathing","Havoc"],"picked":"SKIP","floor":40.0},{"not_picked":["Sword Boomerang","Entrench","Havoc"],"picked":"SKIP","floor":42.0},{"not_picked":["Rage","Headbutt"],"picked":"Metallicize","floor":46},{"not_picked":["Immolate","Warcry+1","Twin Strike"],"picked":"SKIP","floor":47},{"not_picked":["Havoc","Headbutt+1","Pommel Strike+1"],"picked":"SKIP","floor":48}],"player_experience":102759,"relics_obtained":[{"floor":6.0,"key":"Orichalcum"},{"floor":8.0,"key":"Bag of Marbles"},{"floor":9.0,"key":"PreservedInsect"},{"floor":10.0,"key":"Regal Pillow"},{"floor":14.0,"key":"Akabeko"},{"floor":23.0,"key":"Bottled Tornado"},{"floor":25.0,"key":"Prayer Wheel"},{"floor":26.0,"key":"Pen Nib"},{"floor":28.0,"key":"The Courier"},{"floor":30.0,"key":"Oddly Smooth Stone"},{"floor":34.0,"key":"MealTicket"},{"floor":34.0,"key":"Paper Frog"},{"floor":34.0,"key":"Mango"},{"floor":40.0,"key":"Art of War"},{"floor":42.0,"key":"Unceasing Top"},{"floor":43.0,"key":"Meat on the Bone"},{"floor":46,"key":"Boot"},{"floor":47,"key":"Ice Cream"},{"floor":48,"key":"Vajra"}],"event_choices":[{"damage_healed":0.0,"max_hp_gain":0.0,"max_hp_loss":0.0,"gold_gain":0.0,"event_name":"Shining Light","player_choice":"Entered Light","floor":13.0,"gold_loss":0.0,"damage_taken":17.0,"cards_upgraded":["Strike_R","Rampage"]},{"damage_healed":0.0,"max_hp_gain":0.0,"max_hp_loss":0.0,"gold_gain":0.0,"event_name":"Cursed Tome","player_choice":"Stopped","floor":22.0,"gold_loss":0.0,"damage_taken":9.0},{"cards_removed":["Defend_R"],"damage_healed":0.0,"max_hp_gain":0.0,"max_hp_loss":0.0,"gold_gain":0.0,"event_name":"Back to Basics","player_choice":"Elegance","floor":24.0,"gold_loss":0.0,"damage_taken":0.0}],"is_beta":false,"boss_relics":[{"not_picked":["Philosopher\u0027s Stone","Cursed Key"],"picked":"Velvet Choker"},{"not_picked":["Snecko Eye","Mark of Pain"],"picked":"Calling Bell"}],"items_purged_floors":[19,37,41,44],"is_endless":false,"potions_floor_spawned":[2,3,4,10,16,21,25,31,33,36,40,42,46],"ascension_level":6}}