{"host":"lv7etzzgwahaenh9","time":1613684064,"event":{"mods":["AchievementEnabler","BaseMod","Colored Map","Colored Powertips","Highlight Path","Minty Spire (QoL Compilation)","Permanent Neow","Quick Restart","Random Character Button","StSLib"],"gold_per_floor":[212,232,245,92,106,106,120,120,120,154,166,205,187,215,227,239,239],"floor_reached":16,"language":"ENG","playtime":737,"items_purged":["Strike_R"],"score":174,"play_id":"8cd14777-3a93-45bc-9640-b7e6aabfddd7","local_time":"20210218133424","is_ascension_mode":true,"campfire_choices":[{"data":"Searing Blow","floor":6,"key":"SMITH"},{"data":"Searing Blow+1","floor":11,"key":"SMITH"},{"data":"Searing Blow+2","floor":15,"key":"SMITH"}],"circlet_count":0,"master_deck":["AscendersBane","Strike_R","Strike_R","Strike_R","Defend_R","Defend_R","Defend_R","Defend_R","Bash","Uppercut","Metallicize","Searing Blow+3","Battle Trance","True Grit","Immolate","Burning Pact","Shrug It Off"],"relics":["Burning Blood","Red Skull","MawBank","Self Forming Clay"],"acts_visited":["Exordium"],"potions_floor_usage":[5,5,10],"damage_taken":[{"damage":5,"enemies":"Cultist","floor":1,"turns":5},{"damage":6,"enemies":"Jaw Worm","floor":2,"turns":3},{"damage":6,"enemies":"2 Louse","floor":3,"turns":3},{"damage":14,"enemies":"Lots of Slimes","floor":5,"turns":5},{"damage":5,"enemies":"2 Fungi Beasts","floor":7,"turns":4},{"damage":28,"enemies":"3 Sentries","floor":10,"turns":9},{"damage":24,"enemies":"Lagavulin","floor":12,"turns":6},{"damage":1,"enemies":"Large Slime","floor":14,"turns":5},{"damage":25,"enemies":"The Guardian","floor":16,"turns":14}],"seed_played":"-5529665245124117925","potions_obtained":[{"floor":1,"key":"LiquidMemories"},{"floor":2,"key":"SkillPotion"},{"floor":3,"key":"BlessingOfTheForge"},{"floor":7,"key":"CultistPotion"},{"floor":13,"key":"Dexterity Potion"},{"floor":13,"key":"Ancient Potion"}],"is_trial":false,"path_per_floor":["M","M","M","$","M","R","M","?","T","E","R","E","?","M","R","B"],"character_chosen":"IRONCLAD","items_purchased":["Battle Trance"],"campfire_rested":0,"item_purchase_floors":[4],"current_hp_per_floor":[73,73,73,73,65,65,66,59,59,37,37,19,19,24,24,0,0],"gold":239,"neow_bonus":"HUNDRED_GOLD","is_daily":false,"chose_seed":false,"campfire_upgraded":3,"win_rate":0.0,"timestamp":1613684064,"path_taken":["M","M","M","$","M","R","?","?","T","E","R","E","?","M","R","BOSS"],"items_purchased_type":["Card"],"build_version":"2020-12-22","purchased_purges":1,"victory":false,"max_hp_per_floor":[80,80,80,80,80,80,80,80,80,80,80,80,80,80,80,80,80],"card_choices":[{"not_picked":["Thunderclap","Flex"],"picked":"Uppercut","floor":1},{"not_picked":["Sword Boomerang","Havoc"],"picked":"Metallicize","floor":2},{"not_picked":["Intimidate","Entrench"],"picked":"Searing Blow","floor":3},{"not_picked":["Carnage","Heavy Blade","Rupture"],"picked":"SKIP","floor":5},{"not_picked":["Havoc","Warcry"],"picked":"True Grit","floor":7},{"not_picked":["Carnage","Iron Wave"],"picked":"Immolate","floor":10},{"not_picked":["Twin Strike","Headbutt"],"picked":"Burning Pact","floor":12},{"not_picked":["Fire Breathing","Clothesline"],"picked":"Shrug It Off","floor":14}],"player_experience":427813,"relics_obtained":[{"floor":9,"key":"Red Skull"},{"floor":10,"key":"MawBank"},{"floor":12,"key":"Self Forming Clay"}],"event_choices":[{"cards_removed":["Strike_R"],"damage_healed":0,"gold_gain":0,"player_choice":"Card Removal","damage_taken":7,"max_hp_gain":0,"max_hp_loss":0,"event_name":"Golden Wing","floor":8,"gold_loss":0},{"damage_healed":0,"gold_gain":0,"player_choice":"Bought 2 Potions","damage_taken":0,"max_hp_gain":0,"max_hp_loss":0,"event_name":"The Woman in Blue","floor":13,"gold_loss":0}],"is_beta":false,"boss_relics":[],"items_purged_floors":[4],"is_endless":false,"potions_floor_spawned":[1,2,3,7,14],"killed_by":"The Guardian","ascension_level":11}}