{"host":"ziko4uwynam20dv9","time":1613657015,"event":{"mods":["Aspiration","BaseMod","BetterRewards","Downfall","Hubris","Infinite Spire","Minty Spire (QoL Compilation)","Remilia??????","Replay The Spire","Shop Mod","StSLib","The Animator","The Jungle"],"gold_per_floor":[117,117,167,181,181,201,201,276,276,305,316,326,326,352,352,352,352],"floor_reached":16,"language":"FRA","playtime":508,"items_purged":[],"score":193,"play_id":"fc8c46b8-0320-4bec-90af-5c6e0e18617b","local_time":"20210218150335","is_ascension_mode":true,"campfire_choices":[{"floor":13,"key":"REST"},{"floor":15,"key":"REST"}],"circlet_count":0,"master_deck":["AscendersBane","Strike_R","Strike_R","Strike_R","Strike_R","Strike_R","Defend_R","Defend_R+1","Defend_R","Defend_R","Bash+1","Perfected Strike","Battle Trance","Injury","Perfected Strike","Flex+1","Life Link","Reaper"],"relics":["Burning Blood","Toxic Egg 2","Ornamental Fan","Replay:WaspNest","PreservedInsect"],"acts_visited":["Exordium"],"potions_floor_usage":[10,12,14],"damage_taken":[{"damage":1,"enemies":"Cultist","floor":1,"turns":3},{"damage":13,"enemies":"infinitespire:Voidling","floor":4,"turns":4},{"damage":4,"enemies":"Jaw Worm","floor":6,"turns":3},{"damage":47,"enemies":"Gremlin Nob","floor":10,"turns":5},{"damage":11,"enemies":"2 Fungi Beasts","floor":11,"turns":4},{"damage":3,"enemies":"Exordium Wildlife","floor":12,"turns":3},{"damage":40,"enemies":"Lagavulin","floor":14,"turns":4},{"damage":75,"enemies":"Fading Forest","floor":16,"turns":7}],"seed_played":"1078510425533383276","potions_obtained":[{"floor":4,"key":"Guardian:BlockOnCardUsePotion"},{"floor":6,"key":"BloodPotion"},{"floor":12,"key":"BloodPotion"}],"is_trial":false,"path_per_floor":["M","$","?","M","?","M","?","?","T","E","M","M","R","E","R","B"],"character_chosen":"IRONCLAD","items_purchased":[],"campfire_rested":2,"item_purchase_floors":[],"current_hp_per_floor":[73,73,73,66,66,68,68,57,57,31,26,29,51,32,54,0,0],"gold":352,"neow_bonus":"UPGRADE_CARD","is_daily":false,"chose_seed":false,"campfire_upgraded":0,"win_rate":0.0,"timestamp":1613657015,"path_taken":["M","$","?","?","?","M","?","?","T","E","M","?","R","E","R","BOSS"],"items_purchased_type":[],"build_version":"2020-12-22","purchased_purges":0,"victory":false,"max_hp_per_floor":[75,75,75,75,75,75,75,75,75,75,75,75,75,75,75,75,75],"card_choices":[{"not_picked":["Thunderclap","Heavy Blade"],"picked":"Perfected Strike","floor":1},{"not_picked":["hubris:ReadiedAction","Wild Strike"],"picked":"Battle Trance","floor":4},{"not_picked":["Ghostly Armor+1","Warcry+1"],"picked":"Perfected Strike","floor":6},{"not_picked":["Barricade","Defy Death+1","Battle Trance+1"],"picked":"SKIP","floor":10},{"not_picked":["Replay:Undeath\u0027s Touch","Clash"],"picked":"Flex+1","floor":11},{"not_picked":["ReplayTheSpireMod:Strike From Hell","Perfected Strike"],"picked":"Life Link","floor":12},{"not_picked":["Rupture","Flex+1"],"picked":"Reaper","floor":14}],"player_experience":1015764,"relics_obtained":[{"floor":9,"key":"Ornamental Fan"},{"floor":10,"key":"Replay:WaspNest"},{"floor":14,"key":"PreservedInsect"}],"event_choices":[{"damage_healed":0,"gold_gain":50,"player_choice":"Pray","damage_taken":0,"max_hp_gain":0,"max_hp_loss":0,"event_name":"Golden Shrine","floor":3,"gold_loss":0},{"damage_healed":0,"gold_gain":75,"player_choice":"Gather Gold","damage_taken":11,"max_hp_gain":0,"max_hp_loss":0,"event_name":"World of Goop","floor":8,"gold_loss":0}],"is_beta":false,"boss_relics":[],"items_purged_floors":[],"is_endless":false,"potions_floor_spawned":[4,6,12],"killed_by":"Fading Forest","ascension_level":15}}