{"host":"y6zg4wwu39otf01a","time":1613676601,"event":{"mods":["Act Like it!","Aspiration","BaseMod","Better Altar","Better Match","Better Note","Better Sensory Stone","Better Skull","Better Third Choice","Challenge The Spire","Colored Map","Colored Powertips","Conspire","GifTheSpireLib","Glutton Mod","Halation","Hermit","Highlight Path","Hubris","Infinite Spire","Mimic Mod","Minty Spire (QoL Compilation)","Quick Restart","Random Character Button","Rare Cards Sparkle","Reliquary","Replay The Spire","Retaliation","Ruina","Spicy Shops","StSLib","Stuff the Spire","The Blue Laboratory","The Construct","The Jungle"],"gold_per_floor":[109,138,138,1,1,1,1,1],"floor_reached":7,"language":"ENG","playtime":367,"items_purged":[],"score":41,"play_id":"2c809935-0f70-4ac8-91f9-b75f293cb74d","local_time":"20210218133001","is_ascension_mode":true,"campfire_choices":[],"circlet_count":0,"master_deck":["Strike_P","Strike_P","Strike_P","Strike_P+1","Defend_P","Defend_P","Defend_P","Defend_P","Eruption","Vigilance","Evaluate","Replay:LoomingThreat","Regret","FlyingSleeves+1","Impatience+1"],"relics":["PureWater","aspiration:Nostalgia","construct:Cogwheel","Bronze Scales","Golden Egg","halation:EternalFortune"],"acts_visited":["Exordium"],"potions_floor_usage":[2],"damage_taken":[{"damage":6,"enemies":"Jaw Worm","floor":1,"turns":4},{"damage":13,"enemies":"conspire:MimicChest","floor":2,"turns":3},{"damage":66,"enemies":"3 Sentries","floor":7,"turns":6}],"seed_played":"8139042847743567880","potions_obtained":[{"floor":1,"key":"SkillPotion"}],"is_trial":false,"path_per_floor":["M","?","?","$","?","?","E"],"character_chosen":"WATCHER","items_purchased":["FlyingSleeves","Impatience"],"campfire_rested":0,"item_purchase_floors":[4,4],"current_hp_per_floor":[66,53,53,53,53,56,0,0],"gold":1,"neow_bonus":"NOSTALGIA","is_daily":false,"chose_seed":false,"campfire_upgraded":0,"win_rate":0.0,"timestamp":1613676601,"path_taken":["M","?","?","$","?","?","E"],"items_purchased_type":["Card","Card"],"build_version":"2020-12-22","purchased_purges":0,"victory":false,"max_hp_per_floor":[72,72,72,72,72,75,75,75],"card_choices":[{"not_picked":["FollowUp","Prostrate"],"picked":"Evaluate","floor":1},{"not_picked":["EmptyFist","Replay:Hum"],"picked":"Replay:LoomingThreat","floor":2}],"player_experience":901914,"relics_obtained":[{"floor":2,"key":"Bronze Scales"}],"event_choices":[{"damage_healed":0,"gold_gain":0,"player_choice":"Box","damage_taken":0,"relics_obtained":["Golden Egg"],"max_hp_gain":0,"max_hp_loss":0,"event_name":"Big Fish","floor":3,"gold_loss":0,"cards_obtained":["Regret"]}],"is_beta":false,"boss_relics":[],"items_purged_floors":[],"is_endless":false,"potions_floor_spawned":[1],"killed_by":"3 Sentries","ascension_level":2}}