{"host":"3rmac7zu3wzgmaxs","time":1613670538,"event":{"mods":["BaseMod","Better Third Choice","Downfall","Hubris","Infinite Spire","Minty Spire (QoL Compilation)","StSLib"],"gold_per_floor":[99,115,115,131,148,167,194,207,207,207,236,247,247,261,277,277,277,277],"floor_reached":16,"language":"ENG","playtime":7555,"items_purged":[],"score":106,"play_id":"b51c021d-b75f-48a7-aa45-820b58e05a74","local_time":"20210218124858","is_ascension_mode":false,"campfire_choices":[{"data":"Guardian:TwinSlam","floor":1,"key":"SMITH"},{"data":"Guardian:DecasProtection","floor":9,"key":"SMITH"},{"data":"Guardian:RefractedBeam","floor":13,"key":"SMITH"}],"circlet_count":0,"master_deck":["Guardian:Strike_Guardian","Guardian:Strike_Guardian","Guardian:Strike_Guardian+1","Guardian:Strike_Guardian","Guardian:Defend_Guardian","Guardian:Defend_Guardian","Guardian:Defend_Guardian","Guardian:Defend_Guardian","Guardian:CurlUp+1","Guardian:TwinSlam+1","Guardian:TemporalStrike","Guardian:ChargeCore","Guardian:DecasProtection+1","Guardian:RefractedBeam+1","Guardian:PolyBeam+1","Guardian:Gem_Red","Guardian:Gem_Cyan"],"relics":["hexamod:SpiritBrand","hubris:OldNail","infinitespire:Cubic Diamond","Whetstone"],"acts_visited":["Exordium"],"potions_floor_usage":[6,16,16],"damage_taken":[{"damage":0,"enemies":"Small Slimes","floor":2,"turns":4},{"damage":1,"enemies":"Jaw Worm","floor":4,"turns":4},{"damage":0,"enemies":"2 Louse","floor":5,"turns":2},{"damage":12,"enemies":"2 Fungi Beasts","floor":6,"turns":4},{"damage":15,"enemies":"3 Louse","floor":8,"turns":4},{"damage":14,"enemies":"Gremlin Nob","floor":11,"turns":5},{"damage":4,"enemies":"Large Slime","floor":12,"turns":5},{"damage":22,"enemies":"Gremlin Gang","floor":14,"turns":4},{"damage":10,"enemies":"downfall:LooterAlt","floor":15,"turns":2},{"damage":27,"enemies":"IC_STATUS_ARCHETYPE","floor":16,"turns":4}],"seed_played":"-2955148719117660357","potions_obtained":[{"floor":5,"key":"Fruit Juice"},{"floor":8,"key":"Regen Potion"},{"floor":12,"key":"SpeedPotion"},{"floor":14,"key":"Swift Potion"}],"is_trial":false,"path_per_floor":["R","M","?","M","M","M","T","M","R","?","E","M","R","M","M","B"],"character_chosen":"GUARDIAN","items_purchased":[],"campfire_rested":0,"item_purchase_floors":[],"current_hp_per_floor":[88,88,88,87,87,80,80,65,65,65,51,47,47,25,15,0,0,0],"gold":277,"neow_bonus":"TEN_PERCENT_HP_BONUS","is_daily":false,"chose_seed":false,"campfire_upgraded":3,"win_rate":0.0,"timestamp":1613670538,"path_taken":["R","M","?","M","M","M","T","M","R","?","E","M","R","M","M","BOSS"],"items_purchased_type":[],"build_version":"2020-12-13","purchased_purges":0,"victory":false,"max_hp_per_floor":[88,88,88,88,88,93,93,93,93,93,93,93,93,93,93,93,93,93],"card_choices":[{"not_picked":["Guardian:TemporalShield","Guardian:Gem_Crimson"],"picked":"Guardian:TemporalStrike","floor":2},{"not_picked":["Guardian:TemporalStrike","Guardian:Recover"],"picked":"Guardian:ChargeCore","floor":4},{"not_picked":["Guardian:ChargeCore","Guardian:PrismaticBeam"],"picked":"Guardian:DecasProtection","floor":5},{"not_picked":["Guardian:ExploitGems","Guardian:Reroute"],"picked":"Guardian:RefractedBeam","floor":6},{"not_picked":["Guardian:ShieldSpikes","Guardian:Preprogram"],"picked":"Guardian:PolyBeam","floor":8},{"not_picked":["Guardian:TemporalShield","Guardian:Reroute"],"picked":"Guardian:Gem_Red","floor":11},{"not_picked":["Guardian:Repulse","Guardian:Harden"],"picked":"Guardian:Gem_Lightblue","floor":12},{"not_picked":["Guardian:VentSteam","Guardian:RollAttack"],"picked":"Guardian:Gem_Red","floor":14},{"not_picked":["Guardian:TimeCapacitor","Guardian:HyperBeam_Guardian"],"picked":"Guardian:Gem_Cyan","floor":15}],"player_experience":6205,"relics_obtained":[{"floor":7,"key":"hubris:OldNail"},{"floor":11,"key":"Whetstone"}],"event_choices":[],"is_beta":false,"boss_relics":[],"items_purged_floors":[],"is_endless":false,"potions_floor_spawned":[5,8,12,14],"killed_by":"IC_STATUS_ARCHETYPE","ascension_level":0}}