{"host":"b34lfm0pg36jv5no","time":1613668376,"event":{"mods":["BaseMod","Bestiary","Colored Map","Dark Map","Minty Spire (QoL Compilation)","Relic Stats","ojb\u0027s Info Mod"],"gold_per_floor":[113,128,141,158,158,158,186,186,186,186,200,239,239,274,274,400,400,420,420,443,467,306,337,337,380,432,432,467,485,485,0,0,119,119,137,156,219,219,243,288,288,327,327,327,375,407,407,136,136,136,136,136,11,46,46],"floor_reached":56,"language":"ENG","playtime":9292,"items_purged":["Strike_G","Strike_G","Outmaneuver"],"score":1412,"play_id":"b188d1fa-b58b-4174-bbf8-9b86dcee7bc8","local_time":"20210218171256","is_ascension_mode":true,"campfire_choices":[{"data":"All Out Attack","floor":6,"key":"SMITH"},{"data":"Deadly Poison","floor":10,"key":"SMITH"},{"data":"Neutralize","floor":13,"key":"SMITH"},{"data":"After Image","floor":15,"key":"SMITH"},{"data":"Night Terror","floor":24,"key":"SMITH"},{"floor":27,"key":"REST"},{"floor":32,"key":"REST"},{"data":"Leg Sweep","floor":41,"key":"SMITH"},{"data":"Calculated Gamble","floor":44,"key":"SMITH"},{"floor":49,"key":"RECALL"},{"data":"Corpse Explosion","floor":52,"key":"SMITH"}],"circlet_count":0,"master_deck":["Defend_G","Defend_G","Defend_G","Defend_G","Survivor","Neutralize+1","All Out Attack+1","Dagger Throw","Deadly Poison+1","Grand Finale","After Image+1","Glass Knife","Catalyst+1","Night Terror+1","Cloak And Dagger+1","Calculated Gamble+1","Well Laid Plans","Venomology","Acrobatics","A Thousand Cuts","Leg Sweep+1","Malaise","Acrobatics+1","Cloak And Dagger+1","Blade Dance+1","Terror+1","Corpse Explosion+1","Footwork","Poisoned Stab"],"relics":["Ring of the Snake","Ancient Tea Set","Juzu Bracelet","Golden Idol","MealTicket","Singing Bowl","Strawberry","HoveringKite","Darkstone Periapt","Bag of Preparation","Potion Belt","Bronze Scales","PreservedInsect","OrangePellets","SacredBark","CaptainsWheel","CeramicFish","StrikeDummy","Orichalcum","Anchor"],"acts_visited":["Exordium","TheCity","TheBeyond","TheEnding"],"potions_floor_usage":[7,12,14,21,23,23,25,28,36,36,36,36,37,37,39,39,40,40,40,42,42,42,46,46,50,54,55,55,55,55,55],"damage_taken":[{"damage":0,"enemies":"Cultist","floor":1,"turns":5},{"damage":0,"enemies":"2 Louse","floor":2,"turns":4},{"damage":6,"enemies":"Jaw Worm","floor":3,"turns":6},{"damage":0,"enemies":"2 Fungi Beasts","floor":4,"turns":2},{"damage":16,"enemies":"Lagavulin","floor":7,"turns":5},{"damage":0,"enemies":"Looter","floor":11,"turns":2},{"damage":14,"enemies":"Gremlin Nob","floor":12,"turns":3},{"damage":1,"enemies":"3 Sentries","floor":14,"turns":5},{"damage":15,"enemies":"Hexaghost","floor":16,"turns":11},{"damage":9,"enemies":"Chosen","floor":18,"turns":4},{"damage":3,"enemies":"3 Byrds","floor":20,"turns":5},{"damage":28,"enemies":"3 Cultists","floor":21,"turns":4},{"damage":7,"enemies":"Slavers","floor":23,"turns":9},{"damage":17,"enemies":"Gremlin Leader","floor":25,"turns":6},{"damage":7,"enemies":"Book of Stabbing","floor":28,"turns":5},{"damage":18,"enemies":"Shelled Parasite and Fungi","floor":29,"turns":4},{"damage":3,"enemies":"Automaton","floor":33,"turns":6},{"damage":10,"enemies":"Orb Walker","floor":35,"turns":5},{"damage":5,"enemies":"3 Darklings","floor":36,"turns":8},{"damage":45,"enemies":"2 Orb Walkers","floor":37,"turns":8},{"damage":6,"enemies":"Writhing Mass","floor":39,"turns":7},{"damage":13,"enemies":"Reptomancer","floor":40,"turns":7},{"damage":2,"enemies":"Nemesis","floor":42,"turns":5},{"damage":3,"enemies":"Reptomancer","floor":45,"turns":5},{"damage":10,"enemies":"Maw","floor":46,"turns":8},{"damage":63,"enemies":"Awakened One","floor":50,"turns":14},{"damage":9,"enemies":"Shield and Spear","floor":54,"turns":3},{"damage":50,"enemies":"The Heart","floor":55,"turns":9}],"seed_played":"3676102319182849105","potions_obtained":[{"floor":1,"key":"DistilledChaos"},{"floor":3,"key":"Block Potion"},{"floor":7,"key":"Poison Potion"},{"floor":11,"key":"PowerPotion"},{"floor":12,"key":"Energy Potion"},{"floor":21,"key":"EssenceOfSteel"},{"floor":23,"key":"Weak Potion"},{"floor":35,"key":"SkillPotion"},{"floor":39,"key":"GhostInAJar"},{"floor":40,"key":"Swift Potion"},{"floor":42,"key":"Dexterity Potion"}],"is_trial":false,"path_per_floor":["M","M","M","M","?","R","E","?","T","R","M","E","R","E","R","B",null,"M","?","M","M","$","E","R","E","T","R","E","M","?","$","R","B",null,"M","M","?","?","M","E","R","E","T","R","E","M","?","$","R","B",null,"R","$","E","B",null],"character_chosen":"THE_SILENT","items_purchased":["Strength Potion","Calculated Gamble","PreservedInsect","OrangePellets","Leg Sweep","Corpse Explosion","Footwork","Poisoned Stab","DuplicationPotion"],"campfire_rested":2,"item_purchase_floors":[22,22,31,31,31,48,48,48,48],"current_hp_per_floor":[70,70,64,64,64,64,48,48,48,48,48,36,36,42,42,27,74,65,65,62,34,49,44,44,27,27,49,42,24,24,39,61,58,76,66,63,20,12,57,44,44,63,63,63,60,50,50,65,65,2,84,84,84,77,27],"gold":46,"neow_bonus":"RANDOM_COMMON_RELIC","is_daily":false,"chose_seed":false,"campfire_upgraded":8,"win_rate":0.0,"timestamp":1613668376,"path_taken":["M","M","?","M","?","R","E","?","T","R","M","E","R","E","R","BOSS","M","?","M","M","$","E","R","E","T","R","E","M","?","$","R","BOSS","M","M","?","?","M","E","R","E","T","R","E","M","?","$","R","BOSS","R","$","E","BOSS"],"items_purchased_type":["Potion","Card","Relic","Relic","Card","Card","Card","Card","Potion"],"build_version":"2020-12-22","purchased_purges":3,"victory":true,"max_hp_per_floor":[70,70,70,70,70,70,70,65,65,65,65,67,67,74,74,74,74,74,74,74,74,74,76,76,76,76,76,76,76,76,76,76,76,76,76,78,80,80,82,82,82,84,84,84,84,84,84,84,84,84,84,84,84,86,86],"relic_stats":{"Darkstone Periapt":0,"Singing Bowl":14,"counters":[28,165],"Golden Idol":219,"CeramicFish":54,"HoveringKite":[77],"PreservedInsect":233,"Juzu Bracelet":2,"Bag of Preparation":[28],"Orichalcum":[30],"OrangePellets":[2],"Bronze Scales":[404],"MealTicket":45,"obtain_stats":[{"Darkstone Periapt":23,"Potion Belt":26,"Singing Bowl":12,"Golden Idol":8,"SacredBark":34,"CeramicFish":40,"HoveringKite":17,"PreservedInsect":31,"Juzu Bracelet":7,"Bag of Preparation":25,"Orichalcum":45,"Ancient Tea Set":0,"OrangePellets":31,"CaptainsWheel":37,"Anchor":54,"Strawberry":14,"Bronze Scales":28,"MealTicket":9,"StrikeDummy":42,"Ring of the Snake":0},{"Darkstone Periapt":13,"Potion Belt":14,"Singing Bowl":7,"Golden Idol":5,"SacredBark":17,"CeramicFish":22,"HoveringKite":9,"PreservedInsect":16,"Juzu Bracelet":5,"Bag of Preparation":14,"Orichalcum":24,"Ancient Tea Set":0,"OrangePellets":16,"CaptainsWheel":20,"Anchor":27,"Strawberry":8,"Bronze Scales":15,"MealTicket":5,"StrikeDummy":23,"Ring of the Snake":0},{"Darkstone Periapt":65,"Potion Belt":71,"Singing Bowl":27,"Golden Idol":22,"SacredBark":86,"CeramicFish":121,"HoveringKite":43,"PreservedInsect":80,"Juzu Bracelet":22,"Bag of Preparation":71,"Orichalcum":131,"Ancient Tea Set":0,"OrangePellets":80,"CaptainsWheel":107,"Anchor":156,"Strawberry":32,"Bronze Scales":76,"MealTicket":22,"StrikeDummy":126,"Ring of the Snake":0}],"Ring of the Snake":[56]},"card_choices":[{"not_picked":["Choke","Acrobatics","Blur"],"picked":"SKIP","floor":1},{"not_picked":["Cloak And Dagger","Endless Agony"],"picked":"All Out Attack","floor":2},{"not_picked":["Sucker Punch","Dagger Spray"],"picked":"Dagger Throw","floor":3},{"not_picked":["Dodge and Roll","Acrobatics","Quick Slash"],"picked":"SKIP","floor":4},{"not_picked":["Quick Slash","Cloak And Dagger"],"picked":"Deadly Poison","floor":7},{"not_picked":["Outmaneuver","Underhanded Strike"],"picked":"Grand Finale","floor":11},{"not_picked":["Tactician","Riddle With Holes","Sucker Punch"],"picked":"Singing Bowl","floor":12},{"not_picked":["Outmaneuver","Sucker Punch"],"picked":"After Image","floor":14},{"not_picked":["Unload","Venomology"],"picked":"Glass Knife","floor":16},{"not_picked":["Deflect","Underhanded Strike"],"picked":"Catalyst+1","floor":18},{"not_picked":["Underhanded Strike+1","Sucker Punch"],"picked":"Night Terror","floor":20},{"not_picked":["Bane","Dodge and Roll"],"picked":"Cloak And Dagger+1","floor":21},{"not_picked":["Outmaneuver","Quick Slash","Concentrate"],"picked":"Singing Bowl","floor":23},{"not_picked":["Bane","Flying Knee+1"],"picked":"Well Laid Plans","floor":25},{"not_picked":["Finisher+1","Blade Dance"],"picked":"Venomology","floor":28},{"not_picked":["Tactician","Well Laid Plans"],"picked":"Acrobatics","floor":29},{"not_picked":["Unload","Grand Finale"],"picked":"Malaise","floor":33},{"not_picked":["Flying Knee","Masterful Stab"],"picked":"Acrobatics+1","floor":35},{"not_picked":["Accuracy+1","Outmaneuver","Blade Dance"],"picked":"Singing Bowl","floor":36},{"not_picked":["Well Laid Plans+1","Acrobatics","Deflect"],"picked":"Singing Bowl","floor":37},{"not_picked":["Dagger Throw","Outmaneuver","Cloak And Dagger"],"picked":"Singing Bowl","floor":39},{"not_picked":["Cloak And Dagger+1","Doppelganger","Flying Knee+1"],"picked":"SKIP","floor":40},{"not_picked":["Doppelganger","Flying Knee+1"],"picked":"Cloak And Dagger+1","floor":40},{"not_picked":["Reflex+1","Dagger Spray+1","Finisher+1"],"picked":"Singing Bowl","floor":42},{"not_picked":["Tactician","Concentrate"],"picked":"Blade Dance+1","floor":45},{"not_picked":["Outmaneuver","Dagger Throw+1"],"picked":"Terror+1","floor":46},{"not_picked":["Acrobatics","All Out Attack","Reflex"],"picked":"Singing Bowl","floor":54}],"player_experience":2642729,"relics_obtained":[{"floor":7,"key":"Juzu Bracelet"},{"floor":9,"key":"MealTicket"},{"floor":12,"key":"Singing Bowl"},{"floor":14,"key":"Strawberry"},{"floor":23,"key":"Darkstone Periapt"},{"floor":25,"key":"Bag of Preparation"},{"floor":26,"key":"Potion Belt"},{"floor":28,"key":"Bronze Scales"},{"floor":37,"key":"CaptainsWheel"},{"floor":40,"key":"CeramicFish"},{"floor":42,"key":"StrikeDummy"},{"floor":45,"key":"Orichalcum"},{"floor":54,"key":"Anchor"}],"event_choices":[{"cards_removed":["Defend_G"],"damage_healed":0,"gold_gain":0,"player_choice":"Card Removal","damage_taken":0,"max_hp_gain":0,"max_hp_loss":0,"event_name":"Wheel of Change","floor":5,"gold_loss":0},{"damage_healed":0,"gold_gain":0,"player_choice":"Lose Max HP","damage_taken":0,"relics_obtained":["Golden Idol"],"max_hp_gain":0,"max_hp_loss":5,"event_name":"Golden Idol","floor":8,"gold_loss":0},{"damage_healed":0,"gold_gain":0,"player_choice":"Ignored","damage_taken":0,"max_hp_gain":0,"max_hp_loss":0,"event_name":"The Mausoleum","floor":19,"gold_loss":0},{"damage_healed":0,"gold_gain":0,"cards_transformed":["Strike_G","Strike_G"],"player_choice":"Became Test Subject","damage_taken":0,"max_hp_gain":0,"max_hp_loss":0,"event_name":"Drug Dealer","floor":30,"gold_loss":0,"cards_obtained":["Outmaneuver","A Thousand Cuts"]},{"damage_healed":0,"gold_gain":0,"player_choice":"Fight","damage_taken":0,"max_hp_gain":0,"max_hp_loss":0,"event_name":"Mysterious Sphere","floor":37,"gold_loss":0},{"damage_healed":0,"gold_gain":0,"player_choice":"Damaged","damage_taken":8,"max_hp_gain":0,"max_hp_loss":0,"event_name":"Wheel of Change","floor":38,"gold_loss":0},{"cards_removed":["Strike_G"],"damage_healed":0,"gold_gain":0,"player_choice":"Removed Attack","damage_taken":0,"max_hp_gain":0,"max_hp_loss":0,"event_name":"Falling","floor":47,"gold_loss":0}],"is_beta":false,"boss_relics":[{"not_picked":["Busted Crown","Ectoplasm"],"picked":"HoveringKite"},{"not_picked":["Pandora\u0027s Box","Astrolabe"],"picked":"SacredBark"}],"items_purged_floors":[22,31,53],"is_endless":false,"potions_floor_spawned":[1,3,7,11,12,21,23,35,39,40,42],"ascension_level":2}}