{"host":"Aki","time":1613611319,"event":{"mods":["ATMod(°¢èªMod)","Act Like it!","BaseMod","Better Vampires","Challenge The Spire","Colored Powertips","Custom Start","Energized Spire","Minty Spire (QoL Compilation)","MostiFishMod","Quick Restart","StSLib","Waifu the Spire","Youmu£¨»êÆÇÑýÃÎ£©","noobMod","¡¾ÒÅÎï¿¨ÅÆ¡¿REMEMod"],"gold_per_floor":[110,60,135,36,36,63,63,63,89,144,144,207,272,295,295,417,417,510,435,470,470,570,625,575,75,100,100,169,50,160,160,160,340,340,435,435,572,637,726,779,779,909,909,954,1014,379,379,474,474,499],"floor_reached":51,"language":"ZHS","playtime":2970,"items_purged":["Strike_YM","Defend_YM","Defend_YM"],"score":1180,"play_id":"be8ecc6b-b807-4ddc-a57e-2aaaf67365cd","local_time":"20210218092159","is_ascension_mode":true,"campfire_choices":[{"data":"SanzenSekai","floor":11.0,"key":"SMITH"},{"data":"ThreeKonsSevenHakus","floor":15.0,"key":"SMITH"},{"data":"HumanGodSword","floor":27.0,"key":"SMITH"},{"data":"HellGodSword","floor":32.0,"key":"SMITH"},{"data":"TwoHundredYojanaInOneSlash","floor":41,"key":"SMITH"},{"data":"BloodOfAsura","floor":49,"key":"SMITH"}],"circlet_count":0,"master_deck":["Defend_YM","Defend_YM+1","SlashOfPresentWorld","WheelOfPainOfLivingAndDead+1","LotusPostureSlash","ThreeKonsSevenHakus+1","SlashOfAscensionToBuddhahood","SanzenSekai+1","TwoHundredYojanaInOneSlash+1","HeavenSword","HellGodSword+1","EchoesOfTheInclemencyOfAllBeings","HumanGodSword+1","ReincarnationSword+1","HumanRealmSword+1","ObsessionSword","DoubleWheelOfPain+1","SwordExtraction+1","BloodOfAsura+1","TwoHundredYojanaInOneSlash+1"],"relics":["HalfPhantom","ice","AT_ATBox","REME_ComplimentaryCards","DaveBox","White Beast Statue","NeowsBlessing","SynthV:TestCard","Hakurouken","Art of War","AT_MibuBalloonWealth","The Courier","Juzu Bracelet","ChiXiaoBlade","Ancient Tea Set","Nunchaku","TungstenRod","Bag of Preparation","BrkXgEgg","Omamori","AT_BellDemon","Bird Faced Urn","Coffee Dripper","Toy Ornithopter","Pocketwatch","Pen Nib","Lantern","War Paint","Molten Egg 2","Bag of Marbles","Oddly Smooth Stone","REME_HandOfSuture","Smiling Mask","Akabeko","Bottled Tornado","Mercury Hourglass","AT_SunfireAegis","AT_BellowingDragoncrestRing"],"acts_visited":["Exordium","TheCity","TheBeyond"],"potions_floor_usage":[38,38,38,38,38,40,50],"damage_taken":[{"damage":0.0,"enemies":"Jaw Worm","floor":1.0,"turns":1.0},{"damage":0.0,"enemies":"Gremlin Nob","floor":6.0,"turns":1.0},{"damage":0.0,"enemies":"Lagavulin","floor":10.0,"turns":1.0},{"damage":0.0,"enemies":"2 Louse","floor":12.0,"turns":1.0},{"damage":0.0,"enemies":"Small Slimes","floor":13.0,"turns":2.0},{"damage":26.0,"enemies":"The Guardian","floor":16.0,"turns":10.0},{"damage":0.0,"enemies":"3 Byrds","floor":18.0,"turns":4.0},{"damage":0.0,"enemies":"Spheric Guardian","floor":20.0,"turns":3.0},{"damage":1.0,"enemies":"Book of Stabbing","floor":23.0,"turns":8.0},{"damage":0.0,"enemies":"Chosen and Byrds","floor":28.0,"turns":3.0},{"damage":0.0,"enemies":"Slavers","floor":30.0,"turns":2.0},{"damage":0.0,"enemies":"Automaton","floor":33.0,"turns":5.0},{"damage":0.0,"enemies":"3 Shapes","floor":35.0,"turns":2.0},{"damage":0,"enemies":"3 Darklings","floor":37,"turns":2},{"damage":0,"enemies":"Transient","floor":38,"turns":5},{"damage":0,"enemies":"Jaw Worm Horde","floor":39,"turns":1},{"damage":0,"enemies":"Giant Head","floor":40,"turns":2},{"damage":0,"enemies":"Reptomancer","floor":42,"turns":2},{"damage":0,"enemies":"Maw","floor":44,"turns":2},{"damage":0,"enemies":"Nemesis","floor":45,"turns":3},{"damage":0,"enemies":"Sphere and 2 Shapes","floor":48,"turns":1},{"damage":0,"enemies":"Time Eater","floor":50,"turns":3}],"seed_played":"-2434773353878413899","potions_obtained":[{"floor":1.0,"key":"EntropicBrew"},{"floor":6.0,"key":"DuplicationPotion"},{"floor":10.0,"key":"Fire Potion"},{"floor":12.0,"key":"SkillPotion"},{"floor":23.0,"key":"PowerPotion"},{"floor":35.0,"key":"REME_GoldPotion"},{"floor":38,"key":"EssenceOfSteel"},{"floor":39,"key":"SteroidPotion"},{"floor":40,"key":"Fire Potion"},{"floor":42,"key":"EntropicBrew"}],"is_trial":false,"path_per_floor":["M","?","?","$","?","E","?","$","T","E","R","M","M","T","R","B",null,"M","?","M","?","?","E","?","$","T","R","M","$","E","?","R","B",null,"M","?","M","M","M","E","R","E","T","M","E","$","?","M","R","B",null],"character_chosen":"YOUMU","items_purchased":["ThreeKonsSevenHakus","HumanGodSword","Nunchaku","TungstenRod","BrkXgEgg","BloodOfAsura","Bottled Tornado","Mercury Hourglass","AT_SunfireAegis"],"campfire_rested":0,"item_purchase_floors":[4,25,25,25,29,46,46,46,46],"current_hp_per_floor":[75,75,64,64,57,57,57,57,57,57,57,57,57,57,57,31,75,75,75,75,75,75,74,74,74,74,74,74,74,74,74,74,74,75,75,75,75,75,75,75,75,75,75,75,75,75,85,85,85,85],"gold":499,"neow_bonus":"THREE_ENEMY_KILL","is_daily":false,"chose_seed":false,"campfire_upgraded":6,"win_rate":0.0,"timestamp":1613611319,"path_taken":["M","?","?","$","?","E","?","$","T","E","R","M","M","?","R","BOSS","M","?","M","?","?","E","?","$","T","R","M","?","E","?","R","BOSS","M","?","M","M","M","E","R","E","T","M","E","$","?","M","R","BOSS"],"items_purchased_type":["Card","Card","Relic","Relic","Relic","Card","Relic","Relic","Relic"],"build_version":"2020-12-18","purchased_purges":3,"victory":true,"max_hp_per_floor":[75,75,75,75,75,75,75,75,75,75,75,75,75,75,75,75,75,75,75,75,75,75,75,75,75,75,75,75,75,75,75,75,75,75,75,75,75,75,75,75,75,75,75,75,75,75,85,85,85,85],"card_choices":[{"not_picked":["TenKingsRetributionOnThePreta","SpiritCuttingSword"],"picked":"LotusPostureSlash","floor":1.0},{"not_picked":["TwoHundredYojanaInOneSlash","DispleasureOfTheSevenHakus","CelestialStarSword","LifeCuttingSword"],"picked":"SlashOfAscensionToBuddhahood","floor":6.0},{"not_picked":["FlashingScatteredFlowers","LifeCuttingSword","ASingleThoughtAndInfiniteKalpas","BloodOfAsura"],"picked":"SanzenSekai","floor":10.0},{"not_picked":["ConstancyOfTheConventionalTruth","FlashingScatteredFlowers","CrescentMoonSlash","CherryBlossomFlashing","SlashOfDelusionalInnerEye"],"picked":"SKIP","floor":12.0},{"not_picked":["FiveSignsOfTheDyingDeva","CherryBlossomFlashing","PhosphoricSlash","FourBirthsSword"],"picked":"TwoHundredYojanaInOneSlash","floor":13.0},{"not_picked":["AsuraSword","SlashOfTheEternalFuture","SuddenDivineSeveringOfKarmicWind","VoidnessSword"],"picked":"HeavenSword","floor":16.0},{"not_picked":["PhosphoricSlash","LowerRealmReflectionSlash","FourBirthsSword","ThreeKonsSevenHakus","SanzenSekai"],"picked":"SKIP","floor":18.0},{"not_picked":["SlashOfMeditation+1","ThreeKonsSevenHakus","CherryBlossomFlashing","HumanKnowledgeSword+1"],"picked":"HellGodSword","floor":20.0},{"not_picked":["PretaSword","TwoHundredYojanaInOneSlash","HumanGodSword","FlashingScatteredFlowers+1"],"picked":"EchoesOfTheInclemencyOfAllBeings","floor":23.0},{"not_picked":["ConstancyOfTheConventionalTruth+1","TransmigrationSlash","HumanKnowledgeSword","LowerRealmReflectionSlash","TwoHundredYojanaInOneSlash"],"picked":"SKIP","floor":28.0},{"not_picked":["CherryBlossomFlashing","HeartExcerptSlash","SwordOfBindingDesires+1","AsTheSilentNirvana"],"picked":"HellRealmSword+1","floor":30.0},{"not_picked":["SuddenDivineSeveringOfKarmicWind+1","HeavenGodSword+1","FastingOfTheYoungPreta+1","IrresoluteSoul+1"],"picked":"ReincarnationSword+1","floor":33.0},{"not_picked":["HeavenlyHaloSlash","AsTheSilentNirvana+1","SanzenSekai+1","HumanKnowledgeSword","SwordOfBindingDesires"],"picked":"SKIP","floor":35.0},{"not_picked":["CrescentMoonSlash+1","TwoHundredYojanaInOneSlash+1","HellFireSword","LowerRealmReflectionSlash+1"],"picked":"HumanRealmSword+1","floor":37},{"not_picked":["HumanKnowledgeSword+1","PhosphoricSlash+1","TwoHundredYojanaInOneSlash+1","ThreeKonsSevenHakus+1"],"picked":"ObsessionSword","floor":38},{"not_picked":["CherryBlossomFlashing","SwordOfBindingDesires","SanzenSekai","HumanKnowledgeSword","ConstancyOfTheConventionalTruth+1"],"picked":"SKIP","floor":39},{"not_picked":["PhosphoricSlash+1","FlashingScatteredFlowers+1","CherryBlossomSword+1","HiganSword+1"],"picked":"DoubleWheelOfPain+1","floor":40},{"not_picked":["CrescentMoonSlash+1","SanzenSekai+1","TransmigrationSlash+1","GhostSword","LowerRealmReflectionSlash+1"],"picked":"SKIP","floor":42},{"not_picked":["HumanRealmSword+1","FlashingScatteredFlowers+1","KarmicPunishmentOfTheIdleAndUnfocused+1","HumanKnowledgeSword+1"],"picked":"SwordExtraction+1","floor":44},{"not_picked":["LifeCuttingSword+1","ThreeKonsSevenHakus","ThoughtCuttingSword+1","PhosphoricSlash+1","LightFlashOfTheNetherworld+1"],"picked":"SKIP","floor":45},{"not_picked":["ThoughtCuttingSword+1","HumanGodSword+1","CherryBlossomFlashing+1","HeartExcerptSlash+1"],"picked":"TwoHundredYojanaInOneSlash+1","floor":48}],"player_experience":72651,"relics_obtained":[{"floor":1.0,"key":"SynthV:TestCard"},{"floor":6.0,"key":"Art of War"},{"floor":9.0,"key":"AT_MibuBalloonWealth"},{"floor":10.0,"key":"The Courier"},{"floor":14.0,"key":"Juzu Bracelet"},{"floor":23.0,"key":"Ancient Tea Set"},{"floor":26.0,"key":"Bag of Preparation"},{"floor":30.0,"key":"Omamori"},{"floor":33.0,"key":"Bird Faced Urn"},{"floor":35.0,"key":"Toy Ornithopter"},{"floor":37,"key":"Pocketwatch"},{"floor":38,"key":"Pen Nib"},{"floor":39,"key":"Lantern"},{"floor":40,"key":"War Paint"},{"floor":40,"key":"Molten Egg 2"},{"floor":42,"key":"Bag of Marbles"},{"floor":42,"key":"Oddly Smooth Stone"},{"floor":44,"key":"REME_HandOfSuture"},{"floor":45,"key":"Smiling Mask"},{"floor":45,"key":"Akabeko"},{"floor":48,"key":"AT_BellowingDragoncrestRing"}],"event_choices":[{"cards_removed":["Strike_YM"],"damage_healed":0.0,"max_hp_gain":0.0,"max_hp_loss":0.0,"gold_gain":0.0,"event_name":"The Cleric","player_choice":"Card Removal","floor":2.0,"gold_loss":50.0,"damage_taken":0.0},{"damage_healed":0.0,"max_hp_gain":0.0,"max_hp_loss":0.0,"gold_gain":75.0,"event_name":"World of Goop","player_choice":"Gather Gold","floor":3.0,"gold_loss":0.0,"damage_taken":11.0},{"damage_healed":0.0,"max_hp_gain":0.0,"max_hp_loss":0.0,"gold_gain":0.0,"event_name":"Scrap Ooze","player_choice":"Success","floor":5.0,"gold_loss":0.0,"damage_taken":7.0,"relics_obtained":["Hakurouken"]},{"cards_removed":["Strike_YM"],"damage_healed":0.0,"max_hp_gain":0.0,"max_hp_loss":0.0,"gold_gain":0.0,"event_name":"Living Wall","player_choice":"Forget","floor":7.0,"gold_loss":0.0,"damage_taken":0.0},{"cards_removed":["Strike_YM"],"damage_healed":0.0,"max_hp_gain":0.0,"max_hp_loss":0.0,"gold_gain":0.0,"event_name":"Beggar","player_choice":"Gave Gold","floor":19.0,"gold_loss":75.0,"damage_taken":0.0},{"damage_healed":0.0,"max_hp_gain":0.0,"max_hp_loss":0.0,"gold_gain":0.0,"event_name":"Ghosts","player_choice":"Ignored","floor":21.0,"gold_loss":0.0,"damage_taken":0.0},{"damage_healed":0.0,"max_hp_gain":0.0,"max_hp_loss":0.0,"gold_gain":100.0,"event_name":"Golden Shrine","player_choice":"Pray","floor":22.0,"gold_loss":0.0,"damage_taken":0.0},{"damage_healed":0.0,"max_hp_gain":0.0,"max_hp_loss":0.0,"gold_gain":0.0,"event_name":"The Joust","player_choice":"Bet on Murderer","floor":24.0,"gold_loss":50.0,"damage_taken":0.0},{"damage_healed":0.0,"max_hp_gain":0.0,"max_hp_loss":0.0,"gold_gain":0.0,"event_name":"Addict","player_choice":"Stole Relic","floor":31.0,"gold_loss":0.0,"damage_taken":0.0,"relics_obtained":["AT_BellDemon"],"cards_obtained":["Shame"]},{"damage_healed":0.0,"max_hp_gain":0.0,"max_hp_loss":0.0,"gold_gain":0.0,"event_name":"Tomb of Lord Red Mask","player_choice":"Ignored","floor":36.0,"gold_loss":0.0,"damage_taken":0.0},{"cards_removed":["HellRealmSword"],"damage_healed":0,"gold_gain":0,"player_choice":"Offered Rare","damage_taken":0,"max_hp_gain":10,"max_hp_loss":0,"event_name":"Bonfire Elementals","floor":47,"gold_loss":0}],"is_beta":true,"boss_relics":[{"not_picked":["Empty Cage","GreenFoldingFan"],"picked":"ChiXiaoBlade"},{"not_picked":["Busted Crown","NightmareShop"],"picked":"Coffee Dripper"}],"items_purged_floors":[4,25,46],"is_endless":false,"potions_floor_spawned":[1,6,10,12,13,16,18,20,23,28,30,33,35,37,38,39,40,42,44,45,48],"ascension_level":1}}