{"host":"11728qvdvolffudn","time":1613641828,"event":{"mods":["BaseMod","Block Reminder","Colored Powertips","Curses Come First","Custom Start","Displayed Cursed Tome","Highlight Path","Minty Spire (QoL Compilation)","Permanent Neow","Quick Restart","Rare Cards Sparkle","Relic Stats","StSLib","Weighted Paths"],"gold_per_floor":[110,122,47,47,47,47,13,31,57,91,91,169,169,119,119,224,224,239,239,257,257,188,214,214,92,92,92,92,111,111,126,126,227,227,243,263,263,263,138,138,138],"floor_reached":40,"language":"ENG","playtime":1094,"items_purged":["Strike_R","Strike_R","Writhe"],"score":528,"play_id":"a720a7dd-b468-4aa0-970c-f02d92a809df","local_time":"20210218095028","is_ascension_mode":true,"campfire_choices":[{"data":"Defend_R","floor":6,"key":"SMITH"},{"data":"Demon Form","floor":11,"key":"SMITH"},{"floor":15,"key":"REST"},{"floor":24,"key":"REST"},{"data":"Immolate","floor":27,"key":"SMITH"},{"data":"Whirlwind","floor":30,"key":"SMITH"},{"floor":32,"key":"REST"}],"circlet_count":0,"master_deck":["Strike_R+1","Defend_R+1","Defend_R","Defend_R+1","Defend_R","Bash","Feed+1","Cleave","Rampage","Demon Form+1","Immolate+1","Whirlwind","Whirlwind+1","Flex"],"relics":["Black Blood","Dream Catcher","Gremlin Horn","SlaversCollar","Bottled Flame","Mercury Hourglass","Shovel"],"acts_visited":["Exordium","TheCity","TheBeyond"],"potions_floor_usage":[33,33,33,40],"damage_taken":[{"damage":13,"enemies":"Jaw Worm","floor":1,"turns":4},{"damage":0,"enemies":"Small Slimes","floor":2,"turns":3},{"damage":0,"enemies":"Cultist","floor":8,"turns":4},{"damage":45,"enemies":"Gremlin Nob","floor":10,"turns":5},{"damage":37,"enemies":"The Guardian","floor":16,"turns":9},{"damage":21,"enemies":"Chosen","floor":18,"turns":6},{"damage":36,"enemies":"2 Thieves","floor":20,"turns":4},{"damage":21,"enemies":"Gremlin Leader","floor":23,"turns":6},{"damage":30,"enemies":"Cultist and Chosen","floor":29,"turns":5},{"damage":0,"enemies":"3 Cultists","floor":31,"turns":2},{"damage":55,"enemies":"Automaton","floor":33,"turns":7},{"damage":66,"enemies":"3 Darklings","floor":35,"turns":3},{"damage":12,"enemies":"3 Shapes","floor":36,"turns":2},{"damage":61,"enemies":"Nemesis","floor":40,"turns":3}],"seed_played":"-1506778345507427714","potions_obtained":[{"floor":16,"key":"Block Potion"},{"floor":18,"key":"Dexterity Potion"},{"floor":31,"key":"SteroidPotion"},{"floor":36,"key":"LiquidBronze"}],"is_trial":false,"path_per_floor":["M","M","$","?","?","R","$","M","T","E","R","?","?","?","R","B",null,"M","?","M","?","$","E","R","$","T","R","?","M","R","M","R","B",null,"M","M","$","?","$","E"],"character_chosen":"IRONCLAD","items_purchased":["Rampage","Whirlwind","Flex"],"campfire_rested":3,"item_purchase_floors":[7,22,25],"current_hp_per_floor":[76,85,85,68,68,68,68,78,78,39,39,39,39,39,66,35,90,79,79,53,33,33,18,48,48,48,48,48,24,24,30,60,11,103,53,57,57,57,57,0,0],"gold":138,"neow_bonus":"ONE_RANDOM_RARE_CARD","is_daily":false,"chose_seed":false,"campfire_upgraded":4,"win_rate":0.0,"timestamp":1613641828,"path_taken":["M","M","$","?","?","R","?","?","T","E","R","?","?","?","R","BOSS","M","?","M","?","$","E","R","?","T","R","?","M","R","M","R","BOSS","M","M","$","?","$","E"],"items_purchased_type":["Card","Card","Card"],"build_version":"2020-12-22","purchased_purges":3,"victory":false,"max_hp_per_floor":[83,86,86,86,86,86,86,90,90,90,90,90,90,90,90,90,90,94,94,98,103,103,103,103,103,103,103,103,103,103,103,103,103,103,107,111,111,111,111,111,111],"relic_stats":{"Dream Catcher":3,"Shovel":0,"Gremlin Horn":[12,12],"counters":[14,63],"Black Blood":90,"obtain_stats":[{"SlaversCollar":17,"Dream Catcher":9,"Bottled Flame":23,"Shovel":28,"Gremlin Horn":10,"Black Blood":34,"Burning Blood":0,"Mercury Hourglass":26},{"SlaversCollar":5,"Dream Catcher":3,"Bottled Flame":8,"Shovel":8,"Gremlin Horn":4,"Black Blood":11,"Burning Blood":0,"Mercury Hourglass":8},{"SlaversCollar":25,"Dream Catcher":11,"Bottled Flame":41,"Shovel":41,"Gremlin Horn":16,"Black Blood":55,"Burning Blood":0,"Mercury Hourglass":41}],"Mercury Hourglass":[102]},"card_choices":[{"not_picked":["Heavy Blade","Havoc","Disarm"],"picked":"SKIP","floor":1},{"not_picked":["Warcry","Heavy Blade"],"picked":"Cleave","floor":2},{"not_picked":["Dual Wield","Perfected Strike"],"picked":"Demon Form","floor":8},{"not_picked":["Clothesline","Cleave","Clash"],"picked":"SKIP","floor":10},{"not_picked":["Offering","Exhume"],"picked":"Immolate","floor":16},{"not_picked":["Rupture","True Grit+1","Armaments+1"],"picked":"SKIP","floor":18},{"not_picked":["Perfected Strike+1","Flame Barrier+1","Iron Wave+1"],"picked":"SKIP","floor":20},{"not_picked":["Iron Wave+1","Brutality","Armaments+1"],"picked":"SKIP","floor":23},{"not_picked":["Thunderclap","Sentinel","Anger"],"picked":"SKIP","floor":29},{"not_picked":["Entrench","Sword Boomerang","Clash+1"],"picked":"SKIP","floor":31},{"not_picked":["Anger+1","Sever Soul","Twin Strike+1"],"picked":"SKIP","floor":35},{"not_picked":["Warcry+1","Hemokinesis","Dark Embrace+1"],"picked":"SKIP","floor":36}],"player_experience":219957,"relics_obtained":[{"floor":9,"key":"Dream Catcher"},{"floor":10,"key":"Gremlin Horn"},{"floor":23,"key":"Bottled Flame"},{"floor":26,"key":"Mercury Hourglass"}],"event_choices":[{"damage_healed":0,"gold_gain":0,"player_choice":"Entered Light","damage_taken":17,"max_hp_gain":0,"max_hp_loss":0,"event_name":"Shining Light","floor":4,"gold_loss":0,"cards_upgraded":["Strike_R","Defend_R"]},{"damage_healed":0,"gold_gain":0,"player_choice":"Grow","damage_taken":0,"max_hp_gain":0,"max_hp_loss":0,"event_name":"Living Wall","floor":5,"gold_loss":0,"cards_upgraded":["Feed"]},{"damage_healed":0,"gold_gain":78,"player_choice":"Gained Gold","damage_taken":0,"max_hp_gain":0,"max_hp_loss":0,"event_name":"Golden Wing","floor":12,"gold_loss":0},{"damage_healed":0,"gold_gain":0,"player_choice":"Ignored","damage_taken":0,"max_hp_gain":0,"max_hp_loss":0,"event_name":"Liars Game","floor":13,"gold_loss":0},{"cards_removed":["Strike_R"],"damage_healed":0,"gold_gain":0,"player_choice":"Card Removal","damage_taken":0,"max_hp_gain":0,"max_hp_loss":0,"event_name":"The Cleric","floor":14,"gold_loss":50},{"damage_healed":0,"gold_gain":0,"player_choice":"Read","damage_taken":0,"max_hp_gain":0,"max_hp_loss":0,"event_name":"The Library","floor":19,"gold_loss":0,"cards_obtained":["Whirlwind"]},{"damage_healed":0,"gold_gain":0,"player_choice":"Shed Blood","damage_taken":25,"max_hp_gain":5,"max_hp_loss":0,"event_name":"Forgotten Altar","floor":21,"gold_loss":0},{"damage_healed":0,"gold_gain":0,"player_choice":"Opened","damage_taken":0,"relics_obtained":["Shovel"],"max_hp_gain":0,"max_hp_loss":0,"event_name":"The Mausoleum","floor":28,"gold_loss":0,"cards_obtained":["Writhe"]},{"cards_removed":["Strike_R"],"damage_healed":0,"gold_gain":0,"player_choice":"Offered Basic","damage_taken":0,"max_hp_gain":0,"max_hp_loss":0,"event_name":"Bonfire Elementals","floor":38,"gold_loss":0}],"is_beta":false,"boss_relics":[{"not_picked":["Mark of Pain","Cursed Key"],"picked":"SlaversCollar"},{"not_picked":["Astrolabe","Tiny House"],"picked":"Black Blood"}],"items_purged_floors":[3,25,39],"is_endless":false,"potions_floor_spawned":[16,18,31,36],"killed_by":"Nemesis","ascension_level":4}}