{"host":"rm0ctv8qd8mnbkg1","time":1613661643,"event":{"mods":["BaseMod","Beaked The Cultist","BetterRewards","Colored Map","DNKmod","Dark Map","Defuse TimeMaze Blight","Downfall","Friendly Minions","Hubris","Marisa????????","Minty Spire (QoL Compilation)","MostiFishMod","Permanent Neow","Rare Cards Sparkle","Relic Sorter","Reliquary","Replay The Spire","RumiaBox-????????","Shade Mod","Shop Mod","Spicy Shops","Spire Arcade","StSLib","The Construct","The Servant 0.9.4","TheVacant","Wandering Minibosses","??????REMEMod"],"gold_per_floor":[10120,10120,10120,10195,9683,7816,7816,7835,7835,7846,7876,6758,6785,6796,6796,6895,6895,6906,6148,6163,6163,5623,5623,5652,5664,5664,5674,5689,5689,4654,4674,4674,4774,4774,4787,4797,4797,3940,3950,3950,3970,3970,4038,4056,3242,3242,3273,3283,3283,3283],"floor_reached":51,"language":"ENG","playtime":1255,"items_purged":["Doubt","Clumsy","Writhe"],"score":1240,"play_id":"834e2279-a13f-4d85-aadf-a45de0ff8498","local_time":"20210218152043","is_ascension_mode":true,"campfire_choices":[{"data":"Bash","floor":7,"key":"SMITH"},{"data":"Sword Boomerang","floor":15,"key":"SMITH"},{"data":"Rupture","floor":23,"key":"SMITH"},{"data":"ReplayTheSpireMod:Corrosion Curse","floor":32,"key":"SMITH"},{"data":"ReplayTheSpireMod:Muscle Training","floor":40,"key":"SMITH"},{"data":"Heavy Blade","floor":42,"key":"SMITH"},{"data":"Pummel","floor":49,"key":"SMITH"}],"circlet_count":0,"master_deck":["J.A.X.+1","Strike_R","Strike_R","Strike_R","Strike_R","Strike_R","Defend_R","Defend_R","Defend_R","Defend_R","Bash+1","construct:Synchronize+1","Cleave","Run Through","Rampage","Sword Boomerang+1","Replay:Undeath\u0027s Touch","REME_FearOfPain","Replay:Undeath\u0027s Touch","Anger","Intimidate","Replay:Undeath\u0027s Touch","Barricade","Heavy Blade+1","Inflame","Rupture+1","Flex","ReplayTheSpireMod:Stacked","Twin Strike","Dark Embrace","Rupture","Rupture","ReplayTheSpireMod:Corrosion Curse+1","Thunderclap+1","ReplayTheSpireMod:Muscle Training+1","REME_EyeOfCthun","Bludgeon","Pummel+1","Hemokinesis","Flex","Twin Strike"],"relics":["Burning Blood","Baka2","AddBug","REME_ComplimentaryCards","DaveBox","ArrowTower","SecretRecord","SecretRecord","SecretRecord","SecretRecord","SecretRecord","SecretRecord","SecretRecord","SecretRecord","SecretRecord","SecretRecord"],"acts_visited":["Exordium","TheCity","TheBeyond"],"potions_floor_usage":[6,39,41,50,50,50],"damage_taken":[{"damage":3,"enemies":"2 Louse","floor":1,"turns":2},{"damage":7,"enemies":"3 Sentries","floor":6,"turns":3},{"damage":3,"enemies":"Small Slimes","floor":8,"turns":2},{"damage":0,"enemies":"Jaw Worm","floor":10,"turns":2},{"damage":3,"enemies":"Lagavulin","floor":11,"turns":2},{"damage":3,"enemies":"Gremlin Nob","floor":13,"turns":2},{"damage":0,"enemies":"Large Slime","floor":14,"turns":2},{"damage":3,"enemies":"The Guardian","floor":16,"turns":3},{"damage":3,"enemies":"Chosen","floor":18,"turns":2},{"damage":0,"enemies":"Shell Parasite","floor":20,"turns":2},{"damage":18,"enemies":"Slavers","floor":24,"turns":2},{"damage":3,"enemies":"Centurion and Healer","floor":25,"turns":3},{"damage":15,"enemies":"Chosen and Byrds","floor":27,"turns":3},{"damage":7,"enemies":"Cultist and Chosen","floor":28,"turns":2},{"damage":0,"enemies":"Snecko","floor":31,"turns":4},{"damage":3,"enemies":"Automaton","floor":33,"turns":2},{"damage":3,"enemies":"Orb Walker","floor":35,"turns":1},{"damage":11,"enemies":"3 Shapes","floor":36,"turns":5},{"damage":30,"enemies":"Sphere and 2 Shapes","floor":39,"turns":4},{"damage":37,"enemies":"Transient","floor":41,"turns":4},{"damage":3,"enemies":"Maw","floor":44,"turns":2},{"damage":16,"enemies":"Nemesis","floor":47,"turns":3},{"damage":35,"enemies":"Jaw Worm Horde","floor":48,"turns":1},{"damage":43,"enemies":"Awakened One","floor":50,"turns":4}],"seed_played":"-6491644311168988567","potions_obtained":[{"floor":6,"key":"EntropicBrew"},{"floor":8,"key":"Energy Potion"},{"floor":11,"key":"Venom Potion"},{"floor":28,"key":"DuplicationPotion"},{"floor":47,"key":"Explosive Potion"}],"is_trial":false,"path_per_floor":["M","?","?","?","$","E","R","M","T","M","E","$","E","M","R","B",null,"M","$","M","?","$","R","E","M","T","M","M","?","$","M","R","B",null,"M","M","?","$","M","R","M","R","T","M","$","?","E","M","R","B",null],"character_chosen":"IRONCLAD","items_purchased":["Run Through","reliquary:Crutches","Chameleon Ring","DuplicationPotion","Sling","hubris:TenFootPole","REME_FearOfPain","Replay:Undeath\u0027s Touch","Anger","Blue Candle","Replay:Rubber Ducky","reliquary:Boomerang","War Paint","Strange Spoon","Calipers","MealTicket","BargainBundle","Replay:Wax Seal","TungstenRod","hubris:SlimyHat","Rupture","Flex","Guardian:PocketSentry","hubris:SphereOfDissonance","Mirror","PrismaticShard","Medical Kit","Rupture","Juzu Bracelet","Pondfish Scales","SecretRecord","ReplayTheSpireMod:Muscle Training","REME_EyeOfCthun","ReplayTheSpireMod:CursedCoin","hexamod:BolsterEngine","PreservedInsect","Frozen Eye","Pantograph","SSSystem"],"campfire_rested":0,"item_purchase_floors":[5,5,5,5,12,12,12,12,12,12,12,12,19,19,19,19,22,22,22,22,22,22,30,30,30,30,30,30,30,38,38,38,38,45,45,45,45,45,45],"current_hp_per_floor":[1000,1000,1000,989,989,988,988,991,991,997,1000,1000,1000,1000,1000,1000,1000,1000,1000,1000,1000,1000,1000,988,991,991,982,981,981,981,987,987,990,1000,1000,995,1000,1000,997,997,966,966,966,969,969,969,959,930,930,893],"gold":3283,"neow_bonus":"HUNDRED_GOLD","is_daily":false,"chose_seed":false,"campfire_upgraded":7,"win_rate":0.0,"timestamp":1613661643,"path_taken":["M","?","?","?","$","E","R","M","T","M","E","$","E","M","R","BOSS","M","$","M","?","$","R","E","M","T","M","M","?","$","?","R","BOSS","M","M","?","$","M","R","?","R","T","M","$","?","E","M","R","BOSS"],"items_purchased_type":["Card","Relic","Relic","Potion","Relic","Relic","Card","Card","Card","Relic","Relic","Relic","Relic","Relic","Relic","Relic","Relic","Relic","Relic","Relic","Card","Card","Relic","Relic","Relic","Relic","Relic","Card","Relic","Relic","Relic","Card","Card","Relic","Relic","Relic","Relic","Relic","Relic"],"build_version":"2020-12-22","purchased_purges":3,"victory":true,"max_hp_per_floor":[1000,1000,1000,1000,1000,1000,1000,1000,1000,1000,1000,1000,1000,1000,1000,1000,1000,1000,1000,1000,1000,1000,1000,1000,1000,1000,1000,1000,1000,1000,1000,1000,1000,1000,1000,1000,1000,1000,1000,1000,1000,1000,1000,1000,1000,1000,1000,1000,1000,1000],"card_choices":[{"not_picked":["Flex","Warcry"],"picked":"Cleave","floor":1},{"not_picked":["ReplayTheSpireMod:LeadingStrike","ReplayTheSpireMod:Strike From Hell"],"picked":"Rampage","floor":6},{"not_picked":["Burning Pact","True Grit"],"picked":"Sword Boomerang","floor":8},{"not_picked":["Headbutt","Spot Weakness"],"picked":"Replay:Undeath\u0027s Touch","floor":10},{"not_picked":["Flex","ReplayTheSpireMod:Limb From Limb","MostiFishMod:ChineseTea"],"picked":"SKIP","floor":11},{"not_picked":["True Grit","Ghostly Armor"],"picked":"Intimidate","floor":13},{"not_picked":["Clothesline","MostiFishMod:#F4004"],"picked":"Replay:Undeath\u0027s Touch","floor":14},{"not_picked":["hubris:StunningStrike","MostiFishMod:OrdinaryWorld"],"picked":"Barricade","floor":16},{"not_picked":["REME_SingleHolding+1","Second Wind"],"picked":"Heavy Blade","floor":18},{"not_picked":["Run Through","Pommel Strike"],"picked":"Inflame","floor":20},{"not_picked":["hubris:ReadiedAction","ReplayTheSpireMod:Strike From Hell"],"picked":"ReplayTheSpireMod:Stacked","floor":24},{"not_picked":["Anger+1","Heavy Blade+1"],"picked":"Twin Strike","floor":25},{"not_picked":["Warcry","Perfected Strike"],"picked":"Dark Embrace","floor":27},{"not_picked":["Body Slam","Blood for Blood"],"picked":"Thunderclap","floor":27},{"not_picked":["Warcry","Shockwave+1"],"picked":"Rupture","floor":27},{"not_picked":["hubris:ReadiedAction","Rage+1","Reaper"],"picked":"SKIP","floor":27},{"not_picked":["Clash+1","Cleave","Anger"],"picked":"SKIP","floor":28},{"not_picked":["Warcry+1","Infernal Blade"],"picked":"ReplayTheSpireMod:Corrosion Curse","floor":31},{"not_picked":["Bludgeon","MostiFishMod:WingOfPhoenix"],"picked":"Demonic Infusion","floor":33},{"not_picked":["Headbutt","Flex","hubris:ReadiedAction+1"],"picked":"SKIP","floor":35},{"not_picked":["Wild Strike+1","Armaments"],"picked":"Thunderclap+1","floor":36},{"not_picked":["Sword Boomerang+1","Iron Wave+1"],"picked":"Bludgeon","floor":39},{"not_picked":["True Grit","Perfected Strike"],"picked":"Pummel","floor":41},{"not_picked":["Uppercut","MostiFishMod:Chiaki"],"picked":"Hemokinesis","floor":44},{"not_picked":["Cleave","Heavy Blade+1"],"picked":"Flex","floor":47},{"not_picked":["Pommel Strike+1","Offering"],"picked":"Twin Strike","floor":48}],"player_experience":377582,"relics_obtained":[{"floor":1,"key":"AddBug"},{"floor":1,"key":"SynthV:TestCard"},{"floor":1,"key":"Baka"},{"floor":6,"key":"Bronze Scales"},{"floor":9,"key":"reliquary:Sod"},{"floor":10,"key":"SecretRecord"},{"floor":11,"key":"Bottled Tornado"},{"floor":13,"key":"SecretRecord"},{"floor":13,"key":"ThornShield"},{"floor":20,"key":"SecretRecord"},{"floor":20,"key":"Baka2"},{"floor":24,"key":"Lantern"},{"floor":26,"key":"reliquary:PurpleTingedLeaf"},{"floor":27,"key":"SecretRecord"},{"floor":28,"key":"SecretRecord"},{"floor":33,"key":"SecretRecord"},{"floor":36,"key":"SecretRecord"},{"floor":36,"key":"wanderingMiniBosses:OtherGremlinHorn"},{"floor":36,"key":"Mango"},{"floor":41,"key":"SecretRecord"},{"floor":43,"key":"reliquary:QuartzCube"},{"floor":47,"key":"hubris:DuctTape"}],"event_choices":[{"damage_healed":0,"gold_gain":0,"player_choice":"Ignored","damage_taken":0,"max_hp_gain":0,"max_hp_loss":0,"event_name":"Shining Light","floor":2,"gold_loss":0},{"damage_healed":0,"gold_gain":75,"player_choice":"Gather Gold","damage_taken":11,"max_hp_gain":0,"max_hp_loss":0,"event_name":"World of Goop","floor":4,"gold_loss":0},{"damage_healed":0,"gold_gain":0,"player_choice":"Ignored","damage_taken":0,"max_hp_gain":0,"max_hp_loss":0,"event_name":"Cursed Tome","floor":21,"gold_loss":0},{"cards_removed":["Thunderclap"],"damage_healed":5,"gold_gain":0,"player_choice":"Offered Common","damage_taken":0,"max_hp_gain":0,"max_hp_loss":0,"event_name":"Bonfire Elementals","floor":37,"gold_loss":0},{"cards_removed":["Thunderclap"],"damage_healed":5,"gold_gain":0,"player_choice":"Offered Special","damage_taken":0,"max_hp_gain":0,"max_hp_loss":0,"event_name":"Bonfire Elementals","floor":37,"gold_loss":0},{"damage_healed":0,"gold_gain":0,"player_choice":"Ignored","damage_taken":0,"max_hp_gain":0,"max_hp_loss":0,"event_name":"Tomb of Lord Red Mask","floor":46,"gold_loss":0}],"is_beta":false,"boss_relics":[{"not_picked":["RhineSuit","RhineCircuit"],"picked":"Calling Bell"},{"not_picked":["hubris:Stopwatch","Kintsugi"],"picked":"Runic Pyramid"}],"items_purged_floors":[22,30,45],"is_endless":false,"potions_floor_spawned":[6,8,11,14,24,28,31,36,41,47,48],"ascension_level":4}}