{"host":"6bsan6hkua32tfq7","time":1613686177,"event":{"mods":["BaseMod","Better Third Choice","Colored Map","Highlight Path","Minty Spire (QoL Compilation)","StSLib"],"gold_per_floor":[115,115,40,40,58,58,71,104,130,130,140,140,159,175,175,248,248,262,262,274,189,207,207,207,239,239,239,267,287,315,315,315],"floor_reached":31,"language":"ENG","playtime":688,"items_purged":["Strike_R"],"score":590,"play_id":"f7edc3f0-7992-46ff-bfca-0e43c634bb8b","local_time":"20210218230937","is_ascension_mode":true,"campfire_choices":[{"data":"Bash","floor":6,"key":"SMITH"},{"data":"Fire Breathing","floor":10,"key":"SMITH"},{"data":"Intimidate","floor":15,"key":"SMITH"},{"floor":23,"key":"REST"}],"circlet_count":0,"master_deck":["AscendersBane","Strike_R+1","Strike_R","Strike_R","Strike_R","Defend_R","Defend_R","Bash+1","Intimidate+1","Anger+1","Anger","Fire Breathing+1","Shrug It Off","Immolate","Wild Strike+1","Power Through","Metallicize","Headbutt+1"],"relics":["Burning Blood","NeowsBlessing","Dream Catcher","Potion Belt","Fusion Hammer","Gremlin Horn","Happy Flower","Molten Egg 2","Pantograph","Dead Branch","Calipers"],"acts_visited":["Exordium","TheCity"],"potions_floor_usage":[13,16,25,28,28,31,31],"damage_taken":[{"damage":0,"enemies":"Cultist","floor":1,"turns":1},{"damage":0,"enemies":"2 Louse","floor":5,"turns":1},{"damage":0,"enemies":"Small Slimes","floor":7,"turns":1},{"damage":32,"enemies":"Gremlin Nob","floor":8,"turns":4},{"damage":16,"enemies":"Blue Slaver","floor":11,"turns":4},{"damage":0,"enemies":"2 Fungi Beasts","floor":13,"turns":1},{"damage":2,"enemies":"Exordium Wildlife","floor":14,"turns":3},{"damage":15,"enemies":"Slime Boss","floor":16,"turns":7},{"damage":0,"enemies":"3 Byrds","floor":18,"turns":3},{"damage":0,"enemies":"Chosen","floor":20,"turns":3},{"damage":33,"enemies":"Snake Plant","floor":22,"turns":5},{"damage":27,"enemies":"Book of Stabbing","floor":25,"turns":4},{"damage":37,"enemies":"Slavers","floor":28,"turns":4},{"damage":0,"enemies":"Centurion and Healer","floor":29,"turns":5},{"damage":19,"enemies":"Gremlin Leader","floor":30,"turns":4},{"damage":23,"enemies":"Shelled Parasite and Fungi","floor":31,"turns":1}],"seed_played":"-424780294332353167","potions_obtained":[{"floor":5,"key":"SpeedPotion"},{"floor":11,"key":"AttackPotion"},{"floor":13,"key":"ElixirPotion"},{"floor":16,"key":"Swift Potion"},{"floor":22,"key":"ColorlessPotion"},{"floor":25,"key":"FearPotion"},{"floor":28,"key":"FearPotion"},{"floor":30,"key":"Explosive Potion"}],"is_trial":false,"path_per_floor":["M","?","$","?","M","R","M","E","T","R","M","?","M","M","R","B",null,"M","?","M","?","M","R","?","E","T","T","E","M","E","M"],"character_chosen":"IRONCLAD","items_purchased":[],"campfire_rested":1,"item_purchase_floors":[],"current_hp_per_floor":[74,74,74,67,73,73,75,49,49,49,39,16,22,26,26,17,61,67,75,75,75,48,70,70,49,49,49,18,24,11,0,0],"gold":315,"neow_bonus":"THREE_ENEMY_KILL","is_daily":false,"chose_seed":false,"campfire_upgraded":3,"win_rate":0.0,"timestamp":1613686177,"path_taken":["M","?","$","?","M","R","M","E","T","R","M","?","M","?","R","BOSS","M","?","M","?","M","R","?","E","T","?","E","?","E","?"],"items_purchased_type":[],"build_version":"2020-12-22","purchased_purges":1,"victory":false,"max_hp_per_floor":[75,75,75,75,75,75,75,75,75,75,75,75,75,75,75,75,75,75,75,75,75,75,75,75,75,75,75,75,75,75,75,75],"card_choices":[{"not_picked":["Armaments","Dropkick"],"picked":"Intimidate","floor":1},{"not_picked":["Thunderclap","Clothesline"],"picked":"Anger","floor":5},{"not_picked":["Bloodletting","Flex"],"picked":"Anger","floor":7},{"not_picked":["Rupture","Flex"],"picked":"Fire Breathing","floor":8},{"not_picked":["Rage","Spot Weakness"],"picked":"Shrug It Off","floor":11},{"not_picked":["Pommel Strike","Thunderclap","Second Wind"],"picked":"SKIP","floor":13},{"not_picked":["Burning Pact","Heavy Blade","Headbutt"],"picked":"SKIP","floor":14},{"not_picked":["Impervious","Reaper"],"picked":"Immolate","floor":16},{"not_picked":["Sword Boomerang","Headbutt","Anger"],"picked":"SKIP","floor":18},{"not_picked":["Clothesline","Rampage"],"picked":"Wild Strike+1","floor":20},{"not_picked":["Flex","Flame Barrier"],"picked":"Power Through","floor":22},{"not_picked":["Searing Blow","Warcry","Perfected Strike"],"picked":"SKIP","floor":25},{"not_picked":["Whirlwind+1","Combust"],"picked":"Metallicize","floor":28},{"not_picked":["Iron Wave+1","Havoc"],"picked":"Headbutt+1","floor":29},{"not_picked":["Blood for Blood+1","Burning Pact","Sever Soul+1"],"picked":"SKIP","floor":30},{"not_picked":["Blood for Blood+1","Burning Pact","Sever Soul+1"],"picked":"SKIP","floor":30}],"player_experience":5437434,"relics_obtained":[{"floor":8,"key":"Dream Catcher"},{"floor":9,"key":"Potion Belt"},{"floor":25,"key":"Happy Flower"},{"floor":26,"key":"Molten Egg 2"},{"floor":27,"key":"Pantograph"},{"floor":28,"key":"Dead Branch"},{"floor":30,"key":"Calipers"}],"event_choices":[{"cards_removed":["Defend_R"],"damage_healed":0,"gold_gain":0,"player_choice":"Forget","damage_taken":0,"max_hp_gain":0,"max_hp_loss":0,"event_name":"Living Wall","floor":2,"gold_loss":0},{"cards_removed":["Defend_R"],"damage_healed":0,"gold_gain":0,"player_choice":"Card Removal","damage_taken":7,"max_hp_gain":0,"max_hp_loss":0,"event_name":"Golden Wing","floor":4,"gold_loss":0},{"damage_healed":39,"gold_gain":0,"player_choice":"Upgrade","damage_taken":23,"max_hp_gain":0,"max_hp_loss":75,"event_name":"betterThird:BetterShining","floor":12,"gold_loss":1,"cards_upgraded":["Anger","Strike_R"]},{"damage_healed":15,"gold_gain":0,"player_choice":"Heal","damage_taken":0,"max_hp_gain":0,"max_hp_loss":0,"event_name":"The Library","floor":19,"gold_loss":0},{"damage_healed":0,"gold_gain":0,"player_choice":"Obtained Relic","damage_taken":0,"relics_obtained":["Gremlin Horn"],"max_hp_gain":0,"max_hp_loss":0,"event_name":"Addict","floor":21,"gold_loss":85},{"damage_healed":0,"gold_gain":0,"player_choice":"Ignored","damage_taken":0,"max_hp_gain":0,"max_hp_loss":0,"event_name":"Vampires","floor":24,"gold_loss":0}],"is_beta":false,"boss_relics":[{"not_picked":["Runic Dome","Black Star"],"picked":"Fusion Hammer"}],"items_purged_floors":[3],"is_endless":false,"potions_floor_spawned":[5,11,13,16,22,25,28,30],"killed_by":"Shelled Parasite and Fungi","ascension_level":20}}