{"host":"hfxahm4y1ssattqc","time":1613621832,"event":{"mods":["2.2 Compatiblity","Act Like it!","Aspiration","BaseMod","Beaked The Cultist","Better Third Choice","BetterRewards","Colored Map","Colored Powertips","Custom Start","Downfall","Googly Eyes","Halation","Hallownest","Hermit","Highlight Path","Hubris","Infinite Spire","Mimic Mod","Minty Spire (QoL Compilation)","Reorder Act Four","Replay The Spire","Shop Mod","Spikes Relics","StSLib","The Bug Knight","The IronCluck","The Jungle","Unknown Chances","slay the spire mod where everything is the same but ironclad has a cowboy hat"],"gold_per_floor":[99,118,137,155,166,166,205,237,253,253,253,253],"floor_reached":11,"language":"ENG","playtime":556,"items_purged":[],"score":67,"play_id":"38f7b205-5bf8-49c2-8b06-f1f78ebc32be","local_time":"20210217201712","is_ascension_mode":false,"campfire_choices":[{"data":"Transmutation","floor":1,"key":"SMITH"},{"data":"beaked:MachineSpirit","floor":6,"key":"SMITH"}],"circlet_count":0,"master_deck":["beaked:CrazyRituals+1","beaked:Strike_Y","beaked:Strike_Y","beaked:Strike_Y","beaked:Strike_Y","beaked:Strike_Y","beaked:Defend_Y","beaked:Defend_Y","beaked:Defend_Y","beaked:Defend_Y","beaked:Ceremony","beaked:CrazyRituals","beaked:CrazyRituals","Transmutation+1","beaked:MaddeningMurmurs","beaked:Cower","beaked:MachineSpirit+1","beaked:MaddeningMurmurs"],"relics":["beaked:MendingPlumage"],"acts_visited":["Exordium"],"potions_floor_usage":[11,11,11],"damage_taken":[{"damage":7,"enemies":"Cultist","floor":2,"turns":5},{"damage":27,"enemies":"Small Slimes","floor":3,"turns":5},{"damage":15,"enemies":"Jaw Worm","floor":4,"turns":4},{"damage":20,"enemies":"downfall:LooterAlt","floor":5,"turns":4},{"damage":20,"enemies":"Lots of Slimes","floor":7,"turns":9},{"damage":15,"enemies":"Lots of Slimes","floor":8,"turns":5},{"damage":58,"enemies":"Gremlin Gang","floor":9,"turns":6},{"damage":54,"enemies":"Gremlin Nob","floor":11,"turns":5}],"seed_played":"8669470272383419020","potions_obtained":[{"floor":2,"key":"GamblersBrew"},{"floor":5,"key":"Dexterity Potion"},{"floor":8,"key":"champ:CounterPotion"}],"is_trial":false,"path_per_floor":["R","M","M","M","M","R","MIM","M","M","?","E"],"character_chosen":"BEAKED_THE_CULTIST","items_purchased":[],"campfire_rested":0,"item_purchase_floors":[],"current_hp_per_floor":[35,50,40,44,36,36,49,45,17,17,0,0],"gold":253,"neow_bonus":"RANDOM_COLORLESS_2","is_daily":false,"chose_seed":false,"campfire_upgraded":2,"win_rate":0.0,"timestamp":1613621832,"path_taken":["R","M","M","M","M","R","MIM","M","M","?","E"],"items_purchased_type":[],"build_version":"2020-12-22","purchased_purges":0,"victory":false,"max_hp_per_floor":[50,50,50,50,50,50,50,50,50,50,50,50],"card_choices":[{"not_picked":["Metamorphosis","Violence"],"picked":"Transmutation","floor":0},{"not_picked":["beaked:HuntressSpirit","beaked:Redirect"],"picked":"beaked:MaddeningMurmurs","floor":2},{"not_picked":["beaked:Tradeoff","beaked:Tweet","beaked:DesperateSwing"],"picked":"SKIP","floor":3},{"not_picked":["beaked:Pecker","beaked:WarriorSpirit"],"picked":"beaked:Cower","floor":4},{"not_picked":["beaked:Sacrifice","beaked:Poke"],"picked":"beaked:MachineSpirit","floor":5},{"not_picked":["beaked:Evade","beaked:Flinch"],"picked":"beaked:MaddeningMurmurs","floor":8},{"not_picked":["beaked:FeelMyPain","beaked:TuckingFeathers","beaked:SacrificialAttack"],"picked":"SKIP","floor":9}],"player_experience":966452,"relics_obtained":[],"event_choices":[{"cards_removed":["beaked:Strike_Y"],"damage_healed":0,"gold_gain":0,"player_choice":"Card Removal","damage_taken":0,"max_hp_gain":0,"max_hp_loss":0,"event_name":"The Cleric","floor":10,"gold_loss":0}],"is_beta":false,"boss_relics":[],"items_purged_floors":[],"is_endless":false,"potions_floor_spawned":[2,5,8],"killed_by":"Gremlin Nob","ascension_level":0}}