{"host":"aapp7ew3jk5k1bvd","time":1613650268,"event":{"mods":["AchievementEnabler","BaseMod","Colored Map","Custom Start","Keyboard Shortcuts","Minty Spire (QoL Compilation)","Permanent Neow","Quick Restart","StSLib","SuperFastMode"],"gold_per_floor":[119,44,44,59,69,100,100,0,27,27,45,57,73,87,87,87,87],"floor_reached":16,"language":"KOR","playtime":602,"items_purged":["Strike_G","Strike_G"],"score":135,"play_id":"c355f81a-3942-4aa6-8b32-f6ff0b06a86e","local_time":"20210218211108","is_ascension_mode":true,"campfire_choices":[{"floor":7,"key":"REST"},{"floor":10,"key":"REST"},{"floor":15,"key":"REST"}],"circlet_count":0,"master_deck":["Strike_G","Defend_G","Defend_G","Defend_G","Defend_G","Defend_G","Survivor","Neutralize","Tactician","Flying Knee","Heel Hook","Neutralize","Prepared","Well Laid Plans","PiercingWail","Sucker Punch","Acrobatics","Noxious Fumes"],"relics":["Ring of the Snake","Omamori","PreservedInsect"],"acts_visited":["Exordium"],"potions_floor_usage":[6,6],"damage_taken":[{"damage":3.0,"enemies":"2 Louse","floor":1.0,"turns":4.0},{"damage":0,"enemies":"Cultist","floor":4,"turns":4},{"damage":1,"enemies":"Small Slimes","floor":5,"turns":4},{"damage":27,"enemies":"Lagavulin","floor":6,"turns":14},{"damage":7,"enemies":"Exordium Wildlife","floor":11,"turns":8},{"damage":0,"enemies":"Blue Slaver","floor":12,"turns":5},{"damage":4,"enemies":"Lots of Slimes","floor":13,"turns":7},{"damage":4,"enemies":"2 Fungi Beasts","floor":14,"turns":4},{"damage":13,"enemies":"Slime Boss","floor":16,"turns":4}],"seed_played":"4289847087868758933","potions_obtained":[{"floor":1.0,"key":"Explosive Potion"},{"floor":5,"key":"Dexterity Potion"},{"floor":6,"key":"Energy Potion"},{"floor":12,"key":"FearPotion"}],"is_trial":false,"path_per_floor":["M","$","?","M","M","E","R","$","T","R","M","M","M","M","R","B"],"character_chosen":"THE_SILENT","items_purchased":[],"campfire_rested":3,"item_purchase_floors":[],"current_hp_per_floor":[42,42,42,42,41,14,35,35,35,56,49,49,45,41,62,49,49],"gold":87,"neow_bonus":"TRANSFORM_TWO_CARDS","is_daily":false,"chose_seed":false,"campfire_upgraded":0,"win_rate":0.0,"timestamp":1613650268,"path_taken":["M","$","?","?","M","E","R","$","T","R","M","M","M","M","R","BOSS"],"items_purchased_type":[],"build_version":"2020-12-22","purchased_purges":2,"victory":false,"max_hp_per_floor":[70,70,70,70,70,70,70,70,70,70,70,70,70,70,70,70,70],"card_choices":[{"not_picked":["Choke","Flying Knee"],"picked":"Heel Hook","floor":1.0},{"not_picked":["Dodge and Roll","Cloak And Dagger"],"picked":"Well Laid Plans","floor":4},{"not_picked":["Flechettes","Setup"],"picked":"PiercingWail","floor":5},{"not_picked":["Distraction","Tools of the Trade"],"picked":"Sucker Punch","floor":6},{"not_picked":["Bane","Dagger Throw","Noxious Fumes"],"picked":"SKIP","floor":11},{"not_picked":["Slice","Blade Dance","Poisoned Stab"],"picked":"SKIP","floor":12},{"not_picked":["Underhanded Strike","Dash"],"picked":"Acrobatics","floor":13},{"not_picked":["Slice","Riddle With Holes"],"picked":"Noxious Fumes","floor":14}],"player_experience":1028432,"relics_obtained":[{"floor":6,"key":"Omamori"},{"floor":9,"key":"PreservedInsect"}],"event_choices":[{"damage_healed":0.0,"max_hp_gain":0.0,"max_hp_loss":0.0,"gold_gain":0.0,"event_name":"Match and Keep!","player_choice":"2 cards matched","floor":3.0,"gold_loss":0.0,"damage_taken":0.0,"cards_obtained":["Neutralize","Prepared"]}],"is_beta":false,"boss_relics":[],"items_purged_floors":[2,8],"is_endless":false,"potions_floor_spawned":[1,5,6,12],"killed_by":"Slime Boss","ascension_level":6}}