{"host":"ju66gn9zov5ov15o","time":1613662025,"event":{"mods":["100% Spire Juice","2.2 Compatiblity","Act Like it!","Arknights","Aspiration","BaseMod","Conspire","Downfall","GifTheSpireLib","Hubris","Lobotomy","LobotomyExtend","Marisa????????","Minty Spire (QoL Compilation)","Pale of the Ancients","Rare Cards Sparkle","Relic Stats","Ruina","Shapeshifter Mod","StSLib","The Alterego","The Animator"],"gold_per_floor":[111,111,111,131,145,176,189,189,189,189,222,235,261,261,261,261,261],"floor_reached":16,"language":"ENG","playtime":507,"items_purged":[],"score":168,"play_id":"3ebde41b-e817-4409-bb46-6d725e6616fe","local_time":"20210218162705","is_ascension_mode":true,"campfire_choices":[{"data":"True Grit","floor":8,"key":"SMITH"}],"circlet_count":0,"master_deck":["Strike_R","Strike_R","Strike_R","Strike_R","Strike_R","Defend_R","Defend_R","Defend_R","Defend_R","Bash","Clash+1","True Grit+1","Iron Wave","Whirlwind","conspire:ExplosiveBarrier","Power Through","Armaments+1"],"relics":["Burning Blood","aspiration:DSix","LetterFromLob","NlothsMask","aspiration:ArtOfWarUpgrade","PreservedInsect","Eternal Feather"],"acts_visited":["Exordium"],"potions_floor_usage":[6,12],"damage_taken":[{"damage":19,"enemies":"Jaw Worm","floor":1,"turns":4},{"damage":0,"enemies":"Cultist","floor":4,"turns":3},{"damage":0,"enemies":"Small Slimes","floor":5,"turns":3},{"damage":44,"enemies":"Lagavulin","floor":6,"turns":8},{"damage":5,"enemies":"Exordium Wildlife","floor":7,"turns":3},{"damage":13,"enemies":"Gremlin Nob","floor":11,"turns":4},{"damage":3,"enemies":"Large Slime","floor":12,"turns":5},{"damage":18,"enemies":"Lagavulin","floor":13,"turns":7},{"damage":11,"enemies":"Hexaghost","floor":16,"turns":10}],"seed_played":"-6474518621789783230","potions_obtained":[{"floor":4,"key":"AttackPotion"},{"floor":7,"key":"SkillPotion"},{"floor":12,"key":"SpeedPotion"},{"floor":13,"key":"Explosive Potion"}],"is_trial":false,"path_per_floor":["M","?","?","M","M","E","M","R","T","R","E","M","E","?","R","B"],"character_chosen":"IRONCLAD","items_purchased":[],"campfire_rested":0,"item_purchase_floors":[],"current_hp_per_floor":[59,59,59,65,71,33,34,34,34,34,27,30,18,2,11,0,0],"gold":261,"neow_bonus":"DSIX","is_daily":false,"chose_seed":false,"campfire_upgraded":1,"win_rate":0.0,"timestamp":1613662025,"path_taken":["M","?","?","?","M","E","M","R","T","R","E","?","E","?","R","BOSS"],"items_purchased_type":[],"build_version":"2020-12-22","purchased_purges":0,"victory":false,"max_hp_per_floor":[80,80,80,80,80,80,80,80,80,80,80,80,80,80,80,80,80],"relic_stats":{"counters":[9,47],"Eternal Feather":9,"PreservedInsect":29,"obtain_stats":[{"Eternal Feather":13,"aspiration:ArtOfWarUpgrade":15,"PreservedInsect":11,"LetterFromLob":1,"Art of War":6,"aspiration:DSix":0,"Burning Blood":0,"NlothsMask":3},{"Eternal Feather":8,"aspiration:ArtOfWarUpgrade":8,"PreservedInsect":6,"LetterFromLob":1,"Art of War":4,"aspiration:DSix":0,"Burning Blood":0,"NlothsMask":1},{"Eternal Feather":37,"aspiration:ArtOfWarUpgrade":37,"PreservedInsect":25,"LetterFromLob":4,"Art of War":18,"aspiration:DSix":0,"Burning Blood":0,"NlothsMask":4}],"Burning Blood":48},"card_choices":[{"not_picked":["Havoc","Intimidate"],"picked":"Clash","floor":1},{"not_picked":["hubris:ReadiedAction","Clothesline"],"picked":"True Grit","floor":4},{"not_picked":["Body Slam","Shrug It Off"],"picked":"Iron Wave","floor":5},{"not_picked":["Demon Form","Dual Wield"],"picked":"Whirlwind","floor":6},{"not_picked":["Flame Barrier","Iron Wave"],"picked":"conspire:ExplosiveBarrier","floor":7},{"not_picked":["Rampage","Iron Wave"],"picked":"Power Through","floor":11},{"not_picked":["True Grit","Havoc","Entrench"],"picked":"SKIP","floor":12},{"not_picked":["hubris:ReadiedAction","Perfected Strike"],"picked":"Armaments","floor":13}],"player_experience":493088,"relics_obtained":[{"floor":1,"key":"LetterFromLob"},{"floor":6,"key":"Art of War"},{"floor":11,"key":"PreservedInsect"},{"floor":13,"key":"Eternal Feather"}],"event_choices":[{"damage_healed":0,"gold_gain":0,"player_choice":"Trade","damage_taken":0,"relics_obtained":["NlothsMask"],"max_hp_gain":0,"max_hp_loss":0,"event_name":"FaceTrader","floor":3,"gold_loss":0},{"damage_healed":0,"gold_gain":0,"player_choice":"Entered Light","damage_taken":16,"max_hp_gain":0,"max_hp_loss":0,"event_name":"Shining Light","floor":14,"gold_loss":0,"cards_upgraded":["Armaments","Clash"]}],"is_beta":false,"boss_relics":[],"items_purged_floors":[],"is_endless":false,"potions_floor_spawned":[4,7,12,13],"killed_by":"Hexaghost","ascension_level":8}}