{"host":"2sct7qpnpunnnd84","time":1613639398,"event":{"mods":["BaseMod","Googly Eyes","Minty Spire (QoL Compilation)","Quick Restart","Shop Mod","StSLib","The IronCluck"],"gold_per_floor":[111,186,186,186,133,133,166,166,166,65,65,65,81,95,95,223,223,236,236,251,251,174,174,187,207,207,246,118,131,131,174,174,295,295,316,591,464,477,477,502,502,502,555,555,568,568,588,609,609,609,609],"floor_reached":50,"language":"ENG","playtime":3216,"items_purged":["Regret"],"score":540,"play_id":"2ff4ed2d-8261-45e5-8a98-34932dba677e","local_time":"20210218010958","is_ascension_mode":false,"campfire_choices":[{"floor":6,"key":"REST"},{"floor":8,"key":"REST"},{"data":"Armaments","floor":11,"key":"SMITH"},{"floor":15,"key":"REST"},{"floor":23,"key":"REST"},{"floor":32,"key":"REST"},{"floor":41,"key":"REST"},{"floor":49,"key":"REST"}],"circlet_count":0,"master_deck":["Strike_R+1","Strike_R","Strike_R","Strike_R","Strike_R","Defend_R","Defend_R","Defend_R","Defend_R+1","Bash","Dropkick","Flex","Cleave","Armaments+1","Metallicize","Iron Wave","Searing Blow","Demon Form","Thunderclap+1","Body Slam+1","Inflame","Headbutt","Armaments","Whirlwind","Inflame","Armaments","Inflame","Heavy Blade+1","Limit Break","Infernal Blade+1","Heavy Blade+1","Swift Strike","Uppercut","Writhe","Shame","Rampage","Headbutt","Flex"],"relics":["Burning Blood","Boot","Golden Idol","Pear","Peace Pipe","Velvet Choker","MutagenicStrength","Matryoshka","Red Mask","Cursed Key","Whetstone","Art of War"],"acts_visited":["Exordium","TheCity","TheBeyond"],"potions_floor_usage":[27,29,29,29,33,38,50,50,50],"damage_taken":[{"damage":14,"enemies":"Small Slimes","floor":1,"turns":4},{"damage":24,"enemies":"Gremlin Nob","floor":7,"turns":4},{"damage":8,"enemies":"Jaw Worm","floor":13,"turns":4},{"damage":0,"enemies":"2 Louse","floor":14,"turns":2},{"damage":61,"enemies":"Slime Boss","floor":16,"turns":12},{"damage":24,"enemies":"2 Thieves","floor":18,"turns":5},{"damage":21,"enemies":"3 Byrds","floor":20,"turns":6},{"damage":37,"enemies":"Snake Plant","floor":24,"turns":3},{"damage":15,"enemies":"Cultist and Chosen","floor":25,"turns":6},{"damage":15,"enemies":"Snecko","floor":27,"turns":6},{"damage":20,"enemies":"Sentry and Sphere","floor":29,"turns":6},{"damage":31,"enemies":"Masked Bandits","floor":31,"turns":4},{"damage":32,"enemies":"Champ","floor":33,"turns":8},{"damage":7,"enemies":"3 Shapes","floor":35,"turns":4},{"damage":19,"enemies":"3 Darklings","floor":38,"turns":3},{"damage":40,"enemies":"Maw","floor":40,"turns":6},{"damage":20,"enemies":"4 Shapes","floor":45,"turns":3},{"damage":33,"enemies":"Sphere and 2 Shapes","floor":47,"turns":4},{"damage":23,"enemies":"Jaw Worm Horde","floor":48,"turns":4},{"damage":64,"enemies":"Time Eater","floor":50,"turns":4}],"seed_played":"7017226509038172396","potions_obtained":[{"floor":14,"key":"Dexterity Potion"},{"floor":24,"key":"EntropicBrew"},{"floor":25,"key":"ColorlessPotion"},{"floor":33,"key":"CultistPotion"},{"floor":35,"key":"Explosive Potion"},{"floor":48,"key":"Fire Potion"}],"is_trial":false,"path_per_floor":["M","?","?","?","$","R","E","R","T","$","R","?","M","M","R","B",null,"M","?","M","?","$","R","M","M","T","M","$","M","$","?","R","B",null,"M","?","$","M","?","M","R","?","T","?","M","?","M","M","R","B"],"character_chosen":"IRONCLAD","items_purchased":["Flex","Armaments","Metallicize","Inflame","Inflame","Armaments","PowerPotion"],"campfire_rested":7,"item_purchase_floors":[5,10,10,22,28,28,37],"current_hp_per_floor":[72,61,61,54,54,78,70,90,90,90,90,72,70,76,90,35,90,72,72,57,57,57,84,53,44,44,35,35,33,33,8,35,9,90,89,89,89,76,76,42,69,90,90,90,76,76,49,32,59,0,0],"gold":609,"neow_bonus":"RANDOM_COMMON_RELIC","is_daily":false,"chose_seed":false,"campfire_upgraded":1,"win_rate":0.0,"timestamp":1613639398,"path_taken":["M","?","?","?","$","R","E","R","T","$","R","?","M","M","R","BOSS","M","?","M","?","?","R","M","M","T","M","$","M","$","?","R","BOSS","M","?","$","?","?","M","R","?","T","?","?","?","M","M","R","BOSS"],"items_purchased_type":["Card","Card","Card","Card","Card","Card","Potion"],"build_version":"2020-12-22","purchased_purges":1,"victory":false,"max_hp_per_floor":[80,80,80,80,80,80,90,90,90,90,90,90,90,90,90,90,90,90,90,90,90,90,90,90,90,90,90,90,90,90,90,90,90,90,90,90,90,90,90,90,90,90,90,90,90,90,90,90,90,90,90],"card_choices":[{"not_picked":["True Grit","Perfected Strike"],"picked":"Dropkick","floor":1},{"not_picked":["Infernal Blade","Power Through"],"picked":"Cleave","floor":7},{"not_picked":["Clothesline","Pummel"],"picked":"Iron Wave","floor":13},{"not_picked":["Dropkick","Body Slam"],"picked":"Searing Blow","floor":14},{"not_picked":["Exhume","Corruption"],"picked":"Demon Form","floor":16},{"not_picked":["Iron Wave+1","Perfected Strike+1"],"picked":"Thunderclap","floor":18},{"not_picked":["Anger","Searing Blow"],"picked":"Body Slam+1","floor":20},{"not_picked":["Reckless Charge","Clothesline"],"picked":"Headbutt","floor":24},{"not_picked":["Body Slam","Searing Blow"],"picked":"Armaments","floor":25},{"not_picked":["Sever Soul","Twin Strike"],"picked":"Whirlwind","floor":27},{"not_picked":["Anger","Body Slam+1"],"picked":"Inflame","floor":29},{"not_picked":["Hemokinesis+1","Dual Wield+1"],"picked":"Heavy Blade+1","floor":31},{"not_picked":["Offering","Berserk"],"picked":"Limit Break","floor":33},{"not_picked":["Twin Strike+1","Cleave"],"picked":"Infernal Blade+1","floor":35},{"not_picked":["Clash","Feel No Pain+1"],"picked":"Heavy Blade","floor":38},{"not_picked":["Jack Of All Trades","Master of Strategy"],"picked":"Swift Strike","floor":39},{"not_picked":["Body Slam","Evolve"],"picked":"Uppercut","floor":40},{"not_picked":["Rage+1","Clash"],"picked":"Rampage","floor":45},{"not_picked":["Pommel Strike","Bloodletting+1"],"picked":"Headbutt","floor":47},{"not_picked":["Heavy Blade+1","Perfected Strike"],"picked":"Flex","floor":48}],"player_experience":3442916,"relics_obtained":[{"floor":7,"key":"Pear"},{"floor":9,"key":"Peace Pipe"},{"floor":26,"key":"Matryoshka"},{"floor":31,"key":"Red Mask"},{"floor":43,"key":"Whetstone"},{"floor":43,"key":"Art of War"}],"event_choices":[{"damage_healed":0,"gold_gain":75,"player_choice":"Gather Gold","damage_taken":11,"max_hp_gain":0,"max_hp_loss":0,"event_name":"World of Goop","floor":2,"gold_loss":0},{"damage_healed":0,"gold_gain":0,"player_choice":"Take Wound","damage_taken":0,"relics_obtained":["Golden Idol"],"max_hp_gain":0,"max_hp_loss":0,"event_name":"Golden Idol","floor":3,"gold_loss":0,"cards_obtained":["Injury"]},{"cards_removed":["Injury"],"damage_healed":0,"gold_gain":0,"player_choice":"Card Removal","damage_taken":7,"max_hp_gain":0,"max_hp_loss":0,"event_name":"Golden Wing","floor":4,"gold_loss":0},{"damage_healed":0,"gold_gain":0,"player_choice":"Entered Light","damage_taken":18,"max_hp_gain":0,"max_hp_loss":0,"event_name":"Shining Light","floor":12,"gold_loss":0,"cards_upgraded":["Strike_R","Defend_R"]},{"damage_healed":0,"gold_gain":0,"player_choice":"Inject Mutagens","damage_taken":0,"relics_obtained":["MutagenicStrength"],"max_hp_gain":0,"max_hp_loss":0,"event_name":"Drug Dealer","floor":19,"gold_loss":0},{"damage_healed":0,"gold_gain":0,"player_choice":"Ignored","damage_taken":0,"max_hp_gain":0,"max_hp_loss":0,"event_name":"Beggar","floor":21,"gold_loss":0},{"damage_healed":0,"gold_gain":0,"player_choice":"Fought Bandits","damage_taken":0,"max_hp_gain":0,"max_hp_loss":0,"event_name":"Masked Bandits","floor":31,"gold_loss":0},{"damage_healed":0,"gold_gain":275,"player_choice":"Desecrate","damage_taken":0,"max_hp_gain":0,"max_hp_loss":0,"event_name":"Golden Shrine","floor":36,"gold_loss":0,"cards_obtained":["Regret"]},{"damage_healed":0,"gold_gain":0,"player_choice":"Memory 1","damage_taken":0,"max_hp_gain":0,"max_hp_loss":0,"event_name":"SensoryStone","floor":39,"gold_loss":0},{"damage_healed":23,"gold_gain":0,"player_choice":"Writhe","damage_taken":0,"max_hp_gain":0,"max_hp_loss":0,"event_name":"Winding Halls","floor":42,"gold_loss":0,"cards_obtained":["Writhe"]},{"damage_healed":0,"gold_gain":0,"cards_transformed":["Decay"],"player_choice":"Transformed","damage_taken":0,"max_hp_gain":0,"max_hp_loss":0,"event_name":"Transmorgrifier","floor":44,"gold_loss":0,"cards_obtained":["Shame"]},{"damage_healed":0,"gold_gain":0,"player_choice":"Ignored","damage_taken":0,"max_hp_gain":0,"max_hp_loss":0,"event_name":"Mysterious Sphere","floor":46,"gold_loss":0}],"is_beta":false,"boss_relics":[{"not_picked":["Coffee Dripper","SlaversCollar"],"picked":"Velvet Choker"},{"not_picked":["Runic Dome","SacredBark"],"picked":"Cursed Key"}],"items_purged_floors":[37],"is_endless":false,"potions_floor_spawned":[14,24,25,33,35,48],"killed_by":"Time Eater","ascension_level":0}}