{"host":"g6a9gfzrk472u7l9","time":1613663225,"event":{"mods":["BaseMod","Downfall","Minty Spire (QoL Compilation)","StSLib"],"gold_per_floor":[99,118,137,47,67,67,67,67,52,69,97,109,136,128,149,149,149,149],"floor_reached":16,"language":"ENG","playtime":1063,"items_purged":["hexamod:Strike"],"score":118,"play_id":"78fd5761-8938-4f95-a15b-6363fb465bc9","local_time":"20210218164705","is_ascension_mode":true,"campfire_choices":[{"data":"hexamod:TimeWarp","floor":1,"key":"SMITH"},{"data":"hexamod:Float","floor":6,"key":"SMITH"},{"data":"hexamod:AdvancingGuard","floor":8,"key":"SMITH"}],"circlet_count":0,"master_deck":["hexamod:Strike","hexamod:Strike","hexamod:Defend","hexamod:Defend","hexamod:Defend","hexamod:Defend","hexamod:Sear","hexamod:Float+1","hexamod:TimeWarp+1","hexamod:ThermalTransfer","hexamod:ExtraCrispy","hexamod:HauntingEcho","hexamod:SpectersWail","hexamod:FirstSeal","hexamod:SecondSeal","hexamod:ThirdSeal","hexamod:FourthSeal","hexamod:HeatShield","hexamod:PhantomCloak"],"relics":["hexamod:SpiritBrand","Bird Faced Urn","Lantern"],"acts_visited":["Exordium"],"potions_floor_usage":[16,16],"damage_taken":[{"damage":0,"enemies":"Cultist","floor":2,"turns":3},{"damage":3,"enemies":"2 Louse","floor":3,"turns":2},{"damage":0,"enemies":"downfall:FleeingMerchant","floor":4,"turns":4},{"damage":0,"enemies":"Jaw Worm","floor":5,"turns":3},{"damage":5,"enemies":"downfall:FleeingMerchant","floor":9,"turns":4},{"damage":4,"enemies":"3 Louse","floor":10,"turns":4},{"damage":13,"enemies":"3 Sentries","floor":11,"turns":5},{"damage":17,"enemies":"Exordium Thugs","floor":12,"turns":5},{"damage":5,"enemies":"Lagavulin","floor":13,"turns":5},{"damage":4,"enemies":"Blue Slaver","floor":15,"turns":3},{"damage":31,"enemies":"IC_STATUS_ARCHETYPE","floor":16,"turns":8}],"seed_played":"-8556458433935113511","potions_obtained":[{"floor":3,"key":"FairyPotion"},{"floor":5,"key":"Swift Potion"},{"floor":10,"key":"Energy Potion"}],"is_trial":false,"path_per_floor":["R","M","M","$","M","R","T","R","$","M","E","M","E","?","M","B"],"character_chosen":"THE_SPIRIT","items_purchased":[],"campfire_rested":0,"item_purchase_floors":[],"current_hp_per_floor":[70,70,67,67,67,67,67,67,62,58,45,30,27,20,20,0,0,0],"gold":149,"neow_bonus":"TRANSFORM_CARD","is_daily":false,"chose_seed":false,"campfire_upgraded":3,"win_rate":0.0,"timestamp":1613663225,"path_taken":["R","M","M","$","?","R","T","R","$","M","E","M","E","?","M","BOSS"],"items_purchased_type":[],"build_version":"2020-12-22","purchased_purges":1,"victory":false,"max_hp_per_floor":[70,70,70,70,70,70,70,70,70,70,70,70,70,70,70,70,70,70],"card_choices":[{"not_picked":["hexamod:FlamesFromBeyond","hexamod:BacktrackSmack","hexamod:HeatMetal"],"picked":"SKIP","floor":2},{"not_picked":["hexamod:SpectralSpark","hexamod:BurningTouch"],"picked":"hexamod:ThermalTransfer","floor":3},{"not_picked":["hexamod:Firestarter","hexamod:RainOfEmbers"],"picked":"hexamod:AdvancingGuard","floor":4},{"not_picked":["hexamod:FlamesFromBeyond","hexamod:Firestarter"],"picked":"hexamod:ExtraCrispy","floor":5},{"not_picked":["hexamod:SpectralSpark","hexamod:ThermalTransfer"],"picked":"hexamod:HauntingEcho","floor":9},{"not_picked":["hexamod:Firestarter","hexamod:SuperheatedStrike","hexamod:HeatMetal"],"picked":"SKIP","floor":10},{"not_picked":["hexamod:SpectralAdrenaline","hexamod:ApocalypseNow","hexamod:PhantomFireball"],"picked":"SKIP","floor":11},{"not_picked":["hexamod:HauntingEcho","hexamod:DynamicBlow"],"picked":"hexamod:SpectersWail","floor":12},{"not_picked":["hexamod:SpectralAdrenaline","hexamod:ThirdSeal","hexamod:BurningTouch"],"picked":"SKIP","floor":13},{"not_picked":["hexamod:HeatMetal","hexamod:GhostLash"],"picked":"hexamod:HeatShield","floor":15},{"not_picked":["hexamod:Again","hexamod:Firestarter"],"picked":"hexamod:PhantomCloak","floor":15}],"player_experience":150422,"relics_obtained":[{"floor":11,"key":"Bird Faced Urn"},{"floor":13,"key":"Lantern"}],"event_choices":[],"is_beta":false,"boss_relics":[],"items_purged_floors":[4],"is_endless":false,"potions_floor_spawned":[3,5,10,13],"killed_by":"IC_STATUS_ARCHETYPE","ascension_level":1}}