{"host":"ty9fb48q9oru32qm","time":1613657049,"event":{"mods":["2.2 Compatiblity","AchievementEnabler","Act Like it!","Astrologer","BaseMod","Beaked The Cultist","Better Synergies","Block Reminder","Colored Powertips","Conspire","DeckTracker","Downfall","Ekko","Friendly Minions","GifTheSpireLib","Hermit","Hubris","Infinite Spire","Jorbs\u0027s Wanderer Trilogy","Marisa????????","Minty Spire (QoL Compilation)","Permanent Neow","Quick Restart","Random Character Button","Reliquary","Replay The Spire","Somnambulant","StSLib","Stuff the Spire","The Cursed","The Marked","The Runesmith","TheVacant"],"gold_per_floor":[119,139,150,150,150,176,191,191,216,229,229,259,259,259,259,357,357,367,378,378,378,378,410,426,460,484,332,346,364,364,364,364,364,364,364],"floor_reached":33,"language":"ENG","playtime":2403,"items_purged":["sneckomod:Strike"],"score":320,"play_id":"650b937d-973c-4ed2-9a1c-7e5b367c9464","local_time":"20210218150409","is_ascension_mode":false,"campfire_choices":[{"data":"sneckomod:UnknownRareAttack","floor":11.0,"key":"SMITH"},{"data":"sneckomod:SnekBite","floor":13.0,"key":"SMITH"},{"floor":30,"key":"REST"},{"data":"sneckomod:Mudshield","floor":32,"key":"SMITH"}],"circlet_count":0,"master_deck":["sneckomod:Strike","sneckomod:Defend+1","sneckomod:Defend","sneckomod:Defend","sneckomod:TailWhip","sneckomod:SnekBite+1","sneckomod:Unknown","sneckomod:Unknown","sneckomod:DiceBlock","sneckomod:SoulDraw","sneckomod:UnknownRareAttack+1","stsjorbsmod:Withering","sneckomod:DiceCrush","sneckomod:SlitherStrike+1","sneckomod:Unknown0Cost","sneckomod:DiceCrush","sneckomod:UnknownUncommonAttack","sneckomod:UnknownRarePower","sneckomod:UnknownDraw","sneckomod:UnknownX+1","downfall:Bewildered","ReplayTheSpireMod:Haul","sneckomod:UnknownClassPURPLE+1","sneckomod:UnknownClassRED","sneckomod:CheapStock","sneckomod:CheapStock","sneckomod:Mudshield+1","sneckomod:QuickMove","sneckomod:IronFang"],"relics":["sneckomod:SneckoSoul","Replay:Mystery Machine","ReplayTheSpireMod:Ring of Challenge","Ring of Hypnosis","ReplayTheSpireMod:Lightbulb","reliquary:Firecrackers","Onion Ring","Potion Belt","Black Star","MutagenicStrength","sneckomod:BabySnecko","conspire:BottledYoYo","Dream Catcher","conspire:DeflatedDodgeball","hubris:SlimyHat","Ancient Tea Set"],"acts_visited":["Exordium","TheCity"],"potions_floor_usage":[29,29],"damage_taken":[{"damage":3.0,"enemies":"Jaw Worm","floor":1.0,"turns":4.0},{"damage":0.0,"enemies":"2 Louse","floor":2.0,"turns":4.0},{"damage":0.0,"enemies":"Cultist","floor":3.0,"turns":3.0},{"damage":16.0,"enemies":"Gremlin Nob","floor":6.0,"turns":6.0},{"damage":5.0,"enemies":"Lots of Slimes","floor":7.0,"turns":4.0},{"damage":10.0,"enemies":"3 Louse","floor":10.0,"turns":2.0},{"damage":9.0,"enemies":"3 Sentries","floor":12.0,"turns":5.0},{"damage":14.0,"enemies":"Slime Boss","floor":16.0,"turns":5.0},{"damage":8.0,"enemies":"Chosen","floor":18.0,"turns":4.0},{"damage":29.0,"enemies":"2 Thieves","floor":19.0,"turns":3.0},{"damage":27.0,"enemies":"Nightmare","floor":23.0,"turns":7.0},{"damage":9.0,"enemies":"3 Cultists","floor":24.0,"turns":5.0},{"damage":0.0,"enemies":"Book of Stabbing","floor":25.0,"turns":5.0},{"damage":0.0,"enemies":"Centurion and Healer","floor":28.0,"turns":3.0},{"damage":0,"enemies":"Snecko","floor":29,"turns":6},{"damage":64,"enemies":"hubris:MusketHawk","floor":33,"turns":11}],"seed_played":"-7627153722431492426","potions_obtained":[{"floor":3.0,"key":"Languid Potion"},{"floor":7.0,"key":"Weak Potion"},{"floor":10.0,"key":"Energy Potion"},{"floor":12.0,"key":"SmokeBomb"},{"floor":18.0,"key":"SteroidPotion"},{"floor":23.0,"key":"Energy Potion"},{"floor":24.0,"key":"LifebloodPotion"},{"floor":25.0,"key":"Languid Potion"}],"is_trial":false,"path_per_floor":["M","M","M","?","?","E","M","T","T","M","R","E","R","?","R","B",null,"M","M","?","?","?","NM","M","E","T","$","M","M","R","?","R","B"],"character_chosen":"THE_SNECKO","items_purchased":["sneckomod:CheapStock"],"campfire_rested":1,"item_purchase_floors":[27],"current_hp_per_floor":[87,87,87,87,87,71,66,66,66,56,56,47,47,47,74,60,90,82,53,53,53,30,10,1,1,1,1,1,1,28,58,58,0,0,0],"gold":364,"neow_bonus":"RANDOM_COMMON_RELIC","is_daily":false,"chose_seed":false,"campfire_upgraded":3,"win_rate":0.0,"timestamp":1613657049,"path_taken":["M","M","M","?","?","E","?","?","T","?","R","E","R","?","R","BOSS","M","M","?","?","?","NM","M","E","T","?","?","M","R","?","R","BOSS"],"items_purchased_type":["Card"],"build_version":"2020-12-22","purchased_purges":1,"victory":false,"max_hp_per_floor":[90,90,90,90,90,90,90,90,90,90,90,90,90,90,90,90,90,90,90,90,90,90,90,90,90,90,90,90,90,90,90,90,90,90,90],"card_choices":[{"not_picked":["sneckomod:UnknownWeak","sneckomod:IronFang"],"picked":"sneckomod:DiceBlock","floor":1.0},{"not_picked":["sneckomod:SoulRoll","sneckomod:IronFang"],"picked":"sneckomod:SoulDraw","floor":2.0},{"not_picked":["sneckomod:UnknownExhaust","sneckomod:QuickBite"],"picked":"sneckomod:UnknownRareAttack","floor":3.0},{"not_picked":["sneckomod:DiceBlock","sneckomod:UnendingSupply"],"picked":"sneckomod:DiceCrush","floor":6.0},{"not_picked":["sneckomod:UnknownBlock","sneckomod:DiceBlock"],"picked":"sneckomod:SlitherStrike","floor":7.0},{"not_picked":["sneckomod:ImprovisedGuard","sneckomod:Unknown3Cost"],"picked":"sneckomod:Unknown0Cost","floor":10.0},{"not_picked":["sneckomod:UnknownX","sneckomod:IronFang"],"picked":"sneckomod:DiceCrush","floor":12.0},{"not_picked":["sneckomod:Cheat","sneckomod:Unknown3Cost"],"picked":"sneckomod:UnknownRarePower","floor":16.0},{"not_picked":["sneckomod:WideSting","sneckomod:QuickMove"],"picked":"sneckomod:UnknownDraw","floor":18.0},{"not_picked":["sneckomod:UnknownBlock+1","sneckomod:UnknownCommonAttack+1"],"picked":"sneckomod:UnknownX+1","floor":19.0},{"not_picked":["infinitespire:Oblivion","ReplayTheSpireMod:Chaos Vortex"],"picked":"ReplayTheSpireMod:Haul","floor":22.0},{"not_picked":["sneckomod:UnknownClassGUARDIAN","sneckomod:ImprovisedAttack"],"picked":"sneckomod:UnknownClassPURPLE+1","floor":23.0},{"not_picked":["sneckomod:UnknownStrike","sneckomod:SoulRoll"],"picked":"sneckomod:UnknownClassRED","floor":24.0},{"not_picked":["sneckomod:UnknownStrike+1","sneckomod:SlitherStrike"],"picked":"sneckomod:CheapStock","floor":25.0},{"not_picked":["sneckomod:UnknownClassRED","sneckomod:DiceCrush+1"],"picked":"sneckomod:Mudshield","floor":28.0},{"not_picked":["sneckomod:MasterEye","sneckomod:CheapStock"],"picked":"sneckomod:QuickMove","floor":29},{"not_picked":["sneckomod:QuickBite","sneckomod:UnknownVulnerable"],"picked":"sneckomod:IronFang","floor":30}],"player_experience":309782,"relics_obtained":[{"floor":4.0,"key":"ReplayTheSpireMod:Ring of Challenge"},{"floor":4.0,"key":"Ring of Hypnosis"},{"floor":5.0,"key":"ReplayTheSpireMod:Lightbulb"},{"floor":6.0,"key":"reliquary:Firecrackers"},{"floor":8.0,"key":"Onion Ring"},{"floor":12.0,"key":"Potion Belt"},{"floor":23.0,"key":"conspire:BottledYoYo"},{"floor":23.0,"key":"Dream Catcher"},{"floor":25.0,"key":"conspire:DeflatedDodgeball"},{"floor":25.0,"key":"hubris:SlimyHat"},{"floor":26.0,"key":"Ancient Tea Set"}],"event_choices":[{"damage_healed":0.0,"max_hp_gain":0.0,"max_hp_loss":0.0,"gold_gain":0.0,"cards_transformed":["sneckomod:Strike"],"event_name":"Transmorgrifier","player_choice":"Transformed","floor":14.0,"gold_loss":0.0,"damage_taken":0.0,"cards_obtained":["sneckomod:UnknownUncommonAttack"]},{"damage_healed":0.0,"max_hp_gain":0.0,"max_hp_loss":0.0,"gold_gain":0.0,"event_name":"Drug Dealer","player_choice":"Inject Mutagens","floor":20.0,"gold_loss":0.0,"damage_taken":0.0,"relics_obtained":["MutagenicStrength"]},{"damage_healed":30,"gold_gain":0,"player_choice":"Heal","damage_taken":0,"max_hp_gain":0,"max_hp_loss":0,"event_name":"The Library","floor":31,"gold_loss":0}],"is_beta":false,"boss_relics":[{"not_picked":["beaked:SacredDeck","sneckomod:SneckoBoss"],"picked":"Black Star"}],"items_purged_floors":[27],"is_endless":false,"potions_floor_spawned":[3,7,10,12,18,23,24,25],"killed_by":"hubris:MusketHawk","ascension_level":0}}