{"host":"3e3mwsgb9gfqiuxm","time":1613611543,"event":{"mods":["Act Like it!","BaseMod","Colored Map","Colored Powertips","Downfall","Gensokyo","Googly Eyes","Hallownest","Hermit","Hubris","Infinite Spire","Jorbs\u0027s Wanderer Trilogy","Koishi","Marisa????????","Minty Spire (QoL Compilation)","Quick Restart","Rare Cards Sparkle","Reimu??????","Remilia??????","Replay The Spire","Shop Mod","StSLib","SuperFastMode","Td1madao Mod","The Animator","The Bug Knight","The Cursed","The Hierophant","The Servant 0.9.4","everything is the same but u backflip on backflip","slay the spire mod where everything is the same but ironclad has a cowboy hat"],"gold_per_floor":[115,42,42,56,103,103,161,161,206,0,43,100,100,0,0,126,126,166,166,210,210,251,251,301,301,324,362,376,376,433,475,475,597,647,664,367,410,157,147,147,177,177,202,202,278,397,464,464,464,476,476,476,197,287,295],"floor_reached":56,"language":"ENG","playtime":2093,"items_purged":["Strike_MRS","Strike_MRS","Strike_MRS","Defend_MRS"],"score":1728,"play_id":"dd099696-5e7d-4983-9152-e4f10072b70c","local_time":"20210217202543","is_ascension_mode":true,"campfire_choices":[{"data":"MagicChant","floor":6.0,"key":"SMITH"},{"data":"WitchOfGreed","floor":8.0,"key":"SMITH"},{"data":"TreasureHunter","floor":13.0,"key":"SMITH"},{"data":"JA","floor":23.0,"key":"SMITH"},{"data":"Defend_MRS","floor":23.0,"key":"SMITH"},{"data":"CollectingQuirk","floor":25.0,"key":"SMITH"},{"data":"MasterSpark","floor":25.0,"key":"SMITH"},{"data":"BlazeAway","floor":29.0,"key":"SMITH"},{"data":"AsteroidBelt","floor":29.0,"key":"SMITH"},{"floor":32.0,"key":"DIG"},{"data":"CasketOfStar","floor":40.0,"key":"SMITH"},{"data":"OortCloud","floor":40.0,"key":"SMITH"},{"data":"WitchOfGreed","floor":42.0,"key":"SMITH"},{"data":"GalacticHalo","floor":42.0,"key":"SMITH"},{"floor":44.0,"key":"RECALL"},{"floor":49.0,"key":"REST"},{"data":"MagicAbsorber","floor":52.0,"key":"SMITH"},{"data":"WitchLeyline","floor":52.0,"key":"SMITH"}],"circlet_count":0,"master_deck":["Defend_MRS","Defend_MRS+1","Defend_MRS","MasterSpark+1","UpSweep","DoubleSpark+1","WitchOfGreed+1","DoubleSpark","MagicChant+1","Parasite","Parasite","AsteroidBelt+1","TreasureHunter+1","CollectingQuirk+1","JA+1","WitchLeyline+1","BlazeAway+1","CasketOfStar+1","Apotheosis+1","OortCloud+1","GalacticHalo+1","DeepEcoloBomb+1","WitchOfGreed+1","MagicAbsorber+1","OortCloud+1","GalacticHalo","Crow Ritual"],"relics":["MiniHakkero","NeowsBlessing","SimpleLauncher","Hallownest:DreamNailRelic","ShroomBag","Bag of Preparation","Blood Vial","Hallownest:BankAccountRelic","hubris:TenFootPole","Replay:Baseball","Replay:Arrowhead","Busted Crown","ClockworkSouvenir","HollowMod:PaleOreRelic","Happy Flower","Mirror","hubris:SlimyHat","Blue Doll","Tiny House","Membership Card","Gremlin Food","Replay:Bandana","Ornamental Fan","Dream Catcher","Blue Candle","CrazyTorch:ReiMu","Bird Faced Urn"],"acts_visited":["Hallownest:Greenpath","Gensokyo:Gensokyoer","Hallownest:KingdomsEdge","TheEnding"],"potions_floor_usage":[55,55],"damage_taken":[{"damage":0.0,"enemies":"Hallownest:monsterHuskWarrior","floor":1.0,"turns":1.0},{"damage":0.0,"enemies":"Hallownest:monsterHuskGuard","floor":4.0,"turns":1.0},{"damage":0.0,"enemies":"Hallownest:eliteMossKnight","floor":7.0,"turns":1.0},{"damage":0.0,"enemies":"Hallownest:2_Baldur","floor":11.0,"turns":3.0},{"damage":2.0,"enemies":"Hallownest:eliteVengeflyKing","floor":12.0,"turns":5.0},{"damage":72.0,"enemies":"Hallownest:BossFalseKnight","floor":16.0,"turns":11.0},{"damage":10.0,"enemies":"Gensokyo:CosmicMonolith","floor":18.0,"turns":3.0},{"damage":3.0,"enemies":"Gensokyo:2_Gloops","floor":20.0,"turns":4.0},{"damage":20.0,"enemies":"Gensokyo:Mirror_and_Dog","floor":22.0,"turns":3.0},{"damage":11.0,"enemies":"Gensokyo:Koishi","floor":24.0,"turns":4.0},{"damage":0.0,"enemies":"Gensokyo:Chomper_and_Gloop","floor":27.0,"turns":3.0},{"damage":3.0,"enemies":"Gensokyo:Monolith_and_Dog","floor":28.0,"turns":2.0},{"damage":8.0,"enemies":"Gensokyo:Tenshi","floor":30.0,"turns":3.0},{"damage":2.0,"enemies":"Gensokyo:3_Gloops","floor":31.0,"turns":3.0},{"damage":31.0,"enemies":"Gensokyo:Eternal_Rivals","floor":33.0,"turns":7.0},{"damage":0.0,"enemies":"Hallownest:Shield_Heavy","floor":35.0,"turns":3.0},{"damage":22.0,"enemies":"Hallownest:2_Littles","floor":37.0,"turns":4.0},{"damage":1.0,"enemies":"Hallownest:StalkingDevout","floor":41.0,"turns":3.0},{"damage":24.0,"enemies":"Hallownest:monsterPrimalAspid","floor":45.0,"turns":5.0},{"damage":6.0,"enemies":"Hallownest:eliteCollector","floor":46.0,"turns":11.0},{"damage":3.0,"enemies":"Hallownest:2_Wandering_and_1_Horned","floor":47.0,"turns":4.0},{"damage":2.0,"enemies":"Hallownest:Radiance","floor":50.0,"turns":8.0},{"damage":36,"enemies":"Shield and Spear","floor":54,"turns":5},{"damage":71,"enemies":"The Heart","floor":55,"turns":9}],"seed_played":"-2498262002465096584","potions_obtained":[{"floor":4.0,"key":"PowerPotion"},{"floor":7.0,"key":"AttackPotion"},{"floor":7.0,"key":"Block Potion"},{"floor":12.0,"key":"Adrenaline Potion"},{"floor":18.0,"key":"FairyPotion"},{"floor":20.0,"key":"Dexterity Potion"},{"floor":24.0,"key":"SpeedPotion"},{"floor":27.0,"key":"Strength Potion"},{"floor":30.0,"key":"BlessingOfTheForge"},{"floor":30.0,"key":"AttackPotion"},{"floor":31.0,"key":"SneckoOil"},{"floor":33.0,"key":"ShroomBrew"},{"floor":34.0,"key":"Weak Potion"},{"floor":35.0,"key":"Fire Potion"},{"floor":37.0,"key":"Strength Potion"},{"floor":41.0,"key":"BlessingOfTheForge"},{"floor":45.0,"key":"Block Potion"},{"floor":46.0,"key":"Flashbang"},{"floor":46.0,"key":"Energy Potion"},{"floor":47.0,"key":"Milkshake"}],"is_trial":false,"path_per_floor":["M","$","?","M","T","R","E","R","T","?","M","E","R","?","R_BF","B",null,"M","AVR","M","?","M","R","E","R","T","M","M","R","E","M","R_BF","B",null,"M","$","M","$","?","R","E","R","T","R","M","E","M","?","R","B",null,"R","$","E","B",null],"character_chosen":"MARISA","items_purchased":["WitchOfGreed","DoubleSpark","Apotheosis+1","OortCloud","GalacticHalo","DeepEcoloBomb","Membership Card","WitchOfGreed","Gremlin Food","GalacticHalo","CrazyTorch:ReiMu","Regen Potion","Crow Ritual"],"campfire_rested":1,"item_purchase_floors":[2,2,36,36,36,36,38,38,38,53,53,53,53],"current_hp_per_floor":[68,68,68,68,68,68,68,68,68,68,74,73,73,73,73,7,58,54,54,57,57,43,43,38,38,38,44,47,47,45,49,49,24,67,71,71,55,55,55,55,56,56,56,56,38,38,41,39,63,67,77,77,77,46,6],"gold":295,"neow_bonus":"THREE_ENEMY_KILL","is_daily":false,"chose_seed":false,"campfire_upgraded":15,"win_rate":0.0,"timestamp":1613611543,"path_taken":["M","?","?","?","?","R","E","R","T","?","M","E","R","?","R_BF","BOSS","M","AVR","M","?","M","R","E","R","T","M","?","R","E","M","R_BF","BOSS","M","$","M","$","?","R","E","R","T","R","M","E","M","?","R","BOSS","R","$","E","BOSS"],"items_purchased_type":["Card","Card","Card","Card","Card","Card","Relic","Card","Relic","Card","Relic","Potion","Card"],"build_version":"2020-12-22","purchased_purges":4,"victory":true,"max_hp_per_floor":[75,75,75,75,75,75,75,75,75,75,75,75,75,75,75,75,75,75,75,75,75,75,75,75,75,75,75,75,75,75,75,75,75,80,80,80,80,80,80,80,80,80,80,80,80,80,80,80,80,80,80,80,80,80,80],"card_choices":[{"not_picked":["IllusionStar","PowerUp"],"picked":"DoubleSpark","floor":1.0},{"not_picked":["GrandCross","LuminesStrike"],"picked":"MagicChant","floor":4.0},{"not_picked":["EnergyRecoil","DC"],"picked":"AsteroidBelt","floor":7.0},{"not_picked":["MachineGunSpark","AlicesGift","Occultation"],"picked":"SKIP","floor":11.0},{"not_picked":["PropBag","MysteriousBeam"],"picked":"TreasureHunter","floor":12.0},{"not_picked":["BlazingStar","CollectingQuirk"],"picked":"JA","floor":16.0},{"not_picked":["IllusionStar"],"picked":"SKIP","floor":18.0},{"not_picked":["MilkyWay"],"picked":"SKIP","floor":20.0},{"not_picked":["PowerUp"],"picked":"SKIP","floor":22.0},{"not_picked":[],"picked":"WitchLeyline","floor":24.0},{"not_picked":["PropBag"],"picked":"SKIP","floor":27.0},{"not_picked":[],"picked":"BlazeAway","floor":28.0},{"not_picked":["EarthLightRay"],"picked":"SKIP","floor":30.0},{"not_picked":["PropBag"],"picked":"SKIP","floor":31.0},{"not_picked":[],"picked":"CasketOfStar","floor":33.0},{"not_picked":["UnstableBomb+1"],"picked":"SKIP","floor":35.0},{"not_picked":["SporeBomb"],"picked":"SKIP","floor":37.0},{"not_picked":["DC"],"picked":"SKIP","floor":41.0},{"not_picked":[],"picked":"MagicAbsorber","floor":45.0},{"not_picked":["AsteroidBelt"],"picked":"SKIP","floor":46.0},{"not_picked":["Acceleration"],"picked":"SKIP","floor":47.0},{"not_picked":[],"picked":"OortCloud+1","floor":49.0},{"not_picked":["SporeBomb"],"picked":"SKIP","floor":54}],"player_experience":1412712,"relics_obtained":[{"floor":5.0,"key":"ShroomBag"},{"floor":7.0,"key":"Bag of Preparation"},{"floor":9.0,"key":"Blood Vial"},{"floor":12.0,"key":"hubris:TenFootPole"},{"floor":16.0,"key":"Replay:Arrowhead"},{"floor":24.0,"key":"HollowMod:PaleOreRelic"},{"floor":26.0,"key":"Happy Flower"},{"floor":30.0,"key":"Mirror"},{"floor":30.0,"key":"hubris:SlimyHat"},{"floor":32.0,"key":"Blue Doll"},{"floor":41.0,"key":"Replay:Bandana"},{"floor":46.0,"key":"Ornamental Fan"},{"floor":46.0,"key":"Dream Catcher"},{"floor":54,"key":"Bird Faced Urn"}],"event_choices":[],"is_beta":false,"boss_relics":[{"not_picked":["Fusion Hammer","Astrolabe"],"picked":"Busted Crown"},{"not_picked":["hubris:RunicObelisk","Runic Dome"],"picked":"Tiny House"}],"items_purged_floors":[19,36,38,53],"is_endless":false,"potions_floor_spawned":[4,7,11,27,30,31,33,35,41,46,47,54],"ascension_level":8}}