{"host":"dl5mjdlimopbuch5","time":1613658238,"event":{"mods":["AchievementEnabler","BaseMod","Colored Powertips","Googly Eyes","Minty Spire (QoL Compilation)","Quick Restart"],"gold_per_floor":[115,115,126,126,126,126,154,154,181,193,215,245,291,323,335,446,458,487,599,631,658,317,317,336,336,336,355,355,387,387,400,400,496,496,506,275,275,294,39,39,39,55,55,71,81,81,92,103,103,103],"floor_reached":51,"language":"ENG","playtime":1670,"items_purged":["Accuracy","Writhe"],"score":976,"play_id":"1a53a045-cd91-420e-9c2a-b0d89caa44eb","local_time":"20210218142358","is_ascension_mode":true,"campfire_choices":[{"data":"Noxious Fumes","floor":6.0,"key":"SMITH"},{"data":"Bouncing Flask","floor":8.0,"key":"SMITH"},{"floor":15.0,"key":"REST"},{"floor":23.0,"key":"REST"},{"floor":28.0,"key":"REST"},{"floor":32.0,"key":"REST"},{"floor":40.0,"key":"REST"},{"floor":46.0,"key":"REST"},{"floor":49.0,"key":"REST"}],"circlet_count":0,"master_deck":["Strike_G","Strike_G","Strike_G","Strike_G","Defend_G","Defend_G","Defend_G","Defend_G","Defend_G","Survivor","Neutralize","Blur","Noxious Fumes+1","Bouncing Flask+1","Deadly Poison","Catalyst","Envenom","Deadly Poison","Backstab","Catalyst","Deadly Poison","Noxious Fumes","Catalyst","Catalyst"],"relics":["Ring of the Snake","NeowsBlessing","Dream Catcher","FaceOfCleric","Strawberry","MawBank","Mercury Hourglass","SacredBark","Akabeko","Mango","Red Mask","Girya","Fusion Hammer","Anchor","Strange Spoon","Bronze Scales"],"acts_visited":["Exordium","TheCity","TheBeyond"],"potions_floor_usage":[50,50,50],"damage_taken":[{"damage":0.0,"enemies":"2 Louse","floor":1.0,"turns":1.0},{"damage":0.0,"enemies":"Cultist","floor":3.0,"turns":1.0},{"damage":0.0,"enemies":"3 Sentries","floor":7.0,"turns":1.0},{"damage":7.0,"enemies":"Small Slimes","floor":11.0,"turns":4.0},{"damage":12.0,"enemies":"Gremlin Gang","floor":12.0,"turns":6.0},{"damage":13.0,"enemies":"Gremlin Nob","floor":13.0,"turns":4.0},{"damage":2.0,"enemies":"3 Louse","floor":14.0,"turns":2.0},{"damage":28.0,"enemies":"Slime Boss","floor":16.0,"turns":6.0},{"damage":33.0,"enemies":"Shell Parasite","floor":18.0,"turns":6.0},{"damage":37.0,"enemies":"Spheric Guardian","floor":20.0,"turns":6.0},{"damage":0.0,"enemies":"Snake Plant","floor":21.0,"turns":3.0},{"damage":2.0,"enemies":"3 Cultists","floor":24.0,"turns":5.0},{"damage":14.0,"enemies":"Cultist and Chosen","floor":27.0,"turns":4.0},{"damage":3.0,"enemies":"Masked Bandits","floor":29.0,"turns":5.0},{"damage":10.0,"enemies":"Snake Plant","floor":31.0,"turns":3.0},{"damage":95.0,"enemies":"Automaton","floor":33.0,"turns":8.0},{"damage":11.0,"enemies":"3 Shapes","floor":35.0,"turns":4.0},{"damage":19.0,"enemies":"3 Darklings","floor":38.0,"turns":3.0},{"damage":12.0,"enemies":"Transient","floor":42.0,"turns":5.0},{"damage":3.0,"enemies":"Maw","floor":44.0,"turns":4.0},{"damage":12.0,"enemies":"4 Shapes","floor":45.0,"turns":3.0},{"damage":10.0,"enemies":"Spire Growth","floor":47.0,"turns":3.0},{"damage":0.0,"enemies":"Transient","floor":48.0,"turns":5.0},{"damage":102,"enemies":"Donu and Deca","floor":50,"turns":6}],"seed_played":"388245456593947480","potions_obtained":[{"floor":7.0,"key":"Fire Potion"},{"floor":11.0,"key":"Block Potion"},{"floor":18.0,"key":"DuplicationPotion"},{"floor":20.0,"key":"GhostInAJar"},{"floor":27.0,"key":"EntropicBrew"},{"floor":33.0,"key":"SteroidPotion"},{"floor":35.0,"key":"LiquidBronze"},{"floor":44.0,"key":"LiquidMemories"},{"floor":47.0,"key":"Explosive Potion"}],"is_trial":false,"path_per_floor":["M","?","M","?","?","R","E","R","T","$","M","M","E","M","R","B",null,"M","?","M","M","$","R","M","?","T","M","R","?","?","M","R","B",null,"M","$","?","M","$","R","?","M","T","M","M","R","M","M","R","B",null],"character_chosen":"THE_SILENT","items_purchased":["Catalyst","Akabeko","Dexterity Potion","Dexterity Potion","Noxious Fumes","Anchor","Strange Spoon"],"campfire_rested":7,"item_purchase_floors":[22,22,22,22,36,36,39],"current_hp_per_floor":[70,70,70,63,63,63,71,71,71,71,65,54,42,41,65,38,72,40,40,4,5,5,30,29,29,43,30,60,58,58,49,80,55,93,83,83,83,65,65,97,97,86,86,84,73,106,97,98,112,11],"gold":103,"neow_bonus":"THREE_ENEMY_KILL","is_daily":false,"chose_seed":false,"campfire_upgraded":2,"win_rate":0.0,"timestamp":1613658238,"path_taken":["M","?","?","?","?","R","E","R","T","$","M","M","E","?","R","BOSS","M","?","?","M","?","R","M","?","T","?","R","?","?","M","R","BOSS","M","$","?","M","$","R","?","M","T","?","M","R","M","M","R","BOSS"],"items_purchased_type":["Card","Relic","Potion","Potion","Card","Relic","Relic"],"build_version":"2020-12-22","purchased_purges":2,"victory":true,"max_hp_per_floor":[70,70,70,70,70,70,78,78,78,78,79,80,81,82,82,83,83,84,84,85,86,86,86,87,87,101,102,102,103,103,104,104,105,105,106,106,106,107,107,107,107,108,108,109,110,110,111,112,112,113],"card_choices":[{"not_picked":["Underhanded Strike","Expertise"],"picked":"Blur","floor":1.0},{"not_picked":["Dodge and Roll","Well Laid Plans"],"picked":"Noxious Fumes","floor":3.0},{"not_picked":["Underhanded Strike","Slice"],"picked":"Bouncing Flask","floor":7.0},{"not_picked":["Prepared","Blade Dance"],"picked":"Poisoned Stab","floor":11.0},{"not_picked":["Expertise","Underhanded Strike"],"picked":"Deadly Poison","floor":12.0},{"not_picked":["Glass Knife","Riddle With Holes"],"picked":"Catalyst","floor":13.0},{"not_picked":["Poisoned Stab","PiercingWail","Well Laid Plans"],"picked":"SKIP","floor":14.0},{"not_picked":["Bullet Time","Burst"],"picked":"Envenom","floor":16.0},{"not_picked":["Sucker Punch","Backstab","Backflip"],"picked":"SKIP","floor":18.0},{"not_picked":["Concentrate","Reflex+1"],"picked":"Deadly Poison","floor":20.0},{"not_picked":["Calculated Gamble","Skewer"],"picked":"Backstab","floor":21.0},{"not_picked":["Tactician+1","Escape Plan","Crippling Poison"],"picked":"SKIP","floor":24.0},{"not_picked":["Poisoned Stab","Bullet Time","Heel Hook+1"],"picked":"SKIP","floor":27.0},{"not_picked":["Cloak And Dagger","Quick Slash","Leg Sweep"],"picked":"SKIP","floor":31.0},{"not_picked":["Underhanded Strike","Accuracy"],"picked":"Deadly Poison","floor":35.0},{"not_picked":["Acrobatics+1","Blur+1","Outmaneuver"],"picked":"SKIP","floor":38.0},{"not_picked":["PiercingWail+1","Setup+1"],"picked":"Catalyst","floor":40.0},{"not_picked":["Blur+1","Backflip"],"picked":"Catalyst","floor":42.0},{"not_picked":["Crippling Poison+1","Accuracy","Infinite Blades"],"picked":"SKIP","floor":44.0},{"not_picked":["Underhanded Strike","Dash+1","Poisoned Stab"],"picked":"SKIP","floor":45.0},{"not_picked":["Outmaneuver+1","Underhanded Strike+1","Dagger Throw+1"],"picked":"SKIP","floor":47.0},{"not_picked":["Blade Dance","Heel Hook+1","PiercingWail"],"picked":"SKIP","floor":48.0}],"player_experience":240837,"relics_obtained":[{"floor":7.0,"key":"Strawberry"},{"floor":9.0,"key":"MawBank"},{"floor":13.0,"key":"Mercury Hourglass"},{"floor":26.0,"key":"Mango"},{"floor":29.0,"key":"Red Mask"},{"floor":43.0,"key":"Bronze Scales"}],"event_choices":[{"damage_healed":0.0,"max_hp_gain":0.0,"max_hp_loss":0.0,"gold_gain":0.0,"cards_transformed":["Strike_G"],"event_name":"Transmorgrifier","player_choice":"Transformed","floor":2.0,"gold_loss":0.0,"damage_taken":0.0,"cards_obtained":["Accuracy"]},{"damage_healed":0.0,"max_hp_gain":0.0,"max_hp_loss":0.0,"gold_gain":0.0,"event_name":"Scrap Ooze","player_choice":"Success","floor":4.0,"gold_loss":0.0,"damage_taken":7.0,"relics_obtained":["Dream Catcher"]},{"damage_healed":0.0,"max_hp_gain":0.0,"max_hp_loss":0.0,"gold_gain":0.0,"event_name":"FaceTrader","player_choice":"Trade","floor":5.0,"gold_loss":0.0,"damage_taken":0.0,"relics_obtained":["FaceOfCleric"]},{"damage_healed":0.0,"max_hp_gain":0.0,"max_hp_loss":0.0,"gold_gain":100.0,"event_name":"Golden Shrine","player_choice":"Pray","floor":19.0,"gold_loss":0.0,"damage_taken":0.0},{"damage_healed":0.0,"max_hp_gain":0.0,"max_hp_loss":0.0,"gold_gain":0.0,"event_name":"Ghosts","player_choice":"Ignored","floor":25.0,"gold_loss":0.0,"damage_taken":0.0},{"damage_healed":0.0,"max_hp_gain":0.0,"max_hp_loss":0.0,"gold_gain":0.0,"event_name":"Masked Bandits","player_choice":"Fought Bandits","floor":29.0,"gold_loss":0.0,"damage_taken":0.0},{"damage_healed":0.0,"max_hp_gain":0.0,"max_hp_loss":0.0,"gold_gain":0.0,"event_name":"The Mausoleum","player_choice":"Opened","floor":30.0,"gold_loss":0.0,"damage_taken":0.0,"relics_obtained":["Girya"],"cards_obtained":["Writhe"]},{"cards_removed":["Poisoned Stab"],"damage_healed":0.0,"max_hp_gain":0.0,"max_hp_loss":0.0,"gold_gain":0.0,"event_name":"Falling","player_choice":"Removed Attack","floor":37.0,"gold_loss":0.0,"damage_taken":0.0},{"damage_healed":0.0,"max_hp_gain":0.0,"max_hp_loss":0.0,"gold_gain":0.0,"event_name":"Mysterious Sphere","player_choice":"Ignored","floor":41.0,"gold_loss":0.0,"damage_taken":0.0}],"is_beta":false,"boss_relics":[{"not_picked":["Empty Cage","Tiny House"],"picked":"SacredBark"},{"not_picked":["Velvet Choker","WristBlade"],"picked":"Fusion Hammer"}],"items_purged_floors":[22,39],"is_endless":false,"potions_floor_spawned":[7,11,18,20,27,33,35,44,47],"ascension_level":5}}