{"host":"v9duy90nce28uent","time":1613618509,"event":{"mods":["BaseMod","Colored Map","Colored Powertips","Conspire","Downfall","Hermit","Highlight Path","Hubris","Infinite Spire","Jorbs\u0027s Wanderer Trilogy","Minty Spire (QoL Compilation)","Quick Restart","Rare Cards Sparkle","Replay The Spire","StSLib","The Cursed","The Disciple","The Hierophant","The Jungle","The Runesmith","slay the spire mod where everything is the same but ironclad has a cowboy hat"],"gold_per_floor":[110,110,110,36,50,77,87,87,87,87,87,111,111,136,136,267,267,286,158,182,182,246,246,260,276,329,349,349,349,349],"floor_reached":28,"language":"ENG","playtime":2922,"items_purged":[],"score":295,"play_id":"c84b0af5-1bbd-42f9-a389-886e44f5a958","local_time":"20210217222149","is_ascension_mode":false,"campfire_choices":[{"floor":11,"key":"REST"},{"data":"sneckomod:CheapStock","floor":13,"key":"SMITH"},{"data":"sneckomod:SerpentIdol","floor":15,"key":"SMITH"},{"floor":23,"key":"REST"}],"circlet_count":0,"master_deck":["sneckomod:Strike","sneckomod:Strike","sneckomod:Strike","sneckomod:Defend","sneckomod:Defend","sneckomod:Defend","sneckomod:TailWhip","sneckomod:SnekBite","sneckomod:Unknown","sneckomod:Unknown","sneckomod:Unknown1Cost","sneckomod:UnknownClassDEFAULT_GRAY_COLOR","sneckomod:CheapStock+1","sneckomod:SerpentIdol+1","sneckomod:UnknownCommonSkill","sneckomod:UnknownStrike","sneckomod:UnknownExhaust","sneckomod:MorePower","sneckomod:UnknownClassTHE_BRONZE_AUTOMATON","sneckomod:UnknownClassTHE_BRONZE_AUTOMATON","sneckomod:UnknownClassTHE_BRONZE_AUTOMATON","sneckomod:UnknownClassTHE_BRONZE_AUTOMATON","sneckomod:UnknownClassTHE_BRONZE_AUTOMATON","bronze:CloningBeam","sneckomod:UnknownWeak+1","sneckomod:UnknownClassGUARDIAN+1","sneckomod:UnknownUncommonAttack","sneckomod:UnknownClassDEFAULT_GRAY_COLOR","bronze:DelayedGuard","sneckomod:SnekBeam","downfall:Bewildered","sneckomod:UnknownClassRED","bronze:Philosophize","sneckomod:Unknown1Cost+1","sneckomod:UnknownClassCULL_RED_COLOR","bronze:Terminator","sneckomod:UnknownClassGREEN","bronze:InfiniteBeams","sneckomod:CheapStock"],"relics":["sneckomod:SneckoSoul","NeowsBlessing","Simple Rune","ReplayTheSpireMod:Shallot","Golden Idol","sneckomod:SneckoBoss","sneckomod:BabySnecko","Anchor"],"acts_visited":["Exordium","TheCity"],"potions_floor_usage":[24,24,27,28],"damage_taken":[{"damage":0,"enemies":"Cultist","floor":1,"turns":1},{"damage":5,"enemies":"2 Louse","floor":5,"turns":2},{"damage":0,"enemies":"Lagavulin","floor":6,"turns":1},{"damage":8,"enemies":"Jaw Worm","floor":7,"turns":3},{"damage":0,"enemies":"2 Fungi Beasts","floor":12,"turns":3},{"damage":3,"enemies":"Exordium Wildlife","floor":14,"turns":3},{"damage":43,"enemies":"The Guardian","floor":16,"turns":11},{"damage":1,"enemies":"Shell Parasite","floor":18,"turns":7},{"damage":3,"enemies":"Chosen","floor":20,"turns":4},{"damage":52,"enemies":"Centurion and Healer","floor":24,"turns":7},{"damage":13,"enemies":"Snecko","floor":25,"turns":4},{"damage":21,"enemies":"3 Cultists","floor":27,"turns":5},{"damage":13,"enemies":"Snake Plant","floor":28,"turns":2}],"seed_played":"-8507681662984080564","potions_obtained":[{"floor":1,"key":"Regen Potion"},{"floor":6,"key":"LifebloodPotion"},{"floor":12,"key":"bronze:BurnAndBuffPotion"},{"floor":18,"key":"LiquidBronze"},{"floor":24,"key":"GamblersBrew"}],"is_trial":false,"path_per_floor":["M","?","?","$","M","E","M","?","T","?","R","M","R","M","R","B",null,"M","$","M","?","?","R","M","M","T","M","M"],"character_chosen":"THE_SNECKO","items_purchased":["sneckomod:CheapStock","sneckomod:UnknownUncommonAttack","sneckomod:UnknownClassDEFAULT_GRAY_COLOR"],"campfire_rested":2,"item_purchase_floors":[4,19,19],"current_hp_per_floor":[90,90,95,95,90,90,82,82,82,59,87,87,87,84,84,41,95,94,94,91,91,53,81,38,25,25,11,0,0,0],"gold":349,"neow_bonus":"THREE_ENEMY_KILL","is_daily":false,"chose_seed":false,"campfire_upgraded":2,"win_rate":0.0,"timestamp":1613618509,"path_taken":["M","?","?","?","?","E","M","?","T","?","R","M","R","M","R","BOSS","M","$","M","?","?","R","M","M","T","M","?"],"items_purchased_type":["Card","Card","Card"],"build_version":"2020-12-22","purchased_purges":0,"victory":false,"max_hp_per_floor":[90,90,95,95,95,95,95,95,95,95,95,95,95,95,95,95,95,95,95,95,95,95,95,95,95,95,95,95,95,95],"card_choices":[{"not_picked":["sneckomod:UnknownClassGUARDIAN","sneckomod:UnknownClassTHE_CURSED_PURPLE"],"picked":"sneckomod:Unknown1Cost","floor":1},{"not_picked":["sneckomod:QuickMove","sneckomod:SoulDraw"],"picked":"sneckomod:SerpentIdol","floor":5},{"not_picked":["sneckomod:UnknownCommonAttack","sneckomod:UnknownClassTHE_CURSED_PURPLE"],"picked":"sneckomod:UnknownCommonSkill","floor":6},{"not_picked":["sneckomod:Nope","sneckomod:UnknownClassTHE_CHAMP_GRAY"],"picked":"sneckomod:UnknownStrike","floor":7},{"not_picked":["sneckomod:UnknownClassSLIMEBOUND","sneckomod:UnknownClassHEXA_GHOST_PURPLE"],"picked":"sneckomod:UnknownExhaust","floor":12},{"not_picked":["sneckomod:UnlimitedRolls","sneckomod:UnknownClassINFINITE_BLACK","sneckomod:SlitherStrike"],"picked":"SKIP","floor":14},{"not_picked":["sneckomod:UnlimitedRolls","sneckomod:Mudshield"],"picked":"sneckomod:MorePower","floor":16},{"not_picked":["bronze:ShipIt","bronze:Overheat"],"picked":"bronze:CloningBeam","floor":18},{"not_picked":["sneckomod:UnknownClassWANDERER_GRAY_COLOR+1","sneckomod:UnknownClassGREEN+1"],"picked":"sneckomod:UnknownWeak+1","floor":18},{"not_picked":["sneckomod:SoulRoll","sneckomod:UnknownClassTHE_CURSED_PURPLE+1"],"picked":"sneckomod:UnknownClassGUARDIAN+1","floor":18},{"not_picked":["bronze:FineTuning","bronze:ShipIt"],"picked":"bronze:DelayedGuard","floor":20},{"not_picked":["sneckomod:MorePower","sneckomod:UnknownClassPURPLE+1"],"picked":"sneckomod:SnekBeam","floor":20},{"not_picked":["sneckomod:UnknownClassCHRONO_GOLD+1","sneckomod:Nope"],"picked":"sneckomod:UnknownClassRED","floor":22},{"not_picked":["bronze:FunctionCard","bronze:NullPointer"],"picked":"bronze:Philosophize","floor":24},{"not_picked":["sneckomod:UnknownClassTHE_CHAMP_GRAY+1","sneckomod:UnknownClassGUARDIAN+1"],"picked":"sneckomod:Unknown1Cost+1","floor":24},{"not_picked":["sneckomod:DefensiveFlair","sneckomod:UnendingSupply"],"picked":"sneckomod:UnknownClassCULL_RED_COLOR","floor":24},{"not_picked":["bronze:ForceShield","bronze:OilSpill"],"picked":"bronze:Terminator","floor":25},{"not_picked":["sneckomod:Restock","sneckomod:UnknownClassBLUE"],"picked":"sneckomod:UnknownClassGREEN","floor":25},{"not_picked":["bronze:Backtrace","bronze:Fortify"],"picked":"bronze:InfiniteBeams","floor":27},{"not_picked":["sneckomod:UnknownExhaust","sneckomod:UnknownClassDEFAULT_GRAY_COLOR+1"],"picked":"sneckomod:CheapStock","floor":27}],"player_experience":141440,"relics_obtained":[{"floor":6,"key":"Simple Rune"},{"floor":9,"key":"ReplayTheSpireMod:Shallot"},{"floor":26,"key":"Anchor"}],"event_choices":[{"damage_healed":0,"gold_gain":0,"player_choice":"Donut","damage_taken":0,"max_hp_gain":5,"max_hp_loss":0,"event_name":"Big Fish","floor":3,"gold_loss":0},{"damage_healed":0,"gold_gain":0,"player_choice":"Take Damage","damage_taken":23,"relics_obtained":["Golden Idol"],"max_hp_gain":0,"max_hp_loss":0,"event_name":"Golden Idol","floor":10,"gold_loss":0}],"is_beta":false,"boss_relics":[{"not_picked":["conspire:RoyalGoblet","Abe\u0027s Treasure"],"picked":"sneckomod:SneckoBoss"}],"items_purged_floors":[],"is_endless":false,"potions_floor_spawned":[1,6,12,18,24],"killed_by":"Snake Plant","ascension_level":0}}