{"host":"Kubo","time":1613651399,"event":{"mods":["BaseMod","Downfall","Minty Spire (QoL Compilation)","Replay The Spire","StSLib"],"gold_per_floor":[116,136,153,9,19,48,68,84,84,117,42,42,17,32,32,133,133,143,9,29,45,55,88,88,102,102,112,132,132,152,165,165,260,260,275,293,11,23,34,69,89,192,192,206,206,206,206,226,226,226],"floor_reached":51,"language":"ENG","playtime":2305,"items_purged":["Strike_B","Strike_B","Strike_B"],"score":832,"play_id":"194d287a-32da-4735-9448-762dafccab2d","local_time":"20210218132959","is_ascension_mode":true,"campfire_choices":[{"data":"Sunder","floor":12,"key":"SMITH"},{"data":"Crystallizer","floor":15,"key":"SMITH"},{"data":"Hyperbeam","floor":24,"key":"SMITH"},{"data":"1","floor":45,"key":"LIFT"},{"data":"2","floor":47,"key":"LIFT"},{"data":"3","floor":49,"key":"LIFT"}],"circlet_count":0,"master_deck":["Strike_B","Defend_B","Defend_B","Defend_B","Defend_B","Zap","Dualcast","Ball Lightning","Sunder+1","Self Repair+1","Go for the Eyes","Hyperbeam+1","Crystallizer+1","Core Surge+1","Conserve Battery","Echo Form","Barrage","BasicCrystalCard+1","Barrage","Leap+1","Glacier+1","Conserve Battery","Hologram+1","Seek","Hologram+1","Barrage+1","Parasite","Stack","Ball Lightning","Reinforced Body","ReplayTheSpireMod:Splinters","BootSequence+1","Electrodynamics","Stack+1","Doubt","Reprogram+1"],"relics":["Painkiller Herb","Chemical X","Mercury Hourglass","Replay:Bottled Snecko","Potion Belt","Ring of Chaos","Happy Flower","Replay:Multitool","Runic Dome","Strange Spoon","Ginger","Art of War","Girya"],"acts_visited":["Exordium","TheCity","TheBeyond"],"potions_floor_usage":[22,23,23,28,30,50,50],"damage_taken":[{"damage":0,"enemies":"Cultist","floor":1,"turns":3},{"damage":0,"enemies":"Small Slimes","floor":2,"turns":2},{"damage":1,"enemies":"2 Louse","floor":3,"turns":2},{"damage":4,"enemies":"Large Slime","floor":5,"turns":4},{"damage":9,"enemies":"3 Sentries","floor":6,"turns":6},{"damage":5,"enemies":"Looter","floor":7,"turns":2},{"damage":11,"enemies":"Blue Slaver","floor":8,"turns":3},{"damage":14,"enemies":"Gremlin Nob","floor":10,"turns":4},{"damage":0,"enemies":"Red Slaver","floor":14,"turns":1},{"damage":0,"enemies":"Fading Forest","floor":16,"turns":11},{"damage":0,"enemies":"Shell Parasite","floor":18,"turns":3},{"damage":7,"enemies":"3 Byrds","floor":20,"turns":3},{"damage":26,"enemies":"Snecko","floor":21,"turns":5},{"damage":3,"enemies":"Shelled Parasite and Fungi","floor":22,"turns":4},{"damage":22,"enemies":"Slavers","floor":23,"turns":3},{"damage":0,"enemies":"3 Cultists","floor":25,"turns":3},{"damage":16,"enemies":"Snake Plant","floor":27,"turns":4},{"damage":0,"enemies":"Cultist and Chosen","floor":28,"turns":3},{"damage":5,"enemies":"Chosen and Byrds","floor":30,"turns":4},{"damage":20,"enemies":"Snake Plant","floor":31,"turns":3},{"damage":58,"enemies":"Champ","floor":33,"turns":11},{"damage":6,"enemies":"Orb Walker","floor":35,"turns":3},{"damage":17,"enemies":"3 Darklings","floor":36,"turns":4},{"damage":9,"enemies":"Writhing Mass","floor":38,"turns":4},{"damage":11,"enemies":"Sphere and 2 Shapes","floor":39,"turns":6},{"damage":26,"enemies":"Giant Head","floor":40,"turns":8},{"damage":19,"enemies":"Jaw Worm Horde","floor":41,"turns":3},{"damage":13,"enemies":"Writhing Mass","floor":44,"turns":4},{"damage":14,"enemies":"Maw","floor":48,"turns":6},{"damage":51,"enemies":"Awakened One","floor":50,"turns":10}],"seed_played":"4735544135706775453","potions_obtained":[{"floor":2,"key":"Slimebound:ThreeZeroPotion"},{"floor":7,"key":"SmokeBomb"},{"floor":10,"key":"Explosive Potion"},{"floor":14,"key":"Adrenaline Potion"},{"floor":18,"key":"Languid Potion"},{"floor":20,"key":"SkillPotion"},{"floor":27,"key":"SkillPotion"},{"floor":39,"key":"FairyPotion"},{"floor":41,"key":"Venom Potion"},{"floor":44,"key":"Explosive Potion"}],"is_trial":false,"path_per_floor":["?","?","?","T","?","E","?","?","T","E","T","T","T","?","T","B",null,"?","T","?","?","?","E","T","?","T","?","?","T","?","?","T","B",null,"?","?","T","?","?","E","?","T","T","?","T","?","T","?","T","B",null],"character_chosen":"DEFECT","items_purchased":["Chemical X","Conserve Battery","BasicCrystalCard+1","Strange Spoon"],"campfire_rested":0,"item_purchase_floors":[4,13,19,37],"current_hp_per_floor":[75,75,74,74,75,73,68,64,64,57,57,57,57,57,57,64,75,75,75,68,49,46,31,31,31,31,29,29,51,56,56,75,27,75,75,58,58,49,58,52,33,33,33,20,20,75,75,71,71,20],"gold":226,"neow_bonus":"BOSS_RELIC","is_daily":false,"chose_seed":false,"campfire_upgraded":3,"win_rate":0.0,"timestamp":1613651399,"path_taken":["?","?","?","T","?","E","?","?","T","E","?","T","T","?","T","BOSS","?","T","?","?","?","E","T","?","T","?","?","T","?","?","T","BOSS","?","?","T","?","?","E","?","T","T","?","T","?","T","?","T","BOSS"],"items_purchased_type":["Relic","Card","Card","Relic"],"build_version":"2020-12-18","purchased_purges":3,"victory":true,"max_hp_per_floor":[75,75,75,75,75,75,75,75,75,75,75,75,75,75,75,75,75,75,75,75,75,75,75,75,75,75,75,75,75,75,75,75,75,75,75,75,75,75,75,75,75,75,75,75,75,75,75,75,75,75],"card_choices":[{"not_picked":["Hologram","Rebound"],"picked":"Ball Lightning","floor":1},{"not_picked":["Gash","Hologram"],"picked":"Sunder","floor":2},{"not_picked":["Gash","Rebound"],"picked":"Self Repair","floor":3},{"not_picked":["Doom and Gloom","Darkness"],"picked":"Go for the Eyes","floor":5},{"not_picked":["White Noise","Rebound"],"picked":"Hyperbeam","floor":6},{"not_picked":["Coolheaded","Cold Snap"],"picked":"Crystallizer","floor":7},{"not_picked":["Loop","ReplayTheSpireMod:Repulse","ReplayTheSpireMod:System Scan"],"picked":"SKIP","floor":8},{"not_picked":["Sweeping Beam","Steam"],"picked":"Core Surge","floor":10},{"not_picked":["Loop","Cold Snap","Time Bomb"],"picked":"SKIP","floor":14},{"not_picked":["Creative AI","Thunder Strike"],"picked":"Echo Form","floor":16},{"not_picked":["Genetic Algorithm+1","Streamline+1"],"picked":"Barrage","floor":18},{"not_picked":["BootSequence","Streamline"],"picked":"Barrage","floor":20},{"not_picked":["Steam","Hologram"],"picked":"Leap+1","floor":21},{"not_picked":["Gash","Rebound","Rip and Tear"],"picked":"SKIP","floor":22},{"not_picked":["Panic Button","Time Bomb","Compile Driver"],"picked":"SKIP","floor":23},{"not_picked":["Rebound","Cold Snap","Compile Driver"],"picked":"SKIP","floor":25},{"not_picked":["Rip and Tear","Amplify","Melter"],"picked":"SKIP","floor":27},{"not_picked":["BootSequence+1","Panic Button"],"picked":"Glacier+1","floor":28},{"not_picked":["Aggregate","Panic Button"],"picked":"Conserve Battery","floor":30},{"not_picked":["BasicCrystalCard","Coolheaded+1"],"picked":"Hologram+1","floor":31},{"not_picked":["Amplify","Creative AI"],"picked":"Seek","floor":33},{"not_picked":["Ball Lightning+1","Capacitor"],"picked":"Hologram+1","floor":35},{"not_picked":["Gash+1","Coolheaded+1"],"picked":"Barrage+1","floor":36},{"not_picked":["BasicCrystalCard","Darkness"],"picked":"Stack","floor":38},{"not_picked":["ReplayGash","Leap+1"],"picked":"Ball Lightning","floor":39},{"not_picked":["Hello World","Scrape"],"picked":"Reinforced Body","floor":40},{"not_picked":["Ball Lightning+1","ReplayRNGCard","Streamline+1"],"picked":"SKIP","floor":41},{"not_picked":["Ball Lightning+1","Hologram"],"picked":"BootSequence+1","floor":42},{"not_picked":["Turbo","Crystallizer"],"picked":"Electrodynamics","floor":42},{"not_picked":["Aggregate+1","Time Bomb"],"picked":"Stack+1","floor":44},{"not_picked":["Sweeping Beam+1","Hologram+1"],"picked":"Reprogram+1","floor":48}],"player_experience":535933,"relics_obtained":[{"floor":6,"key":"Mercury Hourglass"},{"floor":9,"key":"Replay:Bottled Snecko"},{"floor":10,"key":"Potion Belt"},{"floor":23,"key":"Happy Flower"},{"floor":26,"key":"Replay:Multitool"},{"floor":40,"key":"Ginger"},{"floor":42,"key":"Art of War"},{"floor":43,"key":"Girya"}],"event_choices":[{"damage_healed":55,"gold_gain":0,"player_choice":"Heal","damage_taken":0,"max_hp_gain":0,"max_hp_loss":0,"event_name":"MindBloom","floor":46,"gold_loss":0,"cards_obtained":["Doubt"]}],"is_beta":true,"boss_relics":[{"not_picked":["ChewingGum","Nuclear Battery"],"picked":"Ring of Chaos"},{"not_picked":["Coffee Dripper","Kintsugi"],"picked":"Runic Dome"}],"items_purged_floors":[11,19,37],"is_endless":false,"potions_floor_spawned":[2,7,10,14,18,20,21,27,39,41,44],"ascension_level":1}}