{"host":"sxnl403xm2xmiyj1","time":1613648351,"event":{"mods":["BaseMod","Colored Map","Keyboard Shortcuts","Koishi","Minty Spire (QoL Compilation)","Quick Restart","StSLib","SuperFastMode"],"gold_per_floor":[18,28,28,28,45,45,74,74,74,104,4,39,57,74,74,147,147,162,162,162,162,162,162,194,194,194,209,165,10,10,10,10,10,10],"floor_reached":33,"language":"KOR","playtime":543,"items_purged":["Strike_G"],"score":530,"play_id":"58c1e066-556c-4bb6-aaf4-602fd2af89fc","local_time":"20210218203911","is_ascension_mode":true,"campfire_choices":[{"data":"Envenom","floor":6.0,"key":"SMITH"},{"floor":8.0,"key":"REST"},{"data":"Cloak And Dagger","floor":15.0,"key":"SMITH"},{"data":"Terror","floor":23.0,"key":"SMITH"},{"data":"Choke","floor":25.0,"key":"SMITH"},{"data":"Accuracy","floor":32.0,"key":"SMITH"}],"circlet_count":0,"master_deck":["AscendersBane","Strike_G","Strike_G","Strike_G","Strike_G","Defend_G","Defend_G","Defend_G","Defend_G","Defend_G","Survivor","Neutralize","Envenom+1","Blade Dance","Blade Dance","Terror+1","Leg Sweep","Escape Plan","Infinite Blades","Slice","Cloak And Dagger+1","Riddle With Holes","Choke+1","Acrobatics","Accuracy+1","Envenom","Cloak And Dagger"],"relics":["Ring of the Snake","Darkstone Periapt","Orichalcum","Juzu Bracelet","Toy Ornithopter","WristBlade","Enchiridion","Eternal Feather","InkBottle"],"acts_visited":["Exordium","TheCity"],"potions_floor_usage":[33],"damage_taken":[{"damage":6.0,"enemies":"2 Louse","floor":1.0,"turns":4.0},{"damage":4.0,"enemies":"Small Slimes","floor":2.0,"turns":3.0},{"damage":2.0,"enemies":"Jaw Worm","floor":5.0,"turns":4.0},{"damage":51.0,"enemies":"Gremlin Nob","floor":7.0,"turns":5.0},{"damage":8.0,"enemies":"Lagavulin","floor":10.0,"turns":7.0},{"damage":4.0,"enemies":"3 Sentries","floor":12.0,"turns":7.0},{"damage":0.0,"enemies":"Large Slime","floor":13.0,"turns":5.0},{"damage":1.0,"enemies":"Lots of Slimes","floor":14.0,"turns":6.0},{"damage":15.0,"enemies":"The Guardian","floor":16.0,"turns":12.0},{"damage":5.0,"enemies":"3 Byrds","floor":18.0,"turns":5.0},{"damage":27.0,"enemies":"Gremlin Leader","floor":24.0,"turns":5.0},{"damage":2.0,"enemies":"Shell Parasite","floor":27.0,"turns":3.0},{"damage":23,"enemies":"Collector","floor":33,"turns":3}],"seed_played":"7863694807292577121","potions_obtained":[{"floor":10.0,"key":"BlessingOfTheForge"},{"floor":12.0,"key":"SpeedPotion"},{"floor":13.0,"key":"GhostInAJar"},{"floor":14.0,"key":"Block Potion"},{"floor":16.0,"key":"SkillPotion"},{"floor":18.0,"key":"Weak Potion"}],"is_trial":false,"path_per_floor":["M","M","?","?","M","R","E","R","T","E","$","E","M","M","R","B",null,"M","?","?","?","?","R","E","R","T","M","$","$","?","?","R","B"],"character_chosen":"THE_SILENT","items_purchased":["Infinite Blades","SteroidPotion","Accuracy","Envenom"],"campfire_rested":1,"item_purchase_floors":[11,11,28,29],"current_hp_per_floor":[53,49,49,54,52,52,1,22,22,14,14,10,15,14,14,9,56,51,51,30,30,30,30,8,20,20,18,18,18,18,18,33,15,15],"gold":10,"neow_bonus":"THREE_RARE_CARDS","is_daily":false,"chose_seed":false,"campfire_upgraded":5,"win_rate":0.0,"timestamp":1613648351,"path_taken":["M","M","?","?","M","R","E","R","T","E","$","E","M","M","R","BOSS","M","?","?","?","?","R","E","R","T","M","?","$","?","?","R","BOSS"],"items_purchased_type":["Card","Potion","Card","Card"],"build_version":"2020-12-22","purchased_purges":1,"victory":false,"max_hp_per_floor":[66,66,66,71,71,71,71,71,71,71,71,71,71,71,71,71,71,71,71,71,71,71,71,71,71,71,71,71,71,71,71,71,71,71],"card_choices":[{"not_picked":["Phantasmal Killer","Wraith Form v2"],"picked":"Envenom","floor":0.0},{"not_picked":["Slice","Well Laid Plans"],"picked":"Blade Dance","floor":1.0},{"not_picked":["Leg Sweep","Quick Slash"],"picked":"Blade Dance","floor":2.0},{"not_picked":["Blade Dance","Outmaneuver"],"picked":"Terror","floor":5.0},{"not_picked":["Well Laid Plans","Night Terror"],"picked":"Leg Sweep","floor":7.0},{"not_picked":["Prepared","PiercingWail"],"picked":"Escape Plan","floor":10.0},{"not_picked":["Dash","Prepared"],"picked":"Slice","floor":12.0},{"not_picked":["Skewer","Dagger Throw","Terror"],"picked":"SKIP","floor":13.0},{"not_picked":["Quick Slash","Adrenaline"],"picked":"Cloak And Dagger","floor":14.0},{"not_picked":["Quick Slash","Dodge and Roll"],"picked":"Riddle With Holes","floor":18.0},{"not_picked":["Cloak And Dagger","Finisher"],"picked":"Choke","floor":24.0},{"not_picked":["Dodge and Roll","Deadly Poison"],"picked":"Acrobatics","floor":27.0}],"player_experience":265449,"relics_obtained":[{"floor":7.0,"key":"Darkstone Periapt"},{"floor":9.0,"key":"Orichalcum"},{"floor":10.0,"key":"Juzu Bracelet"},{"floor":12.0,"key":"Toy Ornithopter"},{"floor":20.0,"key":"Enchiridion"},{"floor":24.0,"key":"Eternal Feather"},{"floor":26.0,"key":"InkBottle"}],"event_choices":[{"damage_healed":0.0,"max_hp_gain":0.0,"max_hp_loss":0.0,"gold_gain":0.0,"event_name":"Golden Idol","player_choice":"Ignored","floor":3.0,"gold_loss":0.0,"damage_taken":0.0},{"damage_healed":0.0,"max_hp_gain":5.0,"max_hp_loss":0.0,"gold_gain":0.0,"event_name":"Big Fish","player_choice":"Donut","floor":4.0,"gold_loss":0.0,"damage_taken":0.0},{"damage_healed":0.0,"max_hp_gain":0.0,"max_hp_loss":0.0,"gold_gain":0.0,"event_name":"Vampires","player_choice":"Ignored","floor":19.0,"gold_loss":0.0,"damage_taken":0.0},{"damage_healed":0.0,"max_hp_gain":0.0,"max_hp_loss":0.0,"gold_gain":0.0,"event_name":"Cursed Tome","player_choice":"Obtained Book","floor":20.0,"gold_loss":0.0,"damage_taken":21.0},{"damage_healed":0.0,"max_hp_gain":0.0,"max_hp_loss":0.0,"gold_gain":0.0,"event_name":"Ghosts","player_choice":"Ignored","floor":21.0,"gold_loss":0.0,"damage_taken":0.0},{"damage_healed":0.0,"max_hp_gain":0.0,"max_hp_loss":0.0,"gold_gain":0.0,"event_name":"The Mausoleum","player_choice":"Ignored","floor":22.0,"gold_loss":0.0,"damage_taken":0.0},{"damage_healed":0.0,"max_hp_gain":0.0,"max_hp_loss":0.0,"gold_gain":0.0,"event_name":"The Library","player_choice":"Read","floor":30.0,"gold_loss":0.0,"damage_taken":0.0,"cards_obtained":["Cloak And Dagger"]}],"is_beta":false,"boss_relics":[{"not_picked":["Velvet Choker","Astrolabe"],"picked":"WristBlade"}],"items_purged_floors":[29],"is_endless":false,"potions_floor_spawned":[10,12,13,14,16,18],"killed_by":"Collector","ascension_level":18}}