{"host":"qm1va34thld9e1ze","time":1613652431,"event":{"mods":["BaseMod","BetterRewards","Colored Powertips","Downfall","Hubris","Infinite Spire","Minty Spire (QoL Compilation)","Quick Restart","Replay The Spire","StSLib","everything is the same but u backflip on backflip"],"gold_per_floor":[110,110,110,120,188,223,154,167,167,185,195,195,211,235,235,363,363,363,363],"floor_reached":18,"language":"ENG","playtime":2052,"items_purged":[],"score":189,"play_id":"57c2dd3e-81dd-4b32-94a1-f865b6f78372","local_time":"20210218134711","is_ascension_mode":false,"campfire_choices":[{"data":"Cleave","floor":15,"key":"SMITH"}],"circlet_count":0,"master_deck":["Strike_R","Strike_R","Strike_R","Strike_R+1","Strike_R","Defend_R","Defend_R","Defend_R","Defend_R","Bash","Pommel Strike+1","Heavy Blade","Immolate","Inflame","Run Through","Cleave","Perfected Strike","Injury","Reckless Charge","Cleave+1","Juggernaut"],"relics":["Burning Blood","NeowsBlessing","infinitespire:CheckeredPen","infinitespire:Lychee Nut","Golden Idol"],"acts_visited":["Exordium","TheCity"],"potions_floor_usage":[14,16,16,16,16,16,16,18,18],"damage_taken":[{"damage":0,"enemies":"Jaw Worm","floor":1,"turns":1},{"damage":0,"enemies":"2 Louse","floor":4,"turns":1},{"damage":0,"enemies":"Lagavulin","floor":6,"turns":1},{"damage":15,"enemies":"Cultist","floor":8,"turns":4},{"damage":0,"enemies":"Large Slime","floor":10,"turns":4},{"damage":11,"enemies":"Exordium Wildlife","floor":11,"turns":2},{"damage":6,"enemies":"Red Slaver","floor":13,"turns":3},{"damage":6,"enemies":"Large Slime","floor":14,"turns":3},{"damage":43,"enemies":"Hexaghost","floor":16,"turns":8},{"damage":22,"enemies":"3 Byrds","floor":18,"turns":3}],"seed_played":"6319369522140953253","potions_obtained":[{"floor":1,"key":"champ:CounterPotion"},{"floor":8,"key":"AttackPotion"},{"floor":10,"key":"hexamod:SoulburnPotion"},{"floor":13,"key":"ColorlessPotion"},{"floor":16,"key":"DuplicationPotion"}],"is_trial":false,"path_per_floor":["M","$","?","M","?","E","$","M","T","M","M","?","M","M","R","B",null,"M"],"character_chosen":"IRONCLAD","items_purchased":["Inflame"],"campfire_rested":0,"item_purchase_floors":[7],"current_hp_per_floor":[80,80,64,70,70,76,76,67,60,60,55,55,60,60,60,24,60,41,41],"gold":363,"neow_bonus":"THREE_ENEMY_KILL","is_daily":false,"chose_seed":false,"campfire_upgraded":1,"win_rate":0.0,"timestamp":1613652431,"path_taken":["M","$","?","M","?","E","$","M","T","M","M","?","?","M","R","BOSS","M"],"items_purchased_type":["Card"],"build_version":"2020-12-22","purchased_purges":0,"victory":false,"max_hp_per_floor":[80,80,80,80,80,80,80,80,60,60,60,60,60,60,60,60,60,60,60],"card_choices":[{"not_picked":["Seeing Red","ReplayTheSpireMod:Strike From Hell"],"picked":"Pommel Strike","floor":1},{"not_picked":["Entrench","Seeing Red"],"picked":"Heavy Blade","floor":4},{"not_picked":["Clash","Defy Death"],"picked":"Immolate","floor":6},{"not_picked":["Pommel Strike","True Grit"],"picked":"Run Through","floor":8},{"not_picked":["Run Through","Thunderclap"],"picked":"Cleave","floor":10},{"not_picked":["Body Slam","Run Through"],"picked":"Perfected Strike","floor":11},{"not_picked":["ReplayTheSpireMod:Limb From Limb","Seeing Red"],"picked":"Reckless Charge","floor":13},{"not_picked":["Impervious","Headbutt"],"picked":"Cleave","floor":14},{"not_picked":["Exhume","Demonic Infusion"],"picked":"Juggernaut","floor":16}],"player_experience":286016,"relics_obtained":[{"floor":6,"key":"infinitespire:CheckeredPen"},{"floor":9,"key":"infinitespire:Lychee Nut"}],"event_choices":[{"damage_healed":0,"gold_gain":0,"player_choice":"Entered Light","damage_taken":16,"max_hp_gain":0,"max_hp_loss":0,"event_name":"Shining Light","floor":3,"gold_loss":0,"cards_upgraded":["Pommel Strike","Strike_R"]},{"damage_healed":0,"gold_gain":68,"player_choice":"Gained Gold","damage_taken":0,"max_hp_gain":0,"max_hp_loss":0,"event_name":"Golden Wing","floor":5,"gold_loss":0},{"damage_healed":0,"gold_gain":0,"player_choice":"Take Wound","damage_taken":0,"relics_obtained":["Golden Idol"],"max_hp_gain":0,"max_hp_loss":0,"event_name":"Golden Idol","floor":12,"gold_loss":0,"cards_obtained":["Injury"]}],"is_beta":false,"boss_relics":[{"not_picked":["Replay:Drink Me","Kintsugi","infinitespire:Cupcake"]}],"items_purged_floors":[],"is_endless":false,"potions_floor_spawned":[1,8,10,13,16],"killed_by":"3 Byrds","ascension_level":0}}