{"host":"gjx3pzun7o2nz979","time":1613624159,"event":{"mods":["BaseMod","Colored Powertips","Hermit","Highlight Path","Minty Spire (QoL Compilation)","StSLib","The Cursed"],"gold_per_floor":[118,118,136,153,171,171,202,202,202,235,235,235,305,339,339,438,438,455,505,518,578,578,578],"floor_reached":22,"language":"ENG","playtime":2641,"items_purged":[],"score":206,"play_id":"31a0599a-fecf-4f9d-95cd-964b1bae1f90","local_time":"20210217235559","is_ascension_mode":false,"campfire_choices":[{"data":"Metallicize","floor":6,"key":"SMITH"},{"data":"Inflame","floor":8,"key":"SMITH"},{"floor":15,"key":"REST"}],"circlet_count":0,"master_deck":["Strike_R","Strike_R","Strike_R","Strike_R","Defend_R","Defend_R","Defend_R","Defend_R","Bash","The Bomb","Metallicize+1","Iron Wave","Inflame+1","Demon Form","Perfected Strike","Warcry","Feed","Fire Breathing"],"relics":["Burning Blood","Centennial Puzzle","SsserpentHead","Darkstone Periapt","Mark of Pain","Nloth\u0027s Gift"],"acts_visited":["Exordium","TheCity"],"potions_floor_usage":[7,16,22],"damage_taken":[{"damage":10,"enemies":"Small Slimes","floor":1,"turns":3},{"damage":0,"enemies":"Cultist","floor":3,"turns":4},{"damage":2,"enemies":"2 Louse","floor":4,"turns":3},{"damage":7,"enemies":"2 Fungi Beasts","floor":5,"turns":5},{"damage":6,"enemies":"Lagavulin","floor":7,"turns":8},{"damage":14,"enemies":"Gremlin Nob","floor":10,"turns":4},{"damage":3,"enemies":"Exordium Thugs","floor":13,"turns":3},{"damage":18,"enemies":"Lagavulin","floor":14,"turns":6},{"damage":38,"enemies":"Hexaghost","floor":16,"turns":9},{"damage":25,"enemies":"2 Thieves","floor":18,"turns":4},{"damage":32,"enemies":"3 Byrds","floor":20,"turns":4},{"damage":22,"enemies":"Centurion and Healer","floor":21,"turns":4},{"damage":22,"enemies":"Shelled Parasite and Fungi","floor":22,"turns":3}],"seed_played":"-8311434862508853246","potions_obtained":[{"floor":5,"key":"Weak Potion"},{"floor":14,"key":"DuplicationPotion"},{"floor":16,"key":"Strength Potion"},{"floor":21,"key":"DuplicationPotion"}],"is_trial":false,"path_per_floor":["M","?","M","M","M","R","E","R","T","E","?","?","M","E","R","B",null,"M","?","M","M","M"],"character_chosen":"IRONCLAD","items_purchased":[],"campfire_rested":1,"item_purchase_floors":[],"current_hp_per_floor":[52,52,58,62,61,61,61,61,61,53,53,53,56,44,68,36,80,61,61,35,19,0,0],"gold":578,"neow_bonus":"RANDOM_COLORLESS_2","is_daily":false,"chose_seed":false,"campfire_upgraded":2,"win_rate":0.0,"timestamp":1613624159,"path_taken":["M","?","M","M","?","R","E","R","T","E","?","?","?","E","R","BOSS","M","?","M","?","M"],"items_purchased_type":[],"build_version":"2020-12-22","purchased_purges":0,"victory":false,"max_hp_per_floor":[80,80,80,80,80,80,80,80,80,80,80,80,80,80,80,80,80,80,80,80,80,83,83],"card_choices":[{"not_picked":["Secret Weapon","Thinking Ahead"],"picked":"The Bomb","floor":0},{"not_picked":["Feel No Pain","Cleave"],"picked":"Metallicize","floor":1},{"not_picked":["Clothesline","Feel No Pain"],"picked":"Iron Wave","floor":3},{"not_picked":["Armaments","Headbutt","Infernal Blade"],"picked":"SKIP","floor":4},{"not_picked":["Rupture","Flex"],"picked":"Inflame","floor":5},{"not_picked":["Carnage","Disarm"],"picked":"Demon Form","floor":7},{"not_picked":["Uppercut","Entrench"],"picked":"Perfected Strike","floor":10},{"not_picked":["Iron Wave","Clothesline","Body Slam"],"picked":"SKIP","floor":13},{"not_picked":["Clothesline","Demon Form"],"picked":"Warcry","floor":14},{"not_picked":["Impervious","Berserk"],"picked":"Feed","floor":16},{"not_picked":["Evolve","Shrug It Off"],"picked":"Fire Breathing","floor":18},{"not_picked":["Dark Embrace","Armaments","Pommel Strike+1"],"picked":"SKIP","floor":20},{"not_picked":["Uppercut","Iron Wave","Warcry"],"picked":"SKIP","floor":21}],"player_experience":103138,"relics_obtained":[{"floor":7,"key":"Centennial Puzzle"},{"floor":10,"key":"Sundial"},{"floor":14,"key":"Darkstone Periapt"}],"event_choices":[{"cards_removed":["Strike_R"],"damage_healed":0,"gold_gain":0,"player_choice":"Offered Basic","damage_taken":0,"max_hp_gain":0,"max_hp_loss":0,"event_name":"Bonfire Elementals","floor":2,"gold_loss":0},{"damage_healed":0,"gold_gain":0,"player_choice":"Ignored","damage_taken":0,"max_hp_gain":0,"max_hp_loss":0,"event_name":"Liars Game","floor":11,"gold_loss":0},{"damage_healed":0,"gold_gain":0,"player_choice":"Trade","damage_taken":0,"relics_obtained":["SsserpentHead"],"max_hp_gain":0,"max_hp_loss":0,"event_name":"FaceTrader","floor":12,"gold_loss":0},{"damage_healed":0,"gold_gain":0,"player_choice":"Traded Relic","damage_taken":0,"relics_obtained":["Nloth\u0027s Gift"],"max_hp_gain":0,"max_hp_loss":0,"event_name":"N\u0027loth","floor":19,"relics_lost":["Sundial"],"gold_loss":0}],"is_beta":false,"boss_relics":[{"not_picked":["Runic Dome","Velvet Choker"],"picked":"Mark of Pain"}],"items_purged_floors":[],"is_endless":false,"potions_floor_spawned":[5,14,16,21],"killed_by":"Shelled Parasite and Fungi","ascension_level":0}}