{"host":"ymmeoa1x24ihslbm","time":1613686612,"event":{"mods":["AchievementEnabler","BaseMod","Colored Map","Colored Powertips","Defuse TimeMaze Blight","Highlight Path","Marisa????????","Minty Spire (QoL Compilation)","Permanent Neow","Quick Restart","StSLib","The Senshi","Unceasing Turn Reminder"],"gold_per_floor":[110,110,110,120,139,139,165,165,237,237,256,289,289,300,300,399,399,410,410,410],"floor_reached":19,"language":"ENG","playtime":1021,"items_purged":[],"score":230,"play_id":"95a075d2-2783-4dab-a79f-263714e5b4a0","local_time":"20210218231652","is_ascension_mode":true,"campfire_choices":[{"data":"theSenshi:MoonCrisisMakeUp","floor":6.0,"key":"SMITH"},{"data":"theSenshi:SailorMercuryAssists","floor":8.0,"key":"SMITH"},{"data":"theSenshi:SailorJupiterAssists","floor":10.0,"key":"SMITH"},{"data":"theSenshi:RoseThrow","floor":15.0,"key":"SMITH"}],"circlet_count":0,"master_deck":["theSenshi:SailorKick","theSenshi:SailorKick","theSenshi:SailorKick","theSenshi:SailorKick","theSenshi:SailorBlock","theSenshi:SailorBlock","theSenshi:SailorBlock","theSenshi:SailorBlock","theSenshi:RoseThrow+1","theSenshi:MoonPrismPowerMakeUp+1","theSenshi:NeptunesGrace+1","theSenshi:MoonCrisisMakeUp+1","theSenshi:SailorMercuryAssists+1","theSenshi:SailorJupiterAssists+1","theSenshi:SailorPlanetAttack","theSenshi:GlimpseOfThePast"],"relics":["theSenshi:TransformationBroochRelic","theSenshi:CrystalStarRelic","Singing Bowl","Bottled Tornado","SlaversCollar"],"acts_visited":["Exordium","TheCity"],"potions_floor_usage":[],"damage_taken":[{"damage":0.0,"enemies":"Cultist","floor":1.0,"turns":4.0},{"damage":6.0,"enemies":"Small Slimes","floor":4.0,"turns":3.0},{"damage":9.0,"enemies":"Jaw Worm","floor":5.0,"turns":5.0},{"damage":21.0,"enemies":"Lagavulin","floor":7.0,"turns":8.0},{"damage":16.0,"enemies":"Lots of Slimes","floor":11.0,"turns":4.0},{"damage":10.0,"enemies":"Gremlin Nob","floor":12.0,"turns":5.0},{"damage":8.0,"enemies":"Large Slime","floor":14.0,"turns":5.0},{"damage":30.0,"enemies":"Slime Boss","floor":16.0,"turns":14.0},{"damage":0.0,"enemies":"Spheric Guardian","floor":18.0,"turns":3.0},{"damage":0,"enemies":"Chosen","floor":19,"turns":1}],"seed_played":"7807896347439202202","potions_obtained":[{"floor":12.0,"key":"SneckoOil"},{"floor":13.0,"key":"DistilledChaos"},{"floor":13.0,"key":"SteroidPotion"},{"floor":13.0,"key":"Regen Potion"},{"floor":14.0,"key":"AttackPotion"},{"floor":16.0,"key":"SneckoOil"}],"is_trial":false,"path_per_floor":["M","$","?","M","M","R","E","R","T","R","M","E","?","M","R","B",null,"M","M"],"character_chosen":"THE_SENSHI","items_purchased":[],"campfire_rested":0,"item_purchase_floors":[],"current_hp_per_floor":[68,68,68,62,53,53,32,32,32,32,20,16,16,28,28,2,60,66,66,66],"gold":410,"neow_bonus":"UPGRADE_CARD","is_daily":false,"chose_seed":false,"campfire_upgraded":4,"win_rate":0.0,"timestamp":1613686612,"path_taken":["M","?","?","M","?","R","E","R","T","R","?","E","?","M","R","BOSS","M","M"],"items_purchased_type":[],"build_version":"2020-12-22","purchased_purges":0,"victory":false,"max_hp_per_floor":[75,75,75,75,75,75,75,75,75,75,75,77,77,79,79,79,79,81,81,81],"card_choices":[{"not_picked":["theSenshi:MoonKick","theSenshi:SailorChibiMoonAssists"],"picked":"theSenshi:NeptunesGrace","floor":1.0},{"not_picked":["theSenshi:CrisisMakeUp","theSenshi:SailorMarsAssists"],"picked":"theSenshi:MoonCrisisMakeUp","floor":4.0},{"not_picked":["theSenshi:Sidestep","theSenshi:LunasBite"],"picked":"theSenshi:SailorMercuryAssists","floor":5.0},{"not_picked":["theSenshi:Sidestep","theSenshi:MoonPower"],"picked":"theSenshi:SailorJupiterAssists","floor":7.0},{"not_picked":["theSenshi:MoonSpiralHeartAttack","theSenshi:SailorV"],"picked":"theSenshi:SailorPlanetAttack","floor":11.0},{"not_picked":["theSenshi:SteeledNerves","theSenshi:MoonsReflection","theSenshi:SchoolBag"],"picked":"Singing Bowl","floor":12.0},{"not_picked":["theSenshi:MoonPunch","theSenshi:MoonPower","theSenshi:SailorMercuryAssists"],"picked":"Singing Bowl","floor":14.0},{"not_picked":["theSenshi:SailorCosmosAssists","theSenshi:SilverCrystal"],"picked":"theSenshi:GlimpseOfThePast","floor":16.0},{"not_picked":["theSenshi:MoonPower","theSenshi:DramaticEntrance","theSenshi:SailorStarMakerAssists"],"picked":"Singing Bowl","floor":18.0}],"player_experience":788207,"relics_obtained":[{"floor":7.0,"key":"theSenshi:CrystalStarRelic"},{"floor":9.0,"key":"Singing Bowl"},{"floor":12.0,"key":"Bottled Tornado"}],"event_choices":[{"damage_healed":0.0,"max_hp_gain":0.0,"max_hp_loss":0.0,"gold_gain":0.0,"event_name":"Living Wall","player_choice":"Grow","floor":3.0,"gold_loss":0.0,"damage_taken":0.0,"cards_upgraded":["theSenshi:NeptunesGrace"]},{"damage_healed":0.0,"max_hp_gain":0.0,"max_hp_loss":0.0,"gold_gain":0.0,"event_name":"Lab","player_choice":"Got Potions","floor":13.0,"gold_loss":0.0,"damage_taken":0.0}],"is_beta":false,"boss_relics":[{"not_picked":["Tiny House","Fusion Hammer"],"picked":"SlaversCollar"}],"items_purged_floors":[],"is_endless":false,"potions_floor_spawned":[12,14,16],"killed_by":"Chosen","ascension_level":6}}