{"host":"bpr07pynnqpe5ded","time":1613671943,"event":{"mods":["2.2 Compatiblity","Aspiration","BaseMod","Better Note","Better Third Choice","BetterRewards","Downfall","Infinite Spire","Jorbs\u0027s Wanderer Trilogy","Minty Spire (QoL Compilation)","Replay The Spire","Shop Mod","StSLib","The Marked","??????REMEMod"],"gold_per_floor":[119,137,156,170,183,183,213,213,213,238,257,268,285,300,300,433,433,433],"floor_reached":17,"language":"ENG","playtime":693,"items_purged":[],"score":163,"play_id":"22319731-d968-4bc6-97d2-3a4451e77d57","local_time":"20210218181223","is_ascension_mode":false,"campfire_choices":[{"data":"LessonLearned","floor":6,"key":"SMITH"},{"floor":8,"key":"RECALL"},{"floor":15,"key":"DIG"}],"circlet_count":0,"master_deck":["Strike_P+1","Strike_P+1","Strike_P","Strike_P+1","Defend_P+1","Defend_P+1","Defend_P","Defend_P+1","Eruption+1","Vigilance+1","LessonLearned+1","Judgement+1","Conclude","Devotion"],"relics":["PureWater","REME_ComplimentaryCards","Odd Mushroom","infinitespire:Magic Flask","Matryoshka","Toxic Egg 2","REME_LowDesire","Toy Ornithopter","Pet Ghost"],"acts_visited":["Exordium","TheCity"],"potions_floor_usage":[16,16,16,16],"damage_taken":[{"damage":0,"enemies":"Cultist","floor":1,"turns":2},{"damage":1,"enemies":"2 Louse","floor":2,"turns":2},{"damage":0,"enemies":"Small Slimes","floor":3,"turns":2},{"damage":0,"enemies":"2 Fungi Beasts","floor":4,"turns":2},{"damage":0,"enemies":"Exordium Wildlife","floor":5,"turns":2},{"damage":4,"enemies":"The Mushroom Lair","floor":7,"turns":4},{"damage":10,"enemies":"3 Sentries","floor":10,"turns":5},{"damage":2,"enemies":"Blue Slaver","floor":11,"turns":2},{"damage":0,"enemies":"2 Fungi Beasts","floor":12,"turns":1},{"damage":0,"enemies":"3 Louse","floor":13,"turns":3},{"damage":9,"enemies":"Blue Slaver","floor":14,"turns":5},{"damage":43,"enemies":"The Guardian","floor":16,"turns":13}],"seed_played":"8257894125467023658","potions_obtained":[{"floor":5,"key":"Death Potion"},{"floor":7,"key":"Elixir"},{"floor":13,"key":"EntropicBrew"}],"is_trial":false,"path_per_floor":["M","M","M","M","M","R","?","R","T","E","M","M","M","M","R","B",null],"character_chosen":"WATCHER","items_purchased":[],"campfire_rested":0,"item_purchase_floors":[],"current_hp_per_floor":[72,71,71,71,71,71,67,67,67,57,55,55,55,46,46,3,72,72],"gold":433,"neow_bonus":"ONE_RANDOM_RARE_CARD","is_daily":false,"chose_seed":false,"campfire_upgraded":1,"win_rate":0.0,"timestamp":1613671943,"path_taken":["M","M","?","M","M","R","?","R","T","E","M","M","M","M","R","BOSS"],"items_purchased_type":[],"build_version":"2020-12-22","purchased_purges":0,"victory":false,"max_hp_per_floor":[72,72,72,72,72,72,72,72,72,72,72,72,72,72,72,72,72,72],"card_choices":[{"not_picked":["Replay:Cycle","Evaluate","Consecrate"],"picked":"SKIP","floor":1},{"not_picked":["Replay:ManipulateFuture","Collect","Crescendo"],"picked":"SKIP","floor":2},{"not_picked":["EmptyFist","FlurryOfBlows"],"picked":"Judgement","floor":3},{"not_picked":["BattleHymn","JustLucky","WaveOfTheHand"],"picked":"SKIP","floor":4},{"not_picked":["CutThroughFate","EmptyFist","REME_Repentance"],"picked":"SKIP","floor":5},{"not_picked":["EmptyBody","FlyingSleeves","REME_EmptyShield"],"picked":"SKIP","floor":10},{"not_picked":["EmptyMind","ClearTheMind"],"picked":"Conclude","floor":11},{"not_picked":["Replay:Vibes","Tantrum","FlyingSleeves"],"picked":"SKIP","floor":12},{"not_picked":["ReachHeaven","Protect","SashWhip"],"picked":"SKIP","floor":13},{"not_picked":["Worship","REME_Repentance","Replay:BluntJabs"],"picked":"SKIP","floor":14},{"not_picked":["Vault+1","Replay:AllIn+1"],"picked":"Devotion","floor":16}],"player_experience":1148300,"relics_obtained":[{"floor":7,"key":"Odd Mushroom"},{"floor":9,"key":"infinitespire:Magic Flask"},{"floor":10,"key":"Matryoshka"},{"floor":15,"key":"Toxic Egg 2"},{"floor":17,"key":"Toy Ornithopter"},{"floor":17,"key":"Pet Ghost"}],"event_choices":[{"damage_healed":0,"gold_gain":0,"player_choice":"Fought Mushrooms","damage_taken":0,"max_hp_gain":0,"max_hp_loss":0,"event_name":"Mushrooms","floor":7,"gold_loss":0}],"is_beta":false,"boss_relics":[{"not_picked":["Empty Cage","aspiration:DefectSkillbook"],"picked":"REME_LowDesire"}],"items_purged_floors":[],"is_endless":false,"potions_floor_spawned":[5,7,13,14],"ascension_level":0}}