{"host":"prxrhpgaxnj4om9r","time":1613634105,"event":{"mods":["AchievementEnabler","BaseMod","Colored Map","DeckTracker","Minty Spire (QoL Compilation)"],"gold_per_floor":[111,123,135,235,255,255,284,298,298,363,378,378,378,303,303,400,400,420,454,39,53,53,85,10,36,63,63,14,14,14,25,25,121,121,135,154,170,520,454,454,474,489,489,489,188,200,214,228,228,228,228,228,7,32,32,32],"floor_reached":55,"language":"KOR","playtime":3144,"items_purged":["Strike_P"],"score":709,"play_id":"f1408a26-3983-49e2-ac32-47ef34b539d0","local_time":"20210218164145","is_ascension_mode":false,"campfire_choices":[{"data":"Eruption","floor":6.0,"key":"SMITH"},{"floor":12.0,"key":"REST"},{"data":"Judgement","floor":15.0,"key":"SMITH"},{"data":"MasterReality","floor":27.0,"key":"SMITH"},{"floor":30.0,"key":"RECALL"},{"floor":32.0,"key":"REST"},{"floor":40.0,"key":"REST"},{"floor":49,"key":"REST"},{"data":"Blasphemy","floor":52,"key":"SMITH"}],"circlet_count":0,"master_deck":["Strike_P","Defend_P+1","Eruption+1","Vigilance","EmptyMind","CutThroughFate","Judgement+1","BowlingBash+1","TalkToTheHand","Evaluate","ReachHeaven","Consecrate","MasterReality+1","Halt","ClearTheMind+1","Blasphemy+1","Wallop","Prostrate+1","DeceiveReality+1","EmptyBody+1","Ragnarok","ForeignInfluence+1","Prostrate","Halt+1","Swivel+1","Adaptation+1","WindmillStrike","Prostrate","Wireheading+1"],"relics":["HolyWater","Lantern","Pear","Red Mask","Calipers","Omamori","FossilizedHelix","Calling Bell","Potion Belt","Shuriken","Ice Cream","Old Coin","Yang","Frozen Egg 2","Oddly Smooth Stone","Bronze Scales","Centennial Puzzle"],"acts_visited":["Exordium","TheCity","TheBeyond","TheEnding"],"potions_floor_usage":[46,48,50,50,54],"damage_taken":[{"damage":0.0,"enemies":"2 Louse","floor":1.0,"turns":2.0},{"damage":0.0,"enemies":"Cultist","floor":2.0,"turns":3.0},{"damage":0.0,"enemies":"Jaw Worm","floor":3.0,"turns":2.0},{"damage":12.0,"enemies":"3 Louse","floor":5.0,"turns":2.0},{"damage":26.0,"enemies":"Gremlin Nob","floor":7.0,"turns":3.0},{"damage":0.0,"enemies":"Large Slime","floor":8.0,"turns":1.0},{"damage":0.0,"enemies":"Gremlin Gang","floor":11.0,"turns":3.0},{"damage":22.0,"enemies":"Hexaghost","floor":16.0,"turns":5.0},{"damage":0.0,"enemies":"Spheric Guardian","floor":18.0,"turns":2.0},{"damage":0.0,"enemies":"Masked Bandits","floor":19.0,"turns":2.0},{"damage":0.0,"enemies":"2 Thieves","floor":21.0,"turns":2.0},{"damage":3.0,"enemies":"Gremlin Leader","floor":23.0,"turns":3.0},{"damage":13.0,"enemies":"Book of Stabbing","floor":25.0,"turns":4.0},{"damage":7.0,"enemies":"Snake Plant","floor":31.0,"turns":4.0},{"damage":29.0,"enemies":"Collector","floor":33.0,"turns":7.0},{"damage":0.0,"enemies":"Orb Walker","floor":35.0,"turns":4.0},{"damage":0.0,"enemies":"3 Darklings","floor":36.0,"turns":3.0},{"damage":0.0,"enemies":"Transient","floor":37.0,"turns":5.0},{"damage":48.0,"enemies":"Mind Bloom Boss Battle","floor":38.0,"turns":4.0},{"damage":1.0,"enemies":"Writhing Mass","floor":41.0,"turns":7.0},{"damage":0,"enemies":"3 Darklings","floor":42,"turns":4},{"damage":0,"enemies":"Transient","floor":46,"turns":5},{"damage":0,"enemies":"Maw","floor":47,"turns":6},{"damage":18,"enemies":"4 Shapes","floor":48,"turns":4},{"damage":64,"enemies":"Donu and Deca","floor":50,"turns":12},{"damage":48,"enemies":"Shield and Spear","floor":54,"turns":8},{"damage":56,"enemies":"The Heart","floor":55,"turns":3}],"seed_played":"-2033496727691992801","potions_obtained":[{"floor":2.0,"key":"Dexterity Potion"},{"floor":5.0,"key":"CultistPotion"},{"floor":7.0,"key":"StancePotion"},{"floor":8.0,"key":"Dexterity Potion"},{"floor":16.0,"key":"AttackPotion"},{"floor":19.0,"key":"Regen Potion"},{"floor":21.0,"key":"SteroidPotion"},{"floor":31.0,"key":"AttackPotion"},{"floor":35.0,"key":"AttackPotion"},{"floor":36.0,"key":"Fruit Juice"},{"floor":42,"key":"StancePotion"},{"floor":47,"key":"Regen Potion"},{"floor":54,"key":"BottledMiracle"}],"is_trial":false,"path_per_floor":["M","M","M","?","M","R","E","M","T","?","M","R","?","$","R","B",null,"M","?","$","M","?","E","?","E","T","R","$","?","R","M","R","B",null,"M","M","M","?","?","R","M","M","T","?","$","M","M","M","R","B",null,"R","$","E","B"],"character_chosen":"WATCHER","items_purchased":["Calipers","Fruit Juice","Fire Potion","Adaptation+1","Oddly Smooth Stone","WindmillStrike","Fire Potion","Bronze Scales","LiquidBronze"],"campfire_rested":4,"item_purchase_floors":[20,20,28,45,45,45,45,53,53],"current_hp_per_floor":[72,72,72,72,60,60,34,34,44,44,44,68,52,52,52,30,82,82,82,87,87,87,84,84,71,71,71,71,71,71,64,87,58,87,87,87,87,39,39,70,69,69,69,69,69,69,69,56,83,31,92,92,92,44,0,0],"gold":32,"neow_bonus":"TRANSFORM_CARD","is_daily":false,"chose_seed":false,"campfire_upgraded":4,"win_rate":0.0,"timestamp":1613634105,"path_taken":["M","M","M","?","M","R","E","?","T","?","M","R","?","$","R","BOSS","M","?","$","M","?","E","?","E","T","R","$","?","R","M","R","BOSS","M","?","M","?","?","R","M","?","T","?","$","?","M","M","R","BOSS","R","$","E","BOSS"],"items_purchased_type":["Relic","Potion","Potion","Card","Relic","Card","Potion","Relic","Potion"],"build_version":"2020-12-22","purchased_purges":1,"victory":false,"max_hp_per_floor":[72,72,72,72,72,72,72,72,82,82,82,82,82,82,82,82,82,82,82,87,87,87,87,87,87,87,87,87,87,87,87,87,87,87,87,87,87,87,87,92,92,92,92,92,92,92,92,92,92,92,92,92,92,92,92,92],"card_choices":[{"not_picked":["SashWhip","EmptyFist"],"picked":"CutThroughFate","floor":1.0},{"not_picked":["Consecrate","Halt"],"picked":"Judgement","floor":2.0},{"not_picked":["Crescendo","CrushJoints"],"picked":"BowlingBash","floor":3.0},{"not_picked":["ClearTheMind","Tantrum"],"picked":"TalkToTheHand","floor":5.0},{"not_picked":["JustLucky","EmptyMind"],"picked":"Evaluate","floor":7.0},{"not_picked":["FlyingSleeves","PathToVictory"],"picked":"ReachHeaven","floor":8.0},{"not_picked":["Brilliance","WreathOfFlame"],"picked":"Consecrate","floor":11.0},{"not_picked":["SpiritShield","Establishment"],"picked":"MasterReality","floor":16.0},{"not_picked":["Adaptation","FlurryOfBlows"],"picked":"Halt","floor":18.0},{"not_picked":["BowlingBash","ThirdEye"],"picked":"ClearTheMind+1","floor":19.0},{"not_picked":["CrushJoints","JustLucky","Halt"],"picked":"SKIP","floor":21.0},{"not_picked":["Devotion","FollowUp"],"picked":"Prostrate+1","floor":23.0},{"not_picked":["Brilliance","Protect"],"picked":"DeceiveReality+1","floor":25.0},{"not_picked":["ForeignInfluence","FlurryOfBlows"],"picked":"EmptyBody+1","floor":31.0},{"not_picked":["ConjureBlade","Devotion"],"picked":"Ragnarok","floor":33.0},{"not_picked":["Wallop","Protect","Halt"],"picked":"SKIP","floor":35.0},{"not_picked":["Crescendo+1","Halt"],"picked":"ForeignInfluence+1","floor":36.0},{"not_picked":["BowlingBash","MentalFortress","FlurryOfBlows"],"picked":"SKIP","floor":37.0},{"not_picked":["FollowUp","WreathOfFlame"],"picked":"Prostrate","floor":38.0},{"not_picked":["PathToVictory+1","ConjureBlade"],"picked":"Halt+1","floor":41.0},{"not_picked":["EmptyBody","FollowUp+1"],"picked":"Swivel+1","floor":42},{"not_picked":["BowlingBash","Collect+1"],"picked":"Prostrate","floor":46},{"not_picked":["ClearTheMind+1","Evaluate","Perseverance"],"picked":"SKIP","floor":47},{"not_picked":["EmptyBody","PathToVictory","FlurryOfBlows"],"picked":"SKIP","floor":48},{"not_picked":["Judgement","Crescendo+1"],"picked":"Wireheading+1","floor":54}],"player_experience":513247,"relics_obtained":[{"floor":7.0,"key":"Lantern"},{"floor":9.0,"key":"Pear"},{"floor":19.0,"key":"Red Mask"},{"floor":23.0,"key":"Omamori"},{"floor":25.0,"key":"FossilizedHelix"},{"floor":34.0,"key":"Potion Belt"},{"floor":34.0,"key":"Shuriken"},{"floor":34.0,"key":"Ice Cream"},{"floor":38.0,"key":"Old Coin"},{"floor":43,"key":"Frozen Egg 2"},{"floor":54,"key":"Centennial Puzzle"}],"event_choices":[{"damage_healed":0.0,"max_hp_gain":0.0,"max_hp_loss":0.0,"gold_gain":100.0,"event_name":"Golden Shrine","player_choice":"Pray","floor":4.0,"gold_loss":0.0,"damage_taken":0.0},{"damage_healed":0.0,"max_hp_gain":0.0,"max_hp_loss":0.0,"gold_gain":65.0,"event_name":"Golden Wing","player_choice":"Gained Gold","floor":10.0,"gold_loss":0.0,"damage_taken":0.0},{"damage_healed":0.0,"max_hp_gain":0.0,"max_hp_loss":0.0,"gold_gain":0.0,"event_name":"Shining Light","player_choice":"Entered Light","floor":13.0,"gold_loss":0.0,"damage_taken":16.0,"cards_upgraded":["Defend_P","BowlingBash"]},{"damage_healed":0.0,"max_hp_gain":0.0,"max_hp_loss":0.0,"gold_gain":0.0,"event_name":"Masked Bandits","player_choice":"Fought Bandits","floor":19.0,"gold_loss":0.0,"damage_taken":0.0},{"damage_healed":0.0,"max_hp_gain":0.0,"max_hp_loss":0.0,"gold_gain":0.0,"cards_transformed":["Defend_P","Strike_P"],"event_name":"Drug Dealer","player_choice":"Became Test Subject","floor":22.0,"gold_loss":0.0,"damage_taken":0.0,"cards_obtained":["Blasphemy","Wallop"]},{"cards_removed":["Defend_P"],"damage_healed":0.0,"max_hp_gain":0.0,"max_hp_loss":0.0,"gold_gain":0.0,"event_name":"Beggar","player_choice":"Gave Gold","floor":24.0,"gold_loss":75.0,"damage_taken":0.0},{"cards_removed":["Strike_P"],"damage_healed":0.0,"max_hp_gain":0.0,"max_hp_loss":0.0,"gold_gain":0.0,"event_name":"Bonfire Elementals","player_choice":"Offered Basic","floor":29.0,"gold_loss":0.0,"damage_taken":0.0},{"damage_healed":0.0,"max_hp_gain":0.0,"max_hp_loss":0.0,"gold_gain":0.0,"event_name":"MindBloom","player_choice":"Fight","floor":38.0,"gold_loss":0.0,"damage_taken":0.0},{"damage_healed":0.0,"max_hp_gain":0.0,"max_hp_loss":0.0,"gold_gain":0.0,"event_name":"WeMeetAgain","player_choice":"Paid Gold","floor":39.0,"gold_loss":66.0,"damage_taken":0.0,"relics_obtained":["Yang"]},{"damage_healed":0,"gold_gain":0,"player_choice":"Ignored","damage_taken":0,"max_hp_gain":0,"max_hp_loss":0,"event_name":"NoteForYourself","floor":44,"gold_loss":0}],"is_beta":false,"boss_relics":[{"not_picked":["SlaversCollar","Astrolabe"],"picked":"HolyWater"},{"not_picked":["Sozu","Tiny House"],"picked":"Calling Bell"}],"items_purged_floors":[14],"is_endless":false,"potions_floor_spawned":[2,5,7,8,16,19,21,31,35,36,42,47,54],"killed_by":"The Heart","ascension_level":0}}