{"host":"Nexxot","time":1613668081,"event":{"mods":["AchievementEnabler","BaseMod","Bestiary","Colored Map","Curses Come First","Highlight Path","Minty Spire (QoL Compilation)","Relic Stats","StSLib"],"gold_per_floor":[115,130,150,100,117,117,117,143,166,177,210,210,225,256,256,355,355,371,20,20,36,36,36,70,88,88,100,127,127,153,173,173,271,271,290,290,35,46,56,88,88,120,120,153,153,181,201,228,228,228,228,228,104,130,130],"floor_reached":56,"language":"ENG","playtime":3124,"items_purged":["Perfected Strike+1"],"score":2636,"play_id":"d78af5b8-7b63-42cd-ab62-2685370a6e17","local_time":"20210218180801","is_ascension_mode":true,"campfire_choices":[{"data":"Perfected Strike","floor":6,"key":"SMITH"},{"data":"Battle Trance","floor":15,"key":"SMITH"},{"data":"Whirlwind","floor":23,"key":"SMITH"},{"data":"Sentinel","floor":29,"key":"SMITH"},{"data":"True Grit","floor":32,"key":"SMITH"},{"floor":41,"key":"RECALL"},{"data":"Impervious","floor":45,"key":"SMITH"},{"data":"Disarm","floor":49,"key":"SMITH"},{"data":"Fiend Fire","floor":52,"key":"SMITH"}],"circlet_count":0,"master_deck":["AscendersBane","Bash+1","Shrug It Off","Shrug It Off","Inflame","Corruption","Battle Trance+1","Clothesline","Shrug It Off","Barricade","Sentinel+1","Double Tap","Pommel Strike","Inflame","Body Slam","Demon Form","Battle Trance","Fire Breathing","Whirlwind+1","Shrug It Off","Ghostly","Ghostly","Ghostly","Ghostly","Ghostly","Power Through+1","True Grit+1","Entrench","Impervious+1","Headbutt+1","Disarm+1","Disarm","Fiend Fire+1","Flame Barrier","Feel No Pain","Shockwave"],"relics":["Burning Blood","Ancient Tea Set","Happy Flower","Boot","Oddly Smooth Stone","Pandora\u0027s Box","Ice Cream","GremlinMask","Thread and Needle","Ornamental Fan","Pocketwatch","Matryoshka","Snecko Eye","Mummified Hand","Smiling Mask","Bag of Preparation","Blood Vial","Red Skull","Bag of Marbles","Regal Pillow","FossilizedHelix"],"acts_visited":["Exordium","TheCity","TheBeyond","TheEnding"],"potions_floor_usage":[5,8,16,18,24,25,28],"damage_taken":[{"damage":1,"enemies":"Cultist","floor":1,"turns":4},{"damage":6,"enemies":"Small Slimes","floor":2,"turns":4},{"damage":4,"enemies":"2 Louse","floor":3,"turns":3},{"damage":9,"enemies":"Lots of Slimes","floor":5,"turns":6},{"damage":19,"enemies":"3 Sentries","floor":8,"turns":9},{"damage":8,"enemies":"Blue Slaver","floor":10,"turns":4},{"damage":30,"enemies":"Gremlin Nob","floor":11,"turns":4},{"damage":2,"enemies":"Large Slime","floor":13,"turns":6},{"damage":32,"enemies":"3 Sentries","floor":14,"turns":9},{"damage":16,"enemies":"Slime Boss","floor":16,"turns":8},{"damage":0,"enemies":"2 Thieves","floor":18,"turns":2},{"damage":3,"enemies":"Chosen","floor":21,"turns":6},{"damage":5,"enemies":"Slavers","floor":24,"turns":5},{"damage":0,"enemies":"Centurion and Healer","floor":25,"turns":6},{"damage":0,"enemies":"Cultist and Chosen","floor":27,"turns":6},{"damage":0,"enemies":"Book of Stabbing","floor":28,"turns":6},{"damage":0,"enemies":"Gremlin Leader","floor":30,"turns":5},{"damage":0,"enemies":"Snecko","floor":31,"turns":5},{"damage":0,"enemies":"Champ","floor":33,"turns":14},{"damage":0,"enemies":"3 Shapes","floor":35,"turns":6},{"damage":0,"enemies":"Orb Walker","floor":38,"turns":2},{"damage":0,"enemies":"Spire Growth","floor":39,"turns":4},{"damage":0,"enemies":"Giant Head","floor":40,"turns":5},{"damage":0,"enemies":"Nemesis","floor":42,"turns":5},{"damage":0,"enemies":"Giant Head","floor":44,"turns":5},{"damage":0,"enemies":"Reptomancer","floor":46,"turns":5},{"damage":0,"enemies":"Sphere and 2 Shapes","floor":47,"turns":4},{"damage":0,"enemies":"Giant Head","floor":48,"turns":4},{"damage":0,"enemies":"Time Eater","floor":50,"turns":5},{"damage":0,"enemies":"Shield and Spear","floor":54,"turns":4},{"damage":0,"enemies":"The Heart","floor":55,"turns":8}],"seed_played":"6232863405073471979","potions_obtained":[{"floor":3,"key":"EssenceOfSteel"},{"floor":5,"key":"SteroidPotion"},{"floor":13,"key":"SteroidPotion"},{"floor":14,"key":"AttackPotion"},{"floor":16,"key":"SneckoOil"},{"floor":24,"key":"DistilledChaos"},{"floor":25,"key":"LiquidBronze"},{"floor":28,"key":"BlessingOfTheForge"},{"floor":30,"key":"SmokeBomb"},{"floor":33,"key":"SteroidPotion"},{"floor":40,"key":"BloodPotion"}],"is_trial":false,"path_per_floor":["M","M","M","?","M","R","?","E","T","M","E","?","M","E","R","B",null,"M","$","?","M","?","R","E","M","T","M","E","R","E","M","R","B",null,"M","?","$","M","M","E","R","E","T","E","R","E","M","E","R","B",null,"R","$","E","B",null],"character_chosen":"IRONCLAD","items_purchased":["Ice Cream","Shrug It Off","Mummified Hand","Feel No Pain"],"campfire_rested":0,"item_purchase_floors":[19,19,37,53],"current_hp_per_floor":[77,77,79,79,76,76,81,68,68,66,42,85,85,59,59,49,76,82,82,42,42,42,42,42,42,42,42,42,42,42,42,42,42,42,42,42,42,42,42,42,42,42,42,42,42,42,42,42,42,42,42,42,42,42,42],"gold":130,"neow_bonus":"UPGRADE_CARD","is_daily":false,"chose_seed":false,"campfire_upgraded":8,"win_rate":0.0,"timestamp":1613668081,"path_taken":["M","?","M","?","M","R","?","E","T","M","E","?","M","E","R","BOSS","M","?","?","M","?","R","E","M","T","M","E","R","E","?","R","BOSS","M","?","$","M","M","E","R","E","T","E","R","E","M","E","R","BOSS","R","$","E","BOSS"],"items_purchased_type":["Relic","Card","Relic","Card"],"build_version":"2020-12-18","purchased_purges":1,"victory":true,"max_hp_per_floor":[80,80,80,80,80,80,85,85,85,85,85,85,85,85,85,85,85,85,85,42,42,42,42,42,42,42,42,42,42,42,42,42,42,42,42,42,42,42,42,42,42,42,42,42,42,42,42,42,42,42,42,42,42,42,42],"relic_stats":{"Regal Pillow":0,"Happy Flower":[47],"counters":[31,169],"Bag of Preparation":[14],"Boot":[3],"Smiling Mask":25,"Burning Blood":70,"Blood Vial":0,"Ornamental Fan":[36],"Mummified Hand":[89],"Snecko Eye":[137,136,131,104],"Pandora\u0027s Box":["Sentinel","Double Tap","Pommel Strike","Inflame","Body Slam","Demon Form","Battle Trance","Fire Breathing"],"obtain_stats":[{"Ice Cream":19,"Regal Pillow":48,"Happy Flower":9,"Oddly Smooth Stone":14,"GremlinMask":22,"Thread and Needle":24,"Bag of Preparation":42,"Ancient Tea Set":8,"Boot":11,"Smiling Mask":40,"Burning Blood":0,"Blood Vial":43,"Matryoshka":30,"Ornamental Fan":26,"Mummified Hand":37,"Snecko Eye":34,"Pandora\u0027s Box":17,"Bag of Marbles":46,"Red Skull":44,"FossilizedHelix":54,"Pocketwatch":28},{"Ice Cream":11,"Regal Pillow":28,"Happy Flower":5,"Oddly Smooth Stone":9,"GremlinMask":12,"Thread and Needle":13,"Bag of Preparation":24,"Ancient Tea Set":5,"Boot":7,"Smiling Mask":23,"Burning Blood":0,"Blood Vial":24,"Matryoshka":17,"Ornamental Fan":14,"Mummified Hand":20,"Snecko Eye":19,"Pandora\u0027s Box":10,"Bag of Marbles":26,"Red Skull":25,"FossilizedHelix":30,"Pocketwatch":16},{"Ice Cream":59,"Regal Pillow":152,"Happy Flower":26,"Oddly Smooth Stone":49,"GremlinMask":65,"Thread and Needle":70,"Bag of Preparation":134,"Ancient Tea Set":26,"Boot":34,"Smiling Mask":129,"Burning Blood":0,"Blood Vial":134,"Matryoshka":93,"Ornamental Fan":76,"Mummified Hand":118,"Snecko Eye":112,"Pandora\u0027s Box":57,"Bag of Marbles":144,"Red Skull":139,"FossilizedHelix":161,"Pocketwatch":88}],"Pocketwatch":[111]},"card_choices":[{"not_picked":["Body Slam","Warcry"],"picked":"Shrug It Off","floor":1},{"not_picked":["Thunderclap","Seeing Red"],"picked":"Perfected Strike","floor":2},{"not_picked":["Thunderclap","Body Slam"],"picked":"Shrug It Off","floor":3},{"not_picked":["Thunderclap","Sword Boomerang"],"picked":"Evolve","floor":5},{"not_picked":["Anger","Seeing Red"],"picked":"Inflame","floor":8},{"not_picked":["Pummel","Body Slam"],"picked":"Corruption","floor":10},{"not_picked":["Twin Strike","Entrench"],"picked":"Battle Trance","floor":11},{"not_picked":["Iron Wave","Havoc"],"picked":"Clothesline","floor":13},{"not_picked":["Anger","Reckless Charge"],"picked":"Shrug It Off","floor":14},{"not_picked":["Bludgeon","Limit Break"],"picked":"Barricade","floor":16},{"not_picked":["Searing Blow","Clothesline"],"picked":"Whirlwind","floor":18},{"not_picked":["Cleave","Dual Wield+1","Twin Strike"],"picked":"SKIP","floor":21},{"not_picked":["Thunderclap+1","Second Wind"],"picked":"Power Through+1","floor":24},{"not_picked":["Wild Strike+1","Pommel Strike+1","Iron Wave"],"picked":"SKIP","floor":25},{"not_picked":["Metallicize","Perfected Strike","Pommel Strike+1"],"picked":"SKIP","floor":27},{"not_picked":["Intimidate","Iron Wave","Headbutt"],"picked":"SKIP","floor":28},{"not_picked":["Shockwave+1","Reckless Charge"],"picked":"True Grit","floor":30},{"not_picked":["Searing Blow","Bloodletting+1"],"picked":"Entrench","floor":31},{"not_picked":["Barricade","Brutality"],"picked":"Impervious","floor":33},{"not_picked":["Intimidate+1","Pommel Strike"],"picked":"Headbutt+1","floor":35},{"not_picked":["Dropkick","Pommel Strike+1"],"picked":"Disarm","floor":38},{"not_picked":["Thunderclap","True Grit","Sever Soul+1"],"picked":"SKIP","floor":39},{"not_picked":["Clothesline+1","Twin Strike","Pummel+1"],"picked":"SKIP","floor":40},{"not_picked":["Havoc+1","Seeing Red"],"picked":"Disarm","floor":42},{"not_picked":["Headbutt+1","Feed","Rupture+1"],"picked":"SKIP","floor":44},{"not_picked":["Intimidate+1","Hemokinesis"],"picked":"Fiend Fire","floor":46},{"not_picked":["Evolve","Perfected Strike+1"],"picked":"Flame Barrier","floor":47},{"not_picked":["Havoc+1","Blood for Blood","Clothesline"],"picked":"SKIP","floor":48},{"not_picked":["Dual Wield","Heavy Blade+1"],"picked":"Shockwave","floor":54}],"player_experience":357570,"relics_obtained":[{"floor":8,"key":"Ancient Tea Set"},{"floor":9,"key":"Happy Flower"},{"floor":11,"key":"Boot"},{"floor":14,"key":"Oddly Smooth Stone"},{"floor":24,"key":"Thread and Needle"},{"floor":26,"key":"Ornamental Fan"},{"floor":28,"key":"Pocketwatch"},{"floor":30,"key":"Matryoshka"},{"floor":40,"key":"Smiling Mask"},{"floor":42,"key":"Bag of Preparation"},{"floor":43,"key":"Blood Vial"},{"floor":44,"key":"Red Skull"},{"floor":46,"key":"Bag of Marbles"},{"floor":48,"key":"Regal Pillow"},{"floor":54,"key":"FossilizedHelix"}],"event_choices":[{"cards_removed":["Defend_R"],"damage_healed":0,"gold_gain":0,"player_choice":"Card Removal","damage_taken":0,"max_hp_gain":0,"max_hp_loss":0,"event_name":"The Cleric","floor":4,"gold_loss":50},{"damage_healed":0,"gold_gain":0,"player_choice":"Donut","damage_taken":0,"max_hp_gain":5,"max_hp_loss":0,"event_name":"Big Fish","floor":7,"gold_loss":0},{"cards_removed":["Evolve"],"damage_healed":43,"gold_gain":0,"player_choice":"Offered Uncommon","damage_taken":0,"max_hp_gain":0,"max_hp_loss":0,"event_name":"Bonfire Elementals","floor":12,"gold_loss":0},{"damage_healed":0,"gold_gain":0,"player_choice":"Became a Ghost","damage_taken":0,"max_hp_gain":0,"max_hp_loss":43,"event_name":"Ghosts","floor":20,"gold_loss":0,"cards_obtained":["Ghostly","Ghostly","Ghostly","Ghostly","Ghostly"]},{"damage_healed":0,"gold_gain":0,"player_choice":"Trade","damage_taken":0,"relics_obtained":["GremlinMask"],"max_hp_gain":0,"max_hp_loss":0,"event_name":"FaceTrader","floor":22,"gold_loss":0},{"damage_healed":0,"gold_gain":0,"player_choice":"Ignored","damage_taken":0,"max_hp_gain":0,"max_hp_loss":0,"event_name":"Tomb of Lord Red Mask","floor":36,"gold_loss":0}],"is_beta":true,"boss_relics":[{"not_picked":["SlaversCollar","Tiny House"],"picked":"Pandora\u0027s Box"},{"not_picked":["Runic Dome","Sozu"],"picked":"Snecko Eye"}],"items_purged_floors":[53],"is_endless":false,"potions_floor_spawned":[3,5,13,14,16,24,25,28,30,33,35,40,44,46,48],"ascension_level":11}}