{"host":"ctlqibkg0sskiu65","time":1613675683,"event":{"mods":["AchievementEnabler","Aspiration","Astrologer","BaseMod","Better Third Choice","BetterRewards","Colored Map","Colored Powertips","Conspire","Curses Come First","Fiend Mod","Infinite Spire","Minty Spire (QoL Compilation)","Potionbrewer","Quick Restart","Reliquary","Replay The Spire","Robot Space Explorer","Shade Mod","Shop Mod","StSLib","The Blackbeard","The Bladedancer","The Cursed","The Death Knight","The Hierophant","The Jungle","The Kombatant","The Necromancer","The Poker Player","The Servant 0.9.4","TheBandit","Wide Potions","thorton"],"gold_per_floor":[113,113,125,125,10,10,10,36,104,104,124,39,53,65,65,65,65],"floor_reached":16,"language":"ENG","playtime":525,"items_purged":["Defend_G"],"score":200,"play_id":"d7dfaed1-4249-4eff-918f-6b9f92042560","local_time":"20210218131443","is_ascension_mode":true,"campfire_choices":[{"data":"Noxious Fumes","floor":6.0,"key":"SMITH"},{"data":"Dodge and Roll","floor":10.0,"key":"SMITH"},{"floor":15.0,"key":"REST"}],"circlet_count":0,"master_deck":["AscendersBane","Strike_G","Strike_G","Strike_G","Strike_G","Strike_G","Defend_G","Defend_G","Defend_G","Defend_G","Survivor","Neutralize","Deflect+1","PiercingWail","Noxious Fumes","Noxious Fumes+1","Dodge and Roll+1","Bane","Fluid Movement"],"relics":["Ring of the Snake","potionbrewer:ToyAutogyro","infinitespire:FocusingShard"],"acts_visited":["Exordium"],"potions_floor_usage":[16],"damage_taken":[{"damage":1.0,"enemies":"Small Slimes","floor":1.0,"turns":6.0},{"damage":12.0,"enemies":"Jaw Worm","floor":3.0,"turns":6.0},{"damage":22.0,"enemies":"3 Sentries","floor":8.0,"turns":6.0},{"damage":1.0,"enemies":"Cultist","floor":11.0,"turns":5.0},{"damage":0.0,"enemies":"Blue Slaver","floor":13.0,"turns":5.0},{"damage":3.0,"enemies":"Large Slime","floor":14.0,"turns":6.0},{"damage":45,"enemies":"Hexaghost","floor":16,"turns":11}],"seed_played":"689502270061108480","potions_obtained":[{"floor":13.0,"key":"Explosive Potion"}],"is_trial":false,"path_per_floor":["M","?","M","?","$","R","$","E","T","R","M","$","M","M","R","B"],"character_chosen":"THE_SILENT","items_purchased":["Deflect+1","Noxious Fumes","Fluid Movement"],"campfire_rested":1,"item_purchase_floors":[0,5,12],"current_hp_per_floor":[58,58,46,46,46,46,46,24,24,24,23,23,23,20,39,0,0],"gold":65,"neow_bonus":"","is_daily":false,"chose_seed":false,"campfire_upgraded":2,"win_rate":0.0,"timestamp":1613675683,"path_taken":["M","?","M","?","?","R","$","E","T","R","M","$","M","M","R","BOSS"],"items_purchased_type":["Card","Card","Card"],"build_version":"2020-12-22","purchased_purges":1,"victory":false,"max_hp_per_floor":[66,66,66,66,66,66,66,66,66,66,66,66,66,66,66,66,66],"card_choices":[{"not_picked":["Blur","Flying Knee"],"picked":"PiercingWail","floor":1.0},{"not_picked":["Finisher","ReplayTheSpireMod:Exploit Weakness"],"picked":"Noxious Fumes","floor":3.0},{"not_picked":["Deadly Poison","Acrobatics"],"picked":"Dodge and Roll","floor":8.0},{"not_picked":["Blade Dance","Predator"],"picked":"Bane","floor":11.0},{"not_picked":["Sneak Up","Cloak And Dagger","Flechettes"],"picked":"SKIP","floor":13.0},{"not_picked":["Setup","Prepared","Masterful Stab"],"picked":"SKIP","floor":14.0}],"player_experience":317385,"relics_obtained":[{"floor":8.0,"key":"potionbrewer:ToyAutogyro"},{"floor":9.0,"key":"infinitespire:FocusingShard"}],"event_choices":[{"damage_healed":0.0,"max_hp_gain":0.0,"max_hp_loss":0.0,"gold_gain":0.0,"event_name":"Golden Idol","player_choice":"Ignored","floor":4.0,"gold_loss":0.0,"damage_taken":0.0}],"is_beta":false,"boss_relics":[],"items_purged_floors":[5],"is_endless":false,"potions_floor_spawned":[13],"killed_by":"Hexaghost","ascension_level":20}}