{"host":"o9lehcdjc4u6j9un","time":1613662455,"event":{"mods":["Aspiration","BaseMod","Better-Laid Plans","Bossed Relics","Colored Map","Downfall","Gremlin Mod","Hermit","Marisa£®ÏF”Í°°ƒß¿Ì…≥£©","Minty Spire (QoL Compilation)","Reimu£®≤©¿ˆ¡È√Œ£©","Remilia£®¿Ÿ√◊¿Ú—«£©","StSLib","The Alterego","The Hierophant","The Jungle","The Marked","The Runesmith","The Senshi","The Servant 0.9.4","Yakumo Yukari mod","Youmu£®ªÍ∆«—˝√Œ£©","≤–¡Ù÷ÆŒÔ"],"gold_per_floor":[117,127,140,140,140,175,186,215,269,282,282,23,23,36,36,131,131,147,14,31,42,42,74,74,34,81,96,96,110,110,128,128,224,224,234,254,254,101,101,101,114,114,194,69,100,112,112,131,131,131,131],"floor_reached":50,"language":"ZHS","playtime":2134,"items_purged":["theMarked:Strike","theMarked:Strike","Pain"],"score":604,"play_id":"9cc202a1-8678-48d8-9515-9582552f1616","local_time":"20210218233415","is_ascension_mode":false,"campfire_choices":[{"data":"theMarked:SoldierOfQuellstein","floor":11.0,"key":"SMITH"},{"data":"Mayhem","floor":13.0,"key":"SMITH"},{"data":"theMarked:Challenge","floor":15.0,"key":"SMITH"},{"data":"Slimebound:CheckThePlaybook","floor":24.0,"key":"SMITH"},{"data":"theMarked:EmpowerWeapon","floor":30.0,"key":"SMITH"},{"data":"theMarked:EmpowerWeapon","floor":32.0,"key":"SMITH"},{"data":"theMarked:ParalyzingBlade","floor":40.0,"key":"SMITH"},{"data":"theMarked:Toughness","floor":47.0,"key":"SMITH"},{"floor":49.0,"key":"RECALL"}],"circlet_count":0,"master_deck":["theMarked:Strike+1","theMarked:Defend","theMarked:Defend","theMarked:Defend","theMarked:Defend","theMarked:SoldierOfQuellstein+1","theMarked:EmpowerWeapon+1","theMarked:Overcharge","theMarked:ContemptForTheProud","theMarked:SwordAndMagic","theMarked:HeightenedSenses","theMarked:Challenge+1","Mayhem+1","theMarked:EmpowerWeapon+1","theMarked:Toughness+1","theMarked:WastefulAttack+1","theMarked:ParalyzingBlade+1","theMarked:TunnelVision","theMarked:ShockingTouch+1","Slimebound:CheckThePlaybook+1","theMarked:SwordAndMagic+1","theMarked:Toughness","theMarked:ElectricStrings+1","theMarked:Toughness","theMarked:HeightenedSenses+1","theMarked:WastefulAttack+1"],"relics":["theMarked:BronzeBlade","aspiration:ChemicalBlood","theSenshi:FeatherClipsRelic","Bag of Marbles","Nunchaku","Shuriken","ZunR:ReiMu","PreservedInsect","aspiration:FutureDiary","Guardian:BottledAnomaly","WarpedTongs","aspiration:AnachronicSnailShell"],"acts_visited":["Exordium","TheCity","TheBeyond"],"potions_floor_usage":[50,50,50,50],"damage_taken":[{"damage":0.0,"enemies":"Cultist","floor":1.0,"turns":3.0},{"damage":4.0,"enemies":"Jaw Worm","floor":2.0,"turns":4.0},{"damage":0.0,"enemies":"2 Louse","floor":3.0,"turns":2.0},{"damage":16.0,"enemies":"Gremlin Nob","floor":6.0,"turns":4.0},{"damage":3.0,"enemies":"Red Slaver","floor":7.0,"turns":2.0},{"damage":7.0,"enemies":"3 Sentries","floor":8.0,"turns":5.0},{"damage":0.0,"enemies":"3 Louse","floor":10.0,"turns":2.0},{"damage":0.0,"enemies":"Exordium Wildlife","floor":14.0,"turns":1.0},{"damage":0.0,"enemies":"Hexaghost","floor":16.0,"turns":5.0},{"damage":0.0,"enemies":"Chosen","floor":18.0,"turns":2.0},{"damage":10.0,"enemies":"Spheric Guardian","floor":20.0,"turns":3.0},{"damage":8.0,"enemies":"Centurion and Healer","floor":21.0,"turns":3.0},{"damage":23.0,"enemies":"Book of Stabbing","floor":23.0,"turns":4.0},{"damage":16.0,"enemies":"Snake Plant","floor":27.0,"turns":2.0},{"damage":0.0,"enemies":"Snecko","floor":29.0,"turns":2.0},{"damage":4.0,"enemies":"Sentry and Sphere","floor":31.0,"turns":2.0},{"damage":44.0,"enemies":"Champ","floor":33.0,"turns":4.0},{"damage":29.0,"enemies":"3 Darklings","floor":35.0,"turns":2.0},{"damage":12.0,"enemies":"3 Shapes","floor":36.0,"turns":1.0},{"damage":0.0,"enemies":"Transient","floor":41.0,"turns":5.0},{"damage":0.0,"enemies":"Reptomancer","floor":45.0,"turns":2.0},{"damage":13.0,"enemies":"Spire Growth","floor":46.0,"turns":2.0},{"damage":6.0,"enemies":"3 Darklings","floor":48.0,"turns":2.0},{"damage":57,"enemies":"Time Eater","floor":50,"turns":5}],"seed_played":"4730820479230981352","potions_obtained":[{"floor":1.0,"key":"SteroidPotion"},{"floor":2.0,"key":"DuplicationPotion"},{"floor":8.0,"key":"Regen Potion"},{"floor":10.0,"key":"Energy Potion"},{"floor":18.0,"key":"Swift Potion"},{"floor":23.0,"key":"Regen Potion"},{"floor":23.0,"key":"Swift Potion"},{"floor":31.0,"key":"Energy Potion"},{"floor":33.0,"key":"ColorlessPotion"},{"floor":35.0,"key":"Swift Potion"},{"floor":45.0,"key":"bronze:BurnAndBuffPotion"},{"floor":48.0,"key":"SkillPotion"},{"floor":50,"key":"BlessingOfTheForge"}],"is_trial":false,"path_per_floor":["M","M","M","?","T","E","M","E","T","M","R","$","R","M","R","B",null,"M","$","M","M","?","E","R","?","T","M","?","M","R","M","R","B",null,"M","M","?","$","?","R","M","?","T","$","E","M","R","M","R","B"],"character_chosen":"THE_DEFAULT","items_purchased":["Mayhem","theMarked:ParalyzingBlade","Guardian:BottledAnomaly"],"campfire_rested":0,"item_purchase_floors":[12,19,38],"current_hp_per_floor":[79,75,75,59,59,43,46,45,45,51,51,51,51,57,57,63,79,79,79,75,73,46,56,56,56,56,46,46,52,52,54,54,16,79,56,50,50,50,50,50,56,56,56,56,62,55,55,55,55,0,0],"gold":131,"neow_bonus":"TEN_PERCENT_HP_BONUS","is_daily":false,"chose_seed":false,"campfire_upgraded":8,"win_rate":0.0,"timestamp":1613662455,"path_taken":["M","M","M","?","?","E","M","E","T","M","R","?","R","M","R","BOSS","M","?","M","?","?","E","R","?","T","M","?","M","R","?","R","BOSS","M","M","?","$","?","R","?","?","T","?","E","M","R","?","R","BOSS"],"items_purchased_type":["Card","Card","Relic"],"build_version":"2020-12-22","purchased_purges":3,"victory":false,"max_hp_per_floor":[79,79,79,79,79,79,79,79,79,79,79,79,79,79,79,79,79,79,79,79,79,79,79,79,79,79,79,79,79,79,79,79,79,79,79,79,79,79,79,79,79,79,79,79,79,79,79,79,79,79,79],"card_choices":[{"not_picked":["theMarked:Determination","theMarked:Convert","theMarked:TwofoldDefense"],"picked":"SKIP","floor":1.0},{"not_picked":["theMarked:MysticalArsenal","theMarked:Aftermath"],"picked":"theMarked:EmpowerWeapon","floor":2.0},{"not_picked":["theMarked:SelfDefenseTraining","theMarked:EnhanceMovement"],"picked":"theMarked:Overcharge","floor":3.0},{"not_picked":["theMarked:Parkour","theMarked:Frustration"],"picked":"theMarked:ContemptForTheProud","floor":6.0},{"not_picked":["theMarked:Improvise","theMarked:ResourceFulStrike"],"picked":"theMarked:SwordAndMagic","floor":7.0},{"not_picked":["theMarked:Indomitable","theMarked:GodGivenPower"],"picked":"theMarked:HeightenedSenses","floor":8.0},{"not_picked":["theMarked:Memento","theMarked:ResourceFulStrike"],"picked":"theMarked:Challenge","floor":10.0},{"not_picked":["theMarked:ElectricStrings","theMarked:TunnelVision"],"picked":"theMarked:EmpowerWeapon","floor":14.0},{"not_picked":["theMarked:MagusForm","theMarked:DispelDoubt"],"picked":"theMarked:Toughness","floor":16.0},{"not_picked":["theMarked:BanishingStrike","theMarked:Determination"],"picked":"theMarked:WastefulAttack+1","floor":18.0},{"not_picked":["theMarked:RepellingDischarge","theMarked:Frustration"],"picked":"theMarked:TunnelVision","floor":20.0},{"not_picked":["theMarked:ChainLightning","theMarked:Static"],"picked":"theMarked:ShockingTouch+1","floor":21.0},{"not_picked":["theMarked:MysticalArsenal+1","theMarked:Indomitable","theMarked:ShockingTouch"],"picked":"SKIP","floor":23.0},{"not_picked":["theMarked:Static+1","theMarked:Pokerface","theMarked:Parkour"],"picked":"SKIP","floor":27.0},{"not_picked":["theMarked:Memento","theMarked:RepellingDischarge+1"],"picked":"theMarked:SwordAndMagic+1","floor":29.0},{"not_picked":["theMarked:TakeCover","theMarked:AttractMetal"],"picked":"theMarked:Toughness","floor":31.0},{"not_picked":["theMarked:Parkour+1","theMarked:ChainLightning+1"],"picked":"theMarked:ElectricStrings+1","floor":35.0},{"not_picked":["theMarked:WardOff","theMarked:Memento","theMarked:Maelstrom"],"picked":"SKIP","floor":36.0},{"not_picked":["theMarked:ChainLightning","theMarked:Aftermath+1","theMarked:Friction"],"picked":"SKIP","floor":41.0},{"not_picked":["theMarked:TakeCover","theMarked:BanishingStrike"],"picked":"theMarked:Toughness","floor":45.0},{"not_picked":["theMarked:MuscleMemory","theMarked:WardOff"],"picked":"theMarked:HeightenedSenses+1","floor":46.0},{"not_picked":["theMarked:Generate","theMarked:Convert"],"picked":"theMarked:WastefulAttack+1","floor":48.0}],"player_experience":336193,"relics_obtained":[{"floor":5.0,"key":"aspiration:ChemicalBlood"},{"floor":6.0,"key":"theSenshi:FeatherClipsRelic"},{"floor":8.0,"key":"Bag of Marbles"},{"floor":9.0,"key":"Nunchaku"},{"floor":23.0,"key":"Shuriken"},{"floor":26.0,"key":"PreservedInsect"},{"floor":45.0,"key":"aspiration:AnachronicSnailShell"}],"event_choices":[{"damage_healed":0.0,"max_hp_gain":0.0,"max_hp_loss":0.0,"gold_gain":0.0,"event_name":"Shining Light","player_choice":"Entered Light","floor":4.0,"gold_loss":0.0,"damage_taken":16.0,"cards_upgraded":["theMarked:Strike","theMarked:Strike"]},{"damage_healed":0.0,"max_hp_gain":0.0,"max_hp_loss":0.0,"gold_gain":0.0,"event_name":"ZunEvent","player_choice":"π∫¬Ú…Òæ∆","floor":25.0,"gold_loss":40.0,"damage_taken":0.0,"relics_obtained":["ZunR:ReiMu"]},{"cards_removed":["theMarked:Strike"],"damage_healed":0.0,"max_hp_gain":0.0,"max_hp_loss":0.0,"gold_gain":0.0,"event_name":"Bonfire Elementals","player_choice":"Offered Basic","floor":28.0,"gold_loss":0.0,"damage_taken":0.0},{"damage_healed":0.0,"max_hp_gain":0.0,"max_hp_loss":0.0,"gold_gain":0.0,"event_name":"Tomb of Lord Red Mask","player_choice":"Ignored","floor":37.0,"gold_loss":0.0,"damage_taken":0.0},{"cards_removed":["theMarked:Strike"],"damage_healed":0.0,"max_hp_gain":0.0,"max_hp_loss":0.0,"gold_gain":0.0,"event_name":"Falling","player_choice":"Removed Attack","floor":39.0,"gold_loss":0.0,"damage_taken":0.0},{"damage_healed":0.0,"max_hp_gain":0.0,"max_hp_loss":0.0,"gold_gain":0.0,"event_name":"Accursed Blacksmith","player_choice":"Rummage","floor":42.0,"gold_loss":0.0,"damage_taken":0.0,"relics_obtained":["WarpedTongs"],"cards_obtained":["Pain"]}],"is_beta":false,"boss_relics":[{"not_picked":["Fusion Hammer","Busted Crown"],"picked":"theMarked:BronzeBlade"},{"not_picked":["aspiration:RitualDagger","Sozu"],"picked":"aspiration:FutureDiary"}],"items_purged_floors":[12,19,44],"is_endless":false,"potions_floor_spawned":[1,2,8,10,16,18,20,23,31,36,45,48],"killed_by":"Time Eater","ascension_level":0}}