{"host":"igi9xpgoc000gxf5","time":1613684967,"event":{"mods":["BaseMod","Colored Powertips","Downfall","Googly Eyes","Minty Spire (QoL Compilation)","StSLib"],"gold_per_floor":[99,110,5,21,296,309,362,362,372,382,557,571,585,585,601,601,601,601],"floor_reached":16,"language":"ENG","playtime":1272,"items_purged":[],"score":96,"play_id":"25850204-4693-4a3c-930d-fc81dee23933","local_time":"20210218224927","is_ascension_mode":false,"campfire_choices":[{"data":"champ:Taunt","floor":1,"key":"SMITH"},{"data":"champ:StanceDance","floor":8,"key":"SMITH"}],"circlet_count":0,"master_deck":["champ:Strike","champ:Strike","champ:Strike","champ:Strike","champ:Defend","champ:Defend","champ:Defend","champ:Defend","champ:Execute","champ:Taunt+1","champ:PreciseThrust","champ:DefensiveShout","champ:StanceDance+1","champ:EndlessRage","champ:AdrenalArmor","Regret","champ:RageSigil","champ:DefensiveStyle","champ:StanceDance","Doubt","champ:FanOfKnives","champ:ShieldSlam","champ:FlashCut"],"relics":["champ:ChampionCrown","Lantern"],"acts_visited":["Exordium"],"potions_floor_usage":[16,16,16],"damage_taken":[{"damage":5,"enemies":"Small Slimes","floor":2,"turns":5},{"damage":20,"enemies":"downfall:FleeingMerchant","floor":3,"turns":4},{"damage":11,"enemies":"Cultist","floor":4,"turns":4},{"damage":12,"enemies":"2 Louse","floor":6,"turns":4},{"damage":19,"enemies":"Large Slime","floor":9,"turns":7},{"damage":25,"enemies":"2 Fungi Beasts","floor":10,"turns":5},{"damage":17,"enemies":"3 Louse","floor":12,"turns":3},{"damage":41,"enemies":"Blue Slaver","floor":13,"turns":5},{"damage":19,"enemies":"Exordium Wildlife","floor":15,"turns":6},{"damage":39,"enemies":"DF_ARCHETYPE_STREAMLINE","floor":16,"turns":12}],"seed_played":"8093019114060561333","potions_obtained":[{"floor":6,"key":"Fire Potion"},{"floor":9,"key":"champ:TechniquePotion"},{"floor":12,"key":"ColorlessPotion"},{"floor":15,"key":"hexamod:SoulburnPotion"}],"is_trial":false,"path_per_floor":["R","M","$","M","?","M","T","R","M","M","?","M","M","?","M","B"],"character_chosen":"THE_CHAMP","items_purchased":["champ:StanceDance","champ:EndlessRage"],"campfire_rested":0,"item_purchase_floors":[3,3],"current_hp_per_floor":[99,94,89,83,83,71,71,71,57,47,47,45,24,57,38,0,0,0],"gold":601,"neow_bonus":"TEN_PERCENT_HP_BONUS","is_daily":false,"chose_seed":false,"campfire_upgraded":2,"win_rate":0.0,"timestamp":1613684967,"path_taken":["R","M","$","M","?","?","T","R","M","M","?","M","M","?","M","BOSS"],"items_purchased_type":["Card","Card"],"build_version":"2020-12-22","purchased_purges":0,"victory":false,"max_hp_per_floor":[99,99,99,99,99,99,99,99,99,99,99,99,99,99,99,99,99,99],"card_choices":[{"not_picked":["champ:Haymaker","champ:BladeFlurry"],"picked":"champ:PreciseThrust","floor":2},{"not_picked":["champ:CrownThrow","champ:Devastate"],"picked":"champ:DefensiveShout","floor":3},{"not_picked":["champ:DefensiveShout","champ:CrownThrow"],"picked":"champ:AdrenalArmor","floor":4},{"not_picked":["champ:BladeFlurry","champ:AdrenalArmor"],"picked":"champ:RageSigil","floor":6},{"not_picked":["champ:AdrenalArmor","champ:CrownThrow"],"picked":"champ:DefensiveStyle","floor":9},{"not_picked":["champ:Lariat","champ:EndlessRage"],"picked":"champ:StanceDance","floor":10},{"not_picked":["champ:CrownThrow","champ:Lariat"],"picked":"champ:FanOfKnives","floor":12},{"not_picked":["champ:BringItOn","champ:AdrenalArmor"],"picked":"champ:ShieldSlam","floor":13},{"not_picked":["champ:BerserkersShout","champ:EnchantCrown"],"picked":"champ:FlashCut","floor":15}],"player_experience":982445,"relics_obtained":[{"floor":7,"key":"Lantern"}],"event_choices":[{"damage_healed":33,"gold_gain":0,"player_choice":"Banana","damage_taken":0,"max_hp_gain":0,"max_hp_loss":0,"event_name":"Big Fish","floor":14,"gold_loss":0}],"is_beta":false,"boss_relics":[],"items_purged_floors":[],"is_endless":false,"potions_floor_spawned":[6,9,12,15],"killed_by":"DF_ARCHETYPE_STREAMLINE","ascension_level":0}}