{"host":"xgo7i0560n9mwvr8","time":1613621141,"event":{"mods":["BaseMod","Colored Map","Downfall","Minty Spire (QoL Compilation)","Permanent Neow","StSLib"],"gold_per_floor":[199,215,227,283,283,283,307,319,333,133,233,233,250,263,280,280,280,280],"floor_reached":16,"language":"ENG","playtime":985,"items_purged":[],"score":99,"play_id":"9539b74a-aa9c-44c4-8ac6-4a62a40d7fa5","local_time":"20210217230541","is_ascension_mode":true,"campfire_choices":[{"floor":1,"key":"RECALL"},{"floor":6,"key":"REST"},{"floor":10,"key":"REST"},{"floor":12,"key":"REST"}],"circlet_count":0,"master_deck":["Slimebound:Strike_Slimebound","Slimebound:Tackle","Slimebound:Defend_Slimebound","Slimebound:Defend_Slimebound","Slimebound:Defend_Slimebound","Slimebound:Defend_Slimebound","Slimebound:Split","Slimebound:CorrosiveSpit","Slimebound:SlimeSpikes","Slimebound:LevelUp","Slimebound:SplitAcid+1","Slimebound:MegaLick","Slimebound:ComboTackle","Slimebound:SplitSpecialist","Slimebound:SlimeTap","Slimebound:LevelUp","Slimebound:RejuvenatingLick","Slimebound:SplitBruiser"],"relics":["Slimebound:AbsorbEndCombat","White Beast Statue","downfall:HeartBlessingBlue","downfall:HeartBlessingRed"],"acts_visited":["Exordium"],"potions_floor_usage":[9,11,11,15,16,16],"damage_taken":[{"damage":8,"enemies":"2 Louse","floor":2,"turns":3},{"damage":0,"enemies":"Small Slimes","floor":3,"turns":3},{"damage":65,"enemies":"Lagavulin Event","floor":4,"turns":7},{"damage":7,"enemies":"Cultist","floor":8,"turns":5},{"damage":7,"enemies":"Blue Slaver","floor":9,"turns":5},{"damage":43,"enemies":"downfall:Heads","floor":11,"turns":6},{"damage":3,"enemies":"Exordium Wildlife","floor":13,"turns":3},{"damage":2,"enemies":"3 Louse","floor":14,"turns":3},{"damage":4,"enemies":"Large Slime","floor":15,"turns":4},{"damage":59,"enemies":"WA_ARCHETYPE_RETAIN","floor":16,"turns":7}],"seed_played":"3653602064551302047","potions_obtained":[{"floor":4,"key":"BlessingOfTheForge"},{"floor":8,"key":"Dexterity Potion"},{"floor":9,"key":"DistilledChaos"},{"floor":11,"key":"Strength Potion"},{"floor":13,"key":"Strength Potion"},{"floor":14,"key":"SkillPotion"},{"floor":15,"key":"LiquidMemories"}],"is_trial":false,"path_per_floor":["R","M","M","?","?","R","T","M","M","R","?","R","M","M","M","B"],"character_chosen":"SLIMEBOUND","items_purchased":[],"campfire_rested":3,"item_purchase_floors":[],"current_hp_per_floor":[65,57,61,2,2,21,21,14,9,41,6,28,29,29,27,0,0,0],"gold":280,"neow_bonus":"HUNDRED_GOLD","is_daily":false,"chose_seed":false,"campfire_upgraded":0,"win_rate":0.0,"timestamp":1613621141,"path_taken":["R","M","M","?","?","R","T","?","M","R","?","R","M","M","M","BOSS"],"items_purchased_type":[],"build_version":"2020-12-22","purchased_purges":0,"victory":false,"max_hp_per_floor":[65,65,65,65,65,65,65,65,65,75,75,75,75,75,75,75,75,75],"card_choices":[{"not_picked":["Slimebound:SlimeBrawl","Slimebound:TongueLash"],"picked":"Slimebound:SlimeSpikes","floor":2},{"not_picked":["Slimebound:ItLooksTasty","Slimebound:ViciousTackle"],"picked":"Slimebound:LevelUp","floor":3},{"not_picked":["Slimebound:Repurpose","Slimebound:FinishingTackle"],"picked":"Slimebound:SplitAcid","floor":4},{"not_picked":["Slimebound:GoopTackle","Slimebound:FlameTackle"],"picked":"Slimebound:MegaLick","floor":8},{"not_picked":["Slimebound:ServeAndProtect","Slimebound:FinishingTackle"],"picked":"Slimebound:ComboTackle","floor":9},{"not_picked":["Slimebound:ProtectTheBoss","Slimebound:LeadByExample"],"picked":"Slimebound:SlimeTap","floor":11},{"not_picked":["Slimebound:GrowthPunch","Slimebound:RejuvenatingLick"],"picked":"Slimebound:LevelUp","floor":13},{"not_picked":["Slimebound:HauntingLick","Slimebound:ItLooksTasty"],"picked":"Slimebound:RejuvenatingLick","floor":14},{"not_picked":["Slimebound:Dissolve","Slimebound:GoopTackle"],"picked":"Slimebound:SplitBruiser","floor":15}],"player_experience":1050298,"relics_obtained":[{"floor":4,"key":"White Beast Statue"}],"event_choices":[],"is_beta":false,"boss_relics":[],"items_purged_floors":[],"is_endless":false,"potions_floor_spawned":[4,8,9,11,13,14,15],"killed_by":"WA_ARCHETYPE_RETAIN","ascension_level":1}}