{"host":"rtw1tnr74gozsrw1","time":1613678629,"event":{"mods":["BaseMod","Colored Map","Colored Powertips","Highlight Path","Infinite Spire","Minty Spire (QoL Compilation)","StSLib","The Cursed","The Jungle"],"gold_per_floor":[112,126,140,29,29,29,40,40,94,94,94,94,114,189,189,294,294,314,314,314,214,229,229,229],"floor_reached":23,"language":"ENG","playtime":540,"items_purged":["Strike_B","Strike_B"],"score":233,"play_id":"f1ee62f8-0c04-44e8-88c4-189837635d79","local_time":"20210218210349","is_ascension_mode":true,"campfire_choices":[{"data":"Defragment","floor":6,"key":"SMITH"},{"data":"Capacitor","floor":8,"key":"SMITH"},{"data":"infinitespire:Starlight","floor":12,"key":"SMITH"},{"data":"Zap","floor":15,"key":"SMITH"}],"circlet_count":0,"master_deck":["Defend_B","Defend_B","Defend_B","Zap+1","Dualcast","FTL","Capacitor+1","Self Repair","Defragment+1","Ball Lightning","infinitespire:Starlight+1","Rainbow"],"relics":["Cracked Core","NeowsBlessing","Lantern","Empty Cage"],"acts_visited":["Exordium","TheCity"],"potions_floor_usage":[16,23],"damage_taken":[{"damage":0,"enemies":"Small Slimes","floor":1,"turns":1},{"damage":0,"enemies":"2 Louse","floor":2,"turns":1},{"damage":0,"enemies":"Jaw Worm","floor":3,"turns":1},{"damage":11,"enemies":"Blue Slaver","floor":7,"turns":4},{"damage":22,"enemies":"2 Fungi Beasts","floor":13,"turns":4},{"damage":19,"enemies":"Hexaghost","floor":16,"turns":7},{"damage":24,"enemies":"Shell Parasite","floor":18,"turns":4},{"damage":20,"enemies":"2 Thieves","floor":22,"turns":3},{"damage":53,"enemies":"Gremlin Leader","floor":23,"turns":5}],"seed_played":"647108000099415881","potions_obtained":[{"floor":1,"key":"LiquidMemories"},{"floor":7,"key":"SteroidPotion"},{"floor":16,"key":"Explosive Potion"}],"is_trial":false,"path_per_floor":["M","M","M","$","?","R","M","R","T","?","?","R","M","?","R","B",null,"M","?","?","$","M","E"],"character_chosen":"DEFECT","items_purchased":["Defragment"],"campfire_rested":0,"item_purchase_floors":[4],"current_hp_per_floor":[68,68,68,68,68,68,64,64,64,46,46,46,46,35,35,38,66,64,64,64,64,66,22,22],"gold":229,"neow_bonus":"THREE_ENEMY_KILL","is_daily":false,"chose_seed":false,"campfire_upgraded":4,"win_rate":0.0,"timestamp":1613678629,"path_taken":["M","M","M","$","?","R","M","R","T","?","?","R","M","?","R","BOSS","M","?","?","$","M","E"],"items_purchased_type":["Card"],"build_version":"2020-12-22","purchased_purges":2,"victory":false,"max_hp_per_floor":[75,75,75,75,75,75,75,75,75,75,75,75,75,75,75,75,75,75,75,75,75,75,75,75],"card_choices":[{"not_picked":["Streamline","Skim"],"picked":"FTL","floor":1},{"not_picked":["Leap","Genetic Algorithm"],"picked":"Capacitor","floor":2},{"not_picked":["Rip and Tear","Hologram"],"picked":"Self Repair","floor":3},{"not_picked":["Steam","Reinforced Body"],"picked":"Ball Lightning","floor":7},{"not_picked":["infinitespire:TheBestDefense","infinitespire:Execution"],"picked":"infinitespire:Starlight","floor":10},{"not_picked":["Conserve Battery","Gash","Double Energy"],"picked":"SKIP","floor":13},{"not_picked":["All For One","Amplify"],"picked":"Rainbow","floor":16},{"not_picked":["Hologram","Double Energy","Stack"],"picked":"SKIP","floor":18},{"not_picked":["Rebound","Static Discharge","Conserve Battery"],"picked":"SKIP","floor":22}],"player_experience":171786,"relics_obtained":[{"floor":9,"key":"Lantern"}],"event_choices":[{"damage_healed":0,"gold_gain":0,"player_choice":"Ignored","damage_taken":0,"max_hp_gain":0,"max_hp_loss":0,"event_name":"Liars Game","floor":5,"gold_loss":0},{"damage_healed":0,"gold_gain":75,"player_choice":"Gather Gold","damage_taken":11,"max_hp_gain":0,"max_hp_loss":0,"event_name":"World of Goop","floor":14,"gold_loss":0},{"damage_healed":0,"gold_gain":0,"player_choice":"Ignored","damage_taken":0,"max_hp_gain":0,"max_hp_loss":0,"event_name":"Ghosts","floor":19,"gold_loss":0},{"damage_healed":0,"gold_gain":0,"player_choice":"Ignored","damage_taken":0,"max_hp_gain":0,"max_hp_loss":0,"event_name":"Vampires","floor":20,"gold_loss":0}],"is_beta":false,"boss_relics":[{"not_picked":["Fusion Hammer","Runic Dome"],"picked":"Empty Cage"}],"items_purged_floors":[4,21],"is_endless":false,"potions_floor_spawned":[1,7,16],"killed_by":"Gremlin Leader","ascension_level":6}}