{"host":"mmqs5ul2bvb60kyc","time":1613692431,"event":{"mods":["ATMod(°¢èªMod)","AchievementEnabler","Act Like it!","BaseMod","Colored Map","Colored Powertips","Minty Spire (QoL Compilation)","MostiFishMod","Quick Restart","StSLib"],"gold_per_floor":[116,136,21,40,40,40,73,96,166,207,228,228,266,289,289,380,380,393,443,458,482,502,543,543,574,628,628,628,642,681,712,724,832,844,844],"floor_reached":34,"language":"ZHS","playtime":1194,"items_purged":["Strike_R"],"score":1188,"play_id":"382c1f93-71ba-43d5-af92-520bebf5eca3","local_time":"20210219075351","is_ascension_mode":true,"campfire_choices":[{"data":"Body Slam","floor":6.0,"key":"SMITH"},{"data":"Armaments","floor":12.0,"key":"SMITH"},{"floor":15.0,"key":"RECALL"},{"data":"MostiFishMod:WingOfPhoenix","floor":24,"key":"SMITH"},{"data":"AT_Dispersion","floor":28,"key":"SMITH"},{"data":"Battle Trance","floor":32,"key":"SMITH"}],"circlet_count":0,"master_deck":["AscendersBane","Strike_R","Strike_R","Strike_R","Strike_R","Defend_R","Defend_R","Defend_R","Defend_R","Bash","AT_MachinaRedman","AT_ShrugMaster","Body Slam+1","AT_ShrugMaster","Berserk","Dropkick","Sword Boomerang","Armaments+1","Bloodletting","MostiFishMod:RacingGame","AT_Dispersion+1","Seeing Red","MostiFishMod:WingOfPhoenix+1","Battle Trance+1","AT_Dispersion","MostiFishMod:ChineseTea","Offering"],"relics":["Burning Blood","AT_ATBox","DaveBox","NeowsBlessing","PatriotShield","SynthV:TestCard","Golden Idol","Champion Belt","Akabeko","DianPoetry","Black Star","Lizard Tail","White Beast Statue","Bag of Marbles","Blood Vial","Ancient Tea Set","MawBank"],"acts_visited":["Exordium","TheCity"],"potions_floor_usage":[],"damage_taken":[{"damage":0.0,"enemies":"Cultist","floor":1.0,"turns":1.0},{"damage":0.0,"enemies":"2 Louse","floor":2.0,"turns":2.0},{"damage":0.0,"enemies":"Jaw Worm","floor":4.0,"turns":1.0},{"damage":0.0,"enemies":"Gremlin Nob","floor":7.0,"turns":2.0},{"damage":0.0,"enemies":"Lots of Slimes","floor":8.0,"turns":2.0},{"damage":0.0,"enemies":"3 Sentries","floor":10.0,"turns":3.0},{"damage":0.0,"enemies":"Blue Slaver","floor":11.0,"turns":1.0},{"damage":3.0,"enemies":"Lagavulin","floor":13.0,"turns":1.0},{"damage":0.0,"enemies":"Exordium Thugs","floor":14.0,"turns":2.0},{"damage":0.0,"enemies":"Slime Boss","floor":16.0,"turns":4.0},{"damage":5,"enemies":"Shell Parasite","floor":18,"turns":2},{"damage":10,"enemies":"2 Thieves","floor":20,"turns":2},{"damage":0,"enemies":"Cultist and Chosen","floor":21,"turns":2},{"damage":0,"enemies":"Centurion and Healer","floor":22,"turns":4},{"damage":5,"enemies":"Slavers","floor":23,"turns":2},{"damage":7,"enemies":"Book of Stabbing","floor":25,"turns":2},{"damage":3,"enemies":"3 Cultists","floor":29,"turns":2},{"damage":0,"enemies":"Gremlin Leader","floor":30,"turns":4},{"damage":0,"enemies":"Snake Plant","floor":31,"turns":4},{"damage":6,"enemies":"Collector","floor":33,"turns":3}],"seed_played":"175578817234371892","potions_obtained":[{"floor":1.0,"key":"Swift Potion"},{"floor":2.0,"key":"FearPotion"}],"is_trial":false,"path_per_floor":["M","M","$","M","?","R","E","M","T","E","M","R","E","M","R","B",null,"M","?","M","M","M","E","R","E","T","?","R","M","E","M","R","B",null],"character_chosen":"IRONCLAD","items_purchased":["AT_ShrugMaster"],"campfire_rested":0,"item_purchase_floors":[3],"current_hp_per_floor":[74,75,75,75,49,49,55,61,61,67,73,73,75,75,75,75,75,75,75,71,75,75,75,75,74,74,74,74,75,75,75,75,75,75,75],"gold":844,"neow_bonus":"THREE_ENEMY_KILL","is_daily":false,"chose_seed":false,"campfire_upgraded":5,"win_rate":0.0,"timestamp":1613692431,"path_taken":["M","?","$","M","?","R","E","M","T","E","M","R","E","M","R","BOSS","M","?","?","M","M","E","R","E","T","?","R","M","E","M","R","BOSS"],"items_purchased_type":["Card"],"build_version":"2020-12-22","purchased_purges":1,"victory":false,"max_hp_per_floor":[75,75,75,75,75,75,75,75,75,75,75,75,75,75,75,75,75,75,75,75,75,75,75,75,75,75,75,75,75,75,75,75,75,75,75],"card_choices":[{"not_picked":["Rage","Sword Boomerang"],"picked":"AT_ShrugMaster","floor":1.0},{"not_picked":["Iron Wave","Warcry","Clothesline","Cleave"],"picked":"Body Slam","floor":2.0},{"not_picked":["Wild Strike","Intimidate","Flex","Shockwave"],"picked":"Berserk","floor":4.0},{"not_picked":["Clash","Pommel Strike","Iron Wave","Anger"],"picked":"Dropkick","floor":7.0},{"not_picked":["Intimidate","AT_GerminateFire","Dual Wield","Heavy Blade"],"picked":"Sword Boomerang","floor":8.0},{"not_picked":["AT_ShrugMaster","Pommel Strike","Uppercut","Havoc"],"picked":"Armaments","floor":10.0},{"not_picked":["Cleave","Headbutt","Body Slam","Shrug It Off"],"picked":"Bloodletting","floor":11.0},{"not_picked":["Power Through","Armaments","Rampage","Spot Weakness"],"picked":"MostiFishMod:RacingGame","floor":13.0},{"not_picked":["Perfected Strike","Thunderclap","Ghostly Armor","Wild Strike","Double Tap"],"picked":"SKIP","floor":14.0},{"not_picked":["Brutality","MostiFishMod:UltimateDefense","Juggernaut","Corruption"],"picked":"AT_Dispersion","floor":16.0},{"not_picked":["Twin Strike","Sword Boomerang","Rage","Cleave","AT_ShrugMaster"],"picked":"SKIP","floor":18},{"not_picked":["True Grit+1","Cleave","Clothesline","Warcry","Headbutt"],"picked":"SKIP","floor":20},{"not_picked":["Inflame","MostiFishMod:PerfectStrikeMKII","Sword Boomerang","Perfected Strike"],"picked":"Seeing Red","floor":21},{"not_picked":["Heavy Blade","Armaments","Havoc","Cleave+1","Flex"],"picked":"SKIP","floor":22},{"not_picked":["AT_GerminateFire","Fiend Fire","Armaments","Uppercut"],"picked":"MostiFishMod:WingOfPhoenix","floor":23},{"not_picked":["Sword Boomerang+1","Armaments","Flex","AT_DrawKnifeCut","Spot Weakness"],"picked":"SKIP","floor":25},{"not_picked":["AT_BodySlamDance+1","Shrug It Off","Cleave","Havoc"],"picked":"AT_Dispersion","floor":29},{"not_picked":["Impervious","Hemokinesis","Thunderclap","AT_BodySlamDance"],"picked":"MostiFishMod:ChineseTea","floor":30},{"not_picked":["Fire Breathing","Headbutt","Cleave","Seeing Red","Flex"],"picked":"SKIP","floor":31},{"not_picked":["Reaper","MostiFishMod:UltimateDefense","MostiFishMod:ChineseTea","Berserk"],"picked":"Offering","floor":33}],"player_experience":375994,"relics_obtained":[{"floor":1.0,"key":"SynthV:TestCard"},{"floor":7.0,"key":"Champion Belt"},{"floor":10.0,"key":"Akabeko"},{"floor":13.0,"key":"DianPoetry"},{"floor":23,"key":"Lizard Tail"},{"floor":25,"key":"White Beast Statue"},{"floor":25,"key":"Bag of Marbles"},{"floor":26,"key":"Blood Vial"},{"floor":30,"key":"Ancient Tea Set"},{"floor":30,"key":"MawBank"}],"event_choices":[{"damage_healed":0.0,"max_hp_gain":0.0,"max_hp_loss":0.0,"gold_gain":0.0,"event_name":"Golden Idol","player_choice":"Take Damage","floor":5.0,"gold_loss":0.0,"damage_taken":26.0,"relics_obtained":["Golden Idol"]},{"damage_healed":0,"gold_gain":50,"player_choice":"Pray","damage_taken":0,"max_hp_gain":0,"max_hp_loss":0,"event_name":"Golden Shrine","floor":19,"gold_loss":0},{"damage_healed":0,"gold_gain":0,"player_choice":"1 cards matched","damage_taken":0,"max_hp_gain":0,"max_hp_loss":0,"event_name":"Match and Keep!","floor":27,"gold_loss":0,"cards_obtained":["Battle Trance"]}],"is_beta":false,"boss_relics":[{"not_picked":["Calling Bell","Busted Crown"],"picked":"Black Star"}],"items_purged_floors":[3],"is_endless":false,"potions_floor_spawned":[1,2,4,11,20,21,22,29,30,31,33],"ascension_level":19}}