{"host":"kv1pnk0cldlr55ks","time":1613618287,"event":{"mods":["AchievementEnabler","Aspiration","Bard","BaseMod","Beaked The Cultist","Better Match","Better Third Choice","BetterRewards","Colored Map","Colored Powertips","Conspire","Downfall","Friendly Minions","Gremlin Mod","Hermit","Hubris","Infinite Spire","Marisa????????","Minty Spire (QoL Compilation)","Quick Restart","Random Character Button","Rare Cards Sparkle","Relic Sorter","Remove Card Discount Mod","Replay The Spire","Robot Space Explorer","Spicy Shops","StSLib","The Blackbeard","The Cursed","The Disciple","The Necromancer","The Runesmith","The Servant 0.9.4","The Wild Card"],"gold_per_floor":[119,138,138,156,222,234,261,261,261,278,3,3,3,20,20,122,122,154,204,204,204,308,308,583,583,661,661,661],"floor_reached":27,"language":"ENG","playtime":2769,"items_purged":["ReplayTheSpireMod:Splinters"],"score":415,"play_id":"7ba9bc17-e1d9-4844-93da-6c7390bb8a32","local_time":"20210217221807","is_ascension_mode":false,"campfire_choices":[{"floor":8,"key":"REST"},{"floor":12,"key":"REST"},{"floor":15,"key":"REST"},{"floor":23,"key":"REST"},{"floor":25,"key":"REST"}],"circlet_count":0,"master_deck":["Strike_S","Strike_S","Strike_S","Strike_S","Defend_S","Defend_S","Defend_S","Defend_S","KidneyShot","Exchange","Advance","SilverBlades","BottledTime","SoulSculpture","BottledTime","Rewind","Violence","conspire:Banana","Finesse","Sunlight","hubris:Greed","Clumsy","ReplayTheSpireMod:Compounding Headache","hubris:Greed","hubris:Greed","Revamp+1","hubris:Greed","hubris:Greed","hubris:Greed","Starlight+1","hubris:NaturalOne","hubris:Greed","hubris:Greed","hubris:Greed","hubris:Greed","hubris:Greed","hubris:Greed","hubris:Greed","hubris:Greed","hubris:Greed","hubris:Greed","hubris:Greed","hubris:Greed","Revamp","hubris:Greed","hubris:Greed","hubris:Greed","hubris:Greed","hubris:Greed","hubris:Greed","hubris:Greed","hubris:Greed","hubris:Greed","hubris:Greed","hubris:Greed","hubris:Greed","hubris:Greed","hubris:Greed","hubris:Greed","hubris:Greed","hubris:Greed","hubris:Greed","hubris:Greed","hubris:Greed","hubris:Greed","hubris:Greed","hubris:Greed","hubris:Greed","hubris:Greed","hubris:Greed","hubris:Greed","hubris:Greed","hubris:Greed","hubris:Greed","hubris:Greed","hubris:Greed","hubris:Greed","Hightail","hubris:Greed","hubris:Greed","hubris:Greed","hubris:Greed","hubris:Greed","hubris:Greed","hubris:Greed","hubris:Greed","hubris:Greed","hubris:Greed","hubris:Greed","hubris:Greed","hubris:Greed","hubris:Greed","hubris:Greed","hubris:Greed","hubris:Greed","hubris:Greed","hubris:Greed","hubris:Greed","hubris:Greed","hubris:Greed","hubris:Greed","hubris:Greed","hubris:Greed","hubris:Greed","hubris:Greed","hubris:Greed","hubris:Greed","hubris:Greed","hubris:Greed","hubris:Greed","hubris:Greed","hubris:Greed","hubris:Greed","hubris:Greed","hubris:Greed","hubris:Greed","hubris:Greed","hubris:Greed","hubris:Greed","hubris:Greed","hubris:Greed","hubris:Greed","hubris:Greed","hubris:Greed","hubris:Greed","hubris:Greed","hubris:Greed"],"relics":["Uniform","hubris:Icosahedron","aspiration:DSix","aspiration:EmptySkull","ReplayTheSpireMod:ShopPack","Sling","Replay:Ancient Bell","aspiration:ChemicalBlood","Frozen Egg 2","Lizard Tail","Omamori","Thread and Needle","SacredBark","Matryoshka"],"acts_visited":["Exordium","TheCity"],"potions_floor_usage":[6,6,6,7,7,16,16,18,19,19,22,24,24,24,24,24,27,27],"damage_taken":[{"damage":0,"enemies":"Small Slimes","floor":1,"turns":4},{"damage":10,"enemies":"Jaw Worm","floor":2,"turns":5},{"damage":0,"enemies":"Cultist","floor":4,"turns":4},{"damage":13,"enemies":"Red Slaver","floor":6,"turns":2},{"damage":19,"enemies":"Lagavulin","floor":7,"turns":8},{"damage":21,"enemies":"Exordium Thugs","floor":10,"turns":7},{"damage":23,"enemies":"Large Slime","floor":14,"turns":16},{"damage":67,"enemies":"Slime Boss","floor":16,"turns":21},{"damage":24,"enemies":"Chosen","floor":18,"turns":8},{"damage":21,"enemies":"2 Thieves","floor":19,"turns":4},{"damage":11,"enemies":"Centurion and Healer","floor":22,"turns":10},{"damage":79,"enemies":"Sentry and Sphere","floor":24,"turns":12},{"damage":81,"enemies":"Nightmare","floor":27,"turns":11}],"seed_played":"-7288253431563918019","potions_obtained":[{"floor":4,"key":"Energy Potion"},{"floor":5,"key":"champ:CounterPotion"},{"floor":5,"key":"hexamod:SoulburnPotion"},{"floor":6,"key":"EssenceOfSteel"},{"floor":7,"key":"Fruit Juice"},{"floor":14,"key":"Block Potion"},{"floor":16,"key":"EssenceOfSteel"},{"floor":22,"key":"LifebloodPotion"}],"is_trial":false,"path_per_floor":["M","M","?","M","?","M","E","R","T","M","$","R","?","M","R","B",null,"M","M","?","AVR","M","R","M","R","T","NM"],"character_chosen":"THE_SERVANT","items_purchased":["ReplayTheSpireMod:ShopPack","Sling"],"campfire_rested":5,"item_purchase_floors":[11,11],"current_hp_per_floor":[65,55,55,55,55,42,28,49,49,28,28,49,70,48,69,3,72,49,29,29,29,24,46,37,62,62,0,0],"gold":661,"neow_bonus":"DSIX","is_daily":false,"chose_seed":false,"campfire_upgraded":0,"win_rate":0.0,"timestamp":1613618287,"path_taken":["M","M","?","M","?","?","E","R","T","M","?","R","?","M","R","BOSS","M","?","?","AVR","?","R","?","R","T","NM"],"items_purchased_type":["Relic","Relic"],"build_version":"2020-12-22","purchased_purges":1,"victory":false,"max_hp_per_floor":[65,65,65,65,65,65,70,70,70,70,70,70,70,71,71,72,72,73,74,74,74,75,75,86,86,86,87,87],"card_choices":[{"not_picked":["StarChef","Alleviate"],"picked":"Advance","floor":1},{"not_picked":["BestPractice","Spin"],"picked":"SilverBlades","floor":2},{"not_picked":["Unruled","ShiftingGears"],"picked":"Luminosity","floor":4},{"not_picked":["Starlight","Spin"],"picked":"BottledTime","floor":5},{"not_picked":["Unruled","Defy"],"picked":"SoulSculpture","floor":6},{"not_picked":["Ricochet","StarChef"],"picked":"BottledTime","floor":7},{"not_picked":["Alleviate","Replace"],"picked":"Rewind","floor":10},{"not_picked":["Replay:Dark Deal","ReplayTheSpireMod:Brewmster"],"picked":"Violence","floor":11},{"not_picked":["Purity","Sadistic Nature"],"picked":"conspire:Banana","floor":11},{"not_picked":["Flash of Steel","ReplayTheSpireMod:Uncanny Aura"],"picked":"Finesse","floor":11},{"not_picked":["GearUp","Revamp"],"picked":"InstantArmor","floor":14},{"not_picked":["TheWorld","PendulumOfEternity"],"picked":"Sunlight","floor":16},{"not_picked":["ReplayTheSpireMod:Splinters","ReplayTheSpireMod:Compounding Headache"],"picked":"hubris:Greed","floor":17},{"not_picked":["hubris:Disease","SwitchConfidence"],"picked":"Clumsy","floor":17},{"not_picked":["ReplayTheSpireMod:Faulty Equipment","hubris:Sloth"],"picked":"ReplayTheSpireMod:Compounding Headache","floor":17},{"not_picked":["Potential","ForgedInTime"],"picked":"Revamp+1","floor":18},{"not_picked":["Rearm+1","ShatteredReality"],"picked":"Starlight+1","floor":19},{"not_picked":["Replace","StarChef+1"],"picked":"Revamp","floor":22},{"not_picked":["Unruled","Rewind"],"picked":"Hightail","floor":24}],"player_experience":361214,"relics_obtained":[{"floor":7,"key":"aspiration:EmptySkull"},{"floor":26,"key":"Matryoshka"}],"event_choices":[{"cards_removed":["Luminosity"],"damage_healed":21,"gold_gain":0,"player_choice":"Offered Uncommon","damage_taken":0,"max_hp_gain":0,"max_hp_loss":0,"event_name":"Bonfire Elementals","floor":13,"gold_loss":0},{"cards_removed":["InstantArmor"],"damage_healed":0,"gold_gain":0,"player_choice":"Gave Card","damage_taken":0,"relics_obtained":["Omamori"],"max_hp_gain":0,"max_hp_loss":0,"event_name":"WeMeetAgain","floor":20,"gold_loss":0}],"is_beta":false,"boss_relics":[{"not_picked":["ChewingGum","conspire:RunicOctahedron"],"picked":"Replay:Ancient Bell"},{"not_picked":["Orichalcum","Replay:Mystery Machine"],"picked":"aspiration:ChemicalBlood"},{"not_picked":["Replay:Bottled Steam","Darkstone Periapt"],"picked":"Frozen Egg 2"},{"not_picked":["infinitespire:CursedDice","conspire:Boomerang"],"picked":"Lizard Tail"}],"items_purged_floors":[11],"is_endless":false,"potions_floor_spawned":[4,6,7,14,16,22],"killed_by":"Nightmare","ascension_level":0}}