{"host":"nnt34ungdh9fkcmy","time":1613623324,"event":{"mods":["BaseMod","Downfall","Minty Spire (QoL Compilation)","StSLib","SuperFastMode"],"gold_per_floor":[118,130,130,155,155,155,199,199,199,230,253,287,212,112,112,240,240,265,286,286,302,177,208,208,247,247,263,302,302,315,331,331,460,460,475,493,516,516,541,581,581,614,637,675,675,688,688,127,127,127],"floor_reached":51,"language":"ENG","playtime":1007,"items_purged":["Rebound","Rebound","Streamline","Steam+1"],"score":1348,"play_id":"8f31f5f0-44f0-4383-94b7-ad8ad765cf4a","local_time":"20210217214204","daily_mods":["SealedDeck","Vintage","Elite Swarm","Uncertain Future"],"is_ascension_mode":true,"campfire_choices":[{"data":"Genetic Algorithm","floor":6,"key":"SMITH"},{"data":"Echo Form","floor":8,"key":"SMITH"},{"data":"Streamline","floor":15,"key":"SMITH"},{"floor":24,"key":"REST"},{"floor":32,"key":"REST"},{"floor":41,"key":"REST"},{"floor":45,"key":"REST"},{"floor":49,"key":"REST"}],"circlet_count":0,"master_deck":["Genetic Algorithm+1","Beam Cell+1","FTL","Streamline+1","Gash","Go for the Eyes","Echo Form+1","Gash"],"relics":["Unceasing Top","StoneCalendar","Shuriken","Golden Idol","Guardian:GemstoneGun","Oddly Smooth Stone","Lizard Tail","Letter Opener","Matryoshka","Omamori","Anchor","Fusion Hammer","Ginger","Blood Vial","champ:DuelingGlove","Centennial Puzzle","bronze:BronzeIdol","Pear","War Paint","hexamod:Sixitude","DataDisk","Bottled Lightning","Busted Crown","Slimebound:StickyStick","champ:DeflectingBracers","Smiling Mask","Akabeko","Juzu Bracelet","Bottled Tornado","Blue Candle","Guardian:PocketSentry","White Beast Statue","hexamod:BolsterEngine","Bronze Scales","Mango"],"acts_visited":["Exordium","TheCity","TheBeyond"],"potions_floor_usage":[11,12,50,50],"damage_taken":[{"damage":0,"enemies":"2 Louse","floor":1,"turns":2},{"damage":0,"enemies":"Jaw Worm","floor":2,"turns":2},{"damage":0,"enemies":"Cultist","floor":4,"turns":2},{"damage":0,"enemies":"3 Sentries","floor":7,"turns":3},{"damage":2,"enemies":"Lagavulin","floor":10,"turns":4},{"damage":0,"enemies":"Looter","floor":11,"turns":1},{"damage":2,"enemies":"3 Sentries","floor":12,"turns":3},{"damage":0,"enemies":"Hexaghost","floor":16,"turns":3},{"damage":0,"enemies":"Chosen","floor":18,"turns":2},{"damage":0,"enemies":"Shell Parasite","floor":19,"turns":2},{"damage":0,"enemies":"Cultist and Chosen","floor":21,"turns":3},{"damage":0,"enemies":"Slavers","floor":23,"turns":3},{"damage":0,"enemies":"Gremlin Leader","floor":25,"turns":2},{"damage":0,"enemies":"Centurion and Healer","floor":27,"turns":2},{"damage":0,"enemies":"Book of Stabbing","floor":28,"turns":2},{"damage":0,"enemies":"Snecko","floor":30,"turns":2},{"damage":0,"enemies":"Sentry and Sphere","floor":31,"turns":2},{"damage":0,"enemies":"Collector","floor":33,"turns":2},{"damage":0,"enemies":"Orb Walker","floor":35,"turns":1},{"damage":0,"enemies":"3 Darklings","floor":36,"turns":1},{"damage":0,"enemies":"Sphere and 2 Shapes","floor":37,"turns":1},{"damage":0,"enemies":"4 Shapes","floor":39,"turns":1},{"damage":0,"enemies":"Reptomancer","floor":40,"turns":1},{"damage":0,"enemies":"Nemesis","floor":42,"turns":1},{"damage":0,"enemies":"Giant Head","floor":44,"turns":1},{"damage":0,"enemies":"Spire Growth","floor":46,"turns":1},{"damage":0,"enemies":"Time Eater","floor":50,"turns":3}],"seed_played":"3851557108713088192","potions_obtained":[{"floor":2,"key":"Explosive Potion"},{"floor":11,"key":"LiquidMemories"},{"floor":12,"key":"Fruit Juice"},{"floor":18,"key":"Strength Potion"},{"floor":21,"key":"FocusPotion"},{"floor":27,"key":"Fire Potion"},{"floor":39,"key":"DuplicationPotion"}],"is_trial":true,"path_per_floor":["M","M","?","M","?","R","E","R","T","E","M","E","$","$","R","B",null,"M","M","?","M","$","E","R","E","T","M","E","?","M","M","R","B",null,"M","M","M","?","M","E","R","E","T","E","R","M","?","$","R","B",null],"character_chosen":"DEFECT","items_purchased":["Gash","Bronze Scales","Mango"],"campfire_rested":5,"item_purchase_floors":[48,48,48],"current_hp_per_floor":[75,75,57,57,50,50,50,50,50,48,48,51,51,51,51,51,80,80,80,80,80,80,80,80,80,90,90,90,90,90,90,90,90,90,90,90,90,90,90,90,90,90,90,90,90,90,90,104,104,104],"gold":127,"neow_bonus":"","is_daily":false,"chose_seed":false,"campfire_upgraded":3,"win_rate":0.0,"timestamp":1613623324,"path_taken":["M","M","?","M","?","R","E","R","T","E","M","E","?","$","R","BOSS","M","M","?","?","$","E","R","E","T","M","E","?","M","M","R","BOSS","M","M","M","?","?","E","R","E","T","E","R","M","?","$","R","BOSS"],"items_purchased_type":["Card","Relic","Relic"],"build_version":"2020-12-22","purchased_purges":4,"victory":true,"max_hp_per_floor":[75,75,75,75,75,75,75,75,75,75,75,80,80,80,80,80,80,80,80,80,80,80,80,80,80,90,90,90,90,90,90,90,90,90,90,90,90,90,90,90,90,90,90,90,90,90,90,104,104,104],"card_choices":[{"not_picked":["Hyperbeam","Seek"],"picked":"Echo Form","floor":7},{"not_picked":["Hyperbeam","Creative AI","Machine Learning"],"picked":"SKIP","floor":10},{"not_picked":["Machine Learning","Meteor Strike","Biased Cognition"],"picked":"SKIP","floor":12},{"not_picked":["Buffer","Core Surge","Machine Learning"],"picked":"SKIP","floor":23},{"not_picked":["Electrodynamics","Creative AI","Core Surge"],"picked":"SKIP","floor":25},{"not_picked":["Thunder Strike","Electrodynamics","All For One"],"picked":"SKIP","floor":28},{"not_picked":["Seek"],"picked":"SKIP","floor":40},{"not_picked":["Reboot"],"picked":"SKIP","floor":42},{"not_picked":["Thunder Strike"],"picked":"SKIP","floor":44}],"player_experience":305399,"relics_obtained":[{"floor":1,"key":"StoneCalendar"},{"floor":2,"key":"Shuriken"},{"floor":4,"key":"Guardian:GemstoneGun"},{"floor":7,"key":"Lizard Tail"},{"floor":9,"key":"Letter Opener"},{"floor":10,"key":"Matryoshka"},{"floor":11,"key":"Omamori"},{"floor":12,"key":"Anchor"},{"floor":18,"key":"Ginger"},{"floor":19,"key":"Blood Vial"},{"floor":21,"key":"champ:DuelingGlove"},{"floor":23,"key":"Centennial Puzzle"},{"floor":26,"key":"bronze:BronzeIdol"},{"floor":26,"key":"Pear"},{"floor":27,"key":"War Paint"},{"floor":28,"key":"hexamod:Sixitude"},{"floor":30,"key":"DataDisk"},{"floor":31,"key":"Bottled Lightning"},{"floor":35,"key":"Slimebound:StickyStick"},{"floor":36,"key":"champ:DeflectingBracers"},{"floor":37,"key":"Smiling Mask"},{"floor":39,"key":"Akabeko"},{"floor":40,"key":"Juzu Bracelet"},{"floor":42,"key":"Bottled Tornado"},{"floor":43,"key":"Blue Candle"},{"floor":43,"key":"Guardian:PocketSentry"},{"floor":44,"key":"White Beast Statue"},{"floor":46,"key":"hexamod:BolsterEngine"}],"event_choices":[{"damage_healed":0,"gold_gain":0,"player_choice":"Take Damage","damage_taken":18,"relics_obtained":["Golden Idol"],"max_hp_gain":0,"max_hp_loss":0,"event_name":"Golden Idol","floor":3,"gold_loss":0},{"damage_healed":0,"gold_gain":0,"player_choice":"Success","damage_taken":7,"relics_obtained":["Oddly Smooth Stone"],"max_hp_gain":0,"max_hp_loss":0,"event_name":"Scrap Ooze","floor":5,"gold_loss":0},{"damage_healed":0,"gold_gain":0,"player_choice":"Ignored","damage_taken":0,"max_hp_gain":0,"max_hp_loss":0,"event_name":"Transmorgrifier","floor":20,"gold_loss":0},{"damage_healed":0,"gold_gain":0,"player_choice":"Ignored","damage_taken":0,"max_hp_gain":0,"max_hp_loss":0,"event_name":"The Mausoleum","floor":29,"gold_loss":0},{"damage_healed":0,"gold_gain":0,"player_choice":"Forge","damage_taken":0,"max_hp_gain":0,"max_hp_loss":0,"event_name":"Accursed Blacksmith","floor":38,"gold_loss":0,"cards_upgraded":["Beam Cell"]},{"damage_healed":0,"gold_gain":0,"player_choice":"Ignored","damage_taken":0,"max_hp_gain":0,"max_hp_loss":0,"event_name":"Tomb of Lord Red Mask","floor":47,"gold_loss":0}],"is_beta":false,"boss_relics":[{"not_picked":["SlaversCollar","Tiny House"],"picked":"Fusion Hammer"},{"not_picked":["Snecko Eye","Black Star"],"picked":"Busted Crown"}],"items_purged_floors":[13,14,22,48],"is_endless":false,"potions_floor_spawned":[2,11,12,18,21,23,27,30,33,35,36,39,44,46],"ascension_level":1}}