{"host":"f5gffvlv6a66yqkd","time":1613619044,"event":{"mods":["2.2 Compatiblity","BaseMod","Colored Map","Custom Start","DeckTracker","Keyboard Shortcuts","Minty Spire (QoL Compilation)","Permanent Neow","Quick Restart","Relic Stats","StSLib","SuperFastMode"],"gold_per_floor":[109,122,122,138,138,138,213,39,62,62,72,90,90,121,121,195,195,195,110,110,33,0,0,0,0,0,0,0,0,0,0,0,0,0,0,0,0,0,0,0,0,0,0,0,0,0,0,0,0,0,0,0,0,0,0],"floor_reached":56,"language":"KOR","playtime":2772,"items_purged":[],"score":2155,"play_id":"c3131da9-9d76-40c1-b05c-d1ebe7af962d","local_time":"20210218123044","is_ascension_mode":true,"campfire_choices":[{"data":"Eruption","floor":6.0,"key":"SMITH"},{"floor":10.0,"key":"REST"},{"data":"Prostrate","floor":13.0,"key":"SMITH"},{"data":"ForeignInfluence","floor":15.0,"key":"SMITH"},{"data":"Adaptation","floor":23.0,"key":"SMITH"},{"data":"TalkToTheHand","floor":28.0,"key":"SMITH"},{"data":"Tantrum","floor":32.0,"key":"SMITH"},{"data":"SpiritShield","floor":47.0,"key":"SMITH"},{"floor":49.0,"key":"RECALL"},{"data":"Pray","floor":52.0,"key":"SMITH"}],"circlet_count":0,"master_deck":["AscendersBane","Eruption+1","Vigilance","FearNoEvil","EmptyFist","WheelKick","FlurryOfBlows","Prostrate+1","ForeignInfluence+1","DeusExMachina","Prostrate+1","Adaptation+1","Tantrum+1","TalkToTheHand+1","Adaptation","Prostrate+1","Vault","LikeWater+1","CutThroughFate","Pray+1","Study+1","WindmillStrike","Halt","Tantrum","SpiritShield+1","Brilliance"],"relics":["PureWater","Pantograph","Oddly Smooth Stone","Potion Belt","StrikeDummy","Ectoplasm","Ornamental Fan","FaceOfCleric","Frozen Egg 2","Red Mask","Whetstone","Pandora\u0027s Box","Torii","MawBank","Lantern"],"acts_visited":["Exordium","TheCity","TheBeyond","TheEnding"],"potions_floor_usage":[55,55],"damage_taken":[{"damage":8.0,"enemies":"Small Slimes","floor":1.0,"turns":3.0},{"damage":0.0,"enemies":"Jaw Worm","floor":2.0,"turns":3.0},{"damage":0.0,"enemies":"Cultist","floor":4.0,"turns":2.0},{"damage":0.0,"enemies":"Looter","floor":11.0,"turns":3.0},{"damage":0.0,"enemies":"Blue Slaver","floor":12.0,"turns":2.0},{"damage":20.0,"enemies":"Lagavulin","floor":14.0,"turns":6.0},{"damage":0.0,"enemies":"Slime Boss","floor":16.0,"turns":3.0},{"damage":5.0,"enemies":"3 Byrds","floor":18.0,"turns":4.0},{"damage":14.0,"enemies":"2 Thieves","floor":22.0,"turns":3.0},{"damage":3.0,"enemies":"Centurion and Healer","floor":24.0,"turns":5.0},{"damage":0.0,"enemies":"3 Cultists","floor":25.0,"turns":3.0},{"damage":7.0,"enemies":"Masked Bandits","floor":27.0,"turns":3.0},{"damage":11.0,"enemies":"Snecko","floor":29.0,"turns":4.0},{"damage":0.0,"enemies":"Book of Stabbing","floor":30.0,"turns":3.0},{"damage":0.0,"enemies":"Snake Plant","floor":31.0,"turns":2.0},{"damage":11.0,"enemies":"Collector","floor":33.0,"turns":6.0},{"damage":0.0,"enemies":"3 Darklings","floor":35.0,"turns":3.0},{"damage":2.0,"enemies":"Orb Walker","floor":36.0,"turns":3.0},{"damage":0.0,"enemies":"Transient","floor":38.0,"turns":6.0},{"damage":0.0,"enemies":"Spire Growth","floor":39.0,"turns":4.0},{"damage":0.0,"enemies":"Nemesis","floor":40.0,"turns":6.0},{"damage":10.0,"enemies":"Maw","floor":41.0,"turns":4.0},{"damage":23.0,"enemies":"Transient","floor":42.0,"turns":6.0},{"damage":8.0,"enemies":"3 Darklings","floor":44.0,"turns":4.0},{"damage":2.0,"enemies":"Writhing Mass","floor":45.0,"turns":4.0},{"damage":0.0,"enemies":"Transient","floor":46.0,"turns":6.0},{"damage":28.0,"enemies":"Reptomancer","floor":48.0,"turns":5.0},{"damage":31.0,"enemies":"Awakened One","floor":50.0,"turns":7.0},{"damage":57.0,"enemies":"Shield and Spear","floor":54.0,"turns":6.0},{"damage":12,"enemies":"The Heart","floor":55,"turns":8}],"seed_played":"5940911992935164038","potions_obtained":[{"floor":1.0,"key":"LiquidBronze"},{"floor":11.0,"key":"LiquidMemories"},{"floor":14.0,"key":"LiquidBronze"},{"floor":18.0,"key":"FairyPotion"},{"floor":22.0,"key":"PowerPotion"},{"floor":24.0,"key":"Swift Potion"},{"floor":29.0,"key":"DistilledChaos"},{"floor":36.0,"key":"Ancient Potion"},{"floor":37.0,"key":"BlessingOfTheForge"},{"floor":39.0,"key":"FearPotion"},{"floor":42.0,"key":"Ancient Potion"},{"floor":48.0,"key":"Strength Potion"}],"is_trial":false,"path_per_floor":["M","M","?","M","?","R","?","$","T","R","M","M","R","E","R","B",null,"M","?","?","$","M","R","M","M","T","?","R","M","E","M","R","B",null,"M","M","?","M","M","E","M","M","T","M","M","M","R","E","R","B",null,"R","$","E","B",null],"character_chosen":"WATCHER","items_purchased":["Oddly Smooth Stone","FlurryOfBlows","Adaptation"],"campfire_rested":1,"item_purchase_floors":[8,8,21],"current_hp_per_floor":[53,53,27,27,27,27,16,16,16,36,36,36,36,16,16,41,61,56,56,56,56,43,43,41,42,42,36,36,26,27,28,28,43,68,69,68,68,69,70,71,62,40,40,33,32,33,33,6,6,27,73,73,73,17,31],"gold":0,"neow_bonus":"REMOVE_CARD","is_daily":false,"chose_seed":false,"campfire_upgraded":8,"win_rate":0.0,"timestamp":1613619044,"path_taken":["M","M","?","M","?","R","?","$","T","R","M","M","R","E","R","BOSS","M","?","?","$","M","R","M","?","T","?","R","M","E","M","R","BOSS","M","M","?","M","M","E","M","?","T","M","?","M","R","E","R","BOSS","R","$","E","BOSS"],"items_purchased_type":["Relic","Card","Card"],"build_version":"2020-12-22","purchased_purges":0,"victory":true,"max_hp_per_floor":[68,68,68,68,68,68,68,68,68,68,68,68,68,68,68,68,68,68,68,68,68,69,69,70,71,71,72,72,73,74,75,75,76,76,77,78,78,79,80,81,82,83,83,84,85,86,86,87,87,88,88,88,88,89,90],"relic_stats":{"FaceOfCleric":22,"Torii":7,"counters":[30,127],"Ornamental Fan":[528],"Pantograph":100,"Pandora\u0027s Box":["LikeWater","CutThroughFate","Pray","Study","WindmillStrike","Halt","Tantrum"],"Ectoplasm":643,"Whetstone":["Strike_P","Strike_P"],"MawBank":0,"obtain_stats":[{"Potion Belt":9,"Lantern":54,"Torii":40,"Oddly Smooth Stone":8,"Whetstone":30,"Frozen Egg 2":26,"MawBank":48,"FaceOfCleric":20,"Ornamental Fan":19,"Pantograph":3,"Pandora\u0027s Box":34,"Ectoplasm":17,"Red Mask":27,"PureWater":0,"StrikeDummy":14},{"Potion Belt":3,"Lantern":29,"Torii":21,"Oddly Smooth Stone":3,"Whetstone":14,"Frozen Egg 2":11,"MawBank":27,"FaceOfCleric":8,"Ornamental Fan":8,"Pantograph":2,"Pandora\u0027s Box":16,"Ectoplasm":7,"Red Mask":12,"PureWater":0,"StrikeDummy":6},{"Potion Belt":8,"Lantern":119,"Torii":77,"Oddly Smooth Stone":8,"Whetstone":47,"Frozen Egg 2":37,"MawBank":106,"FaceOfCleric":26,"Ornamental Fan":26,"Pantograph":6,"Pandora\u0027s Box":55,"Ectoplasm":22,"Red Mask":40,"PureWater":0,"StrikeDummy":19}]},"card_choices":[{"not_picked":["SandsOfTime","WaveOfTheHand"],"picked":"FearNoEvil","floor":1.0},{"not_picked":["Weave","BowlingBash"],"picked":"EmptyFist","floor":2.0},{"not_picked":["Protect","EmptyBody"],"picked":"WheelKick","floor":4.0},{"not_picked":["ReachHeaven","CrushJoints"],"picked":"Prostrate","floor":11.0},{"not_picked":["ReachHeaven","ClearTheMind"],"picked":"ForeignInfluence","floor":12.0},{"not_picked":["Protect","Omniscience","Fasting2"],"picked":"SKIP","floor":14.0},{"not_picked":["Wish","Devotion"],"picked":"DeusExMachina","floor":16.0},{"not_picked":["SashWhip","ThirdEye"],"picked":"Prostrate+1","floor":18.0},{"not_picked":["Conclude","InnerPeace"],"picked":"Tantrum","floor":22.0},{"not_picked":["EmptyFist","ThirdEye"],"picked":"TalkToTheHand","floor":24.0},{"not_picked":["Sanctity","Perseverance"],"picked":"Adaptation","floor":25.0},{"not_picked":["EmptyBody","Evaluate","FollowUp"],"picked":"SKIP","floor":29.0},{"not_picked":["MasterReality+1","ReachHeaven"],"picked":"Prostrate+1","floor":30.0},{"not_picked":["Consecrate","PathToVictory","Tantrum"],"picked":"SKIP","floor":31.0},{"not_picked":["Blasphemy","MasterReality+1"],"picked":"Vault","floor":33.0},{"not_picked":["CutThroughFate","Halt","Vengeance+1"],"picked":"SKIP","floor":35.0},{"not_picked":["CutThroughFate","Meditate","Halt"],"picked":"SKIP","floor":36.0},{"not_picked":["Sanctity+1","Evaluate","Consecrate"],"picked":"SKIP","floor":38.0},{"not_picked":["EmptyBody+1","Wireheading+1","ForeignInfluence"],"picked":"SKIP","floor":39.0},{"not_picked":["SignatureMove","SashWhip","WheelKick+1"],"picked":"SKIP","floor":40.0},{"not_picked":["EmptyBody+1","Prostrate"],"picked":"SpiritShield","floor":41.0},{"not_picked":["Prostrate","CrushJoints","EmptyBody"],"picked":"SKIP","floor":42.0},{"not_picked":["EmptyBody","Prostrate","Evaluate"],"picked":"SKIP","floor":44.0},{"not_picked":["PathToVictory","ClearTheMind","CutThroughFate"],"picked":"SKIP","floor":45.0},{"not_picked":["DevaForm+1","JustLucky","Indignation+1"],"picked":"SKIP","floor":46.0},{"not_picked":["Protect+1","DeceiveReality+1","SignatureMove"],"picked":"SKIP","floor":48.0},{"not_picked":["ThirdEye","WindmillStrike"],"picked":"Brilliance","floor":54.0}],"player_experience":1491727,"relics_obtained":[{"floor":9.0,"key":"Potion Belt"},{"floor":14.0,"key":"StrikeDummy"},{"floor":26.0,"key":"Frozen Egg 2"},{"floor":27.0,"key":"Red Mask"},{"floor":30.0,"key":"Whetstone"},{"floor":40.0,"key":"Torii"},{"floor":48.0,"key":"MawBank"},{"floor":54.0,"key":"Lantern"}],"event_choices":[{"damage_healed":0.0,"max_hp_gain":0.0,"max_hp_loss":0.0,"gold_gain":0.0,"event_name":"Scrap Ooze","player_choice":"Success","floor":3.0,"gold_loss":0.0,"damage_taken":26.0,"relics_obtained":["Pantograph"]},{"damage_healed":0.0,"max_hp_gain":0.0,"max_hp_loss":0.0,"gold_gain":0.0,"event_name":"Liars Game","player_choice":"Ignored","floor":5.0,"gold_loss":0.0,"damage_taken":0.0},{"damage_healed":0.0,"max_hp_gain":0.0,"max_hp_loss":0.0,"gold_gain":75.0,"event_name":"World of Goop","player_choice":"Gather Gold","floor":7.0,"gold_loss":0.0,"damage_taken":11.0},{"damage_healed":0.0,"max_hp_gain":0.0,"max_hp_loss":0.0,"gold_gain":0.0,"event_name":"Addict","player_choice":"Obtained Relic","floor":19.0,"gold_loss":85.0,"damage_taken":0.0,"relics_obtained":["Ornamental Fan"]},{"damage_healed":0.0,"max_hp_gain":0.0,"max_hp_loss":0.0,"gold_gain":0.0,"event_name":"FaceTrader","player_choice":"Trade","floor":20.0,"gold_loss":0.0,"damage_taken":0.0,"relics_obtained":["FaceOfCleric"]},{"damage_healed":0.0,"max_hp_gain":0.0,"max_hp_loss":0.0,"gold_gain":0.0,"event_name":"Masked Bandits","player_choice":"Fought Bandits","floor":27.0,"gold_loss":0.0,"damage_taken":0.0},{"damage_healed":0.0,"max_hp_gain":0.0,"max_hp_loss":0.0,"gold_gain":0.0,"event_name":"Lab","player_choice":"Got Potions","floor":37.0,"gold_loss":0.0,"damage_taken":0.0}],"is_beta":false,"boss_relics":[{"not_picked":["Runic Dome","SlaversCollar"],"picked":"Ectoplasm"},{"not_picked":["Busted Crown","Coffee Dripper"],"picked":"Pandora\u0027s Box"}],"items_purged_floors":[],"is_endless":false,"potions_floor_spawned":[1,11,14,18,22,24,29,36,39,40,42,48],"ascension_level":15}}