{"host":"kxz5izodaorfb9am","time":1613651256,"event":{"mods":["BaseMod","GifTheSpireLib","Minty Spire (QoL Compilation)","Shop Mod","StSLib"],"gold_per_floor":[111,27,47,47,59,59,88,106,156,156,156,171,171,171,171,266,266,290,311,236,151,151,151,165,186,186,186,111,111,0,24,24,24,24],"floor_reached":33,"language":"ENG","playtime":1290,"items_purged":["Strike_G"],"score":431,"play_id":"577102ab-93d6-4308-a9e8-1c8761ea4128","local_time":"20210218132736","is_ascension_mode":true,"campfire_choices":[{"data":"Accuracy","floor":6,"key":"SMITH"},{"data":"Neutralize","floor":11,"key":"SMITH"},{"data":"Cloak And Dagger","floor":13,"key":"SMITH"},{"floor":15,"key":"REST"},{"floor":23,"key":"REST"},{"floor":27,"key":"REST"},{"data":"Cloak And Dagger","floor":32,"key":"SMITH"}],"circlet_count":0,"master_deck":["AscendersBane","Strike_G","Strike_G","Defend_G+1","Defend_G","Defend_G","Defend_G","Defend_G","Survivor","Neutralize+1","Accuracy+1","Blade Dance+1","Prepared","Leg Sweep","Skewer","Cloak And Dagger+1","Storm of Steel","Cloak And Dagger+1","Blade Dance+1","Cloak And Dagger+1"],"relics":["Ring of the Snake","NeowsBlessing","Odd Mushroom","War Paint","Golden Idol","Black Star","Happy Flower","White Beast Statue","Akabeko"],"acts_visited":["Exordium","TheCity"],"potions_floor_usage":[7,16,24,25,33],"damage_taken":[{"damage":0,"enemies":"Cultist","floor":1,"turns":1},{"damage":0,"enemies":"2 Louse","floor":3,"turns":1},{"damage":0,"enemies":"Small Slimes","floor":5,"turns":1},{"damage":15,"enemies":"The Mushroom Lair","floor":7,"turns":5},{"damage":21,"enemies":"Gremlin Gang","floor":8,"turns":6},{"damage":0,"enemies":"Looter","floor":12,"turns":3},{"damage":15,"enemies":"Slime Boss","floor":16,"turns":6},{"damage":11,"enemies":"Chosen","floor":18,"turns":5},{"damage":16,"enemies":"Shell Parasite","floor":19,"turns":5},{"damage":1,"enemies":"Cultist and Chosen","floor":24,"turns":5},{"damage":25,"enemies":"Snake Plant","floor":25,"turns":5},{"damage":50,"enemies":"Champ","floor":33,"turns":12}],"seed_played":"8073753661502137977","potions_obtained":[{"floor":3,"key":"DuplicationPotion"},{"floor":5,"key":"EssenceOfSteel"},{"floor":16,"key":"Fire Potion"},{"floor":19,"key":"Swift Potion"},{"floor":25,"key":"Swift Potion"}],"is_trial":false,"path_per_floor":["M","$","M","$","M","R","?","M","T","?","R","M","R","?","R","B",null,"M","M","$","?","?","R","M","M","T","R","?","?","?","T","R","B"],"character_chosen":"THE_SILENT","items_purchased":["Accuracy"],"campfire_rested":3,"item_purchase_floors":[2],"current_hp_per_floor":[59,59,59,59,59,59,44,23,23,23,23,23,23,23,41,26,52,41,25,25,25,25,43,42,17,17,35,35,35,35,35,35,0,0],"gold":24,"neow_bonus":"THREE_ENEMY_KILL","is_daily":false,"chose_seed":false,"campfire_upgraded":4,"win_rate":0.0,"timestamp":1613651256,"path_taken":["M","$","M","$","?","R","?","M","T","?","R","?","R","?","R","BOSS","M","M","$","?","?","R","M","?","T","R","?","?","?","?","R","BOSS"],"items_purchased_type":["Card"],"build_version":"2020-12-22","purchased_purges":1,"victory":false,"max_hp_per_floor":[66,66,66,66,66,66,66,66,66,66,66,66,66,60,60,60,60,60,60,60,60,60,60,60,60,60,60,60,60,60,60,60,60,60],"card_choices":[{"not_picked":["Outmaneuver","Infinite Blades","Flying Knee"],"picked":"SKIP","floor":1},{"not_picked":["Underhanded Strike","Acrobatics"],"picked":"Blade Dance","floor":3},{"not_picked":["Bouncing Flask","Deflect"],"picked":"Prepared","floor":5},{"not_picked":["Endless Agony","Dagger Spray"],"picked":"Leg Sweep","floor":8},{"not_picked":["Acrobatics","Dagger Spray"],"picked":"Cloak And Dagger","floor":12},{"not_picked":["Doppelganger","Wraith Form v2"],"picked":"Storm of Steel","floor":16},{"not_picked":["Deflect","Outmaneuver+1","Acrobatics"],"picked":"SKIP","floor":18},{"not_picked":["Flying Knee","Escape Plan"],"picked":"Cloak And Dagger","floor":19},{"not_picked":["Prepared","Flying Knee"],"picked":"Blade Dance+1","floor":24},{"not_picked":["Calculated Gamble","Quick Slash"],"picked":"Cloak And Dagger+1","floor":25}],"player_experience":345161,"relics_obtained":[{"floor":7,"key":"Odd Mushroom"},{"floor":9,"key":"War Paint"},{"floor":26,"key":"White Beast Statue"},{"floor":31,"key":"Akabeko"}],"event_choices":[{"damage_healed":0,"gold_gain":0,"player_choice":"Fought Mushrooms","damage_taken":0,"max_hp_gain":0,"max_hp_loss":0,"event_name":"Mushrooms","floor":7,"gold_loss":0},{"damage_healed":0,"gold_gain":0,"cards_transformed":["Strike_G"],"player_choice":"Transformed","damage_taken":0,"max_hp_gain":0,"max_hp_loss":0,"event_name":"Transmorgrifier","floor":10,"gold_loss":0,"cards_obtained":["Skewer"]},{"damage_healed":0,"gold_gain":0,"player_choice":"Lose Max HP","damage_taken":0,"relics_obtained":["Golden Idol"],"max_hp_gain":0,"max_hp_loss":6,"event_name":"Golden Idol","floor":14,"gold_loss":0},{"damage_healed":0,"gold_gain":0,"player_choice":"Obtained Relic","damage_taken":0,"relics_obtained":["Happy Flower"],"max_hp_gain":0,"max_hp_loss":0,"event_name":"Addict","floor":21,"gold_loss":85},{"damage_healed":0,"gold_gain":0,"player_choice":"Ignored","damage_taken":0,"max_hp_gain":0,"max_hp_loss":0,"event_name":"The Mausoleum","floor":22,"gold_loss":0},{"cards_removed":["Strike_G"],"damage_healed":0,"gold_gain":0,"player_choice":"Gave Gold","damage_taken":0,"max_hp_gain":0,"max_hp_loss":0,"event_name":"Beggar","floor":28,"gold_loss":75},{"damage_healed":0,"gold_gain":0,"player_choice":"Ignored","damage_taken":0,"max_hp_gain":0,"max_hp_loss":0,"event_name":"Vampires","floor":29,"gold_loss":0},{"damage_healed":0,"gold_gain":0,"player_choice":"Paid Fearfully","damage_taken":0,"max_hp_gain":0,"max_hp_loss":0,"event_name":"Masked Bandits","floor":30,"gold_loss":111}],"is_beta":false,"boss_relics":[{"not_picked":["HoveringKite","Tiny House"],"picked":"Black Star"}],"items_purged_floors":[20],"is_endless":false,"potions_floor_spawned":[3,5,16,19,25],"killed_by":"Champ","ascension_level":17}}