{"host":"hbvn1mkfq2iixsau","time":1613657633,"event":{"mods":["AchievementEnabler","Act Like it!","BaseMod","Better Altar","Better Match","Better Sensory Stone","Better Skull","Better Third Choice","Colored Map","Minty Spire (QoL Compilation)","Quick Restart","Relic Stats","Replay The Spire","Shop Mod","StSLib"],"gold_per_floor":[110,110,110,110,110,136,136,136,136,136,161,174,174,207,207,207,207],"floor_reached":16,"language":"ENG","playtime":416,"items_purged":[],"score":172,"play_id":"ae504a94-8bc5-47c5-9f8b-1be998679b08","local_time":"20210218161353","is_ascension_mode":true,"campfire_choices":[{"data":"Poison Darts","floor":7,"key":"SMITH"},{"floor":10,"key":"RECALL"},{"data":"Infinite Blades","floor":15,"key":"SMITH"}],"circlet_count":0,"master_deck":["Strike_G","Strike_G","Strike_G","Strike_G+1","Strike_G","Defend_G","Defend_G","Defend_G","Defend_G","Defend_G","Survivor","Neutralize","PiercingWail+1","Voices","Poison Darts+1","Infinite Blades+1","Choke","Choke"],"relics":["Ring of the Snake","NeowsBlessing","ReplayTheSpireMod:Ring of Exchange","Ring of Misfortune","Tiny Chest","Kunai","Ninja Scroll","Unceasing Top"],"acts_visited":["Exordium"],"potions_floor_usage":[],"damage_taken":[{"damage":0,"enemies":"2 Louse","floor":1,"turns":1},{"damage":0,"enemies":"Lagavulin","floor":6,"turns":1},{"damage":0,"enemies":"3 Sentries","floor":11,"turns":1},{"damage":0,"enemies":"Small Slimes","floor":12,"turns":2},{"damage":12,"enemies":"Lagavulin","floor":14,"turns":5},{"damage":3,"enemies":"The Guardian","floor":16,"turns":2}],"seed_played":"-8968829897711789058","potions_obtained":[{"floor":6,"key":"ColorlessPotion"},{"floor":12,"key":"PowerPotion"},{"floor":14,"key":"Adrenaline Potion"}],"is_trial":false,"path_per_floor":["M","?","$","?","$","E","R","$","T","R","E","M","?","E","R","B"],"character_chosen":"THE_SILENT","items_purchased":[],"campfire_rested":0,"item_purchase_floors":[],"current_hp_per_floor":[70,70,70,70,70,70,70,70,70,70,70,70,70,58,58,55,55],"gold":207,"neow_bonus":"THREE_ENEMY_KILL","is_daily":false,"chose_seed":false,"campfire_upgraded":2,"win_rate":0.0,"timestamp":1613657633,"path_taken":["M","?","$","?","$","E","R","$","T","R","E","M","?","E","R","BOSS"],"items_purchased_type":[],"build_version":"2020-12-22","purchased_purges":0,"victory":false,"max_hp_per_floor":[70,70,70,70,70,70,70,70,70,70,70,70,70,70,70,70,70],"relic_stats":{"counters":[6,12],"Tiny Chest":0,"Kunai":[5],"obtain_stats":[{"ReplayTheSpireMod:Ring of Exchange":2,"NeowsBlessing":0,"Ninja Scroll":11,"Ring of Misfortune":2,"Tiny Chest":6,"Kunai":9,"Unceasing Top":14,"Ring of the Snake":0},{"ReplayTheSpireMod:Ring of Exchange":1,"NeowsBlessing":0,"Ninja Scroll":3,"Ring of Misfortune":1,"Tiny Chest":2,"Kunai":2,"Unceasing Top":5,"Ring of the Snake":0},{"ReplayTheSpireMod:Ring of Exchange":1,"NeowsBlessing":0,"Ninja Scroll":3,"Ring of Misfortune":1,"Tiny Chest":2,"Kunai":2,"Unceasing Top":10,"Ring of the Snake":0}],"Unceasing Top":[0],"Ring of the Snake":[12]},"card_choices":[{"not_picked":["Poisoned Stab","Deflect"],"picked":"PiercingWail","floor":1},{"not_picked":["Quick Slash","Dagger Throw"],"picked":"Poison Darts","floor":6},{"not_picked":["Footwork","Flying Knee"],"picked":"Infinite Blades","floor":11},{"not_picked":["Blur","Escape Plan"],"picked":"Choke","floor":12},{"not_picked":["Footwork","Glass Knife"],"picked":"Choke","floor":14}],"player_experience":270675,"relics_obtained":[{"floor":2,"key":"ReplayTheSpireMod:Ring of Exchange"},{"floor":2,"key":"Ring of Misfortune"},{"floor":6,"key":"Tiny Chest"},{"floor":9,"key":"Kunai"},{"floor":11,"key":"Ninja Scroll"},{"floor":14,"key":"Unceasing Top"}],"event_choices":[{"damage_healed":0,"gold_gain":0,"player_choice":"Grow","damage_taken":0,"max_hp_gain":0,"max_hp_loss":0,"event_name":"Living Wall","floor":4,"gold_loss":0,"cards_upgraded":["PiercingWail"]}],"is_beta":false,"boss_relics":[],"items_purged_floors":[],"is_endless":false,"potions_floor_spawned":[6,12,14],"killed_by":"The Guardian","ascension_level":1}}