{"host":"xp5rvh2jwe2ejyfm","time":1613658355,"event":{"mods":["2.2 Compatiblity","Aspiration","BaseMod","Better Altar","Better Match","Better Note","Better Sensory Stone","Better Skull","BetterRewards","Colored Powertips","Conspire","Downfall","GifTheSpireLib","Gremlin Mod","GungeonMod","Hermit","Hubris","Jorbs\u0027s Wanderer Trilogy","Minty Spire (QoL Compilation)","Potionbrewer","Quick Restart","Replay The Spire","Robot Space Explorer","Shade Mod","Somnambulant","StSLib","The Bug Knight","The Clintock","The Construct","The Cursed","The Disciple","The Forsaken","The Hierophant","The Marked","The Necromancer","The Runesmith","The Servant 0.9.4","The Valiant","The Witch","TheFirefly","thorton"],"gold_per_floor":[112,132,132,59,76,24,24,36,36,67,91,91,141,106,106,214,214,246,273,310,68,103,103,103,103,128,150,181,181,218,245,245,265,265],"floor_reached":33,"language":"ENG","playtime":1192,"items_purged":[],"score":268,"play_id":"6fcddf37-6d4d-4512-831c-422a26f5ed4c","local_time":"20210218092555","is_ascension_mode":false,"campfire_choices":[{"floor":7,"key":"RECALL"},{"data":"Specialist","floor":12,"key":"SMITH"},{"data":"RobotSpaceExplorer:MiniBoosters","floor":15,"key":"SMITH"},{"floor":23,"key":"REST"},{"data":"RobotSpaceExplorer:Comet","floor":25,"key":"SMITH"},{"floor":29,"key":"REST"},{"floor":32,"key":"REST"}],"circlet_count":0,"master_deck":["RobotSpaceExplorer:Strike","RobotSpaceExplorer:Strike","RobotSpaceExplorer:Strike","RobotSpaceExplorer:Strike","RobotSpaceExplorer:Defend","RobotSpaceExplorer:Defend","RobotSpaceExplorer:Defend","RobotSpaceExplorer:Defend","RobotSpaceExplorer:Scan","RobotSpaceExplorer:MiniLasers","Specialist+1","RobotSpaceExplorer:PlasmaMissile","RobotSpaceExplorer:PowerCollector","RobotSpaceExplorer:MiniBoosters+1","RobotSpaceExplorer:SurgingStrike","RobotSpaceExplorer:SurgingShield","RobotSpaceExplorer:MiniDrones","RobotSpaceExplorer:Comet+1","RobotSpaceExplorer:FrostMissile","Doubt","CommonCold","RobotSpaceExplorer:ChargingLaser","RobotSpaceExplorer:Ammunition+1","RobotSpaceExplorer:StarLightning","RobotSpaceExplorer:MiniDrones","RobotSpaceExplorer:StarDust","RobotSpaceExplorer:MetalStrike","RobotSpaceExplorer:DoubleFind","RobotSpaceExplorer:PowerGlove+1","theForsaken:PlagueCurse","RobotSpaceExplorer:SurgingShield","RobotSpaceExplorer:FreezeRay+1","RobotSpaceExplorer:LaserBurst","RobotSpaceExplorer:MiniDrones","stsjorbsmod:PollutedStrike"],"relics":["RobotSpaceExplorer:RoboCore","Replay:Bandana","Ring of Greed","Tiny Chest","Replay:Wax Seal","Honey Jar"],"acts_visited":["Exordium","TheCity"],"potions_floor_usage":[16,28,30,33,33,33,33],"damage_taken":[{"damage":0,"enemies":"Cultist","floor":1,"turns":3},{"damage":0,"enemies":"2 Louse","floor":2,"turns":3},{"damage":6,"enemies":"Small Slimes","floor":5,"turns":3},{"damage":12,"enemies":"3 Louse","floor":8,"turns":3},{"damage":11,"enemies":"Blue Slaver","floor":10,"turns":3},{"damage":10,"enemies":"Lots of Slimes","floor":11,"turns":2},{"damage":16,"enemies":"Hexaghost","floor":16,"turns":8},{"damage":7,"enemies":"3 Byrds","floor":18,"turns":3},{"damage":3,"enemies":"Chosen","floor":19,"turns":4},{"damage":23,"enemies":"Centurion and Healer","floor":20,"turns":5},{"damage":19,"enemies":"3 Cultists","floor":22,"turns":5},{"damage":6,"enemies":"Snecko","floor":27,"turns":5},{"damage":29,"enemies":"Centurion and Healer","floor":28,"turns":5},{"damage":1,"enemies":"Shelled Parasite and Fungi","floor":30,"turns":4},{"damage":7,"enemies":"Chosen and Byrds","floor":31,"turns":4},{"damage":69,"enemies":"hubris:MusketHawk","floor":33,"turns":7}],"seed_played":"5784568331884941017","potions_obtained":[{"floor":8,"key":"PowerPotion"},{"floor":10,"key":"Elixir"},{"floor":18,"key":"DemoMod:LeadSkinPotion"},{"floor":20,"key":"potionbrewer:ToxicPotion"},{"floor":28,"key":"ColorlessPotion"},{"floor":30,"key":"Weak Potion"},{"floor":31,"key":"BlessingOfTheForge"}],"is_trial":false,"path_per_floor":["M","M","?","$","M","$","R","M","T","M","M","R","?","?","R","B",null,"M","M","M","$","M","R","?","R","T","M","M","R","M","M","R","B"],"character_chosen":"RobotSpaceExplorer","items_purchased":["RobotSpaceExplorer:MiniBoosters","RobotSpaceExplorer:SurgingShield","RobotSpaceExplorer:StarDust","RobotSpaceExplorer:MetalStrike","RobotSpaceExplorer:DoubleFind","Regen Potion"],"campfire_rested":3,"item_purchase_floors":[4,6,21,21,21,21],"current_hp_per_floor":[75,75,75,75,69,69,69,57,57,46,36,36,36,54,54,38,75,68,65,42,42,23,45,49,49,49,43,29,51,50,43,65,0,0],"gold":265,"neow_bonus":"RANDOM_COLORLESS","is_daily":false,"chose_seed":false,"campfire_upgraded":3,"win_rate":0.0,"timestamp":1613658355,"path_taken":["M","M","?","$","M","$","R","M","T","M","M","R","?","?","R","BOSS","M","M","M","$","M","R","?","R","T","M","M","R","M","?","R","BOSS"],"items_purchased_type":["Card","Card","Card","Card","Card","Potion"],"build_version":"2020-12-22","purchased_purges":0,"victory":false,"max_hp_per_floor":[75,75,75,75,75,75,75,75,75,75,75,75,75,75,75,75,75,75,75,75,75,75,75,75,75,75,75,75,75,75,75,75,75,75],"card_choices":[{"not_picked":["Replay:Sssssssssshield","Forethought"],"picked":"Specialist","floor":0},{"not_picked":["RobotSpaceExplorer:Calculate","RobotSpaceExplorer:Blitz"],"picked":"RobotSpaceExplorer:PlasmaMissile","floor":1},{"not_picked":["RobotSpaceExplorer:ScrapShield","RobotSpaceExplorer:Ammunition"],"picked":"RobotSpaceExplorer:PowerCollector","floor":2},{"not_picked":["RobotSpaceExplorer:Counterblock","RobotSpaceExplorer:ScrapMissile"],"picked":"RobotSpaceExplorer:SurgingStrike","floor":5},{"not_picked":["RobotSpaceExplorer:Ammunition","RobotSpaceExplorer:FreezingShield"],"picked":"RobotSpaceExplorer:MiniDrones","floor":8},{"not_picked":["RobotSpaceExplorer:FranticSearch","RobotSpaceExplorer:Counterblock"],"picked":"RobotSpaceExplorer:Comet","floor":10},{"not_picked":["RobotSpaceExplorer:LaserBurst","RobotSpaceExplorer:GearShield"],"picked":"RobotSpaceExplorer:FrostMissile","floor":11},{"not_picked":["RobotSpaceExplorer:Exploration","RobotSpaceExplorer:Scanner"],"picked":"RobotSpaceExplorer:ChargingLaser","floor":16},{"not_picked":["RobotSpaceExplorer:ImprovisedAttack","RobotSpaceExplorer:SwiftStep+1","RobotSpaceExplorer:GearShield"],"picked":"RobotSpaceExplorer:Ammunition+1","floor":18},{"not_picked":["RobotSpaceExplorer:Pulsar+1","RobotSpaceExplorer:ShovelStrike","RobotSpaceExplorer:FrostMissile"],"picked":"RobotSpaceExplorer:StarLightning","floor":19},{"not_picked":["RobotSpaceExplorer:ShovelStrike","RobotSpaceExplorer:StunGrenade+1","RobotSpaceExplorer:GlueShot"],"picked":"RobotSpaceExplorer:MiniDrones","floor":20},{"not_picked":["RobotSpaceExplorer:Ammunition","RobotSpaceExplorer:Probe","RobotSpaceExplorer:Pulsar"],"picked":"RobotSpaceExplorer:PowerGlove+1","floor":22},{"not_picked":["RobotSpaceExplorer:MetalStrike","RobotSpaceExplorer:ScrapToss","RobotSpaceExplorer:ExhaustFan"],"picked":"RobotSpaceExplorer:SurgingShield","floor":27},{"not_picked":["RobotSpaceExplorer:Electroshield","RobotSpaceExplorer:ScrapMissile","RobotSpaceExplorer:Probe"],"picked":"RobotSpaceExplorer:FreezeRay+1","floor":28},{"not_picked":["RobotSpaceExplorer:SwiftStep","RobotSpaceExplorer:Accelerator","RobotSpaceExplorer:LuckyStrike+1"],"picked":"RobotSpaceExplorer:LaserBurst","floor":30},{"not_picked":["RobotSpaceExplorer:Probe+1","RobotSpaceExplorer:StunGrenade+1","RobotSpaceExplorer:Electroshield"],"picked":"RobotSpaceExplorer:MiniDrones","floor":31}],"player_experience":523652,"relics_obtained":[{"floor":9,"key":"Replay:Bandana"},{"floor":13,"key":"Ring of Greed"},{"floor":13,"key":"Tiny Chest"},{"floor":13,"key":"Replay:Wax Seal"}],"event_choices":[{"damage_healed":18,"gold_gain":0,"player_choice":"Healed","damage_taken":0,"max_hp_gain":0,"max_hp_loss":0,"event_name":"The Cleric","floor":14,"gold_loss":35},{"damage_healed":4,"gold_gain":0,"player_choice":"LEAVE ","damage_taken":0,"relics_obtained":[],"max_hp_gain":0,"max_hp_loss":0,"event_name":"betterSkull:BetterSkull","floor":24,"gold_loss":0,"cards_upgraded":[]}],"is_beta":false,"boss_relics":[{"not_picked":["ReplayTheSpireMod:DimensionalGlitch","hubris:RunicObelisk"],"picked":"Honey Jar"}],"items_purged_floors":[],"is_endless":false,"potions_floor_spawned":[8,10,18,20,28,30,31],"killed_by":"hubris:MusketHawk","ascension_level":0}}