{"host":"24vdok87ydm8sokm","time":1613653081,"event":{"mods":["AchievementEnabler","BaseMod","Colored Map","Colored Powertips","Minty Spire (QoL Compilation)","StSLib"],"gold_per_floor":[112,187,201,218,218,248,261,261,285,315,315,341,341,354,354,452,452,470,482,43,55,67,101,101,101,101],"floor_reached":25,"language":"ENG","playtime":3813,"items_purged":[],"score":255,"play_id":"35d7f857-db13-4c07-8820-d32c6111b1c2","local_time":"20210218065801","is_ascension_mode":true,"campfire_choices":[{"floor":8.0,"key":"REST"},{"floor":11,"key":"REST"},{"floor":15,"key":"REST"},{"floor":24,"key":"REST"}],"circlet_count":0,"master_deck":["Strike_P","Strike_P","Strike_P","Strike_P","Defend_P","Defend_P","Defend_P","Defend_P","Eruption","Vigilance","ConjureBlade","Collect","Wallop","CrushJoints","FollowUp","EmptyBody","Perseverance+1","ThirdEye+1","DevaForm","Wallop","TalkToTheHand+1","Weave","CrushJoints+1","PathToVictory+1"],"relics":["PureWater","Regal Pillow","Vajra","Toxic Egg 2","Philosopher\u0027s Stone","Torii","Bronze Scales","Question Card"],"acts_visited":["Exordium","TheCity"],"potions_floor_usage":[16,16,16,21,22,23],"damage_taken":[{"damage":1.0,"enemies":"2 Louse","floor":1.0,"turns":3.0},{"damage":1.0,"enemies":"Jaw Worm","floor":3.0,"turns":2.0},{"damage":2.0,"enemies":"Cultist","floor":4.0,"turns":4.0},{"damage":35.0,"enemies":"Gremlin Nob","floor":6.0,"turns":5.0},{"damage":16.0,"enemies":"Large Slime","floor":7.0,"turns":4.0},{"damage":27.0,"enemies":"3 Sentries","floor":10.0,"turns":9.0},{"damage":17,"enemies":"Gremlin Nob","floor":12,"turns":4},{"damage":2,"enemies":"Blue Slaver","floor":14,"turns":4},{"damage":17,"enemies":"Hexaghost","floor":16,"turns":7},{"damage":36,"enemies":"Chosen","floor":18,"turns":6},{"damage":15,"enemies":"2 Thieves","floor":19,"turns":4},{"damage":2,"enemies":"Centurion and Healer","floor":21,"turns":9},{"damage":6,"enemies":"Snake Plant","floor":22,"turns":5},{"damage":23,"enemies":"Book of Stabbing","floor":23,"turns":5},{"damage":43,"enemies":"Gremlin Leader","floor":25,"turns":7}],"seed_played":"4669051252208713361","potions_obtained":[{"floor":1.0,"key":"DistilledChaos"},{"floor":3.0,"key":"EssenceOfSteel"},{"floor":10,"key":"SneckoOil"},{"floor":12,"key":"EntropicBrew"},{"floor":13,"key":"DistilledChaos"},{"floor":16,"key":"Regen Potion"},{"floor":19,"key":"DistilledChaos"},{"floor":21,"key":"Weak Potion"}],"is_trial":false,"path_per_floor":["M","?","M","M","$","E","M","R","T","E","R","E","?","M","R","B",null,"M","M","$","M","M","E","R","E"],"character_chosen":"WATCHER","items_purchased":["Torii","Bronze Scales"],"campfire_rested":4,"item_purchase_floors":[20,20],"current_hp_per_floor":[71,60,59,57,57,22,6,42,42,15,51,34,34,32,68,51,72,36,21,21,34,28,5,41,0,0],"gold":101,"neow_bonus":"ONE_RANDOM_RARE_CARD","is_daily":false,"chose_seed":false,"campfire_upgraded":0,"win_rate":0.0,"timestamp":1613653081,"path_taken":["M","?","M","M","?","E","M","R","T","E","R","E","?","M","R","BOSS","M","?","$","M","M","E","R","E"],"items_purchased_type":["Relic","Relic"],"build_version":"2020-12-22","purchased_purges":0,"victory":false,"max_hp_per_floor":[72,72,72,72,72,72,72,72,72,72,72,72,72,72,72,72,72,72,72,72,72,72,72,72,72,72],"card_choices":[{"not_picked":["Perseverance","Crescendo"],"picked":"Collect","floor":1.0},{"not_picked":["ForeignInfluence","TalkToTheHand"],"picked":"Wallop","floor":3.0},{"not_picked":["PathToVictory","BowlingBash"],"picked":"CrushJoints","floor":4.0},{"not_picked":["JustLucky","CutThroughFate","Nirvana"],"picked":"SKIP","floor":6.0},{"not_picked":["Crescendo","BowlingBash"],"picked":"FollowUp","floor":7.0},{"not_picked":["JustLucky","Crescendo"],"picked":"EmptyBody","floor":10},{"not_picked":["WaveOfTheHand+1","FearNoEvil"],"picked":"Perseverance+1","floor":12},{"not_picked":["Nirvana","Ragnarok"],"picked":"ThirdEye+1","floor":14},{"not_picked":["LessonLearned","Ragnarok"],"picked":"DevaForm","floor":16},{"not_picked":["EmptyFist","ClearTheMind+1"],"picked":"Wallop","floor":18},{"not_picked":["Conclude","JustLucky"],"picked":"TalkToTheHand+1","floor":19},{"not_picked":["FlurryOfBlows","FollowUp"],"picked":"Weave","floor":21},{"not_picked":["Halt+1","EmptyFist"],"picked":"CrushJoints+1","floor":22},{"not_picked":["Adaptation","FlyingSleeves"],"picked":"PathToVictory+1","floor":23}],"player_experience":96889,"relics_obtained":[{"floor":6.0,"key":"Regal Pillow"},{"floor":10,"key":"Vajra"},{"floor":12,"key":"Toxic Egg 2"},{"floor":23,"key":"Question Card"}],"event_choices":[{"damage_healed":0.0,"max_hp_gain":0.0,"max_hp_loss":0.0,"gold_gain":75.0,"event_name":"World of Goop","player_choice":"Gather Gold","floor":2.0,"gold_loss":0.0,"damage_taken":11.0},{"damage_healed":0,"gold_gain":0,"player_choice":"Got Potions","damage_taken":0,"max_hp_gain":0,"max_hp_loss":0,"event_name":"Lab","floor":13,"gold_loss":0}],"is_beta":false,"boss_relics":[{"not_picked":["Runic Dome","Sozu"],"picked":"Philosopher\u0027s Stone"}],"items_purged_floors":[],"is_endless":false,"potions_floor_spawned":[1,3,10,12,16,19,21],"killed_by":"Gremlin Leader","ascension_level":1}}