{"host":"iodn1af76021fjto","time":1613638529,"event":{"mods":["AchievementEnabler","BaseMod","BetterRewards","Colored Map","Downfall","Hermit","Jorbs\u0027s Wanderer Trilogy","Minty Spire (QoL Compilation)","Quick Restart","StSLib","SuperFastMode","The Cursed","The Hierophant","The Jungle","The Runesmith","The Servant 0.9.4"],"gold_per_floor":[109,109,109,127,127,152,215,215,260,260,58,84,84,84,84,84,84],"floor_reached":16,"language":"ENG","playtime":425,"items_purged":[],"score":142,"play_id":"2719f503-5eea-4e4a-8f0a-a1631403b550","local_time":"20210218035529","is_ascension_mode":true,"campfire_choices":[{"data":"Well Laid Plans","floor":8,"key":"SMITH"},{"data":"Deadly Poison","floor":10,"key":"SMITH"},{"data":"Poisoned Stab","floor":15,"key":"SMITH"}],"circlet_count":0,"master_deck":["Strike_G","Strike_G","Strike_G","Strike_G","Strike_G","Defend_G","Defend_G","Defend_G","Defend_G","Survivor","Neutralize","Quick Slash","Well Laid Plans+1","Deadly Poison+1","Poisoned Stab+1"],"relics":["Ring of the Snake","NeowsBlessing","Bag of Marbles","Pear","Omamori","Centennial Puzzle","Boot"],"acts_visited":["Exordium"],"potions_floor_usage":[],"damage_taken":[{"damage":0,"enemies":"Small Slimes","floor":1,"turns":1},{"damage":0,"enemies":"Jaw Worm","floor":4,"turns":1},{"damage":0,"enemies":"3 Sentries","floor":6,"turns":1},{"damage":19,"enemies":"3 Sentries","floor":7,"turns":11},{"damage":17,"enemies":"Gremlin Nob","floor":12,"turns":4},{"damage":41,"enemies":"The Guardian","floor":16,"turns":9}],"seed_played":"-4324001554397056541","potions_obtained":[{"floor":4,"key":"hexamod:SoulburnPotion"},{"floor":6,"key":"CunningPotion"}],"is_trial":false,"path_per_floor":["M","?","?","M","$","E","?","R","T","R","$","E","$","?","R","B"],"character_chosen":"THE_SILENT","items_purchased":["Poisoned Stab","Centennial Puzzle"],"campfire_rested":0,"item_purchase_floors":[11,11],"current_hp_per_floor":[70,63,63,63,63,63,54,54,54,54,54,37,37,37,37,0,0],"gold":84,"neow_bonus":"THREE_ENEMY_KILL","is_daily":false,"chose_seed":false,"campfire_upgraded":3,"win_rate":0.0,"timestamp":1613638529,"path_taken":["M","?","?","M","?","E","?","R","T","R","$","E","$","?","R","BOSS"],"items_purchased_type":["Card","Relic"],"build_version":"2020-12-22","purchased_purges":0,"victory":false,"max_hp_per_floor":[70,70,70,70,70,70,80,80,80,80,80,80,80,80,80,80,80],"card_choices":[{"not_picked":["Prepared","Terror"],"picked":"Quick Slash","floor":1},{"not_picked":["Predator","Prepared"],"picked":"Well Laid Plans","floor":4},{"not_picked":["Flying Knee","Wraith Form v2"],"picked":"Deadly Poison","floor":6},{"not_picked":["Flechettes","Slice","Blade Dance"],"picked":"SKIP","floor":12}],"player_experience":263869,"relics_obtained":[{"floor":6,"key":"Bag of Marbles"},{"floor":9,"key":"Omamori"},{"floor":12,"key":"Boot"}],"event_choices":[{"cards_removed":["Defend_G"],"damage_healed":0,"gold_gain":0,"player_choice":"Card Removal","damage_taken":7,"max_hp_gain":0,"max_hp_loss":0,"event_name":"Golden Wing","floor":2,"gold_loss":0},{"damage_healed":0,"gold_gain":0,"player_choice":"Leave","damage_taken":0,"max_hp_gain":0,"max_hp_loss":0,"event_name":"The Cleric","floor":3,"gold_loss":0},{"damage_healed":0,"gold_gain":0,"player_choice":"Searched \u00273\u0027 times","damage_taken":0,"relics_obtained":["Pear"],"max_hp_gain":0,"max_hp_loss":0,"event_name":"Dead Adventurer","floor":7,"gold_loss":0},{"damage_healed":0,"gold_gain":0,"player_choice":"Cursed","damage_taken":0,"max_hp_gain":0,"max_hp_loss":0,"event_name":"Wheel of Change","floor":14,"gold_loss":0,"cards_obtained":["Decay"]}],"is_beta":false,"boss_relics":[],"items_purged_floors":[],"is_endless":false,"potions_floor_spawned":[4,6],"killed_by":"The Guardian","ascension_level":2}}