{"host":"11728qvdvolffudn","time":1613653886,"event":{"mods":["BaseMod","Block Reminder","Colored Powertips","Curses Come First","Custom Start","Displayed Cursed Tome","Highlight Path","Minty Spire (QoL Compilation)","Permanent Neow","Quick Restart","Rare Cards Sparkle","Relic Stats","StSLib","Weighted Paths"],"gold_per_floor":[117,117,135,60,76,76,102,120,174,174,188,188,199,210,210,306,306,323,343,360,372,372,384,425,437,449,461,473,485,513,558,570,582,582],"floor_reached":33,"language":"ENG","playtime":995,"items_purged":["Pain"],"score":347,"play_id":"2aa3aa19-f442-40a0-ac12-ee54572d6b4d","local_time":"20210218131126","is_ascension_mode":true,"campfire_choices":[{"data":"Infernal Blade","floor":6,"key":"SMITH"},{"data":"Demon Form","floor":10,"key":"SMITH"},{"data":"Flex","floor":12,"key":"SMITH"},{"data":"Whirlwind","floor":15,"key":"SMITH"},{"data":"Immolate","floor":23,"key":"SMITH"},{"data":"Defend_R","floor":25,"key":"SMITH"},{"data":"Defend_R","floor":27,"key":"SMITH"},{"data":"Defend_R","floor":29,"key":"SMITH"},{"floor":32,"key":"REST"}],"circlet_count":0,"master_deck":["Strike_R","Strike_R","Strike_R","Strike_R","Defend_R+1","Defend_R","Defend_R+1","Defend_R+1","Bash+1","Demon Form+1","Infernal Blade+1","Flex+1","Whirlwind+1","Flex","Immolate+1","Whirlwind+1"],"relics":["Burning Blood","WarpedTongs","The Courier","Nunchaku","Velvet Choker","MawBank","Whetstone","Toxic Egg 2","Oddly Smooth Stone"],"acts_visited":["Exordium","TheCity"],"potions_floor_usage":[7,13,16,16,24,33],"damage_taken":[{"damage":5,"enemies":"Small Slimes","floor":1,"turns":5},{"damage":10,"enemies":"Cultist","floor":3,"turns":4},{"damage":7,"enemies":"2 Louse","floor":5,"turns":2},{"damage":17,"enemies":"Lagavulin","floor":7,"turns":6},{"damage":0,"enemies":"Large Slime","floor":8,"turns":5},{"damage":29,"enemies":"Exordium Thugs","floor":11,"turns":4},{"damage":9,"enemies":"2 Fungi Beasts","floor":13,"turns":2},{"damage":3,"enemies":"Looter","floor":14,"turns":2},{"damage":21,"enemies":"Hexaghost","floor":16,"turns":7},{"damage":21,"enemies":"2 Thieves","floor":18,"turns":3},{"damage":6,"enemies":"Shell Parasite","floor":19,"turns":2},{"damage":0,"enemies":"3 Cultists","floor":20,"turns":2},{"damage":4,"enemies":"Centurion and Healer","floor":21,"turns":3},{"damage":30,"enemies":"Slavers","floor":24,"turns":2},{"damage":7,"enemies":"Snecko","floor":30,"turns":4},{"damage":30,"enemies":"Book of Stabbing","floor":31,"turns":4},{"damage":85,"enemies":"Champ","floor":33,"turns":6}],"seed_played":"2376818163517048953","potions_obtained":[{"floor":3,"key":"EssenceOfSteel"},{"floor":7,"key":"LiquidMemories"},{"floor":13,"key":"Dexterity Potion"},{"floor":14,"key":"BlessingOfTheForge"},{"floor":16,"key":"SteroidPotion"},{"floor":21,"key":"FairyPotion"},{"floor":24,"key":"Energy Potion"},{"floor":30,"key":"Fire Potion"}],"is_trial":false,"path_per_floor":["M","?","M","$","M","R","E","M","T","R","M","R","M","M","R","B",null,"M","M","M","M","?","R","E","R","T","R","$","R","M","E","R","B"],"character_chosen":"IRONCLAD","items_purchased":[],"campfire_rested":1,"item_purchase_floors":[],"current_hp_per_floor":[80,80,76,76,75,75,64,70,70,70,47,47,44,47,47,32,80,65,65,71,73,73,73,49,49,49,49,49,49,48,24,48,0,0],"gold":582,"neow_bonus":"TRANSFORM_CARD","is_daily":false,"chose_seed":false,"campfire_upgraded":8,"win_rate":0.0,"timestamp":1613653886,"path_taken":["M","?","M","$","M","R","E","M","T","R","M","R","M","?","R","BOSS","M","?","?","M","?","R","E","R","T","R","$","R","M","E","R","BOSS"],"items_purchased_type":[],"build_version":"2020-12-22","purchased_purges":1,"victory":false,"max_hp_per_floor":[80,80,80,80,80,80,80,80,80,80,80,80,80,80,80,80,80,80,80,80,80,80,80,80,80,80,80,80,80,80,80,80,80,80],"relic_stats":{"Nunchaku":[7],"counters":[17,63],"Whetstone":["Bash","Whirlwind"],"MawBank":132,"obtain_stats":[{"Nunchaku":9,"Velvet Choker":17,"Oddly Smooth Stone":31,"The Courier":7,"Whetstone":24,"Toxic Egg 2":26,"MawBank":22,"Burning Blood":0,"WarpedTongs":2},{"Nunchaku":5,"Velvet Choker":9,"Oddly Smooth Stone":16,"The Courier":4,"Whetstone":14,"Toxic Egg 2":14,"MawBank":13,"Burning Blood":0,"WarpedTongs":1},{"Nunchaku":22,"Velvet Choker":37,"Oddly Smooth Stone":57,"The Courier":17,"Whetstone":49,"Toxic Egg 2":49,"MawBank":47,"Burning Blood":0,"WarpedTongs":5}],"Burning Blood":95,"WarpedTongs":[56]},"card_choices":[{"not_picked":["Anger","Iron Wave","Body Slam"],"picked":"SKIP","floor":1},{"not_picked":["Clash","Warcry"],"picked":"Infernal Blade","floor":3},{"not_picked":["Headbutt","Burning Pact","Ghostly Armor"],"picked":"SKIP","floor":5},{"not_picked":["Havoc","Iron Wave","Body Slam"],"picked":"SKIP","floor":7},{"not_picked":["Sword Boomerang","Headbutt","Clothesline"],"picked":"SKIP","floor":8},{"not_picked":["Warcry","Exhume"],"picked":"Flex","floor":11},{"not_picked":["Battle Trance","Power Through"],"picked":"Whirlwind","floor":13},{"not_picked":["Headbutt","Clothesline"],"picked":"Flex","floor":14},{"not_picked":["Bludgeon","Fiend Fire"],"picked":"Immolate","floor":16},{"not_picked":["Headbutt","Intimidate","Seeing Red+1"],"picked":"SKIP","floor":18},{"not_picked":["Heavy Blade","Anger","Cleave+1"],"picked":"SKIP","floor":19},{"not_picked":["Armaments","Twin Strike+1"],"picked":"Whirlwind","floor":20},{"not_picked":["Cleave","Pommel Strike","True Grit"],"picked":"SKIP","floor":21},{"not_picked":["Thunderclap+1","Dark Embrace","Second Wind+1"],"picked":"SKIP","floor":24},{"not_picked":["Havoc+1","Disarm+1","Searing Blow"],"picked":"SKIP","floor":30},{"not_picked":["True Grit+1","Flame Barrier+1","Rage+1"],"picked":"SKIP","floor":31}],"player_experience":221107,"relics_obtained":[{"floor":7,"key":"The Courier"},{"floor":9,"key":"Nunchaku"},{"floor":24,"key":"Whetstone"},{"floor":26,"key":"Toxic Egg 2"},{"floor":31,"key":"Oddly Smooth Stone"}],"event_choices":[{"damage_healed":0,"gold_gain":0,"player_choice":"Rummage","damage_taken":0,"relics_obtained":["WarpedTongs"],"max_hp_gain":0,"max_hp_loss":0,"event_name":"Accursed Blacksmith","floor":2,"gold_loss":0,"cards_obtained":["Pain"]},{"damage_healed":0,"gold_gain":0,"player_choice":"Opened","damage_taken":0,"relics_obtained":["MawBank"],"max_hp_gain":0,"max_hp_loss":0,"event_name":"The Mausoleum","floor":22,"gold_loss":0}],"is_beta":false,"boss_relics":[{"not_picked":["Snecko Eye","Cursed Key"],"picked":"Velvet Choker"}],"items_purged_floors":[4],"is_endless":false,"potions_floor_spawned":[3,7,13,14,16,21,24,30],"killed_by":"Champ","ascension_level":4}}