{"host":"8cqz7u612ax6p4mk","time":1613607761,"event":{"mods":["AchievementEnabler","BaseMod","Bestiary","Colored Map","DeckTracker","Highlight Path","Minty Spire (QoL Compilation)","Relic Stats","The Servant 0.9.4"],"gold_per_floor":[117,142,67,87,98,131,131,163,163,163,181,0,25,39,39,138,138,158,171,185,204,218,218,244,244,244,159,177,205,153,153,153,249,249,260,276,256,274,288,313,337,337,410,436,5,24,34,49,49,49],"floor_reached":51,"language":"ENG","playtime":2265,"items_purged":["Parasite","Defend_R"],"score":926,"play_id":"a6ddcecc-e73f-4af4-89cd-073e90eb9184","local_time":"20210217192241","is_ascension_mode":true,"campfire_choices":[{"data":"Pommel Strike","floor":7,"key":"SMITH"},{"data":"Metamorphosis","floor":10,"key":"SMITH"},{"data":"Double Tap","floor":15,"key":"SMITH"},{"data":"Offering","floor":23,"key":"SMITH"},{"floor":25,"key":"REST"},{"floor":32,"key":"REST"},{"data":"Offering","floor":42,"key":"SMITH"},{"data":"Rupture","floor":49,"key":"SMITH"}],"circlet_count":0,"master_deck":["Strike_R","Strike_R+1","Strike_R","Strike_R","Strike_R","Defend_R","Defend_R","Defend_R","Bash+1","Metamorphosis+1","Pommel Strike+1","Uppercut+1","Reaper","Twin Strike","Offering+1","Double Tap+1","Reaper","Rupture+1","Disarm","Shrug It Off","Offering+1","Battle Trance+1","Seeing Red+1","Perfected Strike+1","Flex+1","Discovery","Clash+1"],"relics":["Burning Blood","Akabeko","StrikeDummy","Bottled Lightning","Whetstone","Philosopher\u0027s Stone","Question Card","Pen Nib","Kunai","Blood Vial","SacredBark","Bag of Preparation","MealTicket","Eternal Feather","Ornamental Fan"],"acts_visited":["Exordium","TheCity","TheBeyond"],"potions_floor_usage":[21,22,29,29,33,36,50,50],"damage_taken":[{"damage":10,"enemies":"Cultist","floor":1,"turns":5},{"damage":0,"enemies":"Small Slimes","floor":4,"turns":4},{"damage":0,"enemies":"2 Louse","floor":5,"turns":2},{"damage":8,"enemies":"3 Sentries","floor":6,"turns":6},{"damage":14,"enemies":"Gremlin Nob","floor":8,"turns":3},{"damage":23,"enemies":"Lots of Slimes","floor":11,"turns":4},{"damage":9,"enemies":"Lagavulin","floor":13,"turns":3},{"damage":9,"enemies":"Blue Slaver","floor":14,"turns":3},{"damage":6,"enemies":"Slime Boss","floor":16,"turns":2},{"damage":9,"enemies":"Shell Parasite","floor":18,"turns":2},{"damage":23,"enemies":"2 Thieves","floor":19,"turns":3},{"damage":17,"enemies":"3 Cultists","floor":20,"turns":4},{"damage":6,"enemies":"Snecko","floor":21,"turns":2},{"damage":49,"enemies":"Snake Plant","floor":22,"turns":3},{"damage":36,"enemies":"Book of Stabbing","floor":24,"turns":3},{"damage":7,"enemies":"3 Cultists","floor":28,"turns":3},{"damage":25,"enemies":"Gremlin Leader","floor":29,"turns":3},{"damage":47,"enemies":"Automaton","floor":33,"turns":6},{"damage":38,"enemies":"3 Shapes","floor":35,"turns":3},{"damage":6,"enemies":"Orb Walker","floor":36,"turns":1},{"damage":32,"enemies":"Sphere and 2 Shapes","floor":38,"turns":3},{"damage":22,"enemies":"Transient","floor":39,"turns":5},{"damage":52,"enemies":"Reptomancer","floor":40,"turns":4},{"damage":23,"enemies":"Giant Head","floor":44,"turns":4},{"damage":6,"enemies":"Spire Growth","floor":46,"turns":2},{"damage":17,"enemies":"3 Darklings","floor":47,"turns":4},{"damage":12,"enemies":"Maw","floor":48,"turns":4},{"damage":50,"enemies":"Awakened One","floor":50,"turns":8}],"seed_played":"-200432252228326060","potions_obtained":[{"floor":4,"key":"PowerPotion"},{"floor":5,"key":"DuplicationPotion"},{"floor":8,"key":"AttackPotion"},{"floor":21,"key":"SteroidPotion"},{"floor":28,"key":"ColorlessPotion"},{"floor":29,"key":"Fruit Juice"},{"floor":35,"key":"FearPotion"},{"floor":37,"key":"HeartOfIron"}],"is_trial":false,"path_per_floor":["M","T","$","M","M","E","R","E","T","R","M","$","E","M","R","B",null,"M","M","M","M","M","R","E","R","T","?","M","E","$","?","R","B",null,"M","M","?","M","M","E","T","R","T","E","$","M","M","M","R","B",null],"character_chosen":"IRONCLAD","items_purchased":["Offering","BloodPotion","Ornamental Fan","EntropicBrew","Discovery"],"campfire_rested":2,"item_purchase_floors":[12,30,45,45,45],"current_hp_per_floor":[76,76,76,77,77,75,75,67,67,67,62,62,59,56,56,56,77,74,65,70,70,32,32,14,37,37,37,36,22,22,22,46,35,82,50,76,76,64,62,56,56,56,56,82,82,82,77,73,82,46],"gold":49,"neow_bonus":"RANDOM_COLORLESS_2","is_daily":false,"chose_seed":false,"campfire_upgraded":6,"win_rate":0.0,"timestamp":1613607761,"path_taken":["M","?","$","M","M","E","R","E","T","R","M","$","E","?","R","BOSS","M","M","M","M","M","R","E","R","T","?","M","E","$","?","R","BOSS","M","?","?","?","M","E","?","R","T","E","$","M","?","M","R","BOSS"],"items_purchased_type":["Card","Potion","Relic","Potion","Card"],"build_version":"2020-12-22","purchased_purges":2,"victory":true,"max_hp_per_floor":[80,80,77,77,77,77,77,77,77,77,77,77,77,77,77,77,77,77,77,77,77,77,77,77,77,77,77,77,82,82,82,82,82,82,82,82,82,82,82,82,82,82,82,82,82,82,82,82,82,82],"relic_stats":{"Blood Vial":14,"counters":[28,99],"Ornamental Fan":[60],"MealTicket":0,"Eternal Feather":9,"Pen Nib":[18],"Bag of Preparation":[10],"Whetstone":["Bash","Strike_R"],"Kunai":[47],"Question Card":12,"obtain_stats":[{"SacredBark":34,"Eternal Feather":43,"Pen Nib":26,"Bag of Preparation":40,"Whetstone":13,"Question Card":24,"Burning Blood":0,"Akabeko":2,"Blood Vial":29,"Ornamental Fan":45,"Philosopher\u0027s Stone":17,"MealTicket":41,"Bottled Lightning":8,"Kunai":27,"StrikeDummy":6},{"SacredBark":18,"Eternal Feather":23,"Pen Nib":15,"Bag of Preparation":23,"Whetstone":7,"Question Card":15,"Burning Blood":0,"Akabeko":1,"Blood Vial":17,"Ornamental Fan":24,"Philosopher\u0027s Stone":9,"MealTicket":23,"Bottled Lightning":5,"Kunai":15,"StrikeDummy":4},{"SacredBark":61,"Eternal Feather":77,"Pen Nib":49,"Bag of Preparation":77,"Whetstone":27,"Question Card":49,"Burning Blood":0,"Akabeko":5,"Blood Vial":55,"Ornamental Fan":81,"Philosopher\u0027s Stone":32,"MealTicket":77,"Bottled Lightning":20,"Kunai":49,"StrikeDummy":17}],"Burning Blood":151},"card_choices":[{"not_picked":["Violence","Thinking Ahead"],"picked":"Metamorphosis","floor":0},{"not_picked":["Blood for Blood","Iron Wave"],"picked":"Pommel Strike","floor":1},{"not_picked":["Armaments","Wild Strike"],"picked":"Uppercut","floor":4},{"not_picked":["Cleave","Rupture","Havoc"],"picked":"SKIP","floor":5},{"not_picked":["Anger","Havoc"],"picked":"Reaper","floor":6},{"not_picked":["Reckless Charge","Entrench"],"picked":"Twin Strike","floor":8},{"not_picked":["Infernal Blade","Second Wind","Havoc"],"picked":"SKIP","floor":11},{"not_picked":["Infernal Blade","Second Wind","Havoc"],"picked":"SKIP","floor":11},{"not_picked":["Dual Wield","Havoc"],"picked":"Double Tap","floor":13},{"not_picked":["Flex","Anger","Searing Blow"],"picked":"SKIP","floor":14},{"not_picked":["Double Tap","Corruption"],"picked":"Reaper","floor":16},{"not_picked":["Havoc","Iron Wave","Searing Blow"],"picked":"SKIP","floor":18},{"not_picked":["Twin Strike","Hemokinesis","Havoc"],"picked":"SKIP","floor":19},{"not_picked":["Thunderclap","Warcry","Armaments"],"picked":"SKIP","floor":20},{"not_picked":["Heavy Blade","Wild Strike","Uppercut"],"picked":"SKIP","floor":21},{"not_picked":["Thunderclap","Havoc","Armaments+1"],"picked":"SKIP","floor":22},{"not_picked":["Pommel Strike","Thunderclap"],"picked":"Rupture","floor":24},{"not_picked":["Clothesline","Spot Weakness","True Grit"],"picked":"Disarm","floor":28},{"not_picked":["Bludgeon","Rage","Blood for Blood"],"picked":"Shrug It Off","floor":29},{"not_picked":["Brutality","Limit Break","Feed"],"picked":"Offering","floor":33},{"not_picked":["Wild Strike+1","True Grit+1","Entrench+1"],"picked":"Battle Trance+1","floor":35},{"not_picked":["Sever Soul","Uppercut","Heavy Blade+1"],"picked":"Seeing Red+1","floor":36},{"not_picked":["Second Wind","Feel No Pain","Feed","Rampage"],"picked":"SKIP","floor":38},{"not_picked":["Searing Blow","Thunderclap+1","Clothesline+1","Power Through+1"],"picked":"SKIP","floor":39},{"not_picked":["Cleave+1","Intimidate+1","Seeing Red+1"],"picked":"Perfected Strike+1","floor":40},{"not_picked":["Feel No Pain","Sentinel+1","Second Wind"],"picked":"Flex+1","floor":44},{"not_picked":["Shockwave+1","Thunderclap+1","Fiend Fire","Sword Boomerang"],"picked":"SKIP","floor":46},{"not_picked":["Iron Wave+1","Shrug It Off+1","Wild Strike"],"picked":"Clash+1","floor":47},{"not_picked":["Wild Strike","Anger","True Grit","Dark Embrace"],"picked":"SKIP","floor":48}],"player_experience":208632,"relics_obtained":[{"floor":2,"key":"Akabeko"},{"floor":6,"key":"StrikeDummy"},{"floor":8,"key":"Bottled Lightning"},{"floor":13,"key":"Whetstone"},{"floor":24,"key":"Question Card"},{"floor":26,"key":"Pen Nib"},{"floor":29,"key":"Blood Vial"},{"floor":40,"key":"Bag of Preparation"},{"floor":41,"key":"MealTicket"},{"floor":43,"key":"Eternal Feather"}],"event_choices":[{"damage_healed":0,"gold_gain":0,"player_choice":"Obtained Relic","damage_taken":0,"relics_obtained":["Kunai"],"max_hp_gain":0,"max_hp_loss":0,"event_name":"Addict","floor":27,"gold_loss":85},{"damage_healed":0,"gold_gain":0,"player_choice":"Forge","damage_taken":0,"max_hp_gain":0,"max_hp_loss":0,"event_name":"Accursed Blacksmith","floor":31,"gold_loss":0,"cards_upgraded":["Uppercut"]},{"damage_healed":0,"gold_gain":0,"player_choice":"Bought 1 Potion","damage_taken":0,"max_hp_gain":0,"max_hp_loss":0,"event_name":"The Woman in Blue","floor":37,"gold_loss":0}],"is_beta":false,"boss_relics":[{"not_picked":["Empty Cage","SlaversCollar"],"picked":"Philosopher\u0027s Stone"},{"not_picked":["Runic Dome","Pandora\u0027s Box"],"picked":"SacredBark"}],"items_purged_floors":[3,12],"is_endless":false,"potions_floor_spawned":[4,5,8,13,14,19,21,28,29,35,39,44],"ascension_level":2}}