{"host":"g2yp6paluzgljz05","time":1613643049,"event":{"mods":["BaseMod","Bestiary","Colored Powertips","DeckTracker","Highlight Path","Minty Spire (QoL Compilation)","Quick Restart"],"gold_per_floor":[14,14,89,89,104,104,29,129,129,144,144,155,105,124,124,124,124],"floor_reached":16,"language":"ENG","playtime":484,"items_purged":["Strike_R"],"score":144,"play_id":"8392fd08-e191-48d9-93fc-de643ac91fa4","local_time":"20210218211049","is_ascension_mode":true,"campfire_choices":[{"data":"Shockwave","floor":6,"key":"SMITH"},{"floor":15,"key":"REST"}],"circlet_count":0,"master_deck":["AscendersBane","Strike_R","Defend_R","Defend_R","Defend_R","Defend_R","Bash","Sadistic Nature","Shrug It Off","Havoc","Shockwave+1","Rage"],"relics":["Burning Blood","Dream Catcher","Anchor"],"acts_visited":["Exordium"],"potions_floor_usage":[],"damage_taken":[{"damage":4,"enemies":"Small Slimes","floor":1,"turns":3},{"damage":4,"enemies":"Jaw Worm","floor":5,"turns":3},{"damage":0,"enemies":"2 Louse","floor":10,"turns":2},{"damage":31,"enemies":"Exordium Thugs","floor":12,"turns":6},{"damage":6,"enemies":"2 Fungi Beasts","floor":14,"turns":4},{"damage":30,"enemies":"Slime Boss","floor":16,"turns":4}],"seed_played":"2223133558300480646","potions_obtained":[{"floor":1,"key":"Ancient Potion"},{"floor":10,"key":"BlessingOfTheForge"}],"is_trial":false,"path_per_floor":["M","?","?","?","M","R","$","?","T","M","?","M","?","M","R","B"],"character_chosen":"IRONCLAD","items_purchased":[],"campfire_rested":1,"item_purchase_floors":[],"current_hp_per_floor":[74,74,63,56,58,58,58,58,58,64,46,21,21,21,45,15,15],"gold":124,"neow_bonus":"RANDOM_COLORLESS_2","is_daily":false,"chose_seed":false,"campfire_upgraded":1,"win_rate":0.0,"timestamp":1613643049,"path_taken":["M","?","?","?","M","R","$","?","T","?","?","M","?","M","R","BOSS"],"items_purchased_type":[],"build_version":"2020-12-22","purchased_purges":1,"victory":false,"max_hp_per_floor":[80,80,80,80,80,80,80,80,80,80,80,80,80,80,80,80,80],"card_choices":[{"not_picked":["Secret Weapon","Thinking Ahead"],"picked":"Sadistic Nature","floor":0},{"not_picked":["Anger","Armaments"],"picked":"Shrug It Off","floor":1},{"not_picked":["Headbutt","Havoc"],"picked":"Shockwave","floor":5},{"not_picked":["Sword Boomerang","Twin Strike","Ghostly Armor"],"picked":"SKIP","floor":10},{"not_picked":["Warcry","Reckless Charge","Havoc"],"picked":"SKIP","floor":12},{"not_picked":["Sentinel","Heavy Blade","Dropkick"],"picked":"SKIP","floor":14},{"not_picked":["Fire Breathing","Sever Soul"],"picked":"Rage","floor":15}],"player_experience":388318,"relics_obtained":[{"floor":9,"key":"Dream Catcher"}],"event_choices":[{"damage_healed":0,"gold_gain":0,"cards_transformed":["Strike_R"],"player_choice":"Change","damage_taken":0,"max_hp_gain":0,"max_hp_loss":0,"event_name":"Living Wall","floor":2,"gold_loss":0,"cards_obtained":["Havoc"]},{"damage_healed":0,"gold_gain":75,"player_choice":"Gather Gold","damage_taken":11,"max_hp_gain":0,"max_hp_loss":0,"event_name":"World of Goop","floor":3,"gold_loss":0},{"cards_removed":["Strike_R"],"damage_healed":0,"gold_gain":0,"player_choice":"Card Removal","damage_taken":7,"max_hp_gain":0,"max_hp_loss":0,"event_name":"Golden Wing","floor":4,"gold_loss":0},{"damage_healed":0,"gold_gain":100,"player_choice":"Pray","damage_taken":0,"max_hp_gain":0,"max_hp_loss":0,"event_name":"Golden Shrine","floor":8,"gold_loss":0},{"damage_healed":0,"gold_gain":0,"player_choice":"Success","damage_taken":18,"relics_obtained":["Anchor"],"max_hp_gain":0,"max_hp_loss":0,"event_name":"Scrap Ooze","floor":11,"gold_loss":0},{"cards_removed":["Strike_R"],"damage_healed":0,"gold_gain":0,"player_choice":"Card Removal","damage_taken":0,"max_hp_gain":0,"max_hp_loss":0,"event_name":"The Cleric","floor":13,"gold_loss":50}],"is_beta":false,"boss_relics":[],"items_purged_floors":[7],"is_endless":false,"potions_floor_spawned":[1,10],"killed_by":"Slime Boss","ascension_level":12}}