{"host":"ju66gn9zov5ov15o","time":1613607874,"event":{"mods":["100% Spire Juice","2.2 Compatiblity","Act Like it!","Arknights","Aspiration","BaseMod","Conspire","Downfall","GifTheSpireLib","Hubris","Lobotomy","LobotomyExtend","Marisa????????","Minty Spire (QoL Compilation)","Pale of the Ancients","Rare Cards Sparkle","Relic Stats","Ruina","Shapeshifter Mod","StSLib","The Alterego","The Animator","The Marked"],"gold_per_floor":[118,66,84,100,0,72,72,72,72,72,72,116,131,152,152],"floor_reached":14,"language":"ENG","playtime":19106,"items_purged":[],"score":98,"play_id":"5c3d9479-de6b-4938-be24-46e65d3161f3","local_time":"20210218012434","is_ascension_mode":false,"campfire_choices":[{"floor":10,"key":"REST"}],"circlet_count":0,"master_deck":["alterego_mod:Strike","alterego_mod:Strike","alterego_mod:Strike","alterego_mod:Defend","alterego_mod:Defend","alterego_mod:Defend","alterego_mod:Defend","alterego_mod:Impale","alterego_mod:BigMeatyClaws","alterego_mod:BrynhildrsRune","alterego_mod:ClassAdvantage","alterego_mod:Bounce","alterego_mod:Bounce","conspire:SpireCoStock","conspire:SpireCoStock","Regret","alterego_mod:Lift","alterego_mod:Table+1"],"relics":["alterego_mod:MasochisticConstitution","LetterFromLob","Toxic Egg 2","hubris:BottledRain","aspiration:HiddenCompartment"],"acts_visited":["Exordium"],"potions_floor_usage":[14],"damage_taken":[{"damage":12,"enemies":"2 Louse","floor":1,"turns":3},{"damage":5,"enemies":"Small Slimes","floor":3,"turns":5},{"damage":16,"enemies":"Jaw Worm","floor":4,"turns":6},{"damage":39,"enemies":"Lagavulin","floor":6,"turns":11},{"damage":27,"enemies":"Gremlin Nob","floor":12,"turns":4},{"damage":0,"enemies":"Exordium Wildlife","floor":13,"turns":3},{"damage":2,"enemies":"Lagavulin","floor":14,"turns":4}],"seed_played":"-5710906030690095811","potions_obtained":[{"floor":1,"key":"SteroidPotion"},{"floor":4,"key":"Dexterity Potion"}],"is_trial":false,"path_per_floor":["M","$","M","M","?","E","$","?","T","R","?","E","M","E"],"character_chosen":"The_Alterego","items_purchased":["alterego_mod:Bounce"],"campfire_rested":1,"item_purchase_floors":[2],"current_hp_per_floor":[64,64,65,57,57,19,19,12,12,32,37,11,18,16,16],"gold":152,"neow_bonus":"THREE_RARE_CARDS","is_daily":false,"chose_seed":false,"campfire_upgraded":0,"win_rate":0.0,"timestamp":1613607874,"path_taken":["M","$","M","M","?","E","$","?","T","R","?","E","M","E"],"items_purchased_type":["Card"],"build_version":"2020-12-22","purchased_purges":0,"victory":false,"max_hp_per_floor":[64,64,65,66,66,67,67,67,67,67,72,73,73,73,73],"relic_stats":{"counters":[7,36],"obtain_stats":[{"alterego_mod:MasochisticConstitution":0,"LetterFromLob":3,"Toxic Egg 2":6,"aspiration:HiddenCompartment":12,"hubris:BottledRain":9},{"alterego_mod:MasochisticConstitution":0,"LetterFromLob":2,"Toxic Egg 2":4,"aspiration:HiddenCompartment":5,"hubris:BottledRain":4},{"alterego_mod:MasochisticConstitution":0,"LetterFromLob":8,"Toxic Egg 2":25,"aspiration:HiddenCompartment":29,"hubris:BottledRain":25}]},"card_choices":[{"not_picked":["alterego_mod:Alter","alterego_mod:Vow"],"picked":"alterego_mod:ClassAdvantage","floor":0},{"not_picked":["alterego_mod:SakuraLabyrinth","alterego_mod:TrashNCrash"],"picked":"alterego_mod:DustData","floor":1},{"not_picked":["alterego_mod:Complex","alterego_mod:Cooking","alterego_mod:Cycle"],"picked":"SKIP","floor":3},{"not_picked":["alterego_mod:TrashNCrash","alterego_mod:Exercise"],"picked":"alterego_mod:Bounce","floor":4},{"not_picked":["alterego_mod:1TonWallop","alterego_mod:DiscoLights","alterego_mod:Santa+1"],"picked":"SKIP","floor":6},{"not_picked":["alterego_mod:SuperDuperMasochism+1","alterego_mod:Table+1"],"picked":"alterego_mod:Lift","floor":12},{"not_picked":["alterego_mod:TrashNCrash+1","alterego_mod:Belts"],"picked":"alterego_mod:Table+1","floor":13}],"player_experience":472363,"relics_obtained":[{"floor":3,"key":"LetterFromLob"},{"floor":6,"key":"Toxic Egg 2"},{"floor":9,"key":"hubris:BottledRain"},{"floor":12,"key":"aspiration:HiddenCompartment"}],"event_choices":[{"damage_healed":0,"gold_gain":0,"player_choice":"Invest 2","damage_taken":0,"max_hp_gain":0,"max_hp_loss":0,"event_name":"conspire:Investor","floor":5,"gold_loss":0},{"cards_removed":["alterego_mod:Strike"],"damage_healed":0,"gold_gain":0,"player_choice":"Card Removal","damage_taken":7,"max_hp_gain":0,"max_hp_loss":0,"event_name":"Golden Wing","floor":8,"gold_loss":0},{"damage_healed":0,"gold_gain":0,"player_choice":"Donut","damage_taken":0,"max_hp_gain":5,"max_hp_loss":0,"event_name":"Big Fish","floor":11,"gold_loss":0}],"is_beta":false,"boss_relics":[],"items_purged_floors":[],"is_endless":false,"potions_floor_spawned":[1,4],"killed_by":"Lagavulin","ascension_level":0}}