{"host":"3uci9gpt6cwo3y1o","time":1613627905,"event":{"mods":["Aspiration","BaseMod","Bossed Relics","Energized Spire","Minty Spire (QoL Compilation)","MostiFishMod","Reliquary","StSLib","TestMod"],"gold_per_floor":[119,419,429,364,344,344,355,373,373,404,416,449,466,466,466,588,588,629,629,629,648,558,616,629,683,709,753,797,853,853,587,587,740,740,786,864,864,939,1938,2033,994,1084,1110,1110,1110,1165,1237,1298,1298,1328,1328,1328,21,50,50],"floor_reached":56,"language":"ZHS","playtime":2345,"items_purged":["Defend_P","Defend_P","Defend_P","Strike_P","Strike_P"],"score":2814,"play_id":"0548cd5b-679f-429e-8cd1-b77e84503aea","local_time":"20210218135825","is_ascension_mode":true,"campfire_choices":[{"floor":6.0,"key":"RECALL"},{"data":"InnerPeace","floor":15.0,"key":"SMITH"},{"data":"Vault","floor":30.0,"key":"SMITH"},{"data":"Wish","floor":32.0,"key":"SMITH"},{"data":"TalkToTheHand","floor":45.0,"key":"SMITH"},{"data":"MostiFishMod:Disappear","floor":49.0,"key":"SMITH"},{"data":"Indignation","floor":52,"key":"SMITH"}],"circlet_count":0,"master_deck":["AscendersBane","Strike_P+1","Defend_P","Eruption+1","Vigilance+1","ClearTheMind+1","Scrawl+1","Brilliance+1","InnerPeace+1","Wish+1","CurseOfTheBell","Indignation+1","Shame","TalkToTheHand+1","Tantrum+1","Vault+1","Prostrate+1","DeusExMachina+1","Adaptation+1","MostiFishMod:KamiSmash+1","Omniscience+1","WheelKick+1","Fasting2+1","LessonLearned","Flash of Steel+1","testmod-ChaoticCore+1","MostiFishMod:Disappear+1","CutThroughFate","Alpha","FearNoEvil","DevaForm"],"relics":["PureWater","DaveBox","testmod-TestBox","EGODaCapo","testmod-AscensionHeart","SynthV:TestCard","Darkstone Periapt","reliquary:SilkGlove","reliquary:Vitrine","aspiration:Lifesprig","Shuriken","BionicSphere","testmod-ConstraintPeriapt","reliquary:Firecrackers","testmod-AssaultLearning","Lantern","testmod-Fanaticism","CloakClasp","aspiration:HiddenCompartment","Du-Vu Doll","reliquary:Buckler","TheAbacus","testmod-IndustrialRevolution","Bag of Marbles","The Courier","Smiling Mask","testmod-CrystalShield","ChiLing","Chi","Ling","testmod-Justice","ImprovedEquipment","Vajra","Oddly Smooth Stone","Anchor","Akabeko","reliquary:ExpiredCoupon"],"acts_visited":["Exordium","TheCity","TheBeyond","TheEnding"],"potions_floor_usage":[55],"damage_taken":[{"damage":0.0,"enemies":"2 Louse","floor":1.0,"turns":2.0},{"damage":0.0,"enemies":"Cultist","floor":3.0,"turns":2.0},{"damage":0.0,"enemies":"Small Slimes","floor":7.0,"turns":4.0},{"damage":5.0,"enemies":"2 Fungi Beasts","floor":8.0,"turns":3.0},{"damage":0.0,"enemies":"Gremlin Nob","floor":10.0,"turns":2.0},{"damage":0.0,"enemies":"Exordium Wildlife","floor":11.0,"turns":2.0},{"damage":5.0,"enemies":"Lagavulin","floor":12.0,"turns":6.0},{"damage":0.0,"enemies":"Exordium Thugs","floor":13.0,"turns":3.0},{"damage":4.0,"enemies":"The Guardian","floor":16.0,"turns":12.0},{"damage":0.0,"enemies":"Chosen","floor":18.0,"turns":3.0},{"damage":0.0,"enemies":"Spheric Guardian","floor":21.0,"turns":1.0},{"damage":7.0,"enemies":"Gremlin Leader","floor":23.0,"turns":4.0},{"damage":0.0,"enemies":"Shelled Parasite and Fungi","floor":24.0,"turns":3.0},{"damage":8.0,"enemies":"Book of Stabbing","floor":25.0,"turns":5.0},{"damage":2.0,"enemies":"Centurion and Healer","floor":27.0,"turns":4.0},{"damage":0.0,"enemies":"Cultist and Chosen","floor":28.0,"turns":4.0},{"damage":16.0,"enemies":"Slavers","floor":29.0,"turns":4.0},{"damage":0.0,"enemies":"Champ","floor":33.0,"turns":5.0},{"damage":8.0,"enemies":"3 Shapes","floor":35.0,"turns":1.0},{"damage":0.0,"enemies":"2 Orb Walkers","floor":36.0,"turns":1.0},{"damage":13.0,"enemies":"Orb Walker","floor":38.0,"turns":3.0},{"damage":0.0,"enemies":"Giant Head","floor":40.0,"turns":2.0},{"damage":0.0,"enemies":"Nemesis","floor":42.0,"turns":3.0},{"damage":0.0,"enemies":"Reptomancer","floor":46.0,"turns":3.0},{"damage":0.0,"enemies":"Sphere and 2 Shapes","floor":47.0,"turns":3.0},{"damage":27.0,"enemies":"Nemesis","floor":48.0,"turns":4.0},{"damage":41,"enemies":"Awakened One","floor":50,"turns":7},{"damage":1,"enemies":"Shield and Spear","floor":54,"turns":3},{"damage":1,"enemies":"The Heart","floor":55,"turns":5}],"seed_played":"-4251130312451965034","potions_obtained":[{"floor":3.0,"key":"StancePotion"},{"floor":5.0,"key":"Ambrosia"},{"floor":11.0,"key":"Weak Potion"},{"floor":12.0,"key":"Explosive Potion"},{"floor":23.0,"key":"AttackPotion"},{"floor":28.0,"key":"Swift Potion"},{"floor":42.0,"key":"LiquidMemories"},{"floor":44.0,"key":"FairyPotion"}],"is_trial":false,"path_per_floor":["M","?","M","$","?","R","M","M","T","E","M","E","M","?","R","B",null,"M","?","?","M","$","E","M","E","T","M","M","E","R","$","R","B",null,"M","?","T","M","?","E","$","E","T","?","R","E","M","E","R","B",null,"R","$","E","B",null],"character_chosen":"WATCHER","items_purchased":["Lantern","Du-Vu Doll","reliquary:Buckler","TheAbacus","Flash of Steel","testmod-ChaoticCore","testmod-CrystalShield","ChiLing","FearNoEvil","testmod-Justice","ImprovedEquipment","Vajra","Oddly Smooth Stone","Anchor","Akabeko"],"campfire_rested":0,"item_purchase_floors":[31,41,41,41,41,41,53,53,53,53,53,53,53,53,53],"current_hp_per_floor":[62,62,63,63,63,63,64,60,60,65,66,65,66,56,56,61,78,79,85,85,87,87,81,85,84,84,86,89,77,77,77,77,87,93,87,88,88,82,82,86,86,90,90,90,90,95,98,99,99,104,104,104,104,104,110],"gold":50,"neow_bonus":"UPGRADE_CARD","is_daily":false,"chose_seed":false,"campfire_upgraded":6,"win_rate":0.0,"timestamp":1613627905,"path_taken":["M","?","M","$","?","R","?","M","T","E","?","E","M","?","R","BOSS","M","?","?","M","?","E","M","E","T","M","M","E","R","$","R","BOSS","M","?","?","M","?","E","$","E","T","?","R","E","M","E","R","BOSS","R","$","E","BOSS"],"items_purchased_type":["Relic","Relic","Relic","Relic","Card","Card","Relic","Relic","Card","Relic","Relic","Relic","Relic","Relic","Relic"],"build_version":"2020-12-22","purchased_purges":5,"victory":true,"max_hp_per_floor":[68,68,68,68,68,68,68,68,68,69,69,70,70,70,70,75,81,81,87,87,87,87,88,88,89,89,89,89,90,90,90,90,95,95,95,95,95,95,95,96,96,97,97,97,97,98,98,99,99,104,104,104,104,105,110],"card_choices":[{"not_picked":["Halt","EmptyBody","Worship"],"picked":"SKIP","floor":1.0},{"not_picked":["EmptyBody","Vengeance","ThirdEye","FlurryOfBlows"],"picked":"ClearTheMind","floor":3.0},{"not_picked":["EmptyBody","FlyingSleeves","CrushJoints","BowlingBash","JustLucky"],"picked":"SKIP","floor":7.0},{"not_picked":["EmptyFist","FlyingSleeves","BowlingBash","Conclude"],"picked":"Scrawl","floor":8.0},{"not_picked":["Omniscience","ConjureBlade","MostiFishMod:Minus","MostiFishMod:StarLaLaLa","MostiFishMod:StarLaLaLa"],"picked":"SKIP","floor":10.0},{"not_picked":["Collect","ClearTheMind","JustLucky","DeceiveReality","ThirdEye"],"picked":"SKIP","floor":11.0},{"not_picked":["MostiFishMod:Minus","SpiritShield","MostiFishMod:KamiSmash","MostiFishMod:DisColor"],"picked":"Brilliance","floor":12.0},{"not_picked":["Prostrate","BowlingBash","MostiFishMod:Nomercy","MostiFishMod:PathToVictory"],"picked":"InnerPeace","floor":13.0},{"not_picked":["MostiFishMod:Pointsdynamics","MostiFishMod:DustFall","MostiFishMod:Moonprays","MostiFishMod:Adaptation"],"picked":"Wish","floor":16.0},{"not_picked":["ClearTheMind","EmptyFist+1","MostiFishMod:Nomercy","ThirdEye"],"picked":"Indignation","floor":18.0},{"not_picked":["Halt","Evaluate","MostiFishMod:LegendTransform","SashWhip"],"picked":"Tantrum","floor":21.0},{"not_picked":["MostiFishMod:Adaptation","MostiFishMod:StarHerder","MostiFishMod:Pointsdynamics","MostiFishMod:Dust"],"picked":"Vault","floor":23.0},{"not_picked":["SandsOfTime","Protect","MostiFishMod:OutWit","BowlingBash"],"picked":"Prostrate+1","floor":24.0},{"not_picked":["Alpha","Vault","MostiFishMod:Moonprays","MostiFishMod:Disappear"],"picked":"DeusExMachina","floor":25.0},{"not_picked":["MostiFishMod:LegendTransform","Prostrate","Halt","Conclude","Pray"],"picked":"SKIP","floor":27.0},{"not_picked":["Prostrate","MentalFortress","Indignation","Evaluate"],"picked":"Adaptation","floor":28.0},{"not_picked":["MostiFishMod:StarOceanP","MostiFishMod:Adaptation","Scrawl","MostiFishMod:OutWit"],"picked":"MostiFishMod:KamiSmash","floor":29.0},{"not_picked":["Ragnarok","MostiFishMod:StarWish","ConjureBlade","MostiFishMod:Pointsdynamics"],"picked":"Omniscience","floor":33.0},{"not_picked":["EmptyFist","CrushJoints","SignatureMove","JustLucky"],"picked":"WheelKick","floor":35.0},{"not_picked":["ThirdEye","Protect","WaveOfTheHand","Prostrate"],"picked":"Fasting2","floor":38.0},{"not_picked":["MostiFishMod:KamiSmash","MasterReality","MostiFishMod:StarHerder","Wish"],"picked":"LessonLearned","floor":40.0},{"not_picked":["Wish","MostiFishMod:KamiSmash","Brilliance","MostiFishMod:StarWish","MostiFishMod:Pointsdynamics"],"picked":"SKIP","floor":42.0},{"not_picked":["MostiFishMod:StarHerder","DeusExMachina","ConjureBlade","MostiFishMod:StarOceanP"],"picked":"MostiFishMod:Disappear","floor":46.0},{"not_picked":["Wireheading","SignatureMove","CrushJoints","FlyingSleeves"],"picked":"CutThroughFate","floor":47.0},{"not_picked":["MostiFishMod:StarHerder","MasterReality","MostiFishMod:KamiSmash","DeusExMachina"],"picked":"Alpha","floor":48.0},{"not_picked":["MostiFishMod:StarOceanP","MostiFishMod:DustFall","MostiFishMod:DustFall","MostiFishMod:StarHerder"],"picked":"DevaForm","floor":54}],"player_experience":918027,"relics_obtained":[{"floor":1.0,"key":"SynthV:TestCard"},{"floor":9.0,"key":"Darkstone Periapt"},{"floor":10.0,"key":"reliquary:SilkGlove"},{"floor":12.0,"key":"reliquary:Vitrine"},{"floor":17.0,"key":"aspiration:Lifesprig"},{"floor":17.0,"key":"Shuriken"},{"floor":17.0,"key":"BionicSphere"},{"floor":25.0,"key":"reliquary:Firecrackers"},{"floor":29.0,"key":"testmod-AssaultLearning"},{"floor":36.0,"key":"CloakClasp"},{"floor":40.0,"key":"aspiration:HiddenCompartment"},{"floor":42.0,"key":"testmod-IndustrialRevolution"},{"floor":43.0,"key":"Bag of Marbles"},{"floor":46.0,"key":"The Courier"},{"floor":48.0,"key":"Smiling Mask"},{"floor":54,"key":"reliquary:ExpiredCoupon"}],"event_choices":[{"damage_healed":0.0,"max_hp_gain":0.0,"max_hp_loss":0.0,"gold_gain":0.0,"event_name":"给自己的盒子","player_choice":"Swap Relic","floor":2.0,"relics_lost":["Old Coin"],"gold_loss":0.0,"damage_taken":0.0,"relics_obtained":["Old Coin"]},{"damage_healed":0.0,"max_hp_gain":0.0,"max_hp_loss":0.0,"gold_gain":0.0,"event_name":"The Woman in Blue","player_choice":"Bought 1 Potion","floor":5.0,"gold_loss":0.0,"damage_taken":0.0},{"damage_healed":0.0,"max_hp_gain":0.0,"max_hp_loss":0.0,"gold_gain":0.0,"event_name":"Shining Light","player_choice":"Entered Light","floor":14.0,"gold_loss":0.0,"damage_taken":21.0,"cards_upgraded":["Strike_P","Vigilance"]},{"damage_healed":0.0,"max_hp_gain":0.0,"max_hp_loss":0.0,"gold_gain":0.0,"event_name":"Addict","player_choice":"Stole Relic","floor":19.0,"gold_loss":0.0,"damage_taken":0.0,"relics_obtained":["testmod-ConstraintPeriapt"],"cards_obtained":["Shame"]},{"damage_healed":0.0,"max_hp_gain":0.0,"max_hp_loss":0.0,"gold_gain":0.0,"event_name":"The Library","player_choice":"Read","floor":20.0,"gold_loss":0.0,"damage_taken":0.0,"cards_obtained":["TalkToTheHand"]},{"damage_healed":0.0,"max_hp_gain":0.0,"max_hp_loss":0.0,"gold_gain":0.0,"event_name":"Mysterious Sphere","player_choice":"Fight","floor":36.0,"gold_loss":0.0,"damage_taken":0.0},{"damage_healed":0.0,"max_hp_gain":0.0,"max_hp_loss":0.0,"gold_gain":999.0,"event_name":"恩洛斯的盘子","player_choice":"Sell","floor":39.0,"relics_lost":["Calling Bell"],"gold_loss":0.0,"damage_taken":0.0},{"damage_healed":0.0,"max_hp_gain":0.0,"max_hp_loss":0.0,"gold_gain":0.0,"event_name":"Lab","player_choice":"Got Potions","floor":44.0,"gold_loss":0.0,"damage_taken":0.0}],"is_beta":false,"boss_relics":[{"not_picked":["reliquary:RustamsPendant","Jackal-EndForJourney"],"picked":"Calling Bell"},{"not_picked":["aspiration:SecretTechniqueScroll","aspiration:FutureDiary"],"picked":"testmod-Fanaticism"}],"items_purged_floors":[4,22,31,41,53],"is_endless":false,"potions_floor_spawned":[3,11,12,23,25,28,33,35,38,42],"ascension_level":16}}