{"host":"5xkp6lbjk85sl3i7","time":1613621351,"event":{"mods":["BaseMod","Better Match","Better Note","Colored Powertips","Downfall","Hermit","Highlight Path","Minty Spire (QoL Compilation)","Quick Restart","Replay The Spire","StSLib","The Disciple"],"gold_per_floor":[99,111,128,128,278,343,343,357,368,378,378,393,406,416,430,430,430,430],"floor_reached":16,"language":"ENG","playtime":2307,"items_purged":[],"score":98,"play_id":"23b657b0-271a-41d9-88cd-8c5be2493813","local_time":"20210217230911","is_ascension_mode":false,"campfire_choices":[{"floor":1,"key":"DIG"},{"data":"champ:StanceDance","floor":11,"key":"SMITH"}],"circlet_count":0,"master_deck":["champ:Strike","champ:Strike","champ:Strike+1","champ:Strike+1","champ:Defend","champ:Defend","champ:Defend","champ:Defend","champ:Execute","champ:Taunt","champ:Encircle+1","champ:StanceDance+1","downfall:Malfunctioning","downfall:Icky","champ:CalledShot","champ:PreciseThrust","champ:BladeFlurry","champ:IronFortress","champ:CalledShot","champ:BerserkersShout","champ:FlashCut","champ:RecklessLeap"],"relics":["champ:ChampionCrown","StrikeDummy","Smiling Mask","Eternal Feather"],"acts_visited":["Exordium"],"potions_floor_usage":[16,16,16],"damage_taken":[{"damage":11,"enemies":"Jaw Worm","floor":2,"turns":4},{"damage":12,"enemies":"2 Louse","floor":3,"turns":2},{"damage":68,"enemies":"Lagavulin Event","floor":6,"turns":6},{"damage":0,"enemies":"Small Slimes","floor":8,"turns":4},{"damage":10,"enemies":"Blue Slaver","floor":9,"turns":3},{"damage":18,"enemies":"Lots of Slimes","floor":10,"turns":3},{"damage":16,"enemies":"2 Fungi Beasts","floor":12,"turns":4},{"damage":27,"enemies":"Blue Slaver","floor":13,"turns":3},{"damage":26,"enemies":"Exordium Thugs","floor":14,"turns":4},{"damage":17,"enemies":"2 Fungi Beasts","floor":15,"turns":4},{"damage":44,"enemies":"DF_ARCHETYPE_STREAMLINE","floor":16,"turns":4}],"seed_played":"8829064083599255141","potions_obtained":[{"floor":3,"key":"PowerPotion"},{"floor":6,"key":"LifebloodPotion"},{"floor":12,"key":"FairyPotion"},{"floor":13,"key":"champ:UltimateStancePotion"},{"floor":15,"key":"AttackPotion"}],"is_trial":false,"path_per_floor":["R","M","M","?","?","?","T","M","M","M","R","M","M","M","M","B"],"character_chosen":"THE_CHAMP","items_purchased":[],"campfire_rested":0,"item_purchase_floors":[],"current_hp_per_floor":[99,93,91,91,91,53,53,53,53,45,54,38,26,5,33,0,0,0],"gold":430,"neow_bonus":"TEN_PERCENT_HP_BONUS","is_daily":false,"chose_seed":false,"campfire_upgraded":1,"win_rate":0.0,"timestamp":1613621351,"path_taken":["R","M","M","?","?","?","T","M","M","M","R","M","M","M","M","BOSS"],"items_purchased_type":[],"build_version":"2020-12-22","purchased_purges":0,"victory":false,"max_hp_per_floor":[99,99,99,99,99,99,99,99,99,99,99,99,99,99,99,99,99,99],"card_choices":[{"not_picked":["champ:Duel","champ:GladiatorStyle"],"picked":"champ:Encircle","floor":2},{"not_picked":["champ:CalledShot","champ:SkillfulDodge"],"picked":"champ:StanceDance","floor":3},{"not_picked":["champ:Encircle","champ:DefensiveShout"],"picked":"champ:CalledShot","floor":6},{"not_picked":["champ:CrookedStrike","champ:SkillfulDodge"],"picked":"champ:PreciseThrust","floor":8},{"not_picked":["champ:ShieldWall","champ:BringItOn"],"picked":"champ:BladeFlurry","floor":9},{"not_picked":["champ:BerserkersShout","champ:Duel"],"picked":"champ:IronFortress","floor":10},{"not_picked":["champ:PreciseThrust","champ:DefensiveShout"],"picked":"champ:CalledShot","floor":12},{"not_picked":["champ:TornadoPunch","champ:FocusedDefense"],"picked":"champ:BerserkersShout","floor":13},{"not_picked":["champ:Lariat","champ:GutPunch"],"picked":"champ:FlashCut","floor":14},{"not_picked":["champ:Endure","champ:Haymaker"],"picked":"champ:RecklessLeap","floor":15}],"player_experience":806227,"relics_obtained":[{"floor":1,"key":"StrikeDummy"},{"floor":7,"key":"Eternal Feather"}],"event_choices":[],"is_beta":false,"boss_relics":[],"items_purged_floors":[],"is_endless":false,"potions_floor_spawned":[3,6,12,13,15],"killed_by":"DF_ARCHETYPE_STREAMLINE","ascension_level":0}}