{"host":"sc0o2qwpf9j16a4i","time":1613660515,"event":{"mods":["AchievementEnabler","BaseMod","BetterRewards","Block Reminder","Colored Map","Colored Powertips","Custom Start","Highlight Path","Minty Spire (QoL Compilation)","Relic Stats"],"gold_per_floor":[112,112,126,139,158,188,233,233,233,251,319,319,334,361,361,361,361],"floor_reached":16,"language":"ENG","playtime":533,"items_purged":[],"score":224,"play_id":"6aba049f-c274-4076-91fa-090b0fe91664","local_time":"20210218170155","is_ascension_mode":true,"campfire_choices":[{"floor":8,"key":"REST"},{"floor":12,"key":"REST"},{"floor":15,"key":"REST"}],"circlet_count":0,"master_deck":["AscendersBane","Strike_G","Strike_G","Strike_G","Strike_G","Strike_G","Defend_G","Defend_G","Defend_G","Defend_G","Defend_G","Survivor","Neutralize","Flying Knee","Blade Dance","Dagger Throw","Sucker Punch","Dash","Adrenaline","Infinite Blades","Dash"],"relics":["Ring of the Snake","Sundial","Bronze Scales","HornCleat","Anchor"],"acts_visited":["Exordium"],"potions_floor_usage":[6,13,16],"damage_taken":[{"damage":4,"enemies":"Jaw Worm","floor":1,"turns":7},{"damage":6,"enemies":"Small Slimes","floor":3,"turns":4},{"damage":0,"enemies":"Cultist","floor":4,"turns":3},{"damage":7,"enemies":"Large Slime","floor":5,"turns":6},{"damage":47,"enemies":"3 Sentries","floor":6,"turns":8},{"damage":7,"enemies":"Gremlin Gang","floor":10,"turns":5},{"damage":6,"enemies":"Exordium Thugs","floor":13,"turns":5},{"damage":43,"enemies":"Gremlin Nob","floor":14,"turns":4},{"damage":26,"enemies":"The Guardian","floor":16,"turns":9}],"seed_played":"-8279615510991011201","potions_obtained":[{"floor":3,"key":"SteroidPotion"},{"floor":5,"key":"Strength Potion"},{"floor":10,"key":"Regen Potion"},{"floor":13,"key":"Fruit Juice"}],"is_trial":false,"path_per_floor":["M","?","M","M","M","E","T","R","T","M","?","R","M","E","R","B"],"character_chosen":"THE_SILENT","items_purchased":[],"campfire_rested":3,"item_purchase_floors":[],"current_hp_per_floor":[61,61,55,55,48,1,1,22,22,15,15,36,44,1,22,0,0],"gold":361,"neow_bonus":"TEN_PERCENT_HP_BONUS","is_daily":false,"chose_seed":false,"campfire_upgraded":0,"win_rate":0.0,"timestamp":1613660515,"path_taken":["M","?","M","M","M","E","?","R","T","M","?","R","?","E","R","BOSS"],"items_purchased_type":[],"build_version":"2020-12-22","purchased_purges":0,"victory":false,"max_hp_per_floor":[72,72,72,72,72,72,72,72,72,72,72,72,72,72,72,72,72],"relic_stats":{"counters":[9,51],"Sundial":[2],"Bronze Scales":[68],"obtain_stats":[{"Anchor":14,"HornCleat":9,"Sundial":6,"Bronze Scales":7,"Ring of the Snake":0},{"Anchor":8,"HornCleat":5,"Sundial":5,"Bronze Scales":5,"Ring of the Snake":0},{"Anchor":42,"HornCleat":28,"Sundial":28,"Bronze Scales":28,"Ring of the Snake":0}],"Ring of the Snake":[18]},"card_choices":[{"not_picked":["Reflex","Bane"],"picked":"Flying Knee","floor":1},{"not_picked":["Acrobatics","PiercingWail"],"picked":"Blade Dance","floor":3},{"not_picked":["Backflip","Bane"],"picked":"Dagger Throw","floor":4},{"not_picked":["Deadly Poison","Skewer"],"picked":"Sucker Punch","floor":5},{"not_picked":["Acrobatics","Prepared"],"picked":"Dash","floor":6},{"not_picked":["Poisoned Stab","Underhanded Strike"],"picked":"Adrenaline","floor":10},{"not_picked":["Quick Slash","Outmaneuver"],"picked":"Infinite Blades","floor":13},{"not_picked":["Blade Dance","Sucker Punch"],"picked":"Dash","floor":14}],"player_experience":1463474,"relics_obtained":[{"floor":6,"key":"Sundial"},{"floor":7,"key":"Bronze Scales"},{"floor":9,"key":"HornCleat"},{"floor":14,"key":"Anchor"}],"event_choices":[{"damage_healed":0,"gold_gain":0,"player_choice":"Ignored","damage_taken":0,"max_hp_gain":0,"max_hp_loss":0,"event_name":"Liars Game","floor":2,"gold_loss":0},{"damage_healed":0,"gold_gain":68,"player_choice":"Gained Gold","damage_taken":0,"max_hp_gain":0,"max_hp_loss":0,"event_name":"Golden Wing","floor":11,"gold_loss":0}],"is_beta":false,"boss_relics":[],"items_purged_floors":[],"is_endless":false,"potions_floor_spawned":[3,5,10,13],"killed_by":"The Guardian","ascension_level":20}}