{"host":"tzwikg9s6mkzv6w0","time":1613645443,"event":{"mods":["BaseMod","Good Game Mod","Minty Spire (QoL Compilation)","Spicy Shops","StSLib"],"gold_per_floor":[118,118,118,43,43,70,70,105,105,118,133,133,191,219,219,298,298,311,311,311,330,350,379,379,407,407,407,421,177,511,511,511,585,585,605,615,243,1242,1253,1253,1253,1279,1279,1299,1299,541,541,541,541,541,541,541,541,22,53,53],"floor_reached":57,"language":"ZHS","playtime":2289,"items_purged":["Strike_G","Predator","Flechettes+1","Finisher+1","Doppelganger"],"score":3179,"play_id":"4464cda0-3b7a-4824-b1b5-8e99e0d8b211","local_time":"20210218185043","is_ascension_mode":true,"campfire_choices":[{"data":"Terror","floor":7.0,"key":"SMITH"},{"data":"Blade Dance","floor":12.0,"key":"SMITH"},{"data":"Reflex","floor":15.0,"key":"SMITH"},{"data":"Tactician","floor":24.0,"key":"SMITH"},{"data":"Calculated Gamble","floor":27.0,"key":"SMITH"},{"data":"Accuracy","floor":32.0,"key":"SMITH"},{"data":"Prepared","floor":40.0,"key":"SMITH"},{"floor":45.0,"key":"RECALL"},{"data":"Wraith Form v2","floor":47.0,"key":"SMITH"},{"data":"Acrobatics","floor":49,"key":"SMITH"},{"data":"Envenom","floor":53,"key":"SMITH"}],"circlet_count":0,"master_deck":["AscendersBane","Survivor","Neutralize","Tools of the Trade","Terror+1","Reflex+1","Acrobatics+1","Blade Dance+1","Adrenaline","Envenom+1","Wraith Form v2+1","Backflip","Calculated Gamble","Calculated Gamble+1","Tactician+1","Adrenaline","Prepared+1","Accuracy+1","Adrenaline","Accuracy+1","Madness","Madness","Venomology+1","Escape Plan+1","Master of Strategy+1","Footwork"],"relics":["Ring of the Snake","REME:ComplimentaryCards","NeowsBlessing","The Courier","Torii","White Beast Statue","StrikeDummy","Juzu Bracelet","Pandora\u0027s Box","Lantern","Smiling Mask","Bag of Marbles","Omamori","Old Coin","Enchiridion","Astrolabe","Medical Kit","Nunchaku","Toxic Egg 2","Ginger","Orrery","Tingsha","Sundial","TheAbacus","Bronze Scales","OrangePellets","Bag of Preparation","Lizard Tail","Centennial Puzzle"],"acts_visited":["Exordium","TheCity","TheBeyond","TheEnding"],"potions_floor_usage":[50,51,55,56,56],"damage_taken":[{"damage":0.0,"enemies":"Jaw Worm","floor":1.0,"turns":1.0},{"damage":0.0,"enemies":"Gremlin Nob","floor":6.0,"turns":1.0},{"damage":0.0,"enemies":"Lagavulin","floor":8.0,"turns":2.0},{"damage":1.0,"enemies":"Small Slimes","floor":10.0,"turns":3.0},{"damage":1.0,"enemies":"Cultist","floor":11.0,"turns":3.0},{"damage":0.0,"enemies":"Lagavulin Event","floor":13.0,"turns":3.0},{"damage":9.0,"enemies":"Gremlin Nob","floor":14.0,"turns":3.0},{"damage":15.0,"enemies":"The Guardian","floor":16.0,"turns":9.0},{"damage":8.0,"enemies":"2 Thieves","floor":18.0,"turns":3.0},{"damage":0.0,"enemies":"Spheric Guardian","floor":21.0,"turns":3.0},{"damage":1.0,"enemies":"Chosen and Byrds","floor":22.0,"turns":4.0},{"damage":1.0,"enemies":"Gremlin Leader","floor":23.0,"turns":5.0},{"damage":3.0,"enemies":"Slavers","floor":25.0,"turns":4.0},{"damage":7.0,"enemies":"Shelled Parasite and Fungi","floor":28.0,"turns":3.0},{"damage":7.0,"enemies":"Gremlin Leader","floor":30.0,"turns":2.0},{"damage":0.0,"enemies":"Collector","floor":33.0,"turns":2.0},{"damage":0.0,"enemies":"Orb Walker","floor":35.0,"turns":1.0},{"damage":0.0,"enemies":"3 Darklings","floor":36.0,"turns":2.0},{"damage":0.0,"enemies":"Maw","floor":39.0,"turns":1.0},{"damage":0.0,"enemies":"Reptomancer","floor":42.0,"turns":1.0},{"damage":0.0,"enemies":"Sphere and 2 Shapes","floor":44.0,"turns":1.0},{"damage":3,"enemies":"Time Eater","floor":50,"turns":5},{"damage":0,"enemies":"Awakened One","floor":51,"turns":2},{"damage":0,"enemies":"Shield and Spear","floor":55,"turns":1},{"damage":11,"enemies":"The Heart","floor":56,"turns":5}],"seed_played":"-1451891001918868743","potions_obtained":[{"floor":8.0,"key":"BlessingOfTheForge"},{"floor":10.0,"key":"LiquidBronze"},{"floor":11.0,"key":"EssenceOfSteel"},{"floor":13.0,"key":"LiquidMemories"},{"floor":14.0,"key":"CunningPotion"},{"floor":16.0,"key":"Strength Potion"},{"floor":18.0,"key":"SteroidPotion"},{"floor":23.0,"key":"EntropicBrew"},{"floor":25.0,"key":"EssenceOfSteel"},{"floor":28.0,"key":"Swift Potion"}],"is_trial":false,"path_per_floor":["M","?","?","$","?","E","R","E","T","M","M","R","?","E","R","B",null,"M","?","?","M","M","E","R","E","T","R","M","$","E","?","R","B",null,"M","M","$","?","M","R","?","E","T","M","R","$","R","?","R","B","B",null,"R","$","E","B",null],"character_chosen":"THE_SILENT","items_purchased":["Omamori","Accuracy","Medical Kit","Nunchaku","Ginger","Orrery","Tingsha","Sundial","TheAbacus","Bronze Scales","OrangePellets","Bag of Preparation","Lizard Tail"],"campfire_rested":0,"item_purchase_floors":[29,29,37,37,46,46,46,46,54,54,54,54,54],"current_hp_per_floor":[59,64,64,64,57,57,57,57,57,56,55,55,55,46,46,31,61,53,53,53,53,52,51,51,48,48,48,41,41,34,13,13,13,57,57,57,57,57,57,57,44,44,44,44,44,44,44,44,44,41,41,64,64,64,64,53],"gold":53,"neow_bonus":"THREE_ENEMY_KILL","is_daily":false,"chose_seed":false,"campfire_upgraded":10,"win_rate":0.0,"timestamp":1613645443,"path_taken":["M","?","?","?","?","E","R","E","T","?","M","R","?","E","R","BOSS","M","?","?","M","M","E","R","E","T","R","M","$","E","?","R","BOSS","BOSS","M","M","$","?","M","R","?","E","T","M","R","$","R","?","R","BOSS","BOSS","R","$","E","BOSS"],"items_purchased_type":["Relic","Card","Relic","Relic","Relic","Relic","Relic","Relic","Relic","Relic","Relic","Relic","Relic"],"build_version":"2020-12-22","purchased_purges":5,"victory":true,"max_hp_per_floor":[66,71,71,71,71,71,71,71,71,71,71,71,71,71,71,71,71,71,71,71,71,71,71,71,71,71,71,71,71,71,71,71,71,71,71,71,71,71,71,71,71,71,71,71,71,71,71,71,71,71,71,71,71,71,71,71],"card_choices":[{"not_picked":["Sucker Punch","Bane"],"picked":"Underhanded Strike","floor":1.0},{"not_picked":["All Out Attack","Heel Hook"],"picked":"Terror","floor":6.0},{"not_picked":["Dodge and Roll","Dagger Spray"],"picked":"Reflex","floor":8.0},{"not_picked":["Poisoned Stab","Distraction"],"picked":"Acrobatics","floor":10.0},{"not_picked":["Riddle With Holes","Reflex"],"picked":"Blade Dance","floor":11.0},{"not_picked":["Predator","Skewer"],"picked":"Adrenaline","floor":13.0},{"not_picked":["Malaise","Poisoned Stab","Dash"],"picked":"SKIP","floor":14.0},{"not_picked":["Night Terror","Unload"],"picked":"Envenom","floor":16.0},{"not_picked":["Dagger Throw","All Out Attack"],"picked":"Tactician","floor":18.0},{"not_picked":["Quick Slash","Predator+1","Deadly Poison"],"picked":"SKIP","floor":21.0},{"not_picked":["Concentrate","Footwork","Dagger Spray+1"],"picked":"SKIP","floor":22.0},{"not_picked":["Cloak And Dagger","Predator","PiercingWail"],"picked":"SKIP","floor":23.0},{"not_picked":["Catalyst+1","Underhanded Strike","Finisher"],"picked":"SKIP","floor":25.0},{"not_picked":["Catalyst+1","Underhanded Strike","Finisher"],"picked":"SKIP","floor":25.0},{"not_picked":["Backstab","Dash"],"picked":"Prepared","floor":28.0},{"not_picked":["Expertise","Storm of Steel"],"picked":"Adrenaline","floor":30.0},{"not_picked":["Underhanded Strike","Cloak And Dagger","Reflex"],"picked":"SKIP","floor":35.0},{"not_picked":["Sucker Punch","Blade Dance","Poisoned Stab"],"picked":"SKIP","floor":36.0},{"not_picked":["Slice","Dagger Spray","Accuracy"],"picked":"SKIP","floor":39.0},{"not_picked":["Deflect+1","Reflex+1","Heel Hook+1"],"picked":"SKIP","floor":42.0},{"not_picked":["Concentrate+1","Deadly Poison+1","Backflip+1"],"picked":"SKIP","floor":44.0},{"not_picked":["Night Terror+1","Concentrate+1"],"picked":"Venomology+1","floor":46.0},{"not_picked":["Caltrops","Skewer"],"picked":"Escape Plan+1","floor":46.0},{"not_picked":["Magnetism","Secret Technique+1"],"picked":"Master of Strategy+1","floor":48},{"not_picked":["Noxious Fumes","Calculated Gamble+1"],"picked":"Footwork","floor":55}],"player_experience":142761,"relics_obtained":[{"floor":6.0,"key":"The Courier"},{"floor":8.0,"key":"Torii"},{"floor":9.0,"key":"White Beast Statue"},{"floor":14.0,"key":"Juzu Bracelet"},{"floor":23.0,"key":"Lantern"},{"floor":25.0,"key":"Smiling Mask"},{"floor":26.0,"key":"Bag of Marbles"},{"floor":30.0,"key":"Old Coin"},{"floor":31.0,"key":"Enchiridion"},{"floor":42.0,"key":"Toxic Egg 2"},{"floor":55,"key":"Centennial Puzzle"}],"event_choices":[{"damage_healed":0.0,"max_hp_gain":5.0,"max_hp_loss":0.0,"gold_gain":0.0,"event_name":"Big Fish","player_choice":"Donut","floor":2.0,"gold_loss":0.0,"damage_taken":0.0},{"damage_healed":0.0,"max_hp_gain":0.0,"max_hp_loss":0.0,"gold_gain":0.0,"event_name":"Liars Game","player_choice":"Ignored","floor":3.0,"gold_loss":0.0,"damage_taken":0.0},{"cards_removed":["Strike_G"],"damage_healed":0.0,"max_hp_gain":0.0,"max_hp_loss":0.0,"gold_gain":0.0,"event_name":"Golden Wing","player_choice":"Card Removal","floor":5.0,"gold_loss":0.0,"damage_taken":7.0},{"damage_healed":0.0,"max_hp_gain":0.0,"max_hp_loss":0.0,"gold_gain":0.0,"event_name":"Dead Adventurer","player_choice":"Searched \u00272\u0027 times","floor":13.0,"gold_loss":0.0,"damage_taken":0.0,"relics_obtained":["StrikeDummy"]},{"damage_healed":0.0,"max_hp_gain":0.0,"max_hp_loss":0.0,"gold_gain":0.0,"event_name":"Duplicator","player_choice":"Copied","floor":19.0,"gold_loss":0.0,"damage_taken":0.0,"cards_obtained":["Adrenaline"]},{"damage_healed":0.0,"max_hp_gain":0.0,"max_hp_loss":0.0,"gold_gain":0.0,"event_name":"The Mausoleum","player_choice":"Ignored","floor":20.0,"gold_loss":0.0,"damage_taken":0.0},{"damage_healed":0.0,"max_hp_gain":0.0,"max_hp_loss":0.0,"gold_gain":0.0,"event_name":"Cursed Tome","player_choice":"Obtained Book","floor":31.0,"gold_loss":0.0,"damage_taken":21.0},{"damage_healed":0.0,"max_hp_gain":0.0,"max_hp_loss":0.0,"gold_gain":999.0,"event_name":"MindBloom","player_choice":"Gold","floor":38.0,"gold_loss":0.0,"damage_taken":0.0,"cards_obtained":["Normality","Normality"]},{"damage_healed":0.0,"max_hp_gain":0.0,"max_hp_loss":0.0,"gold_gain":0.0,"event_name":"Winding Halls","player_choice":"Embrace Madness","floor":41.0,"gold_loss":0.0,"damage_taken":13.0,"cards_obtained":["Madness","Madness"]},{"damage_healed":0,"gold_gain":0,"player_choice":"Memory 1","damage_taken":0,"max_hp_gain":0,"max_hp_loss":0,"event_name":"SensoryStone","floor":48,"gold_loss":0}],"is_beta":false,"boss_relics":[{"not_picked":["Fusion Hammer","Calling Bell"],"picked":"Pandora\u0027s Box"},{"not_picked":["Philosopher\u0027s Stone","Velvet Choker"],"picked":"Astrolabe"}],"items_purged_floors":[4,29,37,37,46],"is_endless":false,"potions_floor_spawned":[8,10,11,13,14,16,18,21,22,23,25,28,30,33,35,36,39,42,44,55],"ascension_level":20}}