{"host":"fv2k0lzl4ivow5fw","time":1613673146,"event":{"mods":["Aspiration","BaseMod","Downfall","Infinite Spire","Marisa????????","Minty Spire (QoL Compilation)","Reliquary","Replay The Spire","StSLib","The Animator","The Servant 0.9.4"],"gold_per_floor":[114,142,92,122,144,194,194,194,266,308,359,382,398,398],"floor_reached":13,"language":"ENG","playtime":2257,"items_purged":[],"score":122,"play_id":"135daeee-fa54-479c-9c6b-c30e905737bd","local_time":"20210218103226","is_ascension_mode":false,"campfire_choices":[{"data":"animator:GazelDwargon","floor":7.0,"key":"SMITH"}],"circlet_count":0,"master_deck":["animator:Strike_Konosuba","animator:Defend_Konosuba+1","animator:Strike","animator:Strike","animator:Defend","animator:Defend","animator:Defend","animator:Kazuma","animator:Aqua","animator:GazelDwargon+1","animator:Guy","animator:Chris","animator:Chris","animator:Kaijin","Delirium","animator:Cirno","Prepared","animator:Hans"],"relics":["animator:LivingPicture","animator:TheMissingPiece","NeowsBlessing","Boot","PrismaticShard","Ornamental Fan","Oddly Smooth Stone"],"acts_visited":["Exordium"],"potions_floor_usage":[13,13,13],"damage_taken":[{"damage":0.0,"enemies":"2 Louse","floor":1.0,"turns":1.0},{"damage":0.0,"enemies":"Jaw Worm","floor":2.0,"turns":1.0},{"damage":0.0,"enemies":"Cultist","floor":4.0,"turns":1.0},{"damage":0.0,"enemies":"Exordium Wildlife","floor":5.0,"turns":6.0},{"damage":55.0,"enemies":"Gremlin Nob","floor":6.0,"turns":6.0},{"damage":0,"enemies":"Large Slime","floor":10,"turns":9},{"damage":0,"enemies":"Lagavulin","floor":11,"turns":33},{"damage":1,"enemies":"Blue Slaver","floor":12,"turns":5},{"damage":19,"enemies":"Gremlin Nob","floor":13,"turns":5}],"seed_played":"-6483147478774387956","potions_obtained":[{"floor":6.0,"key":"Flashbang"},{"floor":10,"key":"ColorlessPotion"},{"floor":11,"key":"DuplicationPotion"},{"floor":12,"key":"Guardian:BlockOnCardUsePotion"}],"is_trial":false,"path_per_floor":["M","M","?","M","M","E","R","?","T","M","E","M","E"],"character_chosen":"THE_ANIMATOR","items_purchased":[],"campfire_rested":0,"item_purchase_floors":[],"current_hp_per_floor":[66,66,66,66,66,11,11,11,11,13,15,17,0,0],"gold":398,"neow_bonus":"THREE_ENEMY_KILL","is_daily":false,"chose_seed":false,"campfire_upgraded":1,"win_rate":0.0,"timestamp":1613673146,"path_taken":["M","M","?","M","M","E","R","?","T","M","E","M","E"],"items_purchased_type":[],"build_version":"2020-12-22","purchased_purges":0,"victory":false,"max_hp_per_floor":[66,66,66,66,66,66,66,66,66,66,66,67,67,67],"card_choices":[{"not_picked":["animator:Arpeggio","animator:ElricAlphonse"],"picked":"animator:GazelDwargon","floor":1.0},{"not_picked":["animator:ChaikaBohdan","animator:Sloth"],"picked":"animator:Guy","floor":2.0},{"not_picked":["animator:Bozes","animator:Kazuma"],"picked":"animator:Chris","floor":4.0},{"not_picked":["animator:Mitsurugi","animator:Aqua"],"picked":"animator:Chris","floor":5.0},{"not_picked":["animator:Hakurou","animator:Viivi"],"picked":"animator:Kaijin","floor":6.0},{"not_picked":["Malaise","bronze:Invalidate"],"picked":"animator:Cirno","floor":10},{"not_picked":["Life Link","bronze:FollowUp"],"picked":"Prepared","floor":11},{"not_picked":["animator:Megumin","animator:Mitsurugi"],"picked":"animator:Hans","floor":12}],"player_experience":111312,"relics_obtained":[{"floor":6.0,"key":"Boot"},{"floor":9,"key":"Ornamental Fan"},{"floor":11,"key":"Oddly Smooth Stone"}],"event_choices":[{"cards_removed":["animator:Strike"],"damage_healed":0.0,"max_hp_gain":0.0,"max_hp_loss":0.0,"gold_gain":0.0,"event_name":"The Cleric","player_choice":"Card Removal","floor":3.0,"gold_loss":50.0,"damage_taken":0.0}],"is_beta":false,"boss_relics":[],"items_purged_floors":[],"is_endless":false,"potions_floor_spawned":[6,10,11,12],"killed_by":"Gremlin Nob","ascension_level":0}}