{"host":"k18hfimadcku5042","time":1613619672,"event":{"mods":["Act Like it!","Aspiration","BaseMod","Minty Spire (QoL Compilation)","Pale of the Ancients","Replay The Spire","Spicy Shops","StSLib","The Runesmith","¡¾ÒÅÎï¿¨ÅÆ¡¿REMEMod"],"gold_per_floor":[113,125,136,153,153,186,204,239,262,262,277,307,327,340,340,441,441,456,456,476,490,505,505,505],"floor_reached":23,"language":"ZHS","playtime":2049,"items_purged":[],"score":344,"play_id":"aac48a9c-db8e-459e-bc15-217e56579916","local_time":"20210218114112","is_ascension_mode":false,"campfire_choices":[{"data":"Eruption","floor":10.0,"key":"SMITH"},{"data":"Strike_P","floor":15.0,"key":"PURGE"}],"circlet_count":0,"master_deck":["Strike_P","Defend_P","Defend_P","Defend_P","Eruption+1","Vigilance","All Out Attack","FollowUp","Replay:ManipulateFuture","CutThroughFate","DeusExMachina","Tantrum","EmptyBody","FlurryOfBlows","FearNoEvil","Halt","Alpha","FlyingSleeves+1","FlurryOfBlows+1","TalkToTheHand","Protect"],"relics":["PureWater","REME_ComplimentaryCards","Pen Nib","Juzu Bracelet","MealTicket","The Courier","Painkiller Herb"],"acts_visited":["Exordium","TheCity"],"potions_floor_usage":[],"damage_taken":[{"damage":0.0,"enemies":"Small Slimes","floor":1.0,"turns":2.0},{"damage":3.0,"enemies":"Jaw Worm","floor":2.0,"turns":3.0},{"damage":0.0,"enemies":"Cultist","floor":3.0,"turns":2.0},{"damage":6.0,"enemies":"Exordium Wildlife","floor":4.0,"turns":2.0},{"damage":0.0,"enemies":"Replay:BlueRogue","floor":6.0,"turns":1.0},{"damage":3.0,"enemies":"Red Slaver","floor":7.0,"turns":2.0},{"damage":0.0,"enemies":"Lagavulin","floor":8.0,"turns":2.0},{"damage":0.0,"enemies":"2 Fungi Beasts","floor":11.0,"turns":1.0},{"damage":0.0,"enemies":"Gremlin Nob","floor":12.0,"turns":2.0},{"damage":11.0,"enemies":"Lots of Slimes","floor":13.0,"turns":2.0},{"damage":8.0,"enemies":"Exordium Wildlife","floor":14.0,"turns":2.0},{"damage":0.0,"enemies":"Fading Forest","floor":16.0,"turns":11.0},{"damage":2.0,"enemies":"2 Thieves","floor":18.0,"turns":3.0},{"damage":10.0,"enemies":"Shell Parasite","floor":20.0,"turns":3.0},{"damage":36.0,"enemies":"Centurion and Healer","floor":21.0,"turns":3.0},{"damage":5.0,"enemies":"Cultist and Chosen","floor":22.0,"turns":3.0},{"damage":44,"enemies":"REME_1_Revenger","floor":23,"turns":3}],"seed_played":"7958064821647980604","potions_obtained":[{"floor":2.0,"key":"SpeedPotion"},{"floor":3.0,"key":"FearPotion"},{"floor":4.0,"key":"PowerPotion"},{"floor":11.0,"key":"Reflective Coating"},{"floor":14.0,"key":"Regen Potion"},{"floor":16.0,"key":"SkillPotion"},{"floor":20.0,"key":"SpeedPotion"}],"is_trial":false,"path_per_floor":["M","M","M","M","?","E","M","E","T","R","M","E","M","M","R","B",null,"?","?","?","?","?","E"],"character_chosen":"WATCHER","items_purchased":[],"campfire_rested":0,"item_purchase_floors":[],"current_hp_per_floor":[51,48,48,42,42,42,39,39,39,39,39,39,28,20,20,45,72,70,70,60,24,19,0,0],"gold":505,"neow_bonus":"REMOVE_TWO","is_daily":false,"chose_seed":false,"campfire_upgraded":1,"win_rate":0.0,"timestamp":1613619672,"path_taken":["M","M","M","M","?","E","M","E","T","R","M","E","M","M","R","BOSS","?","?","?","?","?","E"],"items_purchased_type":[],"build_version":"2020-12-22","purchased_purges":0,"victory":false,"max_hp_per_floor":[72,72,72,72,72,72,72,72,72,72,72,72,72,72,72,72,72,72,72,72,72,72,72,72],"card_choices":[{"not_picked":["Crescendo","WreathOfFlame"],"picked":"FollowUp","floor":1.0},{"not_picked":["REME_Repentance","REME_EmptyShield"],"picked":"Replay:ManipulateFuture","floor":2.0},{"not_picked":["FollowUp","Evaluate"],"picked":"CutThroughFate","floor":3.0},{"not_picked":["Wallop","Replay:BluntJabs"],"picked":"DeusExMachina","floor":4.0},{"not_picked":["Indignation","WreathOfFlame"],"picked":"Tantrum","floor":6.0},{"not_picked":["JustLucky","WreathOfFlame","Collect"],"picked":"SKIP","floor":7.0},{"not_picked":["ClearTheMind","Replay:Anticipation"],"picked":"EmptyBody","floor":8.0},{"not_picked":["WindmillStrike","Replay:BluntJabs","BowlingBash"],"picked":"SKIP","floor":11.0},{"not_picked":["Evaluate","BowlingBash"],"picked":"FlurryOfBlows","floor":12.0},{"not_picked":["Prostrate","WreathOfFlame"],"picked":"FearNoEvil","floor":13.0},{"not_picked":["EmptyBody","Conclude"],"picked":"Halt","floor":14.0},{"not_picked":["Brilliance","SpiritShield"],"picked":"Alpha","floor":16.0},{"not_picked":["Replay:AtTheReady","Worship"],"picked":"FlyingSleeves+1","floor":18.0},{"not_picked":["Protect+1","SashWhip"],"picked":"FlurryOfBlows+1","floor":20.0},{"not_picked":["SignatureMove","Meditate"],"picked":"TalkToTheHand","floor":21.0},{"not_picked":["Replay:Vibes","Wireheading"],"picked":"Protect","floor":22.0}],"player_experience":212457,"relics_obtained":[{"floor":6.0,"key":"Pen Nib"},{"floor":8.0,"key":"Juzu Bracelet"},{"floor":9.0,"key":"MealTicket"},{"floor":12.0,"key":"The Courier"}],"event_choices":[{"damage_healed":0.0,"max_hp_gain":0.0,"max_hp_loss":0.0,"gold_gain":0.0,"event_name":"Liars Game","player_choice":"Ignored","floor":5.0,"gold_loss":0.0,"damage_taken":0.0},{"cards_removed":["Strike_P"],"damage_healed":0.0,"max_hp_gain":0.0,"max_hp_loss":0.0,"gold_gain":0.0,"event_name":"Back to Basics","player_choice":"Elegance","floor":19.0,"gold_loss":0.0,"damage_taken":0.0}],"is_beta":false,"boss_relics":[{"not_picked":["Replay:Drink Me","Fusion Hammer"],"picked":"Painkiller Herb"}],"items_purged_floors":[],"is_endless":false,"potions_floor_spawned":[2,3,4,11,14,16,20],"killed_by":"REME_1_Revenger","ascension_level":0}}