{"host":"4xlu242lhh766u2u","time":1613615775,"event":{"mods":["AchievementEnabler","BaseMod","BetterRewards","Colored Map","Colored Powertips","Downfall","Minty Spire (QoL Compilation)","Replay The Spire","Shop Mod","StSLib","everything is the same but u backflip on backflip"],"gold_per_floor":[117,192,204,204,204,204,216,248,248,281,281,281,281,296,310,343,343,445,445,461,559,559,559,559,584,584,618,641,641,672,405,434,634,634,739,739,752,382,382,401,413,413,447,461,461,512,530,530,530,556,556,556],"floor_reached":53,"language":"ENG","playtime":3961,"items_purged":[],"score":1527,"play_id":"67f22ca3-d6f5-440b-ac28-1f60bb5489c1","local_time":"20210218033615","is_ascension_mode":true,"campfire_choices":[{"floor":9,"key":"REST"},{"data":"Draining Mist","floor":13,"key":"SMITH"},{"data":"Atom Bomb","floor":26,"key":"SMITH"},{"floor":29,"key":"REST"},{"floor":42,"key":"REST"},{"floor":49,"key":"REST"},{"data":"Poison Darts","floor":51,"key":"SMITH"}],"circlet_count":0,"master_deck":["Strike_G+1","Strike_G+1","Strike_G","Strike_G","Strike_G","Defend_G+1","Defend_G","Defend_G","Defend_G+1","Defend_G","Survivor","Neutralize","Deadly Poison+1","Infinite Blades","Backstab","Atom Bomb+1","Draining Mist+1","Bane","Fluid Movement+1","Backstab","Replay:Poison Smokescreen","Blade Dance","Deflect","Corpse Explosion","Blur+1","Poisoned Stab","Hidden Blade","Catalyst","Necronomicurse","ReplayTheSpireMod:The Works","Slice","Prepared+1","Atom Bomb+1","Flash of Steel","Slice","Outmaneuver","Replay:Bag of Tricks","Riddle With Holes+1","Dark Shackles+1","Dagger Spray+1","Flying Knee","Draining Mist+1","Dagger Spray+1","Quick Slash+1","Sucker Punch+1","Quick Slash+1","Poison Darts+1"],"relics":["Membership Card","Divine Protection","Bronze Scales","Replay:Bottled Snecko","Pen Nib","Sizzling Blood","ReplayTheSpireMod:Ninjato","Vajra","Necronomicon","White Beast Statue","Toy Ornithopter","Simple Rune","MealTicket","DollysMirror","Pantograph","Replay:Wax Seal","Ring of Chaos","Gremlin Food","Chemical X","Meat on the Bone","Dream Catcher","PreservedInsect","Tough Bandages","Boot"],"acts_visited":["Exordium","TheCity","TheBeyond"],"potions_floor_usage":[16,18,25,27,35,35,35,41,43,43,44,50,50,52],"damage_taken":[{"damage":0,"enemies":"2 Louse","floor":1,"turns":2},{"damage":0,"enemies":"Jaw Worm","floor":3,"turns":3},{"damage":0,"enemies":"Small Slimes","floor":7,"turns":3},{"damage":40,"enemies":"Gremlin Nob","floor":8,"turns":6},{"damage":3,"enemies":"Lagavulin","floor":10,"turns":5},{"damage":0,"enemies":"Blue Slaver","floor":14,"turns":1},{"damage":2,"enemies":"Looter","floor":15,"turns":2},{"damage":4,"enemies":"3 Sentries","floor":16,"turns":4},{"damage":33,"enemies":"The Guardian","floor":18,"turns":8},{"damage":1,"enemies":"2 Thieves","floor":20,"turns":2},{"damage":0,"enemies":"Replay:Snechameleon","floor":25,"turns":3},{"damage":26,"enemies":"Slavers","floor":27,"turns":3},{"damage":0,"enemies":"Gremlin Leader","floor":30,"turns":3},{"damage":2,"enemies":"Book of Stabbing","floor":32,"turns":3},{"damage":8,"enemies":"Pondfish","floor":35,"turns":3},{"damage":26,"enemies":"3 Darklings","floor":37,"turns":7},{"damage":14,"enemies":"3 Shapes","floor":40,"turns":3},{"damage":24,"enemies":"Maw","floor":41,"turns":5},{"damage":6,"enemies":"Nemesis","floor":43,"turns":3},{"damage":45,"enemies":"Writhing Mass","floor":44,"turns":5},{"damage":44,"enemies":"2 Orb Walkers","floor":46,"turns":5},{"damage":13,"enemies":"Jaw Worm Horde","floor":47,"turns":3},{"damage":2,"enemies":"Giant Head","floor":50,"turns":4},{"damage":73,"enemies":"Time Eater","floor":52,"turns":9}],"seed_played":"-6078963293932593496","potions_obtained":[{"floor":7,"key":"SpeedPotion"},{"floor":8,"key":"DistilledChaos"},{"floor":10,"key":"Explosive Potion"},{"floor":16,"key":"bronze:BurnAndBuffPotion"},{"floor":18,"key":"Block Potion"},{"floor":25,"key":"Explosive Potion"},{"floor":27,"key":"Block Potion"},{"floor":30,"key":"Explosive Potion"},{"floor":32,"key":"Toxic Potion"},{"floor":35,"key":"SteroidPotion"},{"floor":37,"key":"FairyPotion"},{"floor":41,"key":"FearPotion"},{"floor":43,"key":"Poison Potion"},{"floor":44,"key":"Ancient Potion"},{"floor":46,"key":"bronze:BurnAndBuffPotion"},{"floor":47,"key":"Poison Potion"},{"floor":50,"key":"Strength Potion"}],"is_trial":false,"path_per_floor":["M","?","M","?","PTL","PTL","M","E","R","E","T","?","R","M","M","E","R_BF","B",null,"M","?","?","?","?","E","R","E","T","R","E","$","E","?","R_BF","B",null,"M","$","?","M","M","R","E","M","T","?","M","?","R","E","R","B",null],"character_chosen":"THE_SILENT","items_purchased":["Deadly Poison+1","Membership Card","Divine Protection","Infinite Blades","Backstab","Atom Bomb","DollysMirror","Flash of Steel","Slice","Pantograph","Gremlin Food","Dark Shackles","CultistPotion","Chemical X","Meat on the Bone"],"campfire_rested":4,"item_purchase_floors":[0,0,0,0,0,0,31,31,31,31,38,38,38,38,38],"current_hp_per_floor":[70,59,59,59,59,59,59,19,40,37,37,41,41,45,47,47,69,40,74,74,56,56,40,40,44,44,22,22,44,48,63,65,65,65,70,74,52,67,67,57,42,64,72,47,47,19,22,22,44,56,56,17],"gold":556,"neow_bonus":"","is_daily":false,"chose_seed":false,"campfire_upgraded":3,"win_rate":0.0,"timestamp":1613615775,"path_taken":["M","?","M","?","PTL","PTL","?","E","R","E","T","?","R","M","M","E","R_BF","BOSS","M","?","?","?","?","E","R","E","T","R","E","$","E","?","R_BF","BOSS","M","$","?","M","M","R","E","M","T","?","M","?","R","E","R","BOSS"],"items_purchased_type":["Card","Relic","Relic","Card","Card","Card","Relic","Card","Card","Relic","Relic","Card","Potion","Relic","Relic"],"build_version":"2020-12-22","purchased_purges":0,"victory":true,"max_hp_per_floor":[70,70,70,70,70,70,70,70,70,70,70,74,74,74,74,74,74,74,74,74,74,74,74,74,74,74,74,74,74,74,74,74,74,74,74,74,74,74,74,74,74,74,74,74,74,74,74,74,74,74,74,74],"card_choices":[{"not_picked":["Quick Slash","Sucker Punch"],"picked":"Draining Mist","floor":1},{"not_picked":["Acrobatics","Expertise"],"picked":"Bane","floor":3},{"not_picked":["Reflex","Sneak Up"],"picked":"Fluid Movement","floor":7},{"not_picked":["Adrenaline","Wraith Form v2"],"picked":"Backstab","floor":8},{"not_picked":["Caltrops","Draining Mist"],"picked":"Underhanded Strike","floor":10},{"not_picked":["Backflip","Dagger Spray"],"picked":"Replay:Poison Smokescreen","floor":14},{"not_picked":["Prepared","Deadly Poison"],"picked":"Blade Dance","floor":15},{"not_picked":["Acrobatics","Finisher"],"picked":"Deflect","floor":16},{"not_picked":["Tools of the Trade","Burst"],"picked":"Corpse Explosion","floor":18},{"not_picked":["Blade Dance+1","Acrobatics+1"],"picked":"Blur+1","floor":20},{"not_picked":["Calculated Gamble","Expertise"],"picked":"Poisoned Stab","floor":21},{"not_picked":["Reflex+1","Replay:Poison Smokescreen"],"picked":"Hidden Blade","floor":21},{"not_picked":["Replay:Poison Smokescreen+1","Dagger Spray+1"],"picked":"ReplayTheSpireMod:The Works","floor":25},{"not_picked":["Poisoned Stab","Underhanded Strike"],"picked":"Slice","floor":27},{"not_picked":["Poisoned Stab","Sneak Up"],"picked":"Prepared+1","floor":30},{"not_picked":["Flechettes","Eviscerate"],"picked":"Outmaneuver","floor":32},{"not_picked":["Glass Knife","Night Terror"],"picked":"Replay:Bag of Tricks","floor":35},{"not_picked":["Backflip+1","Blade Dance"],"picked":"Riddle With Holes+1","floor":37},{"not_picked":["Deflect","All Out Attack+1"],"picked":"Dagger Spray+1","floor":40},{"not_picked":["Dash","Reflex+1"],"picked":"Flying Knee","floor":41},{"not_picked":["Masterful Stab+1","Underhanded Strike"],"picked":"Draining Mist+1","floor":43},{"not_picked":["Prepared+1","PiercingWail"],"picked":"Dagger Spray+1","floor":44},{"not_picked":["Hidden Blade+1","Predator"],"picked":"Quick Slash+1","floor":46},{"not_picked":["Night Terror","Deflect"],"picked":"Sucker Punch+1","floor":47},{"not_picked":["Sneak Up","Bane"],"picked":"Quick Slash+1","floor":49},{"not_picked":["Outmaneuver","Caltrops+1"],"picked":"Poison Darts","floor":50}],"player_experience":10980,"relics_obtained":[{"floor":8,"key":"Bronze Scales"},{"floor":10,"key":"Replay:Bottled Snecko"},{"floor":11,"key":"Pen Nib"},{"floor":16,"key":"ReplayTheSpireMod:Ninjato"},{"floor":21,"key":"Vajra"},{"floor":23,"key":"Necronomicon"},{"floor":25,"key":"White Beast Statue"},{"floor":27,"key":"Toy Ornithopter"},{"floor":28,"key":"Simple Rune"},{"floor":30,"key":"MealTicket"},{"floor":32,"key":"Replay:Wax Seal"},{"floor":43,"key":"Dream Catcher"},{"floor":45,"key":"PreservedInsect"},{"floor":46,"key":"Tough Bandages"},{"floor":50,"key":"Boot"}],"event_choices":[{"damage_healed":0,"gold_gain":75,"player_choice":"Gather Gold","damage_taken":11,"max_hp_gain":0,"max_hp_loss":0,"event_name":"World of Goop","floor":2,"gold_loss":0},{"damage_healed":0,"gold_gain":0,"player_choice":"Ignored","damage_taken":0,"max_hp_gain":0,"max_hp_loss":0,"event_name":"Liars Game","floor":4,"gold_loss":0},{"damage_healed":0,"gold_gain":0,"player_choice":"Read","damage_taken":0,"max_hp_gain":0,"max_hp_loss":0,"event_name":"The Library","floor":22,"gold_loss":0,"cards_obtained":["Catalyst"]},{"damage_healed":0,"gold_gain":0,"player_choice":"Obtained Book","damage_taken":16,"max_hp_gain":0,"max_hp_loss":0,"event_name":"Cursed Tome","floor":23,"gold_loss":0},{"damage_healed":0,"gold_gain":0,"player_choice":"Ignored","damage_taken":0,"max_hp_gain":0,"max_hp_loss":0,"event_name":"Vampires","floor":24,"gold_loss":0},{"damage_healed":0,"gold_gain":250,"player_choice":"Bet on Owner","damage_taken":0,"max_hp_gain":0,"max_hp_loss":0,"event_name":"The Joust","floor":33,"gold_loss":50},{"damage_healed":0,"gold_gain":0,"player_choice":"Got Potions","damage_taken":0,"max_hp_gain":0,"max_hp_loss":0,"event_name":"Lab","floor":34,"gold_loss":0},{"cards_removed":["Underhanded Strike"],"damage_healed":0,"gold_gain":0,"player_choice":"Removed Attack","damage_taken":0,"max_hp_gain":0,"max_hp_loss":0,"event_name":"Falling","floor":39,"gold_loss":0},{"damage_healed":0,"gold_gain":0,"player_choice":"Fight","damage_taken":0,"max_hp_gain":0,"max_hp_loss":0,"event_name":"Mysterious Sphere","floor":46,"gold_loss":0},{"damage_healed":0,"gold_gain":0,"player_choice":"Upgraded","damage_taken":0,"max_hp_gain":0,"max_hp_loss":0,"event_name":"Upgrade Shrine","floor":48,"gold_loss":0,"cards_upgraded":["Dark Shackles"]}],"is_beta":false,"boss_relics":[{"not_picked":["Snecko Scales","Sozu","Painkiller Herb"]},{"not_picked":["Kintsugi","Tiny House"],"picked":"Ring of Chaos"}],"items_purged_floors":[],"is_endless":false,"potions_floor_spawned":[7,8,10,16,18,25,27,30,32,35,37,40,41,43,44,46,47,50],"ascension_level":1}}