{"host":"e8rlfedn69rz2s07","time":1613680302,"event":{"mods":["AchievementEnabler","BaseMod","Minty Spire (QoL Compilation)","Permanent Neow","Relic Stats"],"gold_per_floor":[115,190,208,227,3,28,28,59,59,59,73,101,101],"floor_reached":12,"language":"ENG","playtime":926,"items_purged":[],"score":113,"play_id":"f2eabf47-75f8-4981-b5f6-180d30986e53","local_time":"20210218223142","is_ascension_mode":true,"campfire_choices":[{"data":"MentalFortress","floor":7,"key":"SMITH"}],"circlet_count":0,"master_deck":["Strike_P","Strike_P","Strike_P","Strike_P","Defend_P","Defend_P","Defend_P","Defend_P","Eruption","Vigilance","Wireheading","FlurryOfBlows","FearNoEvil","MentalFortress+1","EmptyBody","Protect","Wireheading","Protect","BattleHymn","Adaptation","Parasite","InnerPeace+1"],"relics":["Velvet Choker","Orrery","Potion Belt","Yang","Toxic Egg 2","Darkstone Periapt"],"acts_visited":["Exordium"],"potions_floor_usage":[],"damage_taken":[{"damage":2,"enemies":"Jaw Worm","floor":1,"turns":4},{"damage":5,"enemies":"Small Slimes","floor":3,"turns":4},{"damage":3,"enemies":"2 Louse","floor":4,"turns":2},{"damage":11,"enemies":"3 Sentries","floor":6,"turns":7},{"damage":18,"enemies":"Gremlin Nob","floor":8,"turns":5},{"damage":0,"enemies":"Blue Slaver","floor":11,"turns":5},{"damage":5,"enemies":"3 Sentries","floor":12,"turns":11}],"seed_played":"4098388422603676517","potions_obtained":[{"floor":1,"key":"BottledMiracle"},{"floor":4,"key":"GamblersBrew"}],"is_trial":false,"path_per_floor":["M","?","M","M","$","E","R","E","T","?","M","E"],"character_chosen":"WATCHER","items_purchased":["MentalFortress","Orrery"],"campfire_rested":0,"item_purchase_floors":[5,5],"current_hp_per_floor":[70,59,54,51,51,40,40,22,22,40,40,35,35],"gold":101,"neow_bonus":"BOSS_RELIC","is_daily":false,"chose_seed":false,"campfire_upgraded":1,"win_rate":0.0,"timestamp":1613680302,"path_taken":["M","?","M","M","$","E","R","E","T","?","M","E"],"items_purchased_type":["Card","Relic"],"build_version":"2020-12-22","purchased_purges":0,"victory":false,"max_hp_per_floor":[72,72,72,72,72,72,72,72,72,72,72,72,72],"relic_stats":{"Darkstone Periapt":0,"counters":[7,38],"Yang":[28],"obtain_stats":[{"Potion Belt":6,"Darkstone Periapt":12,"Velvet Choker":0,"Orrery":5,"Yang":8,"PureWater":0,"Toxic Egg 2":9},{"Potion Belt":4,"Darkstone Periapt":7,"Velvet Choker":0,"Orrery":3,"Yang":5,"PureWater":0,"Toxic Egg 2":5},{"Potion Belt":17,"Darkstone Periapt":38,"Velvet Choker":0,"Orrery":10,"Yang":22,"PureWater":0,"Toxic Egg 2":22}]},"card_choices":[{"not_picked":["WindmillStrike","ClearTheMind"],"picked":"Wireheading","floor":1},{"not_picked":["Meditate","Halt"],"picked":"FlurryOfBlows","floor":3},{"not_picked":["ThirdEye","CrushJoints"],"picked":"FearNoEvil","floor":4},{"not_picked":["DevaForm","JustLucky"],"picked":"EmptyBody","floor":5},{"not_picked":["FlyingSleeves","JustLucky"],"picked":"Protect","floor":5},{"not_picked":["FlyingSleeves","Consecrate"],"picked":"Wireheading","floor":5},{"not_picked":["Weave","Pray"],"picked":"Protect","floor":5},{"not_picked":["EmptyFist","JustLucky"],"picked":"BattleHymn","floor":5},{"not_picked":["DevaForm","Perseverance"],"picked":"Adaptation","floor":6},{"not_picked":["Weave","Nirvana","PathToVictory"],"picked":"SKIP","floor":8},{"not_picked":["CrushJoints","BowlingBash"],"picked":"InnerPeace+1","floor":11}],"player_experience":1088594,"relics_obtained":[{"floor":6,"key":"Potion Belt"},{"floor":8,"key":"Yang"},{"floor":9,"key":"Toxic Egg 2"},{"floor":12,"key":"Darkstone Periapt"}],"event_choices":[{"damage_healed":0,"gold_gain":75,"player_choice":"Gather Gold","damage_taken":11,"max_hp_gain":0,"max_hp_loss":0,"event_name":"World of Goop","floor":2,"gold_loss":0},{"damage_healed":18,"gold_gain":0,"player_choice":"Healed and dodged fight","damage_taken":0,"max_hp_gain":0,"max_hp_loss":0,"event_name":"Mushrooms","floor":10,"gold_loss":0,"cards_obtained":["Parasite"]}],"is_beta":false,"boss_relics":[],"items_purged_floors":[],"is_endless":false,"potions_floor_spawned":[1,4],"killed_by":"3 Sentries","ascension_level":3}}