{"host":"qfmqsclrfy207o1q","time":1613628614,"event":{"mods":["2.2 Compatiblity","AchievementEnabler","BaseMod","BetterRewards","Colored Map","Colored Powertips","Curses Come First","Dark Map","Downfall","Infinite Spire","Minty Spire (QoL Compilation)","Quick Restart","Rare Cards Sparkle","Relic Stats","StSLib"],"gold_per_floor":[214,224,224,248,261,286,286,315,342,342,342],"floor_reached":10,"language":"ENG","playtime":339,"items_purged":[],"score":76,"play_id":"238c3404-2cbb-4f97-be27-1c60acc2e417","local_time":"20210217231014","is_ascension_mode":false,"campfire_choices":[{"floor":7,"key":"REST"}],"circlet_count":0,"master_deck":["Strike_B","Strike_B","Strike_B","Strike_B","Defend_B","Defend_B","Defend_B","Defend_B","Zap","Dualcast","Beam Cell","Compile Driver","Self Repair","Reboot","Loop"],"relics":["Cracked Core","Oddly Smooth Stone","Strawberry","White Beast Statue","Anchor"],"acts_visited":["Exordium"],"potions_floor_usage":[6],"damage_taken":[{"damage":5,"enemies":"Small Slimes","floor":1,"turns":3},{"damage":0,"enemies":"Cultist","floor":2,"turns":4},{"damage":7,"enemies":"infinitespire:Voidling","floor":5,"turns":3},{"damage":24,"enemies":"Lagavulin","floor":6,"turns":5},{"damage":45,"enemies":"3 Sentries","floor":8,"turns":8},{"damage":39,"enemies":"Lagavulin","floor":10,"turns":6}],"seed_played":"8058452469176838877","potions_obtained":[{"floor":5,"key":"Strength Potion"}],"is_trial":false,"path_per_floor":["M","M","?","T","M","E","R","E","T","E"],"character_chosen":"DEFECT","items_purchased":[],"campfire_rested":1,"item_purchase_floors":[],"current_hp_per_floor":[70,70,70,70,63,53,77,39,39,0,0],"gold":342,"neow_bonus":"HUNDRED_GOLD","is_daily":false,"chose_seed":false,"campfire_upgraded":0,"win_rate":0.0,"timestamp":1613628614,"path_taken":["M","M","?","?","M","E","R","E","T","E"],"items_purchased_type":[],"build_version":"2020-12-22","purchased_purges":0,"victory":false,"max_hp_per_floor":[75,75,75,75,75,82,82,82,82,82,82],"relic_stats":{"counters":[6,29],"obtain_stats":[{"Anchor":9,"Strawberry":6,"Oddly Smooth Stone":4,"Cracked Core":0,"White Beast Statue":8},{"Anchor":5,"Strawberry":4,"Oddly Smooth Stone":2,"Cracked Core":0,"White Beast Statue":5},{"Anchor":23,"Strawberry":15,"Oddly Smooth Stone":7,"Cracked Core":0,"White Beast Statue":23}]},"card_choices":[{"not_picked":["Steam","Leap"],"picked":"Beam Cell","floor":1},{"not_picked":["Stack","Steam"],"picked":"Compile Driver","floor":2},{"not_picked":["Leap","Glacier"],"picked":"Self Repair","floor":5},{"not_picked":["Coolheaded","Cold Snap"],"picked":"Reboot","floor":6},{"not_picked":["Aggregate","Leap"],"picked":"Loop","floor":8}],"player_experience":4920,"relics_obtained":[{"floor":4,"key":"Oddly Smooth Stone"},{"floor":6,"key":"Strawberry"},{"floor":8,"key":"White Beast Statue"},{"floor":9,"key":"Anchor"}],"event_choices":[{"damage_healed":0,"gold_gain":0,"player_choice":"Ignored","damage_taken":0,"max_hp_gain":0,"max_hp_loss":0,"event_name":"Golden Wing","floor":3,"gold_loss":0}],"is_beta":false,"boss_relics":[],"items_purged_floors":[],"is_endless":false,"potions_floor_spawned":[5],"killed_by":"Lagavulin","ascension_level":0}}