{"host":"kaame4qwxxqnygv7","time":1613630388,"event":{"mods":["AchievementEnabler","BaseMod","Better Match","Better Skull","Better Third Choice","BetterRewards","Block Reminder","Bossed Relics","DeckTracker","Energized Spire","GungeonMod","Minty Spire (QoL Compilation)","Quick Restart","Red Circlet Mod","StSLib","SuperFastMode","The Blue Laboratory"],"gold_per_floor":[113,113,113,125,136,136,136,154,181,191,191,207,207,223,223,302,302,314,229,37,37,37,63,82,82,82,82,96,115,139,201,225,225,230,310,310,324,80,96,117,136,173,173,185,185,185,237,72,112,123,123,123,128,128,128,28,61,66],"floor_reached":59,"language":"KOR","playtime":1947,"items_purged":["DemoMod:Strike_Huntress","DemoMod:Defend_Huntress"],"score":3390,"play_id":"800560b2-535f-409e-91fc-d329c18fefe7","local_time":"20210218153948","is_ascension_mode":true,"campfire_choices":[{"floor":6,"key":"REST"},{"data":"1","floor":11,"key":"LIFT"},{"floor":15,"key":"REST"},{"data":"2","floor":27,"key":"LIFT"},{"data":"3","floor":33,"key":"LIFT"},{"floor":51,"key":"RECALL"},{"data":"DemoMod:FullFirepower","floor":55,"key":"SMITH"}],"circlet_count":0,"master_deck":["AscendersBane","DemoMod:Defend_Huntress","DemoMod:Defend_Huntress","DemoMod:Defend_Huntress","DemoMod:Roll","DemoMod:ManualReload+1","DemoMod:RustySidearm","DemoMod:CrossBow","Apotheosis+1","DemoMod:Evolver+","DemoMod:PotionOfGunFriendShip","DemoMod:BattleInHaste","DemoMod:Eureka","DemoMod:HardPowerCard","DemoMod:Evolver+","DemoMod:TableSutra+1","DemoMod:FullFirepower+1"],"relics":["DemoMod:Dog","Strawberry","DemoMod:RedGuonStone","Girya","DemoMod:Antibody","ClockworkSouvenir","Unceasing Top","Bag of Preparation","Incense Burner","energizedSpire:CursedPentagram","DemoMod:ChaffGrenade","Blood Vial","DemoMod:ClearGuonStone","DemoMod:WhiteGuonStone","DemoMod:RatBoots","DemoMod:ResourcefulSack","DemoMod:PartiallyEatenCheese","DemoMod:RiddleOfLead","DemoMod:WaxWing","Akabeko","DemoMod:GlassGuonStoneRelic","Vajra","Nunchaku","DemoMod:Metronome","DemoMod:LichsEyeBullet","Oddly Smooth Stone","Bag of Marbles","Orichalcum"],"acts_visited":["Exordium","TheCity","DemoMod:Maze","TheBeyond","TheEnding"],"potions_floor_usage":[16,32],"damage_taken":[{"damage":7,"enemies":"Small Slimes","floor":1,"turns":5},{"damage":10,"enemies":"Jaw Worm","floor":4,"turns":3},{"damage":0,"enemies":"Cultist","floor":5,"turns":3},{"damage":8,"enemies":"Exordium Thugs","floor":8,"turns":6},{"damage":0,"enemies":"Large Slime","floor":10,"turns":4},{"damage":0,"enemies":"Looter","floor":12,"turns":2},{"damage":0,"enemies":"Red Slaver","floor":14,"turns":3},{"damage":30,"enemies":"Hexaghost","floor":16,"turns":8},{"damage":0,"enemies":"Shell Parasite","floor":18,"turns":3},{"damage":0,"enemies":"Gremlin Leader","floor":23,"turns":3},{"damage":0,"enemies":"2 Thieves","floor":24,"turns":2},{"damage":0,"enemies":"DemoMod:Red_and_blue_shotgun_kin","floor":28,"turns":2},{"damage":0,"enemies":"DemoMod:2_Veteran_bullet_kins_and_red_shotgun_kin","floor":29,"turns":2},{"damage":0,"enemies":"DemoMod:Veteran_shot_gun_kin_and_blue_shotgun_kin","floor":30,"turns":2},{"damage":0,"enemies":"DemoMod:Veteran_shot_gun_kin_and_red_shotgun_kin_with_gunsinger","floor":31,"turns":4},{"damage":0,"enemies":"DemoMod:2_Mousers","floor":32,"turns":6},{"damage":11,"enemies":"DemoMod:ResourcefulRat","floor":35,"turns":11},{"damage":0,"enemies":"3 Darklings","floor":37,"turns":3},{"damage":0,"enemies":"Orb Walker","floor":39,"turns":1},{"damage":0,"enemies":"Writhing Mass","floor":40,"turns":2},{"damage":0,"enemies":"Sphere and 2 Shapes","floor":41,"turns":4},{"damage":0,"enemies":"Giant Head","floor":42,"turns":5},{"damage":0,"enemies":"Maw","floor":44,"turns":4},{"damage":0,"enemies":"Reptomancer","floor":47,"turns":4},{"damage":0,"enemies":"Nemesis","floor":49,"turns":3},{"damage":0,"enemies":"Spire Growth","floor":50,"turns":1},{"damage":0,"enemies":"Donu and Deca","floor":52,"turns":7},{"damage":0,"enemies":"Time Eater","floor":53,"turns":9},{"damage":0,"enemies":"Shield and Spear","floor":57,"turns":3},{"damage":0,"enemies":"The Heart","floor":58,"turns":5}],"seed_played":"-4575963996117733970","potions_obtained":[{"floor":4,"key":"blueLaboratory:EnragingPotion"},{"floor":8,"key":"blueLaboratory:SavagePotion"},{"floor":16,"key":"Explosive Potion"},{"floor":28,"key":"blueLaboratory:LouseDecoction"},{"floor":30,"key":"Energy Potion"},{"floor":37,"key":"DemoMod:LeadSkinPotion"}],"is_trial":false,"path_per_floor":["M","?","?","M","M","R","$","M","T","M","R","M","T","M","R","B",null,"M","?","$","?","$","E","M","?","T","R","M","M","M","M","M","R","B","B",null,"M","$","M","M","M","E","?","M","T","?","E","$","E","M","R","B","B",null,"R","$","E","B",null],"character_chosen":"HUNTRESS","items_purchased":["DemoMod:GnawedKey","Strawberry","DemoMod:RedGuonStone","Apotheosis","ClockworkSouvenir","DemoMod:Evolver","DemoMod:HardPowerCard","Blood Vial","DemoMod:ClearGuonStone","Akabeko","DemoMod:Metronome","DemoMod:LichsEyeBullet","Bag of Marbles"],"campfire_rested":2,"item_purchase_floors":[0,0,0,0,0,0,20,20,22,38,48,48,56],"current_hp_per_floor":[21,21,21,11,11,53,53,45,45,45,45,45,45,45,66,36,70,70,70,70,70,70,70,70,70,70,70,70,70,70,70,70,70,56,49,80,80,80,80,80,80,80,80,80,80,80,80,80,80,80,80,80,80,80,80,80,80,80],"gold":66,"neow_bonus":"","is_daily":false,"chose_seed":false,"campfire_upgraded":1,"win_rate":0.0,"timestamp":1613630388,"path_taken":["M","?","?","M","?","R","$","M","T","M","R","M","?","M","R","BOSS","M","?","$","?","$","E","?","?","T","R","M","M","M","M","M","R","BOSS","BOSS","M","$","M","M","M","E","?","?","T","?","E","$","E","M","R","BOSS","BOSS","R","$","E","BOSS"],"items_purchased_type":["Relic","Relic","Relic","Card","Relic","Card","Card","Relic","Relic","Relic","Relic","Relic","Relic"],"build_version":"2020-12-22","purchased_purges":2,"victory":true,"max_hp_per_floor":[70,70,70,70,70,70,70,70,70,70,70,70,70,70,70,70,70,70,70,70,70,70,70,70,70,70,70,70,70,70,70,70,70,70,70,80,80,80,80,80,80,80,80,80,80,80,80,80,80,80,80,80,80,80,80,80,80,80],"card_choices":[{"not_picked":["DemoMod:BoxingGlove","DemoMod:Ejector"],"picked":"DemoMod:PotionOfGunFriendShip","floor":1},{"not_picked":["DemoMod:AbyssalTentacle","DemoMod:Replace","DemoMod:MachoBrace"],"picked":"SKIP","floor":4},{"not_picked":["DemoMod:Polaris","DemoMod:FortunesFavor","DemoMod:TripleGun"],"picked":"SKIP","floor":5},{"not_picked":["DemoMod:GunstockTap","DemoMod:HighKaliber"],"picked":"DemoMod:BattleInHaste","floor":8},{"not_picked":["DemoMod:DirectionalPad","DemoMod:HuntsMan","DemoMod:JK47"],"picked":"SKIP","floor":10},{"not_picked":["DemoMod:Casey","DemoMod:BattleInHaste","DemoMod:Unmoved"],"picked":"SKIP","floor":12},{"not_picked":["DemoMod:FeignSurrender","DemoMod:Desperate","DemoMod:DoubleSwitch"],"picked":"SKIP","floor":14},{"not_picked":["DemoMod:BalloonGun","DemoMod:BSG"],"picked":"DemoMod:Eureka","floor":16},{"not_picked":["DemoMod:ChanceBullets","DemoMod:DoubleSwitch","DemoMod:Casey"],"picked":"SKIP","floor":18},{"not_picked":["DemoMod:Desperate","DemoMod:Camera"],"picked":"DemoMod:TableSutra+1","floor":23},{"not_picked":["DemoMod:MegaHand+1","DemoMod:ConditionalReflex","DemoMod:GunstockTap"],"picked":"SKIP","floor":24},{"not_picked":["DemoMod:ChanceBullets","DemoMod:AC15+1","DemoMod:PotionOfGunFriendShip+1"],"picked":"SKIP","floor":28},{"not_picked":["DemoMod:DoubleSwitch","DemoMod:Polaris"],"picked":"DemoMod:Purify","floor":29},{"not_picked":["DemoMod:LifeOrb","DemoMod:EasyReloadBullets"],"picked":"DemoMod:Purify+1","floor":30},{"not_picked":["DemoMod:GunstockTap","DemoMod:HighKaliber+1","DemoMod:StickyCrossBow"],"picked":"SKIP","floor":31},{"not_picked":["DemoMod:MegaHand","DemoMod:SAA","DemoMod:JK47"],"picked":"SKIP","floor":32},{"not_picked":["DemoMod:BlankBullets","DemoMod:BSG"],"picked":"DemoMod:FullFirepower","floor":35},{"not_picked":["DemoMod:MachoBrace","DemoMod:GunShield","DemoMod:FortunesFavor"],"picked":"SKIP","floor":37},{"not_picked":["DemoMod:ProbeStrike","DemoMod:FortunesFavor","DemoMod:AC15+1"],"picked":"SKIP","floor":39},{"not_picked":["DemoMod:FastSwitch","DemoMod:AC15","DemoMod:Casey"],"picked":"SKIP","floor":40},{"not_picked":["DemoMod:Unmoved","DemoMod:FastSwitch","DemoMod:BoxingGlove"],"picked":"SKIP","floor":41},{"not_picked":["DemoMod:FeignSurrender","DemoMod:FortunesFavor","DemoMod:Casey"],"picked":"SKIP","floor":42},{"not_picked":["DemoMod:AC15","DemoMod:ConditionalReflex","DemoMod:DoubleSwitch"],"picked":"SKIP","floor":44},{"not_picked":["DemoMod:BoxingGlove","DemoMod:MachoBrace+1","DemoMod:Evolver"],"picked":"SKIP","floor":47},{"not_picked":["DemoMod:BlankBullets","DemoMod:JK47","DemoMod:TeaPot"],"picked":"SKIP","floor":49},{"not_picked":["DemoMod:BoxingGlove","DemoMod:Rummage+1","DemoMod:StrategicReserve"],"picked":"SKIP","floor":50},{"not_picked":["DemoMod:MachoBrace","DemoMod:Replace","DemoMod:StrategicReserve"],"picked":"SKIP","floor":57}],"player_experience":310037,"relics_obtained":[{"floor":9,"key":"Bag of Preparation"},{"floor":13,"key":"Incense Burner"},{"floor":23,"key":"DemoMod:WhiteGuonStone"},{"floor":36,"key":"DemoMod:RatBoots"},{"floor":36,"key":"DemoMod:ResourcefulSack"},{"floor":36,"key":"DemoMod:PartiallyEatenCheese"},{"floor":36,"key":"DemoMod:RiddleOfLead"},{"floor":36,"key":"DemoMod:WaxWing"},{"floor":42,"key":"Vajra"},{"floor":47,"key":"Nunchaku"},{"floor":49,"key":"Oddly Smooth Stone"},{"floor":57,"key":"Orichalcum"}],"event_choices":[{"damage_healed":0,"gold_gain":0,"player_choice":"Grow","damage_taken":0,"max_hp_gain":0,"max_hp_loss":0,"event_name":"Living Wall","floor":2,"gold_loss":0,"cards_upgraded":["Apotheosis"]},{"damage_healed":0,"gold_gain":0,"player_choice":"Upgraded","damage_taken":0,"max_hp_gain":0,"max_hp_loss":0,"event_name":"Upgrade Shrine","floor":3,"gold_loss":0,"cards_upgraded":["DemoMod:ManualReload"]},{"damage_healed":0,"gold_gain":0,"player_choice":"Obtained Relic","damage_taken":0,"relics_obtained":["DemoMod:ChaffGrenade"],"max_hp_gain":0,"max_hp_loss":0,"event_name":"Addict","floor":19,"gold_loss":85},{"damage_healed":0,"gold_gain":0,"player_choice":"Copied","damage_taken":0,"max_hp_gain":0,"max_hp_loss":0,"event_name":"Duplicator","floor":21,"gold_loss":0,"cards_obtained":["DemoMod:Evolver"]},{"damage_healed":0,"gold_gain":0,"player_choice":"Ignored","damage_taken":0,"max_hp_gain":0,"max_hp_loss":0,"event_name":"Vampires","floor":25,"gold_loss":0},{"cards_removed":["DemoMod:Strike_Huntress"],"damage_healed":0,"gold_gain":0,"player_choice":"Offered Basic","damage_taken":0,"max_hp_gain":0,"max_hp_loss":0,"event_name":"Bonfire Elementals","floor":43,"gold_loss":0}],"is_beta":false,"boss_relics":[{"not_picked":["Astrolabe","Runic Dome"],"picked":"energizedSpire:CursedPentagram"},{"not_picked":[]}],"items_purged_floors":[38,56],"is_endless":false,"potions_floor_spawned":[4,8,16,28,30,31,37,40,42,49],"ascension_level":20}}