{"host":"3uci9gpt6cwo3y1o","time":1613628728,"event":{"mods":["Aspiration","BaseMod","Bossed Relics","Energized Spire","Minty Spire (QoL Compilation)","MostiFishMod","Reliquary","StSLib","TestMod"],"gold_per_floor":[118,118,128,144,144,144,144,176,200,125,125,160,171,203,203,276,276,276,276],"floor_reached":18,"language":"ZHS","playtime":637,"items_purged":[],"score":376,"play_id":"a70c24b3-6386-4615-b520-44056088cce5","local_time":"20210218141208","is_ascension_mode":true,"campfire_choices":[{"data":"Eruption","floor":6.0,"key":"SMITH"},{"data":"Adaptation","floor":11.0,"key":"SMITH"},{"data":"MostiFishMod:DustFall","floor":15,"key":"SMITH"}],"circlet_count":0,"master_deck":["AscendersBane","Strike_P","Strike_P","Strike_P","Defend_P","Defend_P","Defend_P","Eruption+1","Vigilance","Adaptation+1","FearNoEvil","MostiFishMod:DustFall+1","MasterReality"],"relics":["PureWater","DaveBox","testmod-TestBox","Membership Card","testmod-SaigiyounoYou","SynthV:TestCard","reliquary:MudwinsCradle","Tiny Chest","HornCleat","Sundial","aspiration:SecretTechniqueScroll"],"acts_visited":["Exordium","TheCity"],"potions_floor_usage":[14],"damage_taken":[{"damage":6.0,"enemies":"Jaw Worm","floor":1.0,"turns":5.0},{"damage":0.0,"enemies":"Cultist","floor":3.0,"turns":3.0},{"damage":4.0,"enemies":"2 Louse","floor":4.0,"turns":2.0},{"damage":32.0,"enemies":"Gremlin Nob","floor":8.0,"turns":3.0},{"damage":35.0,"enemies":"3 Sentries","floor":12.0,"turns":10.0},{"damage":7,"enemies":"2 Fungi Beasts","floor":13,"turns":3},{"damage":0,"enemies":"Lagavulin","floor":14,"turns":3},{"damage":37,"enemies":"Slime Boss","floor":16,"turns":7},{"damage":13,"enemies":"Chosen","floor":18,"turns":4}],"seed_played":"-4571999615346569729","potions_obtained":[{"floor":2.0,"key":"Ancient Potion"},{"floor":2.0,"key":"SkillPotion"},{"floor":4.0,"key":"BottledMiracle"},{"floor":13,"key":"FearPotion"}],"is_trial":false,"path_per_floor":["M","?","M","M","?","R","?","E","T","?","R","E","M","E","R","B",null,"M"],"character_chosen":"WATCHER","items_purchased":[],"campfire_rested":0,"item_purchase_floors":[],"current_hp_per_floor":[69,69,74,72,72,72,72,45,45,45,45,26,26,35,35,27,62,60,60],"gold":276,"neow_bonus":"TEN_PERCENT_HP_BONUS","is_daily":false,"chose_seed":false,"campfire_upgraded":3,"win_rate":0.0,"timestamp":1613628728,"path_taken":["M","?","?","?","?","R","?","E","T","?","R","E","?","E","R","BOSS","M"],"items_purchased_type":[],"build_version":"2020-12-22","purchased_purges":0,"victory":false,"max_hp_per_floor":[74,74,74,74,74,74,74,74,74,74,74,74,74,74,74,74,74,74,74],"card_choices":[{"not_picked":["FlurryOfBlows","Sanctity","EmptyMind"],"picked":"SKIP","floor":1.0},{"not_picked":["Evaluate","Swivel","Pray","WindmillStrike","MostiFishMod:Speedup"],"picked":"SKIP","floor":3.0},{"not_picked":["Evaluate","FlyingSleeves","PathToVictory","FollowUp"],"picked":"Adaptation","floor":4.0},{"not_picked":["Protect","Vengeance","Halt","MostiFishMod:ScryFuture","PathToVictory"],"picked":"SKIP","floor":8.0},{"not_picked":["Consecrate","FollowUp","FlyingSleeves","BattleHymn"],"picked":"FearNoEvil","floor":12.0},{"not_picked":["Halt","Prostrate","MentalFortress","Protect"],"picked":"MostiFishMod:DustFall","floor":13},{"not_picked":["Study","BowlingBash","Swivel","DeceiveReality","Nirvana"],"picked":"SKIP","floor":14},{"not_picked":["Alpha","Vault","MostiFishMod:OutWit","Brilliance"],"picked":"MasterReality","floor":16}],"player_experience":920372,"relics_obtained":[{"floor":1.0,"key":"SynthV:TestCard"},{"floor":8.0,"key":"reliquary:MudwinsCradle"},{"floor":9.0,"key":"Tiny Chest"},{"floor":12.0,"key":"HornCleat"},{"floor":14,"key":"Sundial"}],"event_choices":[{"damage_healed":0.0,"max_hp_gain":0.0,"max_hp_loss":0.0,"gold_gain":0.0,"event_name":"Lab","player_choice":"Got Potions","floor":2.0,"gold_loss":0.0,"damage_taken":0.0},{"damage_healed":0.0,"max_hp_gain":0.0,"max_hp_loss":0.0,"gold_gain":0.0,"event_name":"Liars Game","player_choice":"Ignored","floor":5.0,"gold_loss":0.0,"damage_taken":0.0},{"cards_removed":["Defend_P"],"damage_healed":0.0,"max_hp_gain":0.0,"max_hp_loss":0.0,"gold_gain":0.0,"event_name":"Living Wall","player_choice":"Forget","floor":7.0,"gold_loss":0.0,"damage_taken":0.0},{"cards_removed":["Strike_P"],"damage_healed":0.0,"max_hp_gain":0.0,"max_hp_loss":0.0,"gold_gain":0.0,"event_name":"The Cleric","player_choice":"Card Removal","floor":10.0,"gold_loss":75.0,"damage_taken":0.0}],"is_beta":false,"boss_relics":[{"not_picked":["testmod-StringDisintegrator","aspiration:DefectSkillbook"],"picked":"aspiration:SecretTechniqueScroll"}],"items_purged_floors":[],"is_endless":false,"potions_floor_spawned":[4,8,13],"killed_by":"Chosen","ascension_level":17}}