{"host":"4qp30tywltrhkmjj","time":1613688000,"event":{"mods":["2.2 Compatiblity","AchievementEnabler","Act Like it!","Ascension Unlocker","Aspiration","BaseMod","Bestiary","Better Altar","Better Match","Better Note","Better Skull","Better Third Choice","BetterRewards","CCEM2","CapriCore","Challenge The Spire","Colored Map","Colored Powertips","Conjunction","Conspire","Defuse TimeMaze Blight","Displayed Cursed Tome","Downfall","EXCEPTION","Emptier Cage","Energized Spire","Exacting","Gold Saver","Halation","Highlight Path","Hubris","Infinite Spire","Jedi Mod","Lobotomy","LobotomyExtend","Minty Spire (QoL Compilation)","Poor People Problems","Replay The Spire","Ruina","SacredBarkPlus","Shop Mod","Spicy Shops","Spire Arcade","StSLib","The Blue Laboratory","Transform Curses","Uncapped","Unceasing Turn Reminder","Wandering Minibosses","Yuri Mod"],"gold_per_floor":[238,254,17,17,17,17,17,42,42],"floor_reached":8,"language":"ENG","playtime":261,"items_purged":[],"score":46,"play_id":"9bee9ef5-8753-472b-a2b8-c16a25dc5b35","local_time":"20210218234000","is_ascension_mode":true,"campfire_choices":[{"data":"Reprogram","floor":6,"key":"SMITH"}],"circlet_count":0,"master_deck":["Strike_B","Strike_B","Strike_B","Strike_B","Defend_B","Defend_B","Defend_B","Defend_B","Zap+1","Dualcast","Reprogram+1","ReplayTheSpireMod:Reroute Power","Gash+1","HandOfGreed+1","Parasite","Parasite"],"relics":["Cracked Core","LetterFromLob","CogitoBucket","Membership Card","Moonlight_r","ShedSkin_r"],"acts_visited":["Exordium"],"potions_floor_usage":[8],"damage_taken":[{"damage":0,"enemies":"Cultist","floor":1,"turns":5},{"damage":5,"enemies":"Jaw Worm","floor":2,"turns":3},{"damage":21,"enemies":"3 Sentries","floor":8,"turns":5}],"seed_played":"5690528497648998266","potions_obtained":[{"floor":2,"key":"blueLaboratory:HummingbirdPotion"}],"is_trial":false,"path_per_floor":["M","M","$","$","?","R","M","E"],"character_chosen":"DEFECT","items_purchased":["Reprogram","Membership Card","HandOfGreed"],"campfire_rested":0,"item_purchase_floors":[0,3,3],"current_hp_per_floor":[75,70,70,70,70,70,19,0,0],"gold":42,"neow_bonus":"","is_daily":false,"chose_seed":false,"campfire_upgraded":1,"win_rate":0.0,"timestamp":1613688000,"path_taken":["M","?","?","$","?","R","M","E"],"items_purchased_type":["Card","Relic","Card"],"build_version":"2020-12-22","purchased_purges":0,"victory":false,"max_hp_per_floor":[75,75,75,75,75,75,75,75,75],"card_choices":[{"not_picked":["Hologram","Coolheaded"],"picked":"ReplayTheSpireMod:Reroute Power","floor":1},{"not_picked":["VoidDream","Murderer"],"picked":"DespairKnight","floor":2},{"not_picked":["Go for the Eyes","Steam"],"picked":"Gash","floor":2}],"player_experience":484111,"relics_obtained":[{"floor":1,"key":"LetterFromLob"}],"event_choices":[{"damage_healed":0,"gold_gain":0,"player_choice":"Upgraded","damage_taken":0,"max_hp_gain":0,"max_hp_loss":0,"event_name":"Upgrade Shrine","floor":5,"gold_loss":0,"cards_upgraded":["HandOfGreed"]}],"is_beta":false,"boss_relics":[],"items_purged_floors":[],"is_endless":false,"potions_floor_spawned":[2],"killed_by":"3 Sentries","ascension_level":1}}