{"host":"mo4d2vii2wc3uyp7","time":1613653123,"event":{"mods":["AchievementEnabler","BaseMod","Colored Map","Highlight Path","Keyboard Shortcuts","Minty Spire (QoL Compilation)","Permanent Neow","Quick Restart","Shop Mod","StSLib","SuperFastMode","everything is the same but u backflip on backflip"],"gold_per_floor":[116,116,164,178,178,203,203,229,229,229,8,19,19,38,38,137,137,117,41,58,58,58,58,58],"floor_reached":23,"language":"KOR","playtime":453,"items_purged":["Strike_G"],"score":207,"play_id":"8f131b16-ddb7-490d-a702-1a0089745a06","local_time":"20210218215843","is_ascension_mode":true,"campfire_choices":[{"floor":7.0,"key":"REST"},{"data":"Terror","floor":10.0,"key":"SMITH"},{"data":"Caltrops","floor":13.0,"key":"SMITH"},{"data":"Storm of Steel","floor":15.0,"key":"SMITH"}],"circlet_count":0,"master_deck":["Strike_G+1","Strike_G+1","Strike_G+1","Defend_G","Defend_G","Defend_G","Defend_G+1","Defend_G","Survivor","Neutralize+1","Die Die Die","Quick Slash","Noxious Fumes","Terror+1","Backflip","Dagger Throw","Caltrops+1","Prepared","Storm of Steel+1","Bullet Time","Calculated Gamble+1","A Thousand Cuts","Poisoned Stab","Writhe"],"relics":["Ring of the Snake","Whetstone","Letter Opener","MealTicket","Tiny Chest","Potion Belt"],"acts_visited":["Exordium","TheCity"],"potions_floor_usage":[16,16,20,23,23],"damage_taken":[{"damage":0.0,"enemies":"Jaw Worm","floor":1.0,"turns":4.0},{"damage":0.0,"enemies":"Cultist","floor":4.0,"turns":3.0},{"damage":31.0,"enemies":"Lagavulin","floor":6.0,"turns":6.0},{"damage":9.0,"enemies":"Gremlin Nob","floor":8.0,"turns":4.0},{"damage":0.0,"enemies":"2 Louse","floor":12.0,"turns":1.0},{"damage":0.0,"enemies":"Looter","floor":14.0,"turns":3.0},{"damage":8,"enemies":"Hexaghost","floor":16,"turns":7},{"damage":19,"enemies":"2 Thieves","floor":18,"turns":4},{"damage":23,"enemies":"Shell Parasite","floor":20,"turns":5},{"damage":45,"enemies":"Slavers","floor":23,"turns":3}],"seed_played":"1972006432478961342","potions_obtained":[{"floor":6.0,"key":"FearPotion"},{"floor":8.0,"key":"AttackPotion"},{"floor":12.0,"key":"EssenceOfSteel"},{"floor":16,"key":"LiquidBronze"},{"floor":18,"key":"Weak Potion"}],"is_trial":false,"path_per_floor":["M","?","T","M","?","E","R","E","T","R","$","M","R","M","R","B",null,"M","$","M","?","?","E"],"character_chosen":"THE_SILENT","items_purchased":["Backflip","Dagger Throw","Caltrops","A Thousand Cuts"],"campfire_rested":1,"item_purchase_floors":[11,11,11,19],"current_hp_per_floor":[70,70,70,70,56,25,46,37,37,37,52,52,52,52,52,44,70,51,66,43,43,43,0,0],"gold":58,"neow_bonus":"ONE_RANDOM_RARE_CARD","is_daily":false,"chose_seed":false,"campfire_upgraded":3,"win_rate":0.0,"timestamp":1613653123,"path_taken":["M","?","?","?","?","E","R","E","T","R","$","M","R","M","R","BOSS","M","$","M","?","?","E"],"items_purchased_type":["Card","Card","Card","Card"],"build_version":"2020-12-22","purchased_purges":1,"victory":false,"max_hp_per_floor":[70,70,70,70,70,70,70,70,70,70,70,70,70,70,70,70,70,70,70,70,70,70,70,70],"card_choices":[{"not_picked":["Concentrate","Skewer"],"picked":"Quick Slash","floor":1.0},{"not_picked":["All Out Attack","Slice"],"picked":"Noxious Fumes","floor":4.0},{"not_picked":["Crippling Poison","Burst","Well Laid Plans"],"picked":"SKIP","floor":6.0},{"not_picked":["Outmaneuver","Flying Knee"],"picked":"Terror","floor":8.0},{"not_picked":["Backflip","Riddle With Holes"],"picked":"Prepared","floor":12.0},{"not_picked":["Dash","Outmaneuver"],"picked":"Storm of Steel","floor":14.0},{"not_picked":["Burst","Phantasmal Killer"],"picked":"Bullet Time","floor":16},{"not_picked":["Slice+1","Underhanded Strike"],"picked":"Calculated Gamble+1","floor":18},{"not_picked":["PiercingWail","Expertise"],"picked":"Poisoned Stab","floor":20}],"player_experience":633391,"relics_obtained":[{"floor":3.0,"key":"Whetstone"},{"floor":6.0,"key":"Letter Opener"},{"floor":8.0,"key":"MealTicket"},{"floor":9.0,"key":"Tiny Chest"}],"event_choices":[{"damage_healed":0.0,"max_hp_gain":0.0,"max_hp_loss":0.0,"gold_gain":0.0,"event_name":"Living Wall","player_choice":"Grow","floor":2.0,"gold_loss":0.0,"damage_taken":0.0,"cards_upgraded":["Neutralize"]},{"damage_healed":0.0,"max_hp_gain":0.0,"max_hp_loss":0.0,"gold_gain":0.0,"event_name":"Shining Light","player_choice":"Entered Light","floor":5.0,"gold_loss":0.0,"damage_taken":14.0,"cards_upgraded":["Strike_G","Defend_G"]},{"cards_removed":["Strike_G"],"damage_healed":0,"gold_gain":0,"player_choice":"Elegance","damage_taken":0,"max_hp_gain":0,"max_hp_loss":0,"event_name":"Back to Basics","floor":21,"gold_loss":0},{"damage_healed":0,"gold_gain":0,"player_choice":"Opened","damage_taken":0,"relics_obtained":["Potion Belt"],"max_hp_gain":0,"max_hp_loss":0,"event_name":"The Mausoleum","floor":22,"gold_loss":0,"cards_obtained":["Writhe"]}],"is_beta":false,"boss_relics":[{"not_picked":["Sozu","Calling Bell","Fusion Hammer"]}],"items_purged_floors":[11],"is_endless":false,"potions_floor_spawned":[6,8,12,16,18],"killed_by":"Slavers","ascension_level":1}}