{"host":"iovigr651ajk16h5","time":1613620590,"event":{"mods":["2.2 Compatiblity","AchievementEnabler","Aspiration","BaseMod","Better Altar","Better Match","Better Note","Better Sensory Stone","Better Skull","Better Third Choice","Block Reminder","Colored Map","Ekko","Energized Spire","GifTheSpireLib","GungeonMod","Halation","Hermit","Highlight Path","Hubris","Infinite Spire","Koishi","Luminous","Marisa????????","Minty Spire (QoL Compilation)","Nova Terra(??·??)","Onozuka Komachi Mod","Permanent Neow","Prisma Mod","Quick Restart","Railgun Mod","Remilia??????","Replay The Spire","StSLib","Stuff the Spire","Td1madao Mod","The Administrix","The Bladedancer","The Bug Knight","The Construct","The Marked","TheSwordswoman","Trackpad","Waifu the Spire","WarShipGirlsR/????R mod","everything is the same but u backflip on backflip"],"gold_per_floor":[109,34,34,53,2,33,33,48,122,145,37,70,88,103,103,229,229,243,243,257,257,257],"floor_reached":21,"language":"ENG","playtime":821,"items_purged":["Koishi:BasicDefend"],"score":216,"play_id":"6ace6b96-c37a-4617-b399-e5f764a63d87","local_time":"20210217225630","is_ascension_mode":false,"campfire_choices":[{"data":"Koishi:HauntingSlash","floor":7.0,"key":"SMITH"},{"data":"Koishi:JumpScare","floor":15.0,"key":"SMITH"}],"circlet_count":0,"master_deck":["Koishi:BasicStrike","Koishi:BasicStrike","Koishi:BasicStrike","Koishi:BasicStrike","Koishi:BasicDefend","Koishi:BasicDefend","Koishi:BasicDefend","Koishi:Provoke","Koishi:HauntingSlash+1","Koishi:VengefulSpirit","Koishi:MindNumbingTerror","Koishi:RacingHeart","Koishi:JumpScare+1","Koishi:BloodcurdlingScream","Koishi:TremblingHands","Koishi:TremblingHands","Koishi:ParalyzingFear","Koishi:HeartStoppingHorror","CurseOfTheBell","Koishi:StingingMind+1","Koishi:BloodcurdlingScream"],"relics":["Koishi:ImaginaryFriend","NeowsBlessing","Golden Idol","Ancient Tea Set","Replay:Mystery Machine","trackpad:DisasterInABottle","Art of War","Calling Bell","infinitespire:Lucky Rock","Question Card","Girya"],"acts_visited":["Exordium","TheCity"],"potions_floor_usage":[],"damage_taken":[{"damage":0.0,"enemies":"Cultist","floor":1.0,"turns":1.0},{"damage":0.0,"enemies":"2 Louse","floor":4.0,"turns":1.0},{"damage":0.0,"enemies":"Lagavulin","floor":6.0,"turns":1.0},{"damage":0.0,"enemies":"Jaw Worm","floor":8.0,"turns":3.0},{"damage":4.0,"enemies":"Looter","floor":10.0,"turns":3.0},{"damage":10.0,"enemies":"Replay:BlueRogue","floor":12.0,"turns":5.0},{"damage":0.0,"enemies":"3 Louse","floor":13.0,"turns":1.0},{"damage":7.0,"enemies":"Exordium Thugs","floor":14.0,"turns":3.0},{"damage":21.0,"enemies":"Hexaghost","floor":16.0,"turns":7.0},{"damage":24.0,"enemies":"3 Byrds","floor":18.0,"turns":4.0},{"damage":34.0,"enemies":"2 Thieves","floor":20.0,"turns":4.0},{"damage":13,"enemies":"Centurion and Healer","floor":21,"turns":2}],"seed_played":"5013298484986351608","potions_obtained":[{"floor":6.0,"key":"AttackPotion"},{"floor":10.0,"key":"DemoMod:LeadSkinPotion"},{"floor":13.0,"key":"Dexterity Potion"}],"is_trial":false,"path_per_floor":["M","$","?","M","?","E","R","M","T","M","$","E","M","M","R","B",null,"M","?","M","M"],"character_chosen":"KOISHI","items_purchased":["Koishi:BloodcurdlingScream","Koishi:TremblingHands"],"campfire_rested":0,"item_purchase_floors":[11,11],"current_hp_per_floor":[60,60,56,56,56,56,56,56,56,56,56,52,54,53,53,44,56,40,40,16,3,3],"gold":257,"neow_bonus":"THREE_ENEMY_KILL","is_daily":false,"chose_seed":false,"campfire_upgraded":2,"win_rate":0.0,"timestamp":1613620590,"path_taken":["M","$","?","M","?","E","R","M","T","?","$","E","M","M","R","BOSS","M","?","M","M"],"items_purchased_type":["Card","Card"],"build_version":"2020-12-22","purchased_purges":1,"victory":false,"max_hp_per_floor":[60,60,56,56,56,56,56,56,56,56,56,56,56,56,56,56,56,56,56,56,56,56],"card_choices":[{"not_picked":["Koishi:PhantomBarrier","Koishi:FidgetySnatcher"],"picked":"Koishi:VengefulSpirit","floor":1.0},{"not_picked":["Koishi:SubconsciousSweep","Koishi:UnansweredLove"],"picked":"Koishi:MindNumbingTerror","floor":4.0},{"not_picked":["Koishi:UnconsciousUprising","Koishi:Possession"],"picked":"Koishi:RacingHeart","floor":6.0},{"not_picked":["Koishi:Prune","Koishi:MassHysteria"],"picked":"Koishi:JumpScare","floor":8.0},{"not_picked":["Koishi:Prune","Koishi:SubterraneanRose","Koishi:CatchAndRose"],"picked":"SKIP","floor":10.0},{"not_picked":["Koishi:SprinkleStarAndHeart","Koishi:SuperEgo","Koishi:EmbryosDream"],"picked":"SKIP","floor":12.0},{"not_picked":["Koishi:UnconsciousUrges","Koishi:UnansweredLove","Koishi:UnconsciousUprising"],"picked":"SKIP","floor":13.0},{"not_picked":["Koishi:VengefulSpirit","Koishi:PhantomStrike"],"picked":"Koishi:ParalyzingFear","floor":14.0},{"not_picked":["Koishi:ConfinedInnocent","Koishi:ConditionedTeleport"],"picked":"Koishi:HeartStoppingHorror","floor":16.0},{"not_picked":["Koishi:ReleaseOfTheId+1","Koishi:ReflexRadar","Koishi:ParalyzingFear"],"picked":"Koishi:StingingMind+1","floor":18.0},{"not_picked":["Koishi:EmbryosDream+1","Koishi:PhantomStrike","Koishi:PhantomBarrier"],"picked":"Koishi:BloodcurdlingScream","floor":20.0}],"player_experience":363100,"relics_obtained":[{"floor":6.0,"key":"Replay:Mystery Machine"},{"floor":9.0,"key":"trackpad:DisasterInABottle"},{"floor":12.0,"key":"Art of War"},{"floor":17.0,"key":"infinitespire:Lucky Rock"},{"floor":17.0,"key":"Question Card"},{"floor":17.0,"key":"Girya"}],"event_choices":[{"damage_healed":0.0,"max_hp_gain":0.0,"max_hp_loss":4.0,"gold_gain":0.0,"event_name":"Golden Idol","player_choice":"Lose Max HP","floor":3.0,"gold_loss":0.0,"damage_taken":0.0,"relics_obtained":["Golden Idol"]},{"damage_healed":0.0,"max_hp_gain":0.0,"max_hp_loss":0.0,"gold_gain":0.0,"event_name":"WeMeetAgain","player_choice":"Paid Gold","floor":5.0,"gold_loss":51.0,"damage_taken":0.0,"relics_obtained":["Ancient Tea Set"]},{"damage_healed":0.0,"max_hp_gain":0.0,"max_hp_loss":0.0,"gold_gain":0.0,"event_name":"betterNote:BetterNote","player_choice":"Ignored","floor":19.0,"gold_loss":0.0,"damage_taken":0.0,"cards_obtained":["MaximisePower"]}],"is_beta":false,"boss_relics":[{"not_picked":["trackpad:Trackpad","halation:PinkAlligatorPlush"],"picked":"Calling Bell"}],"items_purged_floors":[2],"is_endless":false,"potions_floor_spawned":[6,10,13],"killed_by":"Centurion and Healer","ascension_level":0}}