{"host":"bxn2em57qlx5u4i0","time":1613619561,"event":{"mods":["BaseMod","Colored Map","Colored Powertips","Highlight Path","Minty Spire (QoL Compilation)","Random Character Button","Relic Sorter","Relic Stats","StSLib","SuperFastMode"],"gold_per_floor":[113,127,127,127,139,174,201,236,236,263,298,298,333,364,364,443,443,460,460,478,24,53,85,119,152,203,228,228,262,262,21,21,93,93,103,156,156,175,190,221,265,295,295,320,350,382,128,162,162,162,162,162,162,2,31,31],"floor_reached":57,"language":"ENG","playtime":2294,"items_purged":["Poisoned Stab","Bane+1"],"score":4302,"play_id":"2878451a-5257-4273-b3d2-cfc1e92fdbd8","local_time":"20210217223921","daily_mods":["SealedDeck","Heirloom","Time Dilation","Flight","DeadlyEvents","Elite Swarm"],"is_ascension_mode":true,"campfire_choices":[{"data":"Wraith Form v2","floor":12,"key":"SMITH"},{"data":"Noxious Fumes","floor":15,"key":"SMITH"},{"data":"Wraith Form v2","floor":28,"key":"SMITH"},{"data":"Night Terror","floor":30,"key":"SMITH"},{"data":"Bouncing Flask","floor":32,"key":"SMITH"},{"floor":49,"key":"RECALL"},{"data":"Malaise","floor":53,"key":"SMITH"}],"circlet_count":0,"master_deck":["AscendersBane","PiercingWail","Quick Slash+1","Backflip","Deflect","Dodge and Roll","Bouncing Flask+1","Noxious Fumes+1","Crippling Poison","Crippling Poison+1","Backflip","Wraith Form v2+1","Adrenaline","Adrenaline+1","Tools of the Trade","After Image","After Image","Night Terror+1","Wraith Form v2+1","Madness","Madness+1","Malaise+1","After Image"],"relics":["Ring of the Snake","Tingsha","Snake Skull","Bottled Tornado","Kunai","Orichalcum","InkBottle","Blood Vial","Molten Egg 2","Whetstone","Busted Crown","Medical Kit","Paper Crane","Mercury Hourglass","Dream Catcher","Pocketwatch","Oddly Smooth Stone","Art of War","Ancient Tea Set","Tough Bandages","TwistedFunnel","Black Star","The Specimen","CeramicFish","Singing Bowl","Pantograph","Thread and Needle","Akabeko","Lizard Tail","Regal Pillow","Incense Burner","TungstenRod","CaptainsWheel","War Paint","DollysMirror","HornCleat","Pear","Bag of Marbles","Anchor","White Beast Statue"],"acts_visited":["Exordium","TheCity","TheBeyond","TheEnding"],"potions_floor_usage":[8,11,45,56,56],"damage_taken":[{"damage":0.0,"enemies":"2 Louse","floor":1.0,"turns":3.0},{"damage":3.0,"enemies":"Small Slimes","floor":2.0,"turns":3.0},{"damage":0.0,"enemies":"Cultist","floor":5.0,"turns":3.0},{"damage":19.0,"enemies":"Lagavulin","floor":6.0,"turns":6.0},{"damage":7.0,"enemies":"3 Sentries","floor":7.0,"turns":4.0},{"damage":1,"enemies":"Gremlin Nob","floor":8,"turns":5},{"damage":13,"enemies":"3 Sentries","floor":10,"turns":4},{"damage":5,"enemies":"Gremlin Nob","floor":11,"turns":3},{"damage":0,"enemies":"3 Sentries","floor":13,"turns":4},{"damage":0,"enemies":"Lagavulin","floor":14,"turns":5},{"damage":0,"enemies":"The Guardian","floor":16,"turns":7},{"damage":9,"enemies":"Chosen","floor":18,"turns":4},{"damage":0,"enemies":"3 Byrds","floor":20,"turns":3},{"damage":4,"enemies":"Gremlin Leader","floor":22,"turns":5},{"damage":0,"enemies":"Book of Stabbing","floor":23,"turns":5},{"damage":8,"enemies":"Gremlin Leader","floor":24,"turns":5},{"damage":0,"enemies":"Book of Stabbing","floor":25,"turns":5},{"damage":1,"enemies":"Slavers","floor":27,"turns":3},{"damage":0,"enemies":"Gremlin Leader","floor":29,"turns":5},{"damage":0,"enemies":"Collector","floor":33,"turns":6},{"damage":0,"enemies":"3 Shapes","floor":35,"turns":3},{"damage":0,"enemies":"2 Orb Walkers","floor":36,"turns":5},{"damage":9,"enemies":"3 Darklings","floor":38,"turns":4},{"damage":0,"enemies":"Maw","floor":39,"turns":6},{"damage":0,"enemies":"Nemesis","floor":40,"turns":7},{"damage":0,"enemies":"Giant Head","floor":41,"turns":8},{"damage":4,"enemies":"Reptomancer","floor":42,"turns":4},{"damage":0,"enemies":"Nemesis","floor":44,"turns":7},{"damage":3,"enemies":"Reptomancer","floor":45,"turns":4},{"damage":0,"enemies":"Giant Head","floor":46,"turns":8},{"damage":0,"enemies":"Nemesis","floor":48,"turns":7},{"damage":0,"enemies":"Donu and Deca","floor":50,"turns":8},{"damage":3,"enemies":"Awakened One","floor":51,"turns":13},{"damage":0,"enemies":"Shield and Spear","floor":55,"turns":6},{"damage":0,"enemies":"The Heart","floor":56,"turns":9}],"seed_played":"-8782050723930855414","potions_obtained":[{"floor":2.0,"key":"SkillPotion"},{"floor":5.0,"key":"Fire Potion"},{"floor":7.0,"key":"SpeedPotion"},{"floor":10,"key":"CunningPotion"},{"floor":16,"key":"LiquidBronze"},{"floor":18,"key":"GamblersBrew"},{"floor":22,"key":"PowerPotion"},{"floor":46,"key":"Poison Potion"},{"floor":55,"key":"PowerPotion"}],"is_trial":true,"path_per_floor":["M","M","?","?","M","E","E","E","T","E","E","R","E","E","R","B",null,"M","?","M","$","E","E","E","E","T","E","R","E","R","$","R","B",null,"M","?","?","M","M","E","E","E","T","E","E","E","$","E","R","B","B",null,"R","$","E","B",null],"character_chosen":"THE_SILENT","items_purchased":["Medical Kit","Paper Crane","TwistedFunnel","DollysMirror","Bag of Marbles"],"campfire_rested":0,"item_purchase_floors":[21,21,31,47,54],"current_hp_per_floor":[59,56,56,47,47,28,21,20,20,7,2,2,4,6,6,8,52,45,50,52,52,50,52,46,48,48,49,49,51,51,51,51,53,63,65,66,54,47,49,51,53,53,53,57,58,62,62,76,76,86,83,85,85,85,88,88],"gold":31,"neow_bonus":"","is_daily":false,"chose_seed":false,"campfire_upgraded":6,"win_rate":0.0,"timestamp":1613619561,"path_taken":["M","M","?","?","?","E","E","E","T","E","E","R","E","E","R","BOSS","M","?","?","?","?","E","E","E","T","E","R","E","R","$","R","BOSS","M","?","?","?","M","E","E","E","T","E","E","E","$","E","R","BOSS","BOSS","R","$","E","BOSS"],"items_purchased_type":["Relic","Relic","Relic","Relic","Relic"],"build_version":"2020-12-22","purchased_purges":2,"victory":true,"max_hp_per_floor":[66,66,66,66,66,66,66,66,66,66,66,66,66,66,66,66,66,66,66,66,66,66,66,66,66,66,66,66,66,66,66,66,66,66,66,66,66,66,66,66,66,68,68,70,72,74,74,86,86,86,86,86,86,86,88,88],"relic_stats":{"Regal Pillow":0,"Singing Bowl":12,"CeramicFish":18,"Snake Skull":[611],"Whetstone":["Bane","Quick Slash"],"Blood Vial":46,"Dream Catcher":0,"Tough Bandages":[189],"Lizard Tail":0,"Pantograph":10,"Kunai":[1],"InkBottle":[69],"Ring of the Snake":[70],"counters":[35,186],"Tingsha":[217],"Orichalcum":[114],"War Paint":["Adrenaline","Madness"],"Medical Kit":[43],"Mercury Hourglass":[517],"Busted Crown":42,"Art of War":[71],"Black Star":8,"obtain_stats":[{"TwistedFunnel":31,"Regal Pillow":44,"Singing Bowl":41,"CeramicFish":40,"Snake Skull":6,"Incense Burner":45,"Whetstone":14,"Bottled Tornado":7,"Ancient Tea Set":27,"Blood Vial":11,"Dream Catcher":23,"Tough Bandages":29,"Lizard Tail":44,"HornCleat":48,"DollysMirror":47,"Pantograph":41,"Kunai":8,"InkBottle":10,"Ring of the Snake":0,"Pear":48,"The Specimen":36,"Oddly Smooth Stone":25,"Tingsha":0,"Thread and Needle":42,"Orichalcum":9,"Paper Crane":21,"War Paint":46,"Medical Kit":21,"Akabeko":42,"White Beast Statue":55,"Mercury Hourglass":22,"CaptainsWheel":46,"Anchor":55,"Busted Crown":17,"Molten Egg 2":13,"Art of War":26,"Black Star":34,"Bag of Marbles":54,"TungstenRod":45,"Pocketwatch":24},{"TwistedFunnel":19,"Regal Pillow":28,"Singing Bowl":26,"CeramicFish":25,"Snake Skull":4,"Incense Burner":29,"Whetstone":10,"Bottled Tornado":5,"Ancient Tea Set":18,"Blood Vial":8,"Dream Catcher":15,"Tough Bandages":19,"Lizard Tail":28,"HornCleat":31,"DollysMirror":30,"Pantograph":26,"Kunai":6,"InkBottle":7,"Ring of the Snake":0,"Pear":31,"The Specimen":22,"Oddly Smooth Stone":17,"Tingsha":0,"Thread and Needle":27,"Orichalcum":6,"Paper Crane":13,"War Paint":30,"Medical Kit":13,"Akabeko":27,"White Beast Statue":34,"Mercury Hourglass":14,"CaptainsWheel":30,"Anchor":34,"Busted Crown":11,"Molten Egg 2":9,"Art of War":17,"Black Star":20,"Bag of Marbles":33,"TungstenRod":29,"Pocketwatch":16},{"TwistedFunnel":82,"Regal Pillow":131,"Singing Bowl":120,"CeramicFish":112,"Snake Skull":15,"Incense Burner":135,"Whetstone":40,"Bottled Tornado":19,"Ancient Tea Set":77,"Blood Vial":31,"Dream Catcher":64,"Tough Bandages":82,"Lizard Tail":131,"HornCleat":150,"DollysMirror":143,"Pantograph":120,"Kunai":24,"InkBottle":28,"Ring of the Snake":0,"Pear":150,"The Specimen":95,"Oddly Smooth Stone":74,"Tingsha":0,"Thread and Needle":124,"Orichalcum":24,"Paper Crane":54,"War Paint":143,"Medical Kit":54,"Akabeko":124,"White Beast Statue":177,"Mercury Hourglass":59,"CaptainsWheel":143,"Anchor":177,"Busted Crown":47,"Molten Egg 2":35,"Art of War":74,"Black Star":88,"Bag of Marbles":171,"TungstenRod":135,"Pocketwatch":69}],"TungstenRod":1,"Pocketwatch":[64]},"card_choices":[{"not_picked":["Finisher","Dagger Throw"],"picked":"Crippling Poison","floor":1.0},{"not_picked":["Deadly Poison","Sucker Punch"],"picked":"Crippling Poison","floor":2.0},{"not_picked":["Outmaneuver","Bane"],"picked":"Backflip","floor":5.0},{"not_picked":["Die Die Die","Venomology"],"picked":"Wraith Form v2","floor":6.0},{"not_picked":["Die Die Die","Phantasmal Killer","A Thousand Cuts"],"picked":"SKIP","floor":7.0},{"not_picked":["Die Die Die","A Thousand Cuts","Glass Knife"],"picked":"SKIP","floor":8},{"not_picked":["Venomology","Glass Knife"],"picked":"Adrenaline","floor":10},{"not_picked":["Bullet Time","Wraith Form v2"],"picked":"Adrenaline","floor":11},{"not_picked":["Unload+1","Storm of Steel"],"picked":"Tools of the Trade","floor":13},{"not_picked":["Grand Finale+1","Burst"],"picked":"After Image","floor":14},{"not_picked":["Phantasmal Killer","Venomology"],"picked":"After Image","floor":16},{"not_picked":["Endless Agony+1"],"picked":"SKIP","floor":18},{"not_picked":["Dagger Throw+1"],"picked":"SKIP","floor":20},{"not_picked":[],"picked":"Night Terror","floor":22},{"not_picked":["A Thousand Cuts"],"picked":"SKIP","floor":23},{"not_picked":[],"picked":"Wraith Form v2","floor":24},{"not_picked":["Storm of Steel"],"picked":"SKIP","floor":25},{"not_picked":["Doppelganger"],"picked":"SKIP","floor":27},{"not_picked":["Envenom"],"picked":"SKIP","floor":29},{"not_picked":["PiercingWail"],"picked":"SKIP","floor":35},{"not_picked":["Prepared"],"picked":"SKIP","floor":38},{"not_picked":["Footwork"],"picked":"SKIP","floor":39},{"not_picked":["Envenom"],"picked":"SKIP","floor":40},{"not_picked":[],"picked":"Malaise","floor":41},{"not_picked":["Bullet Time"],"picked":"Singing Bowl","floor":42},{"not_picked":["Night Terror"],"picked":"Singing Bowl","floor":44},{"not_picked":["Phantasmal Killer"],"picked":"Singing Bowl","floor":45},{"not_picked":["Bullet Time"],"picked":"Singing Bowl","floor":46},{"not_picked":["Envenom"],"picked":"Singing Bowl","floor":48},{"not_picked":["Wraith Form v2"],"picked":"Singing Bowl","floor":55}],"player_experience":3041051,"relics_obtained":[{"floor":6.0,"key":"Snake Skull"},{"floor":7.0,"key":"Bottled Tornado"},{"floor":8,"key":"Kunai"},{"floor":9,"key":"Orichalcum"},{"floor":10,"key":"InkBottle"},{"floor":11,"key":"Blood Vial"},{"floor":13,"key":"Molten Egg 2"},{"floor":14,"key":"Whetstone"},{"floor":22,"key":"Mercury Hourglass"},{"floor":23,"key":"Dream Catcher"},{"floor":24,"key":"Pocketwatch"},{"floor":25,"key":"Oddly Smooth Stone"},{"floor":26,"key":"Art of War"},{"floor":27,"key":"Ancient Tea Set"},{"floor":29,"key":"Tough Bandages"},{"floor":36,"key":"The Specimen"},{"floor":40,"key":"CeramicFish"},{"floor":41,"key":"Singing Bowl"},{"floor":41,"key":"Pantograph"},{"floor":42,"key":"Thread and Needle"},{"floor":42,"key":"Akabeko"},{"floor":44,"key":"Lizard Tail"},{"floor":44,"key":"Regal Pillow"},{"floor":45,"key":"Incense Burner"},{"floor":45,"key":"TungstenRod"},{"floor":46,"key":"CaptainsWheel"},{"floor":46,"key":"War Paint"},{"floor":48,"key":"HornCleat"},{"floor":48,"key":"Pear"},{"floor":55,"key":"Anchor"},{"floor":55,"key":"White Beast Statue"}],"event_choices":[{"damage_healed":0.0,"max_hp_gain":0.0,"max_hp_loss":0.0,"gold_gain":0.0,"event_name":"Living Wall","player_choice":"Grow","floor":3.0,"gold_loss":0.0,"damage_taken":0.0,"cards_upgraded":["Crippling Poison"]},{"damage_healed":0.0,"max_hp_gain":0.0,"max_hp_loss":0.0,"gold_gain":0.0,"event_name":"Wheel of Change","player_choice":"Damaged","floor":4.0,"gold_loss":0.0,"damage_taken":9.0},{"cards_removed":["Cloak And Dagger"],"damage_healed":5,"gold_gain":0,"player_choice":"Offered Common","damage_taken":0,"max_hp_gain":0,"max_hp_loss":0,"event_name":"Bonfire Elementals","floor":19,"gold_loss":0},{"cards_removed":["Cloak And Dagger"],"damage_healed":5,"gold_gain":0,"player_choice":"Offered Special","damage_taken":0,"max_hp_gain":0,"max_hp_loss":0,"event_name":"Bonfire Elementals","floor":19,"gold_loss":0},{"damage_healed":0,"gold_gain":0,"player_choice":"Fight","damage_taken":0,"max_hp_gain":0,"max_hp_loss":0,"event_name":"Mysterious Sphere","floor":36,"gold_loss":0},{"damage_healed":0,"gold_gain":0,"player_choice":"Embrace Madness","damage_taken":12,"max_hp_gain":0,"max_hp_loss":0,"event_name":"Winding Halls","floor":37,"gold_loss":0,"cards_obtained":["Madness","Madness"]}],"is_beta":false,"boss_relics":[{"not_picked":["Calling Bell","Cursed Key"],"picked":"Busted Crown"},{"not_picked":["Velvet Choker","WristBlade"],"picked":"Black Star"}],"items_purged_floors":[31,47],"is_endless":false,"potions_floor_spawned":[2,5,7,10,16,18,22,24,25,27,35,40,41,42,46,55],"ascension_level":20}}