{"host":"nuu0xlk1bpqu5s2n","time":1613610943,"event":{"mods":["AchievementEnabler","BaseMod","Minty Spire (QoL Compilation)","StSLib"],"gold_per_floor":[115,115,115,115,134,178,178,201,225,241,241,241,241],"floor_reached":12,"language":"ENG","playtime":467,"items_purged":[],"score":156,"play_id":"ccf62cbe-2692-42af-8565-7aa7d7ab71f1","local_time":"20210218031543","is_ascension_mode":true,"campfire_choices":[{"floor":7,"key":"REST"}],"circlet_count":0,"master_deck":["AscendersBane","Strike_G+1","Strike_G","Strike_G+1","Strike_G","Strike_G","Defend_G","Defend_G","Defend_G","Defend_G","Defend_G","Survivor","Neutralize","Finisher","Poisoned Stab","Terror","Backflip","Decay"],"relics":["Ring of the Snake","Mango","Golden Idol","Art of War","Bag of Marbles"],"acts_visited":["Exordium"],"potions_floor_usage":[6,6],"damage_taken":[{"damage":5,"enemies":"Small Slimes","floor":1,"turns":4},{"damage":6,"enemies":"2 Louse","floor":5,"turns":4},{"damage":20,"enemies":"3 Sentries","floor":6,"turns":7},{"damage":0,"enemies":"Cultist","floor":8,"turns":3},{"damage":7,"enemies":"Looter","floor":10,"turns":4},{"damage":47,"enemies":"Lagavulin","floor":12,"turns":6}],"seed_played":"6584367066141738576","potions_obtained":[{"floor":1,"key":"Regen Potion"},{"floor":5,"key":"PowerPotion"},{"floor":10,"key":"FearPotion"}],"is_trial":false,"path_per_floor":["M","?","?","?","M","E","R","M","T","M","?","E"],"character_chosen":"THE_SILENT","items_purchased":[],"campfire_rested":1,"item_purchase_floors":[],"current_hp_per_floor":[53,53,31,31,25,20,41,41,41,34,34,0,0],"gold":241,"neow_bonus":"ONE_RARE_RELIC","is_daily":false,"chose_seed":false,"campfire_upgraded":0,"win_rate":0.0,"timestamp":1613610943,"path_taken":["M","?","?","?","M","E","R","M","T","M","?","E"],"items_purchased_type":[],"build_version":"2020-12-22","purchased_purges":0,"victory":false,"max_hp_per_floor":[80,72,72,72,72,72,72,72,72,72,72,72,72],"card_choices":[{"not_picked":["Masterful Stab","Infinite Blades"],"picked":"Finisher","floor":1},{"not_picked":["Acrobatics","Finisher"],"picked":"Poisoned Stab","floor":5},{"not_picked":["Flying Knee","Noxious Fumes"],"picked":"Terror","floor":6},{"not_picked":["Dagger Spray","Prepared"],"picked":"Backflip","floor":8},{"not_picked":["Sucker Punch","Eviscerate","Terror"],"picked":"SKIP","floor":10}],"player_experience":557770,"relics_obtained":[{"floor":6,"key":"Art of War"},{"floor":9,"key":"Bag of Marbles"}],"event_choices":[{"damage_healed":0,"gold_gain":0,"player_choice":"Lose Max HP","damage_taken":0,"relics_obtained":["Golden Idol"],"max_hp_gain":0,"max_hp_loss":8,"event_name":"Golden Idol","floor":2,"gold_loss":0},{"damage_healed":0,"gold_gain":0,"player_choice":"Entered Light","damage_taken":22,"max_hp_gain":0,"max_hp_loss":0,"event_name":"Shining Light","floor":3,"gold_loss":0,"cards_upgraded":["Strike_G","Strike_G"]},{"damage_healed":0,"gold_gain":0,"player_choice":"Fled","damage_taken":0,"max_hp_gain":0,"max_hp_loss":0,"event_name":"Scrap Ooze","floor":4,"gold_loss":0},{"damage_healed":0,"gold_gain":0,"player_choice":"Cursed","damage_taken":0,"max_hp_gain":0,"max_hp_loss":0,"event_name":"Wheel of Change","floor":11,"gold_loss":0,"cards_obtained":["Decay"]}],"is_beta":false,"boss_relics":[],"items_purged_floors":[],"is_endless":false,"potions_floor_spawned":[1,5,10],"killed_by":"Lagavulin","ascension_level":20}}