{"host":"lxihx0b6awoz2w1j","time":1613678664,"event":{"mods":["BaseMod","Better Third Choice","BetterRewards","CapriCore","Colored Powertips","Conspire","Downfall","Fox Events","Hubris","Infinite Spire","Melee Mod","Minty Spire (QoL Compilation)","Permanent Neow","Quick Restart","Relic Stats","Reliquary","Replay The Spire","Spicy Shops","StSLib","The Alterego","The Blue Laboratory","The Death Knight","The Forsaken","The Jungle","Waifu the Spire"],"gold_per_floor":[119,119,137,55,72,72,98,108,108,108,108,118,130,147,147,250,250,264,246,273,273,273],"floor_reached":21,"language":"ENG","playtime":1228,"items_purged":[],"score":183,"play_id":"76a06fea-0130-41c1-a54b-b8240aeaafd8","local_time":"20210218210424","is_ascension_mode":false,"campfire_choices":[{"data":"DeathKnight:BludPresence","floor":6.0,"key":"SMITH"},{"floor":10.0,"key":"REST"},{"floor":15.0,"key":"REST"}],"circlet_count":0,"master_deck":["DeathKnight:Strike_DeathKnight","DeathKnight:Strike_DeathKnight","DeathKnight:Strike_DeathKnight","DeathKnight:Strike_DeathKnight","DeathKnight:Strike_DeathKnight","DeathKnight:Defend_DeathKnight","DeathKnight:Defend_DeathKnight","DeathKnight:Defend_DeathKnight","DeathKnight:Defend_DeathKnight","DeathKnight:Defend_DeathKnight+1","DeathKnight:RuneTap","DeathKnight:RuneStrike","DeathKnight:BloodPact","DeathKnight:HornOfWinter","DeathKnight:GargoyleSkin","DeathKnight:DeathCoil","DeathKnight:DeathCoil","DeathKnight:BloodTap","DeathKnight:RuneShock","DeathKnight:BloodEchoes","DeathKnight:GargoyleSkin","DeathKnight:BludPresence+1","DeathKnight:FrostStrike","DeathKnight:DeathStrike"],"relics":["DeathKnight:BrokenRuneblade","BargainBundle","Vajra","foxEvents:EldersFace","Omamori","reliquary:Sideboard","hubris:Towel","Replay:Grab Bag","Velvet Choker","infinitespire:Cupcake","Calling Bell","Lantern","Replay:Accelerometer","conspire:Boomerang","Mirror"],"acts_visited":["Exordium","TheCity"],"potions_floor_usage":[],"damage_taken":[{"damage":9.0,"enemies":"2 Louse","floor":1.0,"turns":2.0},{"damage":2.0,"enemies":"Cultist","floor":3.0,"turns":4.0},{"damage":6.0,"enemies":"Small Slimes","floor":5.0,"turns":3.0},{"damage":14.0,"enemies":"Gremlin Nob","floor":7.0,"turns":5.0},{"damage":8.0,"enemies":"Looter","floor":8.0,"turns":3.0},{"damage":16.0,"enemies":"Exordium Wildlife","floor":12.0,"turns":6.0},{"damage":16.0,"enemies":"Large Slime","floor":13.0,"turns":7.0},{"damage":2.0,"enemies":"2 Fungi Beasts","floor":14.0,"turns":3.0},{"damage":47.0,"enemies":"Fading Forest","floor":16.0,"turns":11.0},{"damage":0.0,"enemies":"Spheric Guardian","floor":18.0,"turns":2.0},{"damage":17.0,"enemies":"2 Thieves","floor":19.0,"turns":4.0},{"damage":37.0,"enemies":"conspire:MimicChest","floor":20.0,"turns":8.0},{"damage":32,"enemies":"3 Cultists","floor":21,"turns":6}],"seed_played":"-4220455295264588846","potions_obtained":[{"floor":1.0,"key":"blueLaboratory:FrostheartPotion"},{"floor":5.0,"key":"DeathKnight:PlagueVial"},{"floor":12.0,"key":"blueLaboratory:FrostheartPotion"},{"floor":18.0,"key":"DeathKnight:RunicPotion"}],"is_trial":false,"path_per_floor":["M","?","M","$","M","R","E","M","T","R","?","M","M","M","R","B",null,"M","M","?","M"],"character_chosen":"DEATH_KNIGHT","items_purchased":["BargainBundle","DeathKnight:BloodPact","DeathKnight:HornOfWinter","DeathKnight:GargoyleSkin","DeathKnight:DeathCoil","DeathKnight:BloodTap","Vajra","DeathKnight:GargoyleSkin"],"campfire_rested":2,"item_purchase_floors":[0,0,0,0,0,0,0,4],"current_hp_per_floor":[58,58,56,56,50,50,36,28,28,50,50,41,25,23,45,5,75,75,65,35,10,10],"gold":273,"neow_bonus":"","is_daily":false,"chose_seed":false,"campfire_upgraded":1,"win_rate":0.0,"timestamp":1613678664,"path_taken":["M","?","?","$","M","R","E","M","T","R","?","M","M","M","R","BOSS","M","M","?","?"],"items_purchased_type":["Relic","Card","Card","Card","Card","Card","Relic","Card"],"build_version":"2020-12-22","purchased_purges":0,"victory":false,"max_hp_per_floor":[75,75,75,75,75,75,75,75,75,75,75,75,75,75,75,75,75,75,75,75,75,75],"relic_stats":{"counters":[13,64],"obtain_stats":[{"Replay:Accelerometer":17,"BargainBundle":0,"Lantern":17,"reliquary:Sideboard":9,"Replay:Grab Bag":17,"Vajra":0,"Velvet Choker":17,"foxEvents:EldersFace":2,"Omamori":7,"conspire:Boomerang":17,"hubris:Towel":11,"Calling Bell":17,"Mirror":20,"DeathKnight:BrokenRuneblade":0,"infinitespire:Cupcake":17},{"Replay:Accelerometer":9,"BargainBundle":0,"Lantern":9,"reliquary:Sideboard":5,"Replay:Grab Bag":9,"Vajra":0,"Velvet Choker":9,"foxEvents:EldersFace":1,"Omamori":4,"conspire:Boomerang":9,"hubris:Towel":5,"Calling Bell":9,"Mirror":12,"DeathKnight:BrokenRuneblade":0,"infinitespire:Cupcake":9},{"Replay:Accelerometer":44,"BargainBundle":0,"Lantern":44,"reliquary:Sideboard":17,"Replay:Grab Bag":44,"Vajra":0,"Velvet Choker":44,"foxEvents:EldersFace":2,"Omamori":14,"conspire:Boomerang":44,"hubris:Towel":17,"Calling Bell":44,"Mirror":58,"DeathKnight:BrokenRuneblade":0,"infinitespire:Cupcake":44}]},"card_choices":[{"not_picked":["DeathKnight:FesteringStrike","DeathKnight:DeathGrip"],"picked":"DeathKnight:RuneShock","floor":1.0},{"not_picked":["DeathKnight:DeathGrip","DeathKnight:Lichborne"],"picked":"DeathKnight:BloodEchoes","floor":3.0},{"not_picked":["DeathKnight:IceboundArmor","DeathKnight:RunicCorruption"],"picked":"DeathKnight:BludPresence","floor":5.0},{"not_picked":["DeathKnight:BoneStorm","DeathKnight:RuneShock"],"picked":"DeathKnight:FrostStrike","floor":7.0},{"not_picked":["DeathKnight:BloodEchoes","DeathKnight:Hemostasis"],"picked":"DeathKnight:DeathStrike","floor":8.0},{"not_picked":["DeathKnight:ChainsOfIce","DeathKnight:FesteringStrike"],"picked":"DeathKnight:PathOfFrost","floor":12.0},{"not_picked":["DeathKnight:Hysteria","DeathKnight:PlagueStrike"],"picked":"DeathKnight:DarkSuccor","floor":13.0},{"not_picked":["DeathKnight:FoulBulwark","DeathKnight:WraithWalk"],"picked":"DeathKnight:IceboundArmor","floor":14.0},{"not_picked":["DeathKnight:Simulacrum","DeathKnight:ReapingStrike"],"picked":"DeathKnight:Frostscythe","floor":16.0},{"not_picked":["DeathKnight:MutagenicPlague","DeathKnight:BladedArmor"],"picked":"DeathKnight:Hysteria","floor":18.0},{"not_picked":["DeathKnight:Pestilence","DeathKnight:BludPresence"],"picked":"DeathKnight:Frostscythe","floor":19.0}],"player_experience":612550,"relics_obtained":[{"floor":7.0,"key":"Omamori"},{"floor":9.0,"key":"reliquary:Sideboard"},{"floor":17.0,"key":"Lantern"},{"floor":17.0,"key":"Replay:Accelerometer"},{"floor":17.0,"key":"conspire:Boomerang"},{"floor":20.0,"key":"Mirror"}],"event_choices":[{"damage_healed":0.0,"max_hp_gain":0.0,"max_hp_loss":0.0,"gold_gain":0.0,"event_name":"FaceTrader","player_choice":"Trade","floor":2.0,"gold_loss":0.0,"damage_taken":0.0,"relics_obtained":["foxEvents:EldersFace"]}],"is_beta":false,"boss_relics":[{"not_picked":["reliquary:ThirdArm","hubris:RunicObelisk"],"picked":"Replay:Grab Bag"},{"not_picked":["Philosopher\u0027s Stone","ReplayTheSpireMod:Onyx Gauntlets"],"picked":"Velvet Choker"},{"not_picked":["bronze:MakeshiftBattery","reliquary:Craggleroot"],"picked":"infinitespire:Cupcake"},{"not_picked":["hubris:Backtick","hubris:ScarierMask"],"picked":"Calling Bell"}],"items_purged_floors":[],"is_endless":false,"potions_floor_spawned":[1,5,12,13,18],"killed_by":"3 Cultists","ascension_level":0}}