{"host":"zk2wr01vh49shv6l","time":1613690696,"event":{"mods":["BaseMod","Hermit","Minty Spire (QoL Compilation)","Replay The Spire","StSLib","The Bug Knight"],"gold_per_floor":[112,10,29,45,58,92,17,292,315,328,328,328,328],"floor_reached":12,"language":"PTB","playtime":604,"items_purged":["Heatsinks"],"score":80,"play_id":"d6901d06-11a7-4da6-80c1-3277438f54ea","local_time":"20210218212456","is_ascension_mode":false,"campfire_choices":[{"floor":11,"key":"REST"}],"circlet_count":0,"master_deck":["Strike_B","Strike_B","Strike_B","Strike_B","Defend_B","Defend_B","Defend_B","Defend_B+1","Zap","Dualcast","Storm","Sweeping Beam","Sweeping Beam","Static Discharge","Storm","Beam Cell","Coolheaded","Regret","Coolheaded"],"relics":["Cracked Core","Replay:Antivirus Software","Gremlin Food"],"acts_visited":["Exordium"],"potions_floor_usage":[5,10],"damage_taken":[{"damage":0,"enemies":"Cultist","floor":1,"turns":4},{"damage":6,"enemies":"Jaw Worm","floor":3,"turns":3},{"damage":2,"enemies":"2 Louse","floor":4,"turns":2},{"damage":28,"enemies":"Lots of Slimes","floor":5,"turns":2},{"damage":31,"enemies":"Lagavulin","floor":6,"turns":4},{"damage":11,"enemies":"Exordium Wildlife","floor":10,"turns":3},{"damage":0,"enemies":"3 Sentries","floor":12,"turns":1}],"seed_played":"-2228865521400626680","potions_obtained":[{"floor":1,"key":"ColorlessPotion"},{"floor":3,"key":"Milkshake"},{"floor":6,"key":"DuplicationPotion"}],"is_trial":false,"path_per_floor":["M","$","M","M","M","E","$","?","T","M","R","E"],"character_chosen":"DEFECT","items_purchased":["Sweeping Beam","Static Discharge"],"campfire_rested":1,"item_purchase_floors":[2,2],"current_hp_per_floor":[82,82,76,74,46,15,15,15,15,4,28,28,28],"gold":328,"neow_bonus":"TEN_PERCENT_HP_BONUS","is_daily":false,"chose_seed":false,"campfire_upgraded":0,"win_rate":0.0,"timestamp":1613690696,"path_taken":["M","?","M","M","M","E","$","?","T","?","R","E"],"items_purchased_type":["Card","Card"],"build_version":"2020-12-22","purchased_purges":1,"victory":false,"max_hp_per_floor":[82,82,82,82,82,82,82,82,82,82,82,82,82],"card_choices":[{"not_picked":["Hologram","Reprogram"],"picked":"Storm","floor":1},{"not_picked":["Steam","Conserve Battery"],"picked":"Storm","floor":3},{"not_picked":["Rebound","Aggregate"],"picked":"Heatsinks","floor":4},{"not_picked":["Turbo","Streamline"],"picked":"Beam Cell","floor":5},{"not_picked":["Rebound","Stack"],"picked":"Coolheaded","floor":6},{"not_picked":["ReplaySort","All For One"],"picked":"Coolheaded","floor":10}],"player_experience":220889,"relics_obtained":[{"floor":6,"key":"Replay:Antivirus Software"},{"floor":9,"key":"Gremlin Food"}],"event_choices":[{"damage_healed":0,"gold_gain":275,"player_choice":"Desecrate","damage_taken":0,"max_hp_gain":0,"max_hp_loss":0,"event_name":"Golden Shrine","floor":8,"gold_loss":0,"cards_obtained":["Regret"]}],"is_beta":false,"boss_relics":[],"items_purged_floors":[7],"is_endless":false,"potions_floor_spawned":[1,3,6],"killed_by":"3 Sentries","ascension_level":0}}