{"host":"4i5my69dv6e41930","time":1613687008,"event":{"mods":["AchievementEnabler","BaseMod","Minty Spire (QoL Compilation)","Relic Stats"],"gold_per_floor":[110,110,5,5,5,5,39,39,62,76,105,121,121,133,133,212,212,222,20,70,83,98,98,114,114,138,138,138],"floor_reached":27,"language":"ENG","playtime":1340,"items_purged":[],"score":492,"play_id":"86a1824b-32e3-453c-9d14-314061290ef5","local_time":"20210218172328","is_ascension_mode":true,"campfire_choices":[{"data":"Noxious Fumes","floor":6.0,"key":"SMITH"},{"data":"Neutralize","floor":8.0,"key":"SMITH"},{"floor":13.0,"key":"REST"},{"data":"Bouncing Flask","floor":15.0,"key":"SMITH"},{"data":"Wraith Form v2","floor":23,"key":"SMITH"},{"data":"Noxious Fumes","floor":25,"key":"SMITH"}],"circlet_count":0,"master_deck":["AscendersBane","Strike_G+1","Strike_G+1","Strike_G","Strike_G","Strike_G","Defend_G","Defend_G","Defend_G+1","Defend_G","Defend_G","Survivor+1","Neutralize+1","Noxious Fumes+1","Flying Knee","Cloak And Dagger","Blade Dance","Bouncing Flask+1","Cloak And Dagger","Wraith Form v2+1","Noxious Fumes+1"],"relics":["Ring of the Snake","NeowsBlessing","StoneCalendar","Whetstone","MealTicket","Cursed Key","Omamori"],"acts_visited":["Exordium","TheCity"],"potions_floor_usage":[22,24,27],"damage_taken":[{"damage":0.0,"enemies":"Small Slimes","floor":1.0,"turns":1.0},{"damage":0.0,"enemies":"Lagavulin","floor":7.0,"turns":2.0},{"damage":0.0,"enemies":"2 Louse","floor":10.0,"turns":1.0},{"damage":27.0,"enemies":"Gremlin Nob","floor":11.0,"turns":5.0},{"damage":0.0,"enemies":"Jaw Worm","floor":12.0,"turns":4.0},{"damage":6.0,"enemies":"3 Louse","floor":14.0,"turns":4.0},{"damage":32.0,"enemies":"The Guardian","floor":16.0,"turns":8.0},{"damage":6.0,"enemies":"2 Thieves","floor":18.0,"turns":5.0},{"damage":13.0,"enemies":"Chosen","floor":21.0,"turns":5.0},{"damage":29,"enemies":"Sentry and Sphere","floor":22,"turns":5},{"damage":0,"enemies":"3 Cultists","floor":24,"turns":5},{"damage":36,"enemies":"Slavers","floor":27,"turns":3}],"seed_played":"9207551450103279523","potions_obtained":[{"floor":1.0,"key":"EssenceOfSteel"},{"floor":7.0,"key":"PowerPotion"},{"floor":10.0,"key":"FairyPotion"},{"floor":12.0,"key":"LiquidBronze"},{"floor":16.0,"key":"DuplicationPotion"},{"floor":18.0,"key":"Regen Potion"},{"floor":22,"key":"CultistPotion"},{"floor":24,"key":"SkillPotion"}],"is_trial":false,"path_per_floor":["M","?","$","?","$","R","E","R","T","M","E","M","R","M","R","B",null,"M","$","?","M","M","R","M","R","T","E"],"character_chosen":"THE_SILENT","items_purchased":["Noxious Fumes","Flying Knee","Omamori","Noxious Fumes"],"campfire_rested":1,"item_purchase_floors":[3,3,19,19],"current_hp_per_floor":[59,39,39,39,39,39,39,39,39,39,12,12,31,25,25,15,53,47,62,62,49,35,35,35,35,35,0,0],"gold":138,"neow_bonus":"THREE_ENEMY_KILL","is_daily":false,"chose_seed":false,"campfire_upgraded":5,"win_rate":0.0,"timestamp":1613687008,"path_taken":["M","?","$","?","?","R","E","R","T","M","E","M","R","M","R","BOSS","M","$","?","?","M","R","M","R","T","E"],"items_purchased_type":["Card","Card","Relic","Card"],"build_version":"2020-12-22","purchased_purges":0,"victory":false,"max_hp_per_floor":[66,66,66,66,66,66,66,66,66,66,66,66,66,66,66,66,66,66,66,66,66,66,66,66,66,66,66,66],"relic_stats":{"counters":[12,48],"StoneCalendar":[52],"MealTicket":15,"Whetstone":["Strike_G","Strike_G"],"Cursed Key":1,"obtain_stats":[{"NeowsBlessing":0,"StoneCalendar":7,"MealTicket":11,"Omamori":19,"Whetstone":9,"Cursed Key":17,"Ring of the Snake":0},{"NeowsBlessing":0,"StoneCalendar":2,"MealTicket":4,"Omamori":8,"Whetstone":2,"Cursed Key":7,"Ring of the Snake":0},{"NeowsBlessing":0,"StoneCalendar":3,"MealTicket":9,"Omamori":30,"Whetstone":3,"Cursed Key":25,"Ring of the Snake":0}],"Ring of the Snake":[24]},"card_choices":[{"not_picked":["Reflex","Bane","Slice"],"picked":"SKIP","floor":1.0},{"not_picked":["Sucker Punch","Flying Knee"],"picked":"Cloak And Dagger","floor":7.0},{"not_picked":["Slice","Finisher","Accuracy"],"picked":"SKIP","floor":10.0},{"not_picked":["Prepared","Dagger Spray"],"picked":"Blade Dance","floor":11.0},{"not_picked":["Distraction","Deflect"],"picked":"Bouncing Flask","floor":12.0},{"not_picked":["Outmaneuver","Dodge and Roll"],"picked":"Cloak And Dagger","floor":14.0},{"not_picked":["After Image","Glass Knife"],"picked":"Wraith Form v2","floor":16.0},{"not_picked":["Dodge and Roll","Eviscerate","Blade Dance"],"picked":"SKIP","floor":18.0},{"not_picked":["Choke","Flying Knee","Reflex"],"picked":"SKIP","floor":21.0},{"not_picked":["Deflect","Deadly Poison","Outmaneuver"],"picked":"SKIP","floor":22},{"not_picked":["Riddle With Holes","Dagger Throw+1","Deadly Poison"],"picked":"SKIP","floor":24}],"player_experience":51644,"relics_obtained":[{"floor":7.0,"key":"StoneCalendar"},{"floor":9.0,"key":"Whetstone"},{"floor":11.0,"key":"MealTicket"}],"event_choices":[{"damage_healed":0.0,"max_hp_gain":0.0,"max_hp_loss":0.0,"gold_gain":0.0,"event_name":"Shining Light","player_choice":"Entered Light","floor":2.0,"gold_loss":0.0,"damage_taken":20.0,"cards_upgraded":["Defend_G","Survivor"]},{"damage_healed":0.0,"max_hp_gain":0.0,"max_hp_loss":0.0,"gold_gain":0.0,"event_name":"Scrap Ooze","player_choice":"Fled","floor":4.0,"gold_loss":0.0,"damage_taken":0.0},{"damage_healed":0.0,"max_hp_gain":0.0,"max_hp_loss":0.0,"gold_gain":50.0,"event_name":"Golden Shrine","player_choice":"Pray","floor":20.0,"gold_loss":0.0,"damage_taken":0.0}],"is_beta":false,"boss_relics":[{"not_picked":["Tiny House","HoveringKite"],"picked":"Cursed Key"}],"items_purged_floors":[],"is_endless":false,"potions_floor_spawned":[1,7,10,12,16,18,22,24],"killed_by":"Slavers","ascension_level":20}}