{"host":"s4ojoik2izpnmj7q","time":1613628271,"event":{"mods":["ATMod(°¢èªMod)","Act Like it!","BaseMod","Minty Spire (QoL Compilation)","MostiFishMod","StSLib"],"gold_per_floor":[112,112,37,47,122,151,151,168,219,219,245,260,293,218,218,297,297,313,313,327,340,340,371,371,371,371,405,405,425,442,469,469,547,547,558,458,468,488,502,537,550,550,550,582,457,487,507,532,532,532,532],"floor_reached":52,"language":"ZHS","playtime":2081,"items_purged":["Defend_P","Defend_P","Strike_P"],"score":2840,"play_id":"d27bfd3f-9161-4e37-924c-0d5a74cf8183","local_time":"20210218140431","is_ascension_mode":true,"campfire_choices":[{"data":"AT_DarkMatter","floor":7.0,"key":"SMITH"},{"data":"CutThroughFate","floor":10.0,"key":"SMITH"},{"data":"AT_IrregularMenstruation","floor":15.0,"key":"SMITH"},{"data":"Scrawl","floor":24.0,"key":"SMITH"},{"data":"Adaptation","floor":28,"key":"SMITH"},{"data":"MostiFishMod:Speedup","floor":32,"key":"SMITH"},{"data":"AT_ChampionStep","floor":42,"key":"SMITH"},{"data":"MostiFishMod:DisColor","floor":49,"key":"SMITH"}],"circlet_count":0,"master_deck":["AscendersBane","Strike_P","Defend_P","Eruption+1","Vigilance","AT_DarkMatter+1","Crescendo","BattleHymn","CutThroughFate+1","AT_ChampionStep+1","AT_IrregularMenstruation+1","Scrawl+1","MostiFishMod:Speedup+1","MostiFishMod:Speedup+1","Adaptation+1","ClearTheMind","BowlingBash","Scrawl","Scrawl","Indignation+1","MostiFishMod:DisColor+1","Tantrum+1"],"relics":["PureWater","DaveBox","AT_ATBox","OriginationStaff","NeowsBlessing","SynthV:TestCard","Akabeko","MealTicket","Bird Faced Urn","AT_SeraphEmbrace","xbg","Gremlin Horn","DianPoetry","AT_RabadonDeathcap","Empty Cage","CaptainsWheel","Frozen Egg 2","Molten Egg 2","White Beast Statue","CombinedTypeHook"],"acts_visited":["Exordium","TheCity","TheBeyond"],"potions_floor_usage":[27],"damage_taken":[{"damage":0.0,"enemies":"Jaw Worm","floor":1.0,"turns":1.0},{"damage":0.0,"enemies":"Small Slimes","floor":4.0,"turns":1.0},{"damage":0.0,"enemies":"Lagavulin","floor":6.0,"turns":1.0},{"damage":0.0,"enemies":"Cultist","floor":8.0,"turns":2.0},{"damage":0.0,"enemies":"Gremlin Nob","floor":11.0,"turns":2.0},{"damage":11.0,"enemies":"Exordium Thugs","floor":12.0,"turns":3.0},{"damage":0.0,"enemies":"Lagavulin","floor":13.0,"turns":4.0},{"damage":0.0,"enemies":"Slime Boss","floor":16.0,"turns":5.0},{"damage":14.0,"enemies":"2 Thieves","floor":18.0,"turns":2.0},{"damage":0.0,"enemies":"Chosen","floor":20.0,"turns":1.0},{"damage":0.0,"enemies":"3 Cultists","floor":21.0,"turns":1.0},{"damage":2.0,"enemies":"Gremlin Leader","floor":23.0,"turns":2.0},{"damage":0,"enemies":"Slavers","floor":27,"turns":2},{"damage":0,"enemies":"Shelled Parasite and Fungi","floor":29,"turns":2},{"damage":0,"enemies":"Centurion and Healer","floor":30,"turns":2},{"damage":4,"enemies":"Book of Stabbing","floor":31,"turns":2},{"damage":0,"enemies":"Automaton","floor":33,"turns":1},{"damage":0,"enemies":"Orb Walker","floor":35,"turns":1},{"damage":0,"enemies":"3 Shapes","floor":37,"turns":1},{"damage":0,"enemies":"Maw","floor":38,"turns":1},{"damage":0,"enemies":"Jaw Worm Horde","floor":39,"turns":1},{"damage":0,"enemies":"Reptomancer","floor":40,"turns":1},{"damage":0,"enemies":"Spire Growth","floor":41,"turns":1},{"damage":0,"enemies":"Giant Head","floor":44,"turns":1},{"damage":0,"enemies":"Nemesis","floor":46,"turns":1},{"damage":32,"enemies":"Transient","floor":47,"turns":2},{"damage":0,"enemies":"Mind Bloom Boss Battle","floor":48,"turns":1},{"damage":17,"enemies":"Time Eater","floor":50,"turns":2},{"damage":0,"enemies":"Awakened One","floor":51,"turns":2}],"seed_played":"-638218363439063534","potions_obtained":[{"floor":8.0,"key":"AttackPotion"},{"floor":11.0,"key":"GamblersBrew"},{"floor":18.0,"key":"StancePotion"},{"floor":23.0,"key":"BlessingOfTheForge"},{"floor":29,"key":"EssenceOfSteel"},{"floor":40,"key":"BlessingOfTheForge"},{"floor":48,"key":"GamblersBrew"}],"is_trial":false,"path_per_floor":["M","?","$","M","?","E","R","M","T","R","E","M","E","?","R","B",null,"M","?","M","M","?","E","R","?","T","E","R","M","M","E","R","B",null,"M","$","M","M","M","E","M","R","T","E","$","E","M","?","R","B","B",null],"character_chosen":"WATCHER","items_purchased":[],"campfire_rested":0,"item_purchase_floors":[],"current_hp_per_floor":[61,61,61,61,50,50,50,50,50,50,50,41,45,45,45,49,63,51,51,55,63,44,52,52,83,83,83,83,83,83,83,83,83,83,83,83,83,83,83,83,83,83,83,83,83,83,55,63,63,54,62],"gold":532,"neow_bonus":"THREE_ENEMY_KILL","is_daily":false,"chose_seed":false,"campfire_upgraded":8,"win_rate":0.0,"timestamp":1613628271,"path_taken":["M","?","$","M","?","E","R","M","T","R","E","M","E","?","R","BOSS","M","?","?","M","?","E","R","?","T","E","R","M","M","E","R","BOSS","M","$","M","M","M","E","M","R","T","E","?","E","M","?","R","BOSS","BOSS"],"items_purchased_type":[],"build_version":"2020-12-22","purchased_purges":3,"victory":true,"max_hp_per_floor":[68,68,68,68,68,68,68,68,68,68,68,68,68,68,68,68,68,68,68,68,68,73,73,73,83,83,83,83,83,83,83,83,83,83,83,83,83,83,83,83,83,83,83,83,83,83,83,83,83,83,83],"card_choices":[{"not_picked":["AT_SoftenMuscles","Protect"],"picked":"Crescendo","floor":1.0},{"not_picked":["Evaluate","CrushJoints","EmptyFist","PathToVictory","MasterReality"],"picked":"SKIP","floor":4.0},{"not_picked":["Collect","Evaluate","Consecrate","PathToVictory"],"picked":"BattleHymn","floor":6.0},{"not_picked":["CarveReality","Consecrate","AT_ChampionStep","FlyingSleeves"],"picked":"CutThroughFate","floor":8.0},{"not_picked":["ThirdEye","JustLucky","Wireheading","AT_RealColorLess"],"picked":"Omniscience","floor":11.0},{"not_picked":["SandsOfTime","DeceiveReality","Fasting2","FollowUp"],"picked":"AT_ChampionStep","floor":12.0},{"not_picked":["JustLucky","Judgement","FlurryOfBlows","ClearTheMind"],"picked":"AT_IrregularMenstruation","floor":13.0},{"not_picked":["AT_ChampionKick","MostiFishMod:Moonprays","MostiFishMod:StarLaLaLa","DeusExMachina"],"picked":"Scrawl","floor":16.0},{"not_picked":["AT_OneInchPunch","SashWhip","EmptyBody","Wireheading"],"picked":"MostiFishMod:Speedup","floor":18.0},{"not_picked":["Nirvana","Worship","Halt","EmptyBody"],"picked":"MostiFishMod:Speedup","floor":20.0},{"not_picked":["Crescendo","Vengeance","Consecrate","FlyingSleeves"],"picked":"Adaptation","floor":21.0},{"not_picked":["Vengeance","Wish","MostiFishMod:Speedup","Prostrate","ThirdEye"],"picked":"SKIP","floor":23.0},{"not_picked":["PathToVictory","FlurryOfBlows","AT_DivineConfetti","CrushJoints"],"picked":"ClearTheMind","floor":27},{"not_picked":["Study","MostiFishMod:Nomercy","PathToVictory","Evaluate"],"picked":"BowlingBash","floor":29},{"not_picked":["FlyingSleeves+1","Pray","SignatureMove","ClearTheMind","Weave"],"picked":"SKIP","floor":30},{"not_picked":["ClearTheMind","SashWhip","AT_SoftenMuscles","Sanctity","Halt"],"picked":"SKIP","floor":31},{"not_picked":["SpiritShield","Devotion","AT_IrregularMenstruation","MostiFishMod:DisColor"],"picked":"Scrawl","floor":33},{"not_picked":["BowlingBash","LikeWater","CrushJoints","Halt","FollowUp"],"picked":"SKIP","floor":35},{"not_picked":["ThirdEye+1","Prostrate","AT_DivineConfetti","BowlingBash","Evaluate"],"picked":"SKIP","floor":37},{"not_picked":["JustLucky","AT_OneInchPunch","Nirvana","FlurryOfBlows"],"picked":"Scrawl","floor":38},{"not_picked":["Consecrate","Protect","Crescendo","FlyingSleeves+1","PathToVictory"],"picked":"SKIP","floor":39},{"not_picked":["ClearTheMind","ReachHeaven+1","SashWhip","WheelKick"],"picked":"Indignation+1","floor":40},{"not_picked":["ForeignInfluence+1","Consecrate+1","FlurryOfBlows","MostiFishMod:Clarity","Halt"],"picked":"SKIP","floor":41},{"not_picked":["Wireheading+1","CutThroughFate+1","Consecrate+1","FlurryOfBlows+1","Protect"],"picked":"SKIP","floor":44},{"not_picked":["MostiFishMod:PathToVictory+1","Protect","Halt","Evaluate"],"picked":"MostiFishMod:DisColor","floor":46},{"not_picked":["Protect","BowlingBash+1","PathToVictory+1","Consecrate+1"],"picked":"Tantrum+1","floor":47}],"player_experience":607453,"relics_obtained":[{"floor":1.0,"key":"SynthV:TestCard"},{"floor":6.0,"key":"Akabeko"},{"floor":9.0,"key":"MealTicket"},{"floor":11.0,"key":"Bird Faced Urn"},{"floor":13.0,"key":"AT_ArchangelStaff"},{"floor":23.0,"key":"Gremlin Horn"},{"floor":27,"key":"DianPoetry"},{"floor":31,"key":"AT_RabadonDeathcap"},{"floor":40,"key":"CaptainsWheel"},{"floor":43,"key":"Frozen Egg 2"},{"floor":44,"key":"Molten Egg 2"},{"floor":46,"key":"White Beast Statue"},{"floor":48,"key":"CombinedTypeHook"}],"event_choices":[{"damage_healed":0.0,"max_hp_gain":0.0,"max_hp_loss":0.0,"gold_gain":0.0,"event_name":"Living Wall","player_choice":"Grow","floor":2.0,"gold_loss":0.0,"damage_taken":0.0,"cards_upgraded":["Eruption"]},{"damage_healed":0.0,"max_hp_gain":0.0,"max_hp_loss":0.0,"gold_gain":75.0,"event_name":"World of Goop","player_choice":"Gather Gold","floor":5.0,"gold_loss":0.0,"damage_taken":11.0},{"cards_removed":["Defend_P"],"damage_healed":0.0,"max_hp_gain":0.0,"max_hp_loss":0.0,"gold_gain":0.0,"event_name":"The Cleric","player_choice":"Card Removal","floor":14.0,"gold_loss":75.0,"damage_taken":0.0},{"damage_healed":0.0,"max_hp_gain":0.0,"max_hp_loss":0.0,"gold_gain":0.0,"event_name":"Accursed Blacksmith","player_choice":"Forge","floor":19.0,"gold_loss":0.0,"damage_taken":0.0,"cards_upgraded":["MostiFishMod:Speedup"]},{"damage_healed":0.0,"max_hp_gain":5.0,"max_hp_loss":0.0,"gold_gain":0.0,"event_name":"Forgotten Altar","player_choice":"Shed Blood","floor":22.0,"gold_loss":0.0,"damage_taken":24.0},{"cards_removed":["Omniscience"],"damage_healed":21.0,"max_hp_gain":10.0,"max_hp_loss":0.0,"gold_gain":0.0,"event_name":"Bonfire Elementals","player_choice":"Offered Rare","floor":25.0,"gold_loss":0.0,"damage_taken":0.0},{"damage_healed":0,"gold_gain":0,"player_choice":"Fight","damage_taken":0,"max_hp_gain":0,"max_hp_loss":0,"event_name":"MindBloom","floor":48,"gold_loss":0}],"is_beta":false,"boss_relics":[{"not_picked":["Runic Dome","Velvet Choker"],"picked":"xbg"},{"not_picked":["SlaversCollar","ExusiaiGun"],"picked":"Empty Cage"}],"items_purged_floors":[3,36,45],"is_endless":false,"potions_floor_spawned":[8,11,16,18,23,29,33,35,40,47,48],"ascension_level":20}}