{"host":"u8gwyxapu65l7nuk","time":1613616961,"event":{"mods":["BaseMod","Custom Start","Minty Spire (QoL Compilation)","StSLib"],"gold_per_floor":[109,126,146,156,29,29,59,73,97,97,123,88,163,163,163,262,262,276,276,52,64,34,49,74,86,110,110,35,35,53,68,68,68,68],"floor_reached":33,"language":"ENG","playtime":737,"items_purged":["Strike_R"],"score":466,"play_id":"11ff5544-2a57-4570-911e-efcff14e8ec9","local_time":"20210218105601","daily_mods":["Cursed Run"],"is_ascension_mode":true,"campfire_choices":[{"data":"True Grit","floor":6.0,"key":"SMITH"},{"data":"Spot Weakness","floor":15.0,"key":"SMITH"},{"data":"Sword Boomerang","floor":27,"key":"SMITH"},{"data":"Infernal Blade","floor":32,"key":"SMITH"}],"circlet_count":0,"master_deck":["Defend_R+1","Defend_R+1","Defend_R+1","Defend_R+1","Bash","Strike_R+1","Strike_R+1","Strike_R+1","Strike_R+1","Twin Strike","Twin Strike","Cleave","Spot Weakness+1","Spot Weakness+1","True Grit+1","Twin Strike","Thunderclap+1","Parasite","Sword Boomerang+1","Parasite","Shame","Barricade","Disarm","Writhe","Disarm","Entrench+1","Disarm","Inflame+1","Injury","Infernal Blade+1","Twin Strike"],"relics":["Cursed Key","Darkstone Periapt","Du-Vu Doll","Blue Candle","TungstenRod","FossilizedHelix","Happy Flower","Vajra","Philosopher\u0027s Stone","Oddly Smooth Stone","Ancient Tea Set","Toy Ornithopter","Pen Nib"],"acts_visited":["Exordium","TheCity"],"potions_floor_usage":[24,33],"damage_taken":[{"damage":0.0,"enemies":"2 Louse","floor":1.0,"turns":2.0},{"damage":0.0,"enemies":"Small Slimes","floor":2.0,"turns":2.0},{"damage":0.0,"enemies":"Cultist","floor":3.0,"turns":3.0},{"damage":10.0,"enemies":"Exordium Wildlife","floor":4.0,"turns":3.0},{"damage":18.0,"enemies":"Gremlin Nob","floor":7.0,"turns":4.0},{"damage":0.0,"enemies":"Large Slime","floor":8.0,"turns":4.0},{"damage":15.0,"enemies":"Lagavulin","floor":11.0,"turns":6.0},{"damage":36.0,"enemies":"The Guardian","floor":16.0,"turns":9.0},{"damage":0,"enemies":"Spheric Guardian","floor":18,"turns":1},{"damage":0,"enemies":"Chosen","floor":21,"turns":4},{"damage":14,"enemies":"Shelled Parasite and Fungi","floor":23,"turns":2},{"damage":24,"enemies":"Slavers","floor":24,"turns":2},{"damage":10,"enemies":"Snecko","floor":25,"turns":4},{"damage":10,"enemies":"Sentry and Sphere","floor":30,"turns":3},{"damage":6,"enemies":"Cultist and Chosen","floor":31,"turns":2},{"damage":57,"enemies":"Champ","floor":33,"turns":6}],"seed_played":"-4083603981725107786","potions_obtained":[{"floor":1.0,"key":"SteroidPotion"},{"floor":3.0,"key":"ColorlessPotion"},{"floor":11.0,"key":"BlessingOfTheForge"},{"floor":22,"key":"Ancient Potion"},{"floor":25,"key":"BlessingOfTheForge"}],"is_trial":true,"path_per_floor":["M","M","M","M","$","R","E","M","T","?","E","?","?","T","R","B",null,"M","?","$","M","?","M","E","M","T","R","$","?","M","M","R","B"],"character_chosen":"IRONCLAD","items_purchased":["Spot Weakness","True Grit","Disarm","Ancient Tea Set"],"campfire_rested":0,"item_purchase_floors":[5,5,20,20],"current_hp_per_floor":[80,80,80,70,70,70,52,52,58,42,27,48,38,44,44,14,98,98,104,104,104,104,90,66,56,62,62,62,62,52,46,46,0,0],"gold":68,"neow_bonus":"","is_daily":false,"chose_seed":false,"campfire_upgraded":4,"win_rate":0.0,"timestamp":1613616961,"path_taken":["M","M","M","M","$","R","E","M","T","?","E","?","?","?","R","BOSS","M","?","$","M","?","M","E","?","T","R","$","?","M","M","R","BOSS"],"items_purchased_type":["Card","Card","Card","Relic"],"build_version":"2020-12-22","purchased_purges":1,"victory":false,"max_hp_per_floor":[80,80,80,80,80,80,80,80,86,86,86,86,86,92,92,98,98,98,104,104,104,104,104,104,104,110,110,110,110,110,110,110,110,110],"card_choices":[{"not_picked":["Metallicize","Body Slam"],"picked":"Twin Strike","floor":1.0},{"not_picked":["Body Slam","Cleave"],"picked":"Twin Strike","floor":2.0},{"not_picked":["Metallicize","Blood for Blood"],"picked":"Cleave","floor":3.0},{"not_picked":["Warcry","Rupture"],"picked":"Spot Weakness","floor":4.0},{"not_picked":["Cleave","Headbutt"],"picked":"Twin Strike","floor":7.0},{"not_picked":["Clash","Sever Soul"],"picked":"Thunderclap","floor":8.0},{"not_picked":["Clash","Offering"],"picked":"Sword Boomerang","floor":11.0},{"not_picked":["Offering","Brutality"],"picked":"Barricade","floor":16.0},{"not_picked":["Clash","Uppercut"],"picked":"Disarm","floor":18},{"not_picked":["Whirlwind","True Grit"],"picked":"Entrench+1","floor":21},{"not_picked":["Cleave","Seeing Red","Warcry+1"],"picked":"SKIP","floor":23},{"not_picked":["Power Through","True Grit"],"picked":"Disarm","floor":24},{"not_picked":["Thunderclap","Burning Pact"],"picked":"Inflame+1","floor":25},{"not_picked":["True Grit","Cleave"],"picked":"Infernal Blade","floor":30},{"not_picked":["True Grit+1","Exhume"],"picked":"Twin Strike","floor":31}],"player_experience":285924,"relics_obtained":[{"floor":7.0,"key":"FossilizedHelix"},{"floor":11.0,"key":"Happy Flower"},{"floor":14.0,"key":"Vajra"},{"floor":24,"key":"Toy Ornithopter"},{"floor":26,"key":"Pen Nib"}],"event_choices":[{"damage_healed":0.0,"max_hp_gain":0.0,"max_hp_loss":0.0,"gold_gain":0.0,"event_name":"Shining Light","player_choice":"Entered Light","floor":10.0,"gold_loss":0.0,"damage_taken":17.0,"cards_upgraded":["Spot Weakness","Thunderclap"]},{"damage_healed":21.0,"max_hp_gain":0.0,"max_hp_loss":0.0,"gold_gain":0.0,"event_name":"The Cleric","player_choice":"Healed","floor":12.0,"gold_loss":35.0,"damage_taken":0.0},{"damage_healed":0.0,"max_hp_gain":0.0,"max_hp_loss":0.0,"gold_gain":75.0,"event_name":"World of Goop","player_choice":"Gather Gold","floor":13.0,"gold_loss":0.0,"damage_taken":11.0},{"damage_healed":0,"gold_gain":0,"player_choice":"Opened","damage_taken":0,"relics_obtained":["Oddly Smooth Stone"],"max_hp_gain":0,"max_hp_loss":0,"event_name":"The Mausoleum","floor":19,"gold_loss":0,"cards_obtained":["Writhe"]},{"damage_healed":0,"gold_gain":0,"player_choice":"Bought 2 Potions","damage_taken":0,"max_hp_gain":0,"max_hp_loss":0,"event_name":"The Woman in Blue","floor":22,"gold_loss":0},{"damage_healed":0,"gold_gain":0,"player_choice":"Simplicity","damage_taken":0,"max_hp_gain":0,"max_hp_loss":0,"event_name":"Back to Basics","floor":29,"gold_loss":0,"cards_upgraded":["Defend_R","Defend_R","Defend_R","Defend_R","Strike_R","Strike_R","Strike_R","Strike_R"]}],"is_beta":false,"boss_relics":[{"not_picked":["Astrolabe","Fusion Hammer"],"picked":"Philosopher\u0027s Stone"}],"items_purged_floors":[28],"is_endless":false,"potions_floor_spawned":[1,3,11,16,18,23,25,30],"killed_by":"Champ","ascension_level":1}}