{"host":"jsd6g3c2vo13e69c","time":1613684677,"event":{"mods":["2.2 Compatiblity","Act Like it!","Bard","BaseMod","Better Note","Better Third Choice","BetterRewards","Colored Map","Colored Powertips","Conspire","DeckTracker","Downfall","Duelist Mod","Friendly Minions","GifTheSpireLib","Googly Eyes","Gremlin Mod","Hermit","Hero for Fun","Highlight Path","Hubris","Infinite Spire","Lobotomy","LobotomyExtend","Marisa????????","Mimic Mod","Minty Spire (QoL Compilation)","Quick Restart","Random Character Button","Rare Cards Sparkle","Relic Sorter","Relic Stats","Remilia??????","Replay The Spire","SOS???????","Shop Mod","ShortenTheSpire","Spicy Shops","StSLib","SuperFastMode","The Blackbeard","The Bug Knight","The Cursed","The Disciple","The Forsaken","The Hierophant","The Jungle","The Marked","The Necromancer","The Poker Player","Waifu the Spire"],"gold_per_floor":[1,15,32,32,32,32,32,61,73,101,113,125,166,229,53,75,87,115,144,156,206,63,82,97,124,124,137,150,170,267,317,317,334,351,366,366,366,366,382,394,494,513,532,544,544,562,657],"floor_reached":34,"language":"ENG","playtime":1086,"items_purged":["Regret"],"score":665,"play_id":"4d7b0de2-9d61-444e-822a-345d593d2199","local_time":"20210218164437","is_ascension_mode":false,"campfire_choices":[{"floor":1,"key":"RECALL"},{"data":"Do_Nothing","floor":6,"key":"SMITH"},{"data":"Normal_Punch","floor":9,"key":"SMITH"},{"data":"Consecutive_Normal_Punch","floor":1,"key":"SMITH"},{"data":"Consecutive_Normal_Punch","floor":18,"key":"SMITH"}],"circlet_count":0,"master_deck":["Consecutive_Normal_Punch+1","Normal_Punch","Toss_Stone","Normal_Punch","Slap","Consecutive_Normal_Punch","theForsaken:PlagueCurse","Hip_Strike"],"relics":["Cape","Replay:WaspNest","conspire:TopHat","Mango","Pet Ghost","HonorFeather","MagicBullet_r","downfall:HeartBlessingGreen","downfall:HeartBlessingRed","LetterFromLob","LaetitiaHeart","PreservedInsect","hubris:DuctTape","ReplayTheSpireMod:Shallot","Tiny House","Potion Belt","theForsaken:PlagueMask"],"acts_visited":["Exordium","TheCity"],"potions_floor_usage":[14,15,23],"damage_taken":[{"damage":0,"enemies":"Small Slimes","floor":2,"turns":1},{"damage":0,"enemies":"2 Louse","floor":3,"turns":1},{"damage":0,"enemies":"3 Sentries","floor":8,"turns":2},{"damage":0,"enemies":"conspire:RoseBush","floor":10,"turns":1},{"damage":0,"enemies":"Gremlin Nob","floor":13,"turns":1},{"damage":0,"enemies":"2 Fungi Beasts","floor":15,"turns":1},{"damage":0,"enemies":"Small Slimes","floor":2,"turns":1},{"damage":0,"enemies":"Cultist","floor":4,"turns":1},{"damage":0,"enemies":"2 Louse","floor":5,"turns":1},{"damage":0,"enemies":"Large Slime","floor":7,"turns":2},{"damage":0,"enemies":"downfall:FleeingMerchant","floor":8,"turns":1},{"damage":0,"enemies":"Large Slime","floor":9,"turns":1},{"damage":0,"enemies":"Exordium Wildlife","floor":10,"turns":1},{"damage":0,"enemies":"3 Sentries","floor":11,"turns":1},{"damage":0,"enemies":"Red Slaver","floor":13,"turns":1},{"damage":0,"enemies":"Gremlin Gang","floor":14,"turns":1},{"damage":0,"enemies":"Lots of Slimes","floor":15,"turns":1},{"damage":0,"enemies":"IC_MUSHROOM_ARCHETYPE","floor":16,"turns":1},{"damage":0,"enemies":"downfall:LooterAlt2","floor":19,"turns":1},{"damage":0,"enemies":"Spheric Guardian","floor":20,"turns":1},{"damage":0,"enemies":"Snecko","floor":21,"turns":1},{"damage":0,"enemies":"Shelled Parasite and Fungi","floor":25,"turns":3},{"damage":0,"enemies":"Sentry and Sphere","floor":26,"turns":1},{"damage":0,"enemies":"downfall:LadyInBlue","floor":27,"turns":1},{"damage":0,"enemies":"Centurion and Healer","floor":28,"turns":1},{"damage":0,"enemies":"3 Cultists","floor":29,"turns":1},{"damage":0,"enemies":"Sentry and Sphere","floor":30,"turns":1},{"damage":0,"enemies":"Snake Plant","floor":32,"turns":1},{"damage":0,"enemies":"WA_ARCHETYPE_DIVINITY","floor":33,"turns":1}],"seed_played":"4252482945782212585","potions_obtained":[{"floor":8,"key":"Fire Potion"},{"floor":10,"key":"BlessingOfTheForge"},{"floor":13,"key":"Cursed Concoction"},{"floor":2,"key":"bronze:BurnAndBuffPotion"},{"floor":5,"key":"infinitespire:BlackPotion"},{"floor":11,"key":"Adrenaline Potion"},{"floor":14,"key":"SkillPotion"},{"floor":16,"key":"LiquidMemories"},{"floor":17,"key":"HauntedGourdPotion"},{"floor":23,"key":"Fruit Juice"},{"floor":23,"key":"Toxic Potion"},{"floor":25,"key":"EssenceOfSteel"},{"floor":27,"key":"Explosive Potion"},{"floor":27,"key":"SkillPotion"}],"is_trial":false,"path_per_floor":["R","M","M","?","?","R","T","E","R","M","?","?","E","T","M","R","M","?","M","M","M","MIM","$","M","M","E","?","M","M","M","B",null,"R","M","M","M","?","?","T","M","M","?","M","M","M","?","M","B",null],"character_chosen":"OPM","items_purchased":["Serious_Punch","Slap","hubris:DuctTape"],"campfire_rested":0,"item_purchase_floors":[8,8,8],"current_hp_per_floor":[1098,1098,1098,1098,1098,1098,1098,1098,1098,1098,1098,1098,1112,1112,1,1,1,1,1,1,1,1,1,1,1,1,1,1,1,1,6,6,6,6,6,6,11,11,11,11,11,11,11,11,11,11,11],"gold":657,"neow_bonus":"TEN_PERCENT_HP_BONUS","is_daily":false,"chose_seed":false,"campfire_upgraded":4,"win_rate":0.0,"timestamp":1613684677,"path_taken":["R","M","M","?","?","R","T","E","R","M","?","?","E","?","M","R","M","?","M","M","?","MIM","$","M","M","E","?","M","M","M","BOSS","R","M","M","M","?","?","T","?","M","?","M","?","M","?","M","BOSS"],"items_purchased_type":["Card","Card","Relic"],"build_version":"2020-12-22","purchased_purges":1,"victory":true,"max_hp_per_floor":[1098,1098,1098,1098,1098,1098,1098,1098,1098,1098,1098,1098,1112,1112,1,1,1,1,1,1,1,1,1,1,1,1,1,1,1,1,6,6,6,6,6,6,11,11,11,11,11,11,11,11,11,11,11],"relic_stats":{"counters":[29,33],"PreservedInsect":194,"obtain_stats":[{"Potion Belt":27,"HonorFeather":15,"Tiny House":17,"MagicBullet_r":15,"downfall:HeartBlessingRed":1,"hubris:DuctTape":8,"Mango":13,"downfall:HeartBlessingGreen":1,"Replay:WaspNest":7,"PreservedInsect":7,"Cape":0,"MawBank":8,"theForsaken:PlagueMask":31,"conspire:TopHat":11,"Pet Ghost":14,"LaetitiaHeart":6,"ReplayTheSpireMod:Shallot":11,"LetterFromLob":2},{"Potion Belt":24,"HonorFeather":6,"Tiny House":18,"MagicBullet_r":6,"downfall:HeartBlessingRed":6,"hubris:DuctTape":11,"Mango":5,"downfall:HeartBlessingGreen":6,"Replay:WaspNest":2,"PreservedInsect":10,"Cape":0,"MawBank":3,"theForsaken:PlagueMask":27,"conspire:TopHat":4,"Pet Ghost":5,"LaetitiaHeart":9,"ReplayTheSpireMod:Shallot":14,"LetterFromLob":1},{"Potion Belt":28,"HonorFeather":7,"Tiny House":20,"MagicBullet_r":7,"downfall:HeartBlessingRed":7,"hubris:DuctTape":13,"Mango":6,"downfall:HeartBlessingGreen":7,"Replay:WaspNest":2,"PreservedInsect":12,"Cape":0,"MawBank":4,"theForsaken:PlagueMask":31,"conspire:TopHat":5,"Pet Ghost":6,"LaetitiaHeart":10,"ReplayTheSpireMod:Shallot":16,"LetterFromLob":1}]},"card_choices":[{"not_picked":["Do_Nothing","Ignore"],"picked":"Slap","floor":2},{"not_picked":["Normal_Punch","Ignore"],"picked":"Side_Hop","floor":3},{"not_picked":["Yawn","Wear_Disguise"],"picked":"Normal_Punch","floor":8},{"not_picked":["Side_Hop","Yawn"],"picked":"Consecutive_Normal_Punch","floor":10},{"not_picked":["infinitespire:FutureSight","hubris:InfiniteBlow"],"picked":"infinitespire:SealOfDarkness+","floor":12},{"not_picked":["Hop","Ignore"],"picked":"Consecutive_Normal_Punch","floor":13},{"not_picked":["Yawn","Side_Hop"],"picked":"Wear_Disguise","floor":2},{"not_picked":["Slap","Yawn"],"picked":"Consecutive_Normal_Punch","floor":4},{"not_picked":["Wear_Disguise","Yawn","Ignore"],"picked":"SKIP","floor":5},{"not_picked":["Toss_Stone","Ignore"],"picked":"Hop","floor":7},{"not_picked":["Yawn","Do_Nothing"],"picked":"Oh","floor":8},{"not_picked":["Slap","Ignore"],"picked":"Side_Hop","floor":9},{"not_picked":["Side_Hop","Hop"],"picked":"Normal_Punch","floor":10},{"not_picked":["Ignore","Toss_Stone"],"picked":"Get_Hopes_Up","floor":11},{"not_picked":["Slap","Ignore"],"picked":"Do_Nothing","floor":13},{"not_picked":["Slap","Side_Hop","Yawn"],"picked":"SKIP","floor":14},{"not_picked":["Do_Nothing","Hop"],"picked":"Slap","floor":15},{"not_picked":["Serious_Side_Hops","Serious_Punch"],"picked":"Get_Hopes_Up","floor":16},{"not_picked":["Side_Hop","Yawn"],"picked":"Hop","floor":17},{"not_picked":["Yawn","Wear_Disguise"],"picked":"Slap+1","floor":19},{"not_picked":["Do_Nothing","Side_Hop"],"picked":"Serious_Punch","floor":20},{"not_picked":["Slap","Consecutive_Normal_Punch"],"picked":"Normal_Punch+1","floor":21},{"not_picked":["Wear_Disguise","Ignore+1"],"picked":"Consecutive_Normal_Punch+1","floor":25},{"not_picked":["Ignore","Hop"],"picked":"Normal_Punch","floor":26},{"not_picked":["Wear_Disguise+1","Do_Nothing+1"],"picked":"Toss_Stone","floor":27},{"not_picked":["Yawn","Do_Nothing"],"picked":"Normal_Punch","floor":28},{"not_picked":["Wear_Disguise","Do_Nothing"],"picked":"Slap","floor":29},{"not_picked":["Ignore","Side_Hop"],"picked":"Consecutive_Normal_Punch","floor":30},{"not_picked":["Wear_Disguise+1","Hop","Yawn"],"picked":"SKIP","floor":32},{"not_picked":["Serious_Side_Hops","Terrifying_Presence"],"picked":"Hip_Strike","floor":33}],"player_experience":359937,"relics_obtained":[{"floor":2,"key":"LetterFromLob"},{"floor":7,"key":"Replay:WaspNest"},{"floor":8,"key":"MawBank"},{"floor":13,"key":"Mango"},{"floor":14,"key":"Pet Ghost"},{"floor":2,"key":"LetterFromLob"},{"floor":7,"key":"PreservedInsect"},{"floor":11,"key":"ReplayTheSpireMod:Shallot"},{"floor":27,"key":"Potion Belt"}],"event_choices":[{"damage_healed":0,"gold_gain":0,"player_choice":"Box","damage_taken":0,"relics_obtained":["conspire:TopHat"],"max_hp_gain":0,"max_hp_loss":0,"event_name":"Big Fish","floor":11,"gold_loss":0,"cards_obtained":["Regret"]},{"damage_healed":0,"gold_gain":0,"player_choice":"Forge","damage_taken":0,"max_hp_gain":0,"max_hp_loss":0,"event_name":"Accursed Blacksmith","floor":3,"gold_loss":0,"cards_upgraded":["Wear_Disguise"]},{"damage_healed":0,"gold_gain":0,"player_choice":"Ignored","damage_taken":0,"max_hp_gain":0,"max_hp_loss":0,"event_name":"betterNote:BetterNote","floor":12,"gold_loss":0,"cards_obtained":["Metallicize"]},{"damage_healed":0,"gold_gain":0,"player_choice":"Obtain Plague Curse","damage_taken":0,"max_hp_gain":0,"max_hp_loss":0,"event_name":"Plague Doctor","floor":31,"gold_loss":0,"cards_obtained":["theForsaken:PlagueCurse"]}],"is_beta":false,"boss_relics":[{"not_picked":["SlaversCollar","Coffee Dripper"],"picked":"Tiny House"}],"items_purged_floors":[8],"is_endless":false,"potions_floor_spawned":[8,10,13,15,2,5,10,11,14,16,19,20,21,25,29,32],"ascension_level":0}}