{"host":"aapp7ew3jk5k1bvd","time":1613654139,"event":{"mods":["AchievementEnabler","BaseMod","Colored Map","Custom Start","Keyboard Shortcuts","Minty Spire (QoL Compilation)","Permanent Neow","Quick Restart","StSLib","SuperFastMode"],"gold_per_floor":[118,135,135,135,6,16,81,110,110,110,110,124,124,139,139,216,216,206,206,121,131,149,149,149],"floor_reached":23,"language":"KOR","playtime":693,"items_purged":["Defend_B"],"score":434,"play_id":"d39676f1-683d-4825-93b1-b9c6ae3af1f0","local_time":"20210218221539","is_ascension_mode":true,"campfire_choices":[{"floor":10.0,"key":"REST"},{"data":"Defragment","floor":13,"key":"SMITH"},{"data":"Capacitor","floor":15,"key":"SMITH"}],"circlet_count":0,"master_deck":["AscendersBane","Strike_B","Defend_B","Defend_B","Defend_B","Zap","Dualcast","Steam","Streamline","Auto Shields","Ball Lightning","Self Repair","Cold Snap","Compile Driver","Defragment+1","Capacitor+1","Reboot","Tempest+1","Glacier"],"relics":["FrozenCore","Oddly Smooth Stone","Bag of Preparation","White Beast Statue","Akabeko"],"acts_visited":["Exordium","TheCity"],"potions_floor_usage":[18,22,23,23],"damage_taken":[{"damage":0.0,"enemies":"Cultist","floor":1.0,"turns":4.0},{"damage":2.0,"enemies":"Jaw Worm","floor":2.0,"turns":4.0},{"damage":0.0,"enemies":"2 Louse","floor":6.0,"turns":1.0},{"damage":26.0,"enemies":"Lagavulin Event","floor":7.0,"turns":5.0},{"damage":25.0,"enemies":"Lagavulin","floor":8.0,"turns":6.0},{"damage":9,"enemies":"2 Fungi Beasts","floor":12,"turns":4},{"damage":1,"enemies":"Red Slaver","floor":14,"turns":5},{"damage":0,"enemies":"Hexaghost","floor":16,"turns":10},{"damage":16,"enemies":"2 Thieves","floor":18,"turns":4},{"damage":0,"enemies":"Chosen","floor":21,"turns":5},{"damage":15,"enemies":"Centurion and Healer","floor":22,"turns":10},{"damage":66,"enemies":"Slavers","floor":23,"turns":4}],"seed_played":"6066436614254429857","potions_obtained":[{"floor":8.0,"key":"Regen Potion"},{"floor":12,"key":"Block Potion"},{"floor":18,"key":"SneckoOil"},{"floor":21,"key":"Strength Potion"},{"floor":22,"key":"Regen Potion"}],"is_trial":false,"path_per_floor":["M","M","?","?","$","M","?","E","T","R","?","M","R","M","R","B",null,"M","?","?","M","M","E"],"character_chosen":"DEFECT","items_purchased":["Ball Lightning"],"campfire_rested":1,"item_purchase_floors":[5],"current_hp_per_floor":[64,62,62,55,55,55,36,18,18,39,39,37,37,43,43,50,66,57,37,37,44,51,0,0],"gold":149,"neow_bonus":"REMOVE_CARD","is_daily":false,"chose_seed":false,"campfire_upgraded":2,"win_rate":0.0,"timestamp":1613654139,"path_taken":["M","M","?","?","?","?","?","E","T","R","?","M","R","M","R","BOSS","M","?","?","M","M","E"],"items_purchased_type":["Card"],"build_version":"2020-12-22","purchased_purges":1,"victory":false,"max_hp_per_floor":[71,71,71,71,71,71,71,71,71,71,71,71,71,71,71,71,71,71,76,76,76,76,76,76],"card_choices":[{"not_picked":["Stack","Leap"],"picked":"Steam","floor":1.0},{"not_picked":["Force Field","Stack"],"picked":"Streamline","floor":2.0},{"not_picked":["Reprogram","Scrape"],"picked":"Self Repair","floor":6.0},{"not_picked":["Streamline","Double Energy"],"picked":"Cold Snap","floor":7.0},{"not_picked":["BootSequence","Barrage"],"picked":"Compile Driver","floor":8.0},{"not_picked":["Double Energy","Blizzard"],"picked":"Capacitor","floor":12},{"not_picked":["Hologram","Heatsinks"],"picked":"Reboot","floor":14},{"not_picked":["Leap+1","Steam Power"],"picked":"Tempest+1","floor":18},{"not_picked":["Coolheaded","Auto Shields+1"],"picked":"Glacier","floor":21},{"not_picked":["Streamline","Hello World","Gash"],"picked":"SKIP","floor":22}],"player_experience":1032182,"relics_obtained":[{"floor":7.0,"key":"Oddly Smooth Stone"},{"floor":8.0,"key":"Bag of Preparation"},{"floor":9.0,"key":"White Beast Statue"}],"event_choices":[{"damage_healed":0.0,"max_hp_gain":0.0,"max_hp_loss":0.0,"gold_gain":0.0,"cards_transformed":["Strike_B"],"event_name":"Living Wall","player_choice":"Change","floor":3.0,"gold_loss":0.0,"damage_taken":0.0,"cards_obtained":["Auto Shields"]},{"cards_removed":["Strike_B"],"damage_healed":0.0,"max_hp_gain":0.0,"max_hp_loss":0.0,"gold_gain":0.0,"event_name":"Golden Wing","player_choice":"Card Removal","floor":4.0,"gold_loss":0.0,"damage_taken":7.0},{"damage_healed":0.0,"max_hp_gain":0.0,"max_hp_loss":0.0,"gold_gain":0.0,"event_name":"Dead Adventurer","player_choice":"Searched \u00272\u0027 times","floor":7.0,"gold_loss":0.0,"damage_taken":0.0},{"damage_healed":0,"gold_gain":0,"player_choice":"1 cards matched","damage_taken":0,"max_hp_gain":0,"max_hp_loss":0,"event_name":"Match and Keep!","floor":11,"gold_loss":0,"cards_obtained":["Defragment"]},{"damage_healed":0,"gold_gain":0,"player_choice":"Shed Blood","damage_taken":25,"max_hp_gain":5,"max_hp_loss":0,"event_name":"Forgotten Altar","floor":19,"gold_loss":0},{"damage_healed":0,"gold_gain":0,"player_choice":"Obtained Relic","damage_taken":0,"relics_obtained":["Akabeko"],"max_hp_gain":0,"max_hp_loss":0,"event_name":"Addict","floor":20,"gold_loss":85}],"is_beta":false,"boss_relics":[{"not_picked":["Runic Pyramid","SacredBark"],"picked":"FrozenCore"}],"items_purged_floors":[5],"is_endless":false,"potions_floor_spawned":[8,12,14,16,18,21,22],"killed_by":"Slavers","ascension_level":16}}