{"host":"suw5tyb7z6zbnnfs","time":1613670675,"event":{"mods":["AchievementEnabler","BaseMod","Colored Map","Minty Spire (QoL Compilation)"],"gold_per_floor":[115,190,208,208,224,224,258,272,272,283,283,295,295,309,309,404,404,424,438,125,140,152,181,181,216,242,242,242,260,295,308,308,406,406,419,85,99,109,129,129,129],"floor_reached":40,"language":"ENG","playtime":3268,"items_purged":["Strike_G","Defend_G"],"score":719,"play_id":"31800a73-3d04-46ee-ab94-24736b5e4fce","local_time":"20210218125115","is_ascension_mode":true,"campfire_choices":[{"data":"Neutralize","floor":6.0,"key":"SMITH"},{"floor":13.0,"key":"REST"},{"data":"Blade Dance","floor":15.0,"key":"SMITH"},{"floor":24.0,"key":"REST"},{"floor":27.0,"key":"REST"},{"floor":32.0,"key":"REST"}],"circlet_count":0,"master_deck":["AscendersBane","Strike_G","Strike_G","Strike_G","Strike_G","Defend_G+1","Defend_G+1","Defend_G","Defend_G","Survivor","Neutralize+1","Adrenaline+1","Infinite Blades","Blade Dance+1","Blade Dance","Dash","Phantasmal Killer+1","Infinite Blades","After Image","Flying Knee+1","Phantasmal Killer+1","Calculated Gamble+1","Terror+1","Cloak And Dagger+1","PiercingWail+1","Accuracy+1","Cloak And Dagger+1","Noxious Fumes+1"],"relics":["Ring of the Serpent","Anchor","Toxic Egg 2","Black Star","Shuriken","Tingsha","TungstenRod","Blue Candle","Frozen Egg 2","Bag of Marbles","Unceasing Top","Torii","War Paint"],"acts_visited":["Exordium","TheCity","TheBeyond"],"potions_floor_usage":[],"damage_taken":[{"damage":2.0,"enemies":"2 Louse","floor":1.0,"turns":3.0},{"damage":0.0,"enemies":"Cultist","floor":3.0,"turns":4.0},{"damage":0.0,"enemies":"Small Slimes","floor":5.0,"turns":3.0},{"damage":32.0,"enemies":"3 Sentries","floor":7.0,"turns":10.0},{"damage":0.0,"enemies":"Red Slaver","floor":8.0,"turns":3.0},{"damage":2.0,"enemies":"3 Louse","floor":10.0,"turns":4.0},{"damage":0.0,"enemies":"2 Fungi Beasts","floor":12.0,"turns":3.0},{"damage":0.0,"enemies":"Looter","floor":14.0,"turns":2.0},{"damage":12.0,"enemies":"The Guardian","floor":16.0,"turns":13.0},{"damage":0.0,"enemies":"Chosen","floor":18.0,"turns":3.0},{"damage":12.0,"enemies":"2 Thieves","floor":19.0,"turns":5.0},{"damage":3.0,"enemies":"Cultist and Chosen","floor":21.0,"turns":4.0},{"damage":14.0,"enemies":"Snake Plant","floor":22.0,"turns":4.0},{"damage":17.0,"enemies":"Gremlin Leader","floor":23.0,"turns":6.0},{"damage":8.0,"enemies":"Slavers","floor":25.0,"turns":4.0},{"damage":15.0,"enemies":"Sentry and Sphere","floor":29.0,"turns":5.0},{"damage":0.0,"enemies":"Gremlin Leader","floor":30.0,"turns":4.0},{"damage":0.0,"enemies":"3 Cultists","floor":31.0,"turns":3.0},{"damage":43.0,"enemies":"Automaton","floor":33.0,"turns":8.0},{"damage":14.0,"enemies":"3 Darklings","floor":35.0,"turns":5.0},{"damage":0.0,"enemies":"Orb Walker","floor":37.0,"turns":2.0},{"damage":0.0,"enemies":"Writhing Mass","floor":38.0,"turns":3.0},{"damage":17,"enemies":"Sphere and 2 Shapes","floor":39,"turns":4},{"damage":34,"enemies":"Reptomancer","floor":40,"turns":3}],"seed_played":"-8078733717025694225","potions_obtained":[{"floor":1.0,"key":"SpeedPotion"},{"floor":5.0,"key":"AttackPotion"},{"floor":14.0,"key":"EntropicBrew"},{"floor":16.0,"key":"Fire Potion"},{"floor":18.0,"key":"Poison Potion"},{"floor":19.0,"key":"FairyPotion"},{"floor":25.0,"key":"CunningPotion"},{"floor":29.0,"key":"PowerPotion"},{"floor":33.0,"key":"Energy Potion"},{"floor":37.0,"key":"Fruit Juice"}],"is_trial":false,"path_per_floor":["M","?","M","?","M","R","E","M","T","M","?","M","R","M","R","B",null,"M","M","$","M","M","E","R","E","T","R","?","M","E","M","R","B",null,"M","$","M","M","M","E"],"character_chosen":"THE_SILENT","items_purchased":["Shuriken","Accuracy+1","War Paint","Cloak And Dagger+1"],"campfire_rested":4,"item_purchase_floors":[20,36,36,36],"current_hp_per_floor":[61,55,55,55,55,55,23,23,23,21,21,21,39,39,39,27,54,54,42,42,39,25,8,26,18,18,36,36,21,21,21,39,18,52,38,38,43,43,26,0,0],"gold":129,"neow_bonus":"THREE_RARE_CARDS","is_daily":false,"chose_seed":false,"campfire_upgraded":2,"win_rate":0.0,"timestamp":1613670675,"path_taken":["M","?","?","?","M","R","E","?","T","M","?","M","R","M","R","BOSS","M","M","$","M","M","E","R","E","T","R","?","M","E","M","R","BOSS","M","$","M","M","M","E"],"items_purchased_type":["Relic","Card","Relic","Card"],"build_version":"2020-12-22","purchased_purges":2,"victory":false,"max_hp_per_floor":[63,63,63,63,63,63,63,63,63,63,63,63,63,63,63,63,63,63,63,63,63,63,63,63,63,63,63,63,63,63,63,63,63,63,63,63,68,68,68,68,68],"card_choices":[{"not_picked":["Phantasmal Killer","After Image"],"picked":"Adrenaline","floor":0.0},{"not_picked":["Dagger Throw","Eviscerate"],"picked":"Infinite Blades","floor":1.0},{"not_picked":["Prepared","Underhanded Strike"],"picked":"Blade Dance","floor":3.0},{"not_picked":["Underhanded Strike","Concentrate","Flying Knee"],"picked":"SKIP","floor":5.0},{"not_picked":["Distraction","Catalyst"],"picked":"Blade Dance","floor":7.0},{"not_picked":["Deflect","Dodge and Roll","Deadly Poison"],"picked":"SKIP","floor":8.0},{"not_picked":["Infinite Blades","Endless Agony"],"picked":"Dash","floor":10.0},{"not_picked":["Dodge and Roll+1","Prepared+1"],"picked":"Phantasmal Killer+1","floor":12.0},{"not_picked":["Bane","Quick Slash"],"picked":"Infinite Blades","floor":14.0},{"not_picked":["Unload","Doppelganger+1"],"picked":"After Image","floor":16.0},{"not_picked":["Dagger Throw","Dagger Spray","Escape Plan+1"],"picked":"SKIP","floor":18.0},{"not_picked":["Deflect+1","Prepared+1"],"picked":"Flying Knee+1","floor":19.0},{"not_picked":["Choke","Backstab","Dagger Spray"],"picked":"SKIP","floor":21.0},{"not_picked":["Crippling Poison+1","Prepared+1"],"picked":"Phantasmal Killer+1","floor":22.0},{"not_picked":["Choke","Infinite Blades"],"picked":"Calculated Gamble+1","floor":23.0},{"not_picked":["Deadly Poison+1","Dagger Spray+1"],"picked":"Terror+1","floor":25.0},{"not_picked":["All Out Attack+1","Underhanded Strike+1"],"picked":"Cloak And Dagger+1","floor":29.0},{"not_picked":["Doppelganger+1","Predator+1","Deadly Poison+1"],"picked":"SKIP","floor":30.0},{"not_picked":["Reflex+1","Dagger Throw+1"],"picked":"PiercingWail+1","floor":31.0},{"not_picked":["Underhanded Strike","Dodge and Roll+1","Bane"],"picked":"SKIP","floor":35.0},{"not_picked":["Dash+1","PiercingWail+1","Sucker Punch"],"picked":"SKIP","floor":37.0},{"not_picked":["Flying Knee","Slice","Bane+1"],"picked":"SKIP","floor":38},{"not_picked":["Deadly Poison+1","Outmaneuver+1"],"picked":"Noxious Fumes+1","floor":39}],"player_experience":939780,"relics_obtained":[{"floor":7.0,"key":"Anchor"},{"floor":9.0,"key":"Toxic Egg 2"},{"floor":23.0,"key":"Tingsha"},{"floor":23.0,"key":"TungstenRod"},{"floor":25.0,"key":"Blue Candle"},{"floor":25.0,"key":"Frozen Egg 2"},{"floor":26.0,"key":"Bag of Marbles"},{"floor":30.0,"key":"Unceasing Top"},{"floor":30.0,"key":"Torii"}],"event_choices":[{"damage_healed":0.0,"max_hp_gain":0.0,"max_hp_loss":0.0,"gold_gain":75.0,"event_name":"FaceTrader","player_choice":"Touch","floor":2.0,"gold_loss":0.0,"damage_taken":6.0},{"damage_healed":0.0,"max_hp_gain":0.0,"max_hp_loss":0.0,"gold_gain":0.0,"event_name":"Upgrade Shrine","player_choice":"Upgraded","floor":4.0,"gold_loss":0.0,"damage_taken":0.0,"cards_upgraded":["Adrenaline"]},{"damage_healed":0.0,"max_hp_gain":0.0,"max_hp_loss":0.0,"gold_gain":0.0,"event_name":"Liars Game","player_choice":"Ignored","floor":11.0,"gold_loss":0.0,"damage_taken":0.0},{"damage_healed":0.0,"max_hp_gain":0.0,"max_hp_loss":0.0,"gold_gain":0.0,"event_name":"Cursed Tome","player_choice":"Ignored","floor":28.0,"gold_loss":0.0,"damage_taken":0.0}],"is_beta":false,"boss_relics":[{"not_picked":["Busted Crown","Empty Cage"],"picked":"Black Star"},{"not_picked":["SacredBark","Calling Bell"],"picked":"Ring of the Serpent"}],"items_purged_floors":[20,36],"is_endless":false,"potions_floor_spawned":[1,5,14,16,18,19,25,29,33,37],"killed_by":"Reptomancer","ascension_level":10}}