{"host":"61scwtj8sjvayefi","time":1613688038,"event":{"mods":["2.2 Compatiblity","Act Like it!","BaseMod","Conspire","Downfall","Gensokyo","Hermit","Koishi","Marisa????????","Minty Spire (QoL Compilation)","Remilia??????","Replay The Spire","StSLib","The Bug Knight","The Hierophant","The Mystic","The Senshi","The Servant 0.9.4"],"gold_per_floor":[112,23,36,211,222,241,241,259,339,339,364,364,364,375,375,473,473,486,500,470,91,57,87,87,87,155,155,11,25,25,35,35,35,35],"floor_reached":33,"language":"ENG","playtime":2716,"items_purged":["Strike_G"],"score":265,"play_id":"00431921-b985-4415-87b5-b90a1d7082dc","local_time":"20210218164038","is_ascension_mode":false,"campfire_choices":[{"data":"Cloak And Dagger","floor":7,"key":"SMITH"},{"data":"Neutralize","floor":10,"key":"SMITH"},{"floor":15,"key":"REST"},{"floor":24,"key":"REST"},{"data":"Strike_G","floor":32,"key":"PURGE"}],"circlet_count":0,"master_deck":["Strike_G","Strike_G","Strike_G","Defend_G+1","Defend_G","Defend_G","Defend_G","Defend_G","Survivor","Neutralize+1","conspire:DoublingDagger","Prepared","Slice+1","Cloak And Dagger+1","Doubt","Accuracy","Dagger Throw","Dodge and Roll","Tools of the Trade","Backflip","Phantasmal Killer","Quick Slash","Infinite Blades+1","Necronomicurse","Acrobatics"],"relics":["Ring of the Snake","NeowsBlessing","HollowMod:LifeEnderRelic","Peace Pipe","Frozen Egg 2","Busted Crown","CaptainsWheel","ReplayTheSpireMod:Shallot","Necronomicon","Pear","ReplayFunnel","conspire:Flyswatter"],"acts_visited":["Exordium","TheCity"],"potions_floor_usage":[11,11,16,23,23,23],"damage_taken":[{"damage":0,"enemies":"Small Slimes","floor":1,"turns":1},{"damage":0,"enemies":"Jaw Worm","floor":3,"turns":1},{"damage":0,"enemies":"Cultist","floor":5,"turns":1},{"damage":3,"enemies":"3 Louse","floor":6,"turns":4},{"damage":3,"enemies":"2 Fungi Beasts","floor":8,"turns":5},{"damage":22,"enemies":"Gremlin Nob","floor":11,"turns":4},{"damage":7,"enemies":"Large Slime","floor":14,"turns":6},{"damage":35,"enemies":"The Guardian","floor":16,"turns":12},{"damage":40,"enemies":"conspire:FuzzyDice","floor":18,"turns":7},{"damage":11,"enemies":"2 Thieves","floor":19,"turns":4},{"damage":9,"enemies":"Gremlin Leader","floor":23,"turns":5},{"damage":0,"enemies":"Sentry and Sphere","floor":29,"turns":4},{"damage":1,"enemies":"Centurion and Healer","floor":31,"turns":6},{"damage":26,"enemies":"Champ","floor":33,"turns":11}],"seed_played":"-4055673289091287037","potions_obtained":[{"floor":1,"key":"champ:CounterPotion"},{"floor":6,"key":"CultistPotion"},{"floor":8,"key":"PowerPotion"},{"floor":19,"key":"Adrenaline Potion"},{"floor":20,"key":"Languid Potion"},{"floor":20,"key":"SkillPotion"}],"is_trial":false,"path_per_floor":["M","$","M","?","M","M","R","M","T","R","E","?","T","M","R","B",null,"M","M","?","$","$","E","R","?","T","?","$","M","?","M","R","B"],"character_chosen":"THE_SILENT","items_purchased":["Prepared","Slice+1","CaptainsWheel","Infinite Blades+1","ReplayFunnel"],"campfire_rested":2,"item_purchase_floors":[2,2,21,22,28],"current_hp_per_floor":[70,70,70,70,70,67,67,64,64,64,42,42,42,35,56,21,70,30,19,19,19,19,10,31,15,25,25,25,25,25,24,24,0,0],"gold":35,"neow_bonus":"THREE_ENEMY_KILL","is_daily":false,"chose_seed":false,"campfire_upgraded":2,"win_rate":0.0,"timestamp":1613688038,"path_taken":["M","$","M","?","M","M","R","M","T","R","E","?","?","M","R","BOSS","M","M","?","?","$","E","R","?","T","?","$","M","?","M","R","BOSS"],"items_purchased_type":["Card","Card","Relic","Card","Relic"],"build_version":"2020-12-22","purchased_purges":1,"victory":false,"max_hp_per_floor":[70,70,70,70,70,70,70,70,70,70,70,70,70,70,70,70,70,70,70,70,70,70,70,70,70,80,80,80,80,80,80,80,80,80],"card_choices":[{"not_picked":["Noxious Fumes","Backflip"],"picked":"conspire:DoublingDagger","floor":1},{"not_picked":["ReplayTheSpireMod:Exploit Weakness","Heel Hook"],"picked":"Cloak And Dagger","floor":3},{"not_picked":["Deadly Poison","Prepared"],"picked":"Accuracy","floor":5},{"not_picked":["Acrobatics","Bane"],"picked":"Dagger Throw","floor":6},{"not_picked":["Slice","Noxious Fumes"],"picked":"Dodge and Roll","floor":8},{"not_picked":["Dodge and Roll","Accuracy"],"picked":"Tools of the Trade","floor":11},{"not_picked":["Deflect","Dash"],"picked":"Backflip","floor":14},{"not_picked":["Atom Bomb","Envenom+1"],"picked":"Phantasmal Killer","floor":16},{"not_picked":["ReplayTheSpireMod:Tripwire+1"],"picked":"SKIP","floor":18},{"not_picked":[],"picked":"Quick Slash","floor":19},{"not_picked":["Dodge and Roll"],"picked":"SKIP","floor":23},{"not_picked":["Cloak And Dagger"],"picked":"SKIP","floor":29},{"not_picked":[],"picked":"Acrobatics","floor":31}],"player_experience":96805,"relics_obtained":[{"floor":9,"key":"HollowMod:LifeEnderRelic"},{"floor":11,"key":"Peace Pipe"},{"floor":13,"key":"Frozen Egg 2"},{"floor":23,"key":"ReplayTheSpireMod:Shallot"},{"floor":25,"key":"Necronomicon"},{"floor":26,"key":"Pear"}],"event_choices":[{"damage_healed":0,"gold_gain":175,"player_choice":"AGREE","damage_taken":0,"max_hp_gain":0,"max_hp_loss":0,"event_name":"Liars Game","floor":4,"gold_loss":0,"cards_obtained":["Doubt"]},{"damage_healed":0,"gold_gain":0,"player_choice":"Bought 2 Potions","damage_taken":0,"max_hp_gain":0,"max_hp_loss":0,"event_name":"The Woman in Blue","floor":20,"gold_loss":0},{"damage_healed":0,"gold_gain":0,"player_choice":"Obtained Book","damage_taken":16,"max_hp_gain":0,"max_hp_loss":0,"event_name":"Cursed Tome","floor":25,"gold_loss":0}],"is_beta":false,"boss_relics":[{"not_picked":["Runic Pyramid","conspire:SeveredTorchhead"],"picked":"Busted Crown"}],"items_purged_floors":[21],"is_endless":false,"potions_floor_spawned":[1,6,8,19],"killed_by":"Champ","ascension_level":0}}