{"host":"goda751pbqw5j0wn","time":1613628635,"event":{"mods":["Act Like it!","Arknights","BaseMod","Highlight Path","Minty Spire (QoL Compilation)","READ ME - Guardian Mod","Shop Mod","StSLib","óô»ðÖ¸ÄÏ"],"gold_per_floor":[113,123,123,133,143,177,177,208,208,283,283,308,16,33,33,138,138,150,150,161,161,180,180,180,180,234,253,270,185,200,200,200],"floor_reached":31,"language":"ZHS","playtime":1624,"items_purged":["ats:Strike V"],"score":257,"play_id":"15074b70-0649-47fe-9e5a-e7906ea5b80e","local_time":"20210218141035","is_ascension_mode":false,"campfire_choices":[{"data":"ats:Support Order","floor":7.0,"key":"SMITH"},{"floor":11.0,"key":"REST"},{"floor":15.0,"key":"REST"},{"data":"ats:True Silver Slash","floor":23.0,"key":"SMITH"},{"data":"ats:Emotion Absorption","floor":25.0,"key":"SMITH"}],"circlet_count":0,"master_deck":["ats:Strike G","ats:Strike S","ats:Armor Crushing Shot","ats:Defend","ats:Defend","ats:Defend","ats:Defend","ats:Emotion Absorption+1","Sadistic Nature","ats:Very Hot Blade","ats:Sunburst","ats:Shadow Raid","ats:Absolute Focus","ats:Support Order+1","ats:Hook Shot","ats:Ignite","ats:Ambush+1","ats:Hammer On","ats:True Silver Slash+1","ats:Apocalypse","ats:Serious Mode+1","ats:Explosion Area Strengthen","ats:Consecutive Shot Auto","ats:Charging Defense"],"relics":["ats:Sanity","ats:Originium","Eternal Feather","ats:Hidden Killer","Frozen Egg 2","ats:Remnant Ash","Oddly Smooth Stone","Runic Pyramid","Bag of Preparation","ats:Lavender","MealTicket","PreservedInsect"],"acts_visited":["Exordium","TheCity"],"potions_floor_usage":[31],"damage_taken":[{"damage":1.0,"enemies":"Cultist","floor":1.0,"turns":3.0},{"damage":5.0,"enemies":"2 Louse","floor":2.0,"turns":3.0},{"damage":0.0,"enemies":"Small Slimes","floor":4.0,"turns":3.0},{"damage":2.0,"enemies":"Blue Slaver","floor":5.0,"turns":3.0},{"damage":5.0,"enemies":"Gremlin Nob","floor":6.0,"turns":3.0},{"damage":39.0,"enemies":"3 Sentries","floor":8.0,"turns":11.0},{"damage":17.0,"enemies":"Gremlin Nob","floor":12.0,"turns":4.0},{"damage":2.0,"enemies":"Lots of Slimes","floor":14.0,"turns":3.0},{"damage":39.0,"enemies":"Hexaghost","floor":16.0,"turns":12.0},{"damage":26.0,"enemies":"Spheric Guardian","floor":18.0,"turns":6.0},{"damage":34.0,"enemies":"2 Thieves","floor":20.0,"turns":4.0},{"damage":0.0,"enemies":"Snake Plant","floor":22.0,"turns":6.0},{"damage":25.0,"enemies":"Centurion and Healer","floor":27.0,"turns":3.0},{"damage":15.0,"enemies":"Snecko","floor":28.0,"turns":3.0},{"damage":7,"enemies":"Cultist and Chosen","floor":30,"turns":4},{"damage":10000,"enemies":"Snake Plant","floor":31,"turns":3}],"seed_played":"8902707684030702277","potions_obtained":[{"floor":4.0,"key":"Fire Potion"},{"floor":5.0,"key":"ats:Emergency Sanity Potion"},{"floor":8.0,"key":"ats:Burn Small Potion"},{"floor":16.0,"key":"Dexterity Potion"},{"floor":18.0,"key":"SpeedPotion"},{"floor":22.0,"key":"ats:Burn Small Potion"},{"floor":30,"key":"DuplicationPotion"}],"is_trial":false,"path_per_floor":["M","M","?","M","M","E","R","E","T","?","R","E","$","M","R","B",null,"M","?","M","?","M","R","T","R","T","M","M","?","M","M"],"character_chosen":"DOCTOR_CLASS","items_purchased":["Oddly Smooth Stone","ats:Ambush+1"],"campfire_rested":2,"item_purchase_floors":[13,13],"current_hp_per_floor":[64,59,52,52,50,45,54,15,15,4,32,15,15,13,41,2,65,39,39,5,5,13,25,25,37,37,18,5,5,1,0,0],"gold":200,"neow_bonus":"RANDOM_COLORLESS_2","is_daily":false,"chose_seed":false,"campfire_upgraded":3,"win_rate":0.0,"timestamp":1613628635,"path_taken":["M","M","?","M","M","E","R","E","T","?","R","E","$","M","R","BOSS","M","?","M","?","M","R","?","R","T","?","M","?","M","M"],"items_purchased_type":["Relic","Card"],"build_version":"2020-12-22","purchased_purges":1,"victory":false,"max_hp_per_floor":[65,65,65,65,65,65,65,65,65,65,65,65,65,65,65,65,65,65,65,65,65,65,65,65,65,65,65,65,65,65,65,65],"card_choices":[{"not_picked":["Violence","Magnetism"],"picked":"Sadistic Nature","floor":0.0},{"not_picked":["ats:Song Of Battle","ats:Flexible Camouflage"],"picked":"ats:Very Hot Blade","floor":1.0},{"not_picked":["ats:Flexible Camouflage","ats:Apocalypse"],"picked":"ats:Sunburst","floor":2.0},{"not_picked":["ats:Cat Scratch","ats:Very Hot Blade"],"picked":"ats:Shadow Raid","floor":4.0},{"not_picked":["ats:LN2 Cannon","ats:Guardian Obelisk"],"picked":"ats:Absolute Focus","floor":5.0},{"not_picked":["ats:Volcano","ats:Shell Defense"],"picked":"ats:Support Order","floor":6.0},{"not_picked":["ats:Spore Proliferation","ats:Very Hot Blade"],"picked":"ats:Hook Shot","floor":8.0},{"not_picked":["ats:LN2 Cannon","ats:Cat Scratch"],"picked":"ats:Ignite","floor":12.0},{"not_picked":["ats:Apocalypse","ats:Directed Diagnosis"],"picked":"ats:Hammer On","floor":14.0},{"not_picked":["ats:Dogmatic Field+1","ats:Nebulous Foxfire"],"picked":"ats:True Silver Slash","floor":16.0},{"not_picked":["ats:Leaping Hammer","ats:Support Order","ats:LN2 Cannon+1"],"picked":"SKIP","floor":18.0},{"not_picked":["ats:Very Hot Blade","ats:Ignite+1"],"picked":"ats:Apocalypse","floor":20.0},{"not_picked":["ats:Sword Rain+1","ats:Closed Bolt Burst Fire+1"],"picked":"ats:Serious Mode+1","floor":22.0},{"not_picked":["ats:Very Hot Blade","ats:Shell Defense"],"picked":"ats:Explosion Area Strengthen","floor":27.0},{"not_picked":["ats:Automatic Cover","ats:Guard Mode"],"picked":"ats:Consecutive Shot Auto","floor":28.0},{"not_picked":["ats:Healing Strengthening+1","ats:Beaten Up"],"picked":"ats:Charging Defense","floor":30}],"player_experience":534650,"relics_obtained":[{"floor":6.0,"key":"ats:Originium"},{"floor":6.0,"key":"Eternal Feather"},{"floor":8.0,"key":"ats:Originium"},{"floor":8.0,"key":"ats:Hidden Killer"},{"floor":9.0,"key":"Frozen Egg 2"},{"floor":12.0,"key":"ats:Originium"},{"floor":12.0,"key":"ats:Remnant Ash"},{"floor":24.0,"key":"ats:Lavender"},{"floor":26.0,"key":"MealTicket"}],"event_choices":[{"cards_removed":["ats:Strike C"],"damage_healed":0.0,"max_hp_gain":0.0,"max_hp_loss":0.0,"gold_gain":0.0,"event_name":"Golden Wing","player_choice":"Card Removal","floor":3.0,"gold_loss":0.0,"damage_taken":7.0},{"damage_healed":0.0,"max_hp_gain":0.0,"max_hp_loss":0.0,"gold_gain":75.0,"event_name":"World of Goop","player_choice":"Gather Gold","floor":10.0,"gold_loss":0.0,"damage_taken":11.0},{"damage_healed":0.0,"max_hp_gain":0.0,"max_hp_loss":0.0,"gold_gain":0.0,"event_name":"The Mausoleum","player_choice":"Opened","floor":19.0,"gold_loss":0.0,"damage_taken":0.0,"relics_obtained":["Bag of Preparation"]},{"damage_healed":0.0,"max_hp_gain":0.0,"max_hp_loss":0.0,"gold_gain":0.0,"event_name":"Ghosts","player_choice":"Ignored","floor":21.0,"gold_loss":0.0,"damage_taken":0.0},{"damage_healed":0.0,"max_hp_gain":0.0,"max_hp_loss":0.0,"gold_gain":0.0,"event_name":"Addict","player_choice":"Obtained Relic","floor":29.0,"gold_loss":85.0,"damage_taken":0.0,"relics_obtained":["PreservedInsect"]}],"is_beta":false,"boss_relics":[{"not_picked":["Pandora\u0027s Box","Ectoplasm"],"picked":"Runic Pyramid"}],"items_purged_floors":[13],"is_endless":false,"potions_floor_spawned":[4,5,8,16,18,22,30],"killed_by":"Snake Plant","ascension_level":0}}