{"host":"fc4hh3zaz3zk8cya","time":1613626796,"event":{"mods":["BaseMod","BetterRewards","Colored Map","Colored Powertips","Downfall","GifTheSpireLib","Highlight Path","Infinite Spire","Minty Spire (QoL Compilation)","Permanent Neow","Quick Restart","Replay The Spire","Shop Mod","StSLib","slay the spire mod where everything is the same but ironclad has a cowboy hat"],"gold_per_floor":[99,99,157,507,507,417,442,467,567,567,582,682,682,386,404,509,509,509,509,509,509],"floor_reached":19,"language":"ENG","playtime":955,"items_purged":["downfall:Aged","downfall:Bewildered"],"score":209,"play_id":"f34232a1-b0b4-41dc-a0c1-7630b1763fbc","local_time":"20210218003956","is_ascension_mode":false,"campfire_choices":[{"floor":1,"key":"DIG"},{"data":"infinitespire:Oblivion","floor":13,"key":"SMITH"}],"circlet_count":0,"master_deck":["Slimebound:Strike_Slimebound","Slimebound:Strike_Slimebound","Slimebound:Strike_Slimebound","Slimebound:Tackle","Slimebound:Defend_Slimebound","Slimebound:Defend_Slimebound","Slimebound:Defend_Slimebound","Slimebound:Defend_Slimebound","Slimebound:Split","Slimebound:CorrosiveSpit","Slimebound:FinishingTackle","Slimebound:HauntingLick","Injury","Slimebound:GoopSpray","Slimebound:SplitBruiser","Slimebound:RainOfGoop","infinitespire:Oblivion+1","Slimebound:MegaLick","Slimebound:LevelUp","Slimebound:Schlurp","Slimebound:GoopSpray","Slimebound:GoopSpray","Slimebound:Overexert"],"relics":["Slimebound:AbsorbEndCombat","downfall:HeartsMalice","Boot","Replay:Ringing Soul","Ring of Hypnosis","Ring of Greed","Old Coin","MealTicket","Omamori","infinitespire:Satchel","downfall:CloakOfManyFaces","CultistMask","FaceOfCleric","NlothsMask","GremlinMask","SsserpentHead","MerchantsRug","Sozu","downfall:TeleportStone"],"acts_visited":["Exordium","TheCity"],"potions_floor_usage":[15],"damage_taken":[{"damage":0,"enemies":"2 Louse","floor":2,"turns":1},{"damage":0,"enemies":"3 Sentries","floor":3,"turns":1},{"damage":0,"enemies":"Small Slimes","floor":5,"turns":1},{"damage":0,"enemies":"downfall:FleeingMerchant","floor":6,"turns":4},{"damage":27,"enemies":"Lagavulin","floor":8,"turns":5},{"damage":2,"enemies":"Jaw Worm","floor":11,"turns":2},{"damage":18,"enemies":"downfall:FaceTrader","floor":12,"turns":6},{"damage":3,"enemies":"downfall:FleeingMerchant","floor":14,"turns":4},{"damage":5,"enemies":"Large Slime","floor":15,"turns":4},{"damage":16,"enemies":"SI_SHIV_ARCHETYPE","floor":16,"turns":8},{"damage":0,"enemies":"Spheric Guardian","floor":19,"turns":1}],"seed_played":"2742666050620558879","potions_obtained":[{"floor":3,"key":"bronze:BurnAndBuffPotion"},{"floor":8,"key":"ColorlessPotion"},{"floor":12,"key":"Elixir"},{"floor":16,"key":"Cursed Concoction"}],"is_trial":false,"path_per_floor":["R_BF","M","?","?","M","$","T","E","?","?","M","?","R","$","M","B",null,"R_BF","M"],"character_chosen":"SLIMEBOUND","items_purchased":["MerchantsRug","Slimebound:GoopSpray"],"campfire_rested":0,"item_purchase_floors":[14,14],"current_hp_per_floor":[65,65,68,71,74,77,77,59,59,42,45,38,38,60,60,56,98,98,98,98,98],"gold":509,"neow_bonus":"THREE_ENEMY_KILL","is_daily":false,"chose_seed":false,"campfire_upgraded":1,"win_rate":0.0,"timestamp":1613626796,"path_taken":["R_BF","M","?","?","M","$","T","E","?","?","?","?","R","$","M","BOSS","R_BF","M"],"items_purchased_type":["Relic","Card"],"build_version":"2020-12-22","purchased_purges":2,"victory":false,"max_hp_per_floor":[65,65,68,71,74,77,77,80,80,83,86,89,89,93,94,98,98,98,98,98,98],"card_choices":[{"not_picked":["Slimebound:SplitLeeching","Slimebound:GoopTackle"],"picked":"Slimebound:FinishingTackle","floor":2},{"not_picked":["Slimebound:ItLooksTasty","Slimebound:Prepare"],"picked":"Slimebound:HauntingLick","floor":3},{"not_picked":["Slimebound:LivingWall","Slimebound:Dissolve"],"picked":"Slimebound:GoopSpray","floor":5},{"not_picked":["Slimebound:PrepareCrush","Slimebound:AcidTongue"],"picked":"Slimebound:SplitBruiser","floor":6},{"not_picked":["Slimebound:PressTheAttack","Slimebound:SlimeTap"],"picked":"Slimebound:RainOfGoop","floor":8},{"not_picked":["ReplayTheSpireMod:Black Plague","ReplayTheSpireMod:Echoes of Time"],"picked":"infinitespire:Oblivion","floor":10},{"not_picked":["Slimebound:Replication","Slimebound:HauntingLick"],"picked":"Slimebound:MegaLick","floor":11},{"not_picked":["Slimebound:GoopSpray","Slimebound:LeechingTouch"],"picked":"Slimebound:LevelUp","floor":12},{"not_picked":["Slimebound:SlimeSlap","Slimebound:SamplingLick"],"picked":"Slimebound:Schlurp","floor":14},{"not_picked":["Slimebound:Repurpose","Slimebound:DisruptingSlam","Slimebound:ItLooksTasty"],"picked":"SKIP","floor":15},{"not_picked":["Slimebound:OneTwoCombo","Slimebound:Teamwork"],"picked":"Slimebound:Overexert","floor":16}],"player_experience":93663,"relics_obtained":[{"floor":1,"key":"Boot"},{"floor":3,"key":"Replay:Ringing Soul"},{"floor":4,"key":"Ring of Hypnosis"},{"floor":4,"key":"Ring of Greed"},{"floor":4,"key":"Old Coin"},{"floor":4,"key":"MealTicket"},{"floor":7,"key":"Omamori"},{"floor":8,"key":"infinitespire:Satchel"},{"floor":12,"key":"downfall:CloakOfManyFaces"}],"event_choices":[],"is_beta":false,"boss_relics":[{"not_picked":["SacredBark","Cursed Key"],"picked":"Sozu"}],"items_purged_floors":[6,14],"is_endless":false,"potions_floor_spawned":[3,8,12,16],"killed_by":"Spheric Guardian","ascension_level":0}}