{"host":"cizwai1hr4r8wn74","time":1613659297,"event":{"mods":["BaseMod","Friendly Minions","LagranYue(拉格朗・月)","Lobotomy","LobotomyExtend","Marisa（F雨　魔理沙）","Minty Spire (QoL Compilation)","Replay The Spire","StSLib","SuperFastMode","TestMod","The Servant 0.9.4","Yuri Mod","【功能Mod】混沌之环修复补丁"],"gold_per_floor":[111,71,85,103,103,103,138,63,88,9,9,28,28,41,41,169,169,169,185,185,7,25,46,46,46,69,159,174,218,218,93,93,93,93],"floor_reached":33,"language":"ZHS","playtime":1148,"items_purged":["Strike_MRS","Strike_MRS","Defend_MRS"],"score":288,"play_id":"7deb5849-f86e-42c0-b7f4-c855d388338b","local_time":"20210218224137","is_ascension_mode":false,"campfire_choices":[{"data":"MasterSpark","floor":6,"key":"SMITH"},{"floor":11,"key":"REST"},{"data":"FairyDestructionRay","floor":13,"key":"SMITH"},{"floor":15,"key":"REST"},{"floor":24,"key":"REST"},{"floor":32,"key":"DIG"}],"circlet_count":0,"master_deck":["Strike_MRS","Strike_MRS","Defend_MRS","Defend_MRS","Defend_MRS","MasterSpark+1","UpSweep","MeltingLove","PowerUp","GrandCross","NonDirectionalLaser","Injury","LongBird","AlicesGift","RefractionSpark","FairyDestructionRay+1","EarthLightRay","FinalSpark","Singularity","MeatLantern"],"relics":["MiniHakkero","testmod-TestBox","LagranYue:RandomDrawCardRelic","testmod-RainbowHikingShoes","CogitoBucket","LetterFromLob","Golden Idol","Potion Belt","testmod-OneHitWonder","Replay:Grab Bag","LagranYue:SoulBurningRelic","Philosopher\u0027s Stone","testmod-BatchProcessingSystem","MagicBullet_r","Strawberry","LuminousBracelet","SproutingBranch","Replay:Bottled Flurry"],"acts_visited":["Exordium","TheCity"],"potions_floor_usage":[16,16,16,16,20,28,28,29,29],"damage_taken":[{"damage":3,"enemies":"Small Slimes","floor":1,"turns":3},{"damage":0,"enemies":"Cultist","floor":3,"turns":3},{"damage":6,"enemies":"2 Louse","floor":4,"turns":2},{"damage":8,"enemies":"3 Sentries","floor":7,"turns":6},{"damage":14,"enemies":"Exordium Wildlife","floor":12,"turns":3},{"damage":10,"enemies":"Blue Slaver","floor":14,"turns":3},{"damage":29,"enemies":"The Guardian","floor":16,"turns":6},{"damage":0,"enemies":"Spheric Guardian","floor":19,"turns":1},{"damage":0,"enemies":"3 Byrds","floor":22,"turns":2},{"damage":40,"enemies":"Centurion and Healer","floor":23,"turns":4},{"damage":0,"enemies":"3 Cultists","floor":28,"turns":2},{"damage":55,"enemies":"Book of Stabbing","floor":29,"turns":2},{"damage":20,"enemies":"Pondfish","floor":33,"turns":1}],"seed_played":"-4003507804491027231","potions_obtained":[{"floor":2,"key":"LiquidMemories"},{"floor":2,"key":"SneckoOil"},{"floor":2,"key":"Adrenaline Potion"},{"floor":3,"key":"Explosive Potion"},{"floor":7,"key":"Weak Potion"},{"floor":12,"key":"SkillPotion"},{"floor":16,"key":"Adrenaline Potion"},{"floor":19,"key":"LiquidBronze"},{"floor":20,"key":"testmod-SpacePotion"},{"floor":20,"key":"testmod-TestPotion"},{"floor":20,"key":"testmod-EscapePotion"},{"floor":23,"key":"EssenceOfSteel"}],"is_trial":false,"path_per_floor":["M","?","M","M","?","R","E","$","T","$","R","M","R","M","R","B",null,"M","M","?","$","M","M","R","$","T","?","M","E","?","$","R","B"],"character_chosen":"MARISA","items_purchased":["RefractionSpark","Singularity"],"campfire_rested":3,"item_purchase_floors":[10,21],"current_hp_per_floor":[72,72,72,66,66,66,58,58,58,58,75,61,61,51,73,48,75,75,75,75,75,75,35,56,56,62,50,67,15,15,15,15,0,0],"gold":93,"neow_bonus":"","is_daily":false,"chose_seed":false,"campfire_upgraded":2,"win_rate":0.0,"timestamp":1613659297,"path_taken":["M","?","M","?","?","R","E","$","T","$","R","M","R","M","R","BOSS","M","M","?","$","?","M","R","$","T","?","M","E","?","$","R","BOSS"],"items_purchased_type":["Card","Card"],"build_version":"2020-12-22","purchased_purges":3,"victory":false,"max_hp_per_floor":[75,75,75,75,75,75,75,75,75,75,75,75,75,75,75,75,75,75,75,75,75,75,75,75,75,82,82,97,97,97,97,97,97,97],"card_choices":[{"not_picked":["WhitesApple","SpiderBud","BeautyBeast"],"picked":"Singing Bowl","floor":1},{"not_picked":["LittleHelper","Variant"],"picked":"MeltingLove","floor":1},{"not_picked":["DarkSpark","SprinkleStarSeal"],"picked":"PowerUp","floor":1},{"not_picked":["CherryBlossoms","Wellcheers","Alriune"],"picked":"Singing Bowl","floor":3},{"not_picked":["DC","SprinkleStarSeal"],"picked":"GrandCross","floor":3},{"not_picked":["Orbital","PowerUp"],"picked":"NonDirectionalLaser","floor":4},{"not_picked":["BlackSwan","LaLuna"],"picked":"LongBird","floor":7},{"not_picked":["UnstableBomb","DarkMatter"],"picked":"AlicesGift","floor":7},{"not_picked":["MagicChant","MeteoricShower"],"picked":"FairyDestructionRay","floor":12},{"not_picked":["Orbital","RefractionSpark"],"picked":"EarthLightRay","floor":14},{"not_picked":["SatelliteIllusion","TreasureHunter"],"picked":"FinalSpark","floor":16},{"not_picked":["MagicAbsorber+1","Acceleration","LuminesStrike"],"picked":"SKIP","floor":19},{"not_picked":["EarthLightRay+1","GalacticHalo+1","PowerUp"],"picked":"SKIP","floor":22},{"not_picked":["DoubleSpark","GravityBeat+1","DC"],"picked":"SKIP","floor":23},{"not_picked":["Bloodbath","CrumblingArmor"],"picked":"MeatLantern","floor":28},{"not_picked":["UnstableBomb","FairyDestructionRay","IllusionStar"],"picked":"SKIP","floor":28},{"not_picked":["UnstableBomb","GasGiant","DC"],"picked":"SKIP","floor":29}],"player_experience":69401,"relics_obtained":[{"floor":1,"key":"LetterFromLob"},{"floor":7,"key":"Potion Belt"},{"floor":9,"key":"testmod-OneHitWonder"},{"floor":26,"key":"Strawberry"},{"floor":29,"key":"SproutingBranch"},{"floor":32,"key":"Replay:Bottled Flurry"}],"event_choices":[{"damage_healed":0,"gold_gain":0,"player_choice":"Bought 3 Potions","damage_taken":0,"max_hp_gain":0,"max_hp_loss":0,"event_name":"The Woman in Blue","floor":2,"gold_loss":0},{"damage_healed":0,"gold_gain":0,"player_choice":"Take Wound","damage_taken":0,"relics_obtained":["Golden Idol"],"max_hp_gain":0,"max_hp_loss":0,"event_name":"Golden Idol","floor":5,"gold_loss":0,"cards_obtained":["Injury"]},{"damage_healed":0,"gold_gain":0,"player_choice":"Got Potions","damage_taken":0,"max_hp_gain":0,"max_hp_loss":0,"event_name":"Lab","floor":20,"gold_loss":0},{"damage_healed":0,"gold_gain":90,"player_choice":"GOLD ","damage_taken":12,"max_hp_gain":0,"max_hp_loss":0,"event_name":"Knowing Skull","floor":27,"potions_obtained":[],"gold_loss":0,"cards_obtained":[]},{"damage_healed":0,"gold_gain":0,"player_choice":"Ignored","damage_taken":0,"max_hp_gain":0,"max_hp_loss":0,"event_name":"N\u0027loth","floor":30,"gold_loss":0}],"is_beta":false,"boss_relics":[{"not_picked":["testmod-HarvestTotem","testmod-EnergyCheck"],"picked":"Replay:Grab Bag"},{"not_picked":["Busted Crown","Velvet Choker"],"picked":"LagranYue:SoulBurningRelic"},{"not_picked":["Cursed Key","ChewingGum"],"picked":"Philosopher\u0027s Stone"},{"not_picked":["testmod-NegativeEmotionEnhancer","testmod-PortableAltar"],"picked":"testmod-BatchProcessingSystem"}],"items_purged_floors":[8,21,31],"is_endless":false,"potions_floor_spawned":[3,7,12,16,19,23],"killed_by":"Pondfish","ascension_level":0}}