{"host":"ul0c1243uydmw2e7","time":1613683837,"event":{"mods":["BaseMod","Better Match","Better Sensory Stone","Better Silent Start","Better Third Choice","Better Vampires","Block Reminder","Bossed Relics","Minty Spire (QoL Compilation)","StSLib","Virulent Crown"],"gold_per_floor":[116,127,22,22,22,53,129,155,155,174,174,174,22,47,47,142,142,157,177,8,8,26,26,26,26,26],"floor_reached":25,"language":"ENG","playtime":721,"items_purged":[],"score":468,"play_id":"24eb4f86-aacc-4081-ac94-e9b998cff021","local_time":"20210218163037","is_ascension_mode":true,"campfire_choices":[{"data":"Crippling Poison","floor":12,"key":"SMITH"},{"data":"Poisoned Stab","floor":15,"key":"SMITH"},{"data":"Tools of the Trade","floor":23,"key":"SMITH"}],"circlet_count":0,"master_deck":["AscendersBane","Strike_G","Defend_G","Defend_G","Defend_G","Defend_G","Survivor","Neutralize","Masterful Stab","Poisoned Stab+1","Crippling Poison+1","Flying Knee","Predator","Dagger Spray","Deadly Poison+1","Corpse Explosion+1","Leg Sweep+1","Night Terror+1","PiercingWail+1","Calculated Gamble+1","Tools of the Trade+1","Deadly Poison+1","Necronomicurse"],"relics":["Ring of the Snake","NeowsBlessing","Bag of Preparation","White Beast Statue","Mango","Toxic Egg 2","Golden Idol","Astrolabe","Snake Skull","Necronomicon"],"acts_visited":["Exordium","TheCity"],"potions_floor_usage":[8,14,18,18,22,22,25],"damage_taken":[{"damage":0,"enemies":"Cultist","floor":1,"turns":1},{"damage":0,"enemies":"Small Slimes","floor":2,"turns":1},{"damage":0,"enemies":"Gremlin Nob","floor":6,"turns":1},{"damage":5,"enemies":"Lagavulin","floor":8,"turns":6},{"damage":0,"enemies":"Jaw Worm","floor":10,"turns":3},{"damage":0,"enemies":"2 Fungi Beasts","floor":14,"turns":2},{"damage":15,"enemies":"The Guardian","floor":16,"turns":9},{"damage":0,"enemies":"Chosen","floor":18,"turns":3},{"damage":11,"enemies":"3 Byrds","floor":19,"turns":3},{"damage":12,"enemies":"Shelled Parasite and Fungi","floor":22,"turns":5},{"damage":29,"enemies":"Book of Stabbing","floor":25,"turns":6}],"seed_played":"-2655979441795188124","potions_obtained":[{"floor":1,"key":"Explosive Potion"},{"floor":6,"key":"Dexterity Potion"},{"floor":8,"key":"LiquidMemories"},{"floor":14,"key":"EntropicBrew"},{"floor":19,"key":"GhostInAJar"},{"floor":22,"key":"CunningPotion"}],"is_trial":false,"path_per_floor":["M","M","$","?","?","E","T","E","T","M","?","R","$","M","R","B",null,"M","M","$","?","M","R","?","E"],"character_chosen":"THE_SILENT","items_purchased":["Crippling Poison","Flying Knee","Corpse Explosion+1","Snake Skull"],"campfire_rested":0,"item_purchase_floors":[3,3,13,20],"current_hp_per_floor":[59,59,59,64,64,64,64,73,73,73,73,73,73,73,73,58,72,72,61,61,61,49,49,28,0,0],"gold":26,"neow_bonus":"THREE_ENEMY_KILL","is_daily":false,"chose_seed":false,"campfire_upgraded":3,"win_rate":0.0,"timestamp":1613683837,"path_taken":["M","M","$","?","?","E","?","E","T","M","?","R","?","M","R","BOSS","M","M","$","?","M","R","?","E"],"items_purchased_type":["Card","Card","Card","Relic"],"build_version":"2020-12-22","purchased_purges":0,"victory":false,"max_hp_per_floor":[66,66,66,71,71,71,71,85,85,85,77,77,77,77,77,77,77,77,77,77,77,77,77,77,77,77],"card_choices":[{"not_picked":["Calculated Gamble","Choke"],"picked":"Masterful Stab","floor":1},{"not_picked":["Heel Hook","Outmaneuver"],"picked":"Poisoned Stab","floor":2},{"not_picked":["Accuracy","Acrobatics"],"picked":"Predator","floor":6},{"not_picked":["Flechettes","Prepared"],"picked":"Dagger Spray","floor":8},{"not_picked":["Prepared+1","Underhanded Strike"],"picked":"Deadly Poison+1","floor":10},{"not_picked":["Deadly Poison+1","Slice"],"picked":"Leg Sweep+1","floor":14},{"not_picked":["Unload","Glass Knife"],"picked":"Night Terror+1","floor":16},{"not_picked":["Underhanded Strike+1","Deflect+1","Caltrops"],"picked":"SKIP","floor":18},{"not_picked":["Outmaneuver+1","Calculated Gamble+1"],"picked":"PiercingWail+1","floor":19},{"not_picked":["Endless Agony","Underhanded Strike"],"picked":"Deadly Poison+1","floor":22}],"player_experience":396788,"relics_obtained":[{"floor":6,"key":"Bag of Preparation"},{"floor":7,"key":"White Beast Statue"},{"floor":8,"key":"Mango"},{"floor":9,"key":"Toxic Egg 2"},{"floor":24,"key":"Necronomicon"}],"event_choices":[{"damage_healed":0,"gold_gain":0,"player_choice":"Donut","damage_taken":0,"max_hp_gain":5,"max_hp_loss":0,"event_name":"Big Fish","floor":4,"gold_loss":0},{"cards_removed":["Strike_G"],"damage_healed":0,"gold_gain":0,"player_choice":"Forget","damage_taken":0,"max_hp_gain":0,"max_hp_loss":0,"event_name":"Living Wall","floor":5,"gold_loss":0},{"damage_healed":0,"gold_gain":0,"player_choice":"Lose Max HP","damage_taken":0,"relics_obtained":["Golden Idol"],"max_hp_gain":0,"max_hp_loss":8,"event_name":"Golden Idol","floor":11,"gold_loss":0},{"damage_healed":0,"gold_gain":0,"cards_transformed":["Strike_G","Strike_G"],"player_choice":"Became Test Subject","damage_taken":0,"max_hp_gain":0,"max_hp_loss":0,"event_name":"Drug Dealer","floor":21,"gold_loss":0,"cards_obtained":["Calculated Gamble","Tools of the Trade"]},{"damage_healed":0,"gold_gain":0,"player_choice":"Obtained Book","damage_taken":21,"max_hp_gain":0,"max_hp_loss":0,"event_name":"Cursed Tome","floor":24,"gold_loss":0}],"is_beta":false,"boss_relics":[{"not_picked":["Philosopher\u0027s Stone","Black Star"],"picked":"Astrolabe"}],"items_purged_floors":[],"is_endless":false,"potions_floor_spawned":[1,6,8,10,14,16,18,19,22],"killed_by":"Book of Stabbing","ascension_level":20}}