{"host":"cvi30shpqg1ukvbr","time":1613688426,"event":{"mods":["Act Like it!","BaseMod","Better Altar","Better Match","Better Note","Better Sensory Stone","Better Skull","Better Third Choice","Conspire","GifTheSpireLib","Hubris","Infinite Spire","Minty Spire (QoL Compilation)","Relic Stats","Replay The Spire","Shop Mod","Spicy Shops","StSLib","Stuff the Spire"],"gold_per_floor":[114,134,144,159,174,174,174],"floor_reached":6,"language":"ENG","playtime":446,"items_purged":[],"score":42,"play_id":"3fbd192a-b231-4320-b77a-83a43f52188e","local_time":"20210219074706","is_ascension_mode":true,"campfire_choices":[],"circlet_count":0,"master_deck":["Strike_B","Strike_B","Strike_B","Strike_B","Defend_B","Defend_B","Defend_B","Defend_B","Zap","Dualcast","ReplayTheSpireMod:Faulty Equipment","Loop","ReplaySolidLightProjector","Rebound","StuffTheSpire:ShieldGenerator","Conserve Battery"],"relics":["Cracked Core","Ice Cream"],"acts_visited":["Exordium"],"potions_floor_usage":[4],"damage_taken":[{"damage":6,"enemies":"Jaw Worm","floor":1,"turns":4},{"damage":1,"enemies":"Cultist","floor":2,"turns":3},{"damage":0,"enemies":"Small Slimes","floor":3,"turns":5},{"damage":22,"enemies":"Exordium Thugs","floor":4,"turns":5},{"damage":6,"enemies":"Exordium Wildlife","floor":5,"turns":5},{"damage":43,"enemies":"Gremlin Nob","floor":6,"turns":4}],"seed_played":"6756878785770992959","potions_obtained":[{"floor":1,"key":"Dexterity Potion"},{"floor":3,"key":"LifebloodPotion"}],"is_trial":false,"path_per_floor":["M","M","M","M","M","E"],"character_chosen":"DEFECT","items_purchased":[],"campfire_rested":0,"item_purchase_floors":[],"current_hp_per_floor":[69,68,68,46,40,0,0],"gold":174,"neow_bonus":"ONE_RARE_RELIC","is_daily":false,"chose_seed":false,"campfire_upgraded":0,"win_rate":0.0,"timestamp":1613688426,"path_taken":["M","M","M","M","M","E"],"items_purchased_type":[],"build_version":"2020-12-22","purchased_purges":0,"victory":false,"max_hp_per_floor":[75,75,75,75,75,75,75],"relic_stats":{"counters":[6,25],"obtain_stats":[{"Ice Cream":0,"Cracked Core":0},{"Ice Cream":0,"Cracked Core":0},{"Ice Cream":0,"Cracked Core":0}]},"card_choices":[{"not_picked":["Ball Lightning","hubris:PowerSurge"],"picked":"Loop","floor":1},{"not_picked":["StuffTheSpire:CleanHardDrive","Tempest"],"picked":"ReplaySolidLightProjector","floor":2},{"not_picked":["StuffTheSpire:LoadUp","Blizzard"],"picked":"Rebound","floor":3},{"not_picked":["Panic Button","StuffTheSpire:GlassShard"],"picked":"StuffTheSpire:ShieldGenerator","floor":4},{"not_picked":["Panic Button","Leap"],"picked":"Conserve Battery","floor":5}],"player_experience":1851144,"relics_obtained":[],"event_choices":[],"is_beta":false,"boss_relics":[],"items_purged_floors":[],"is_endless":false,"potions_floor_spawned":[1,3],"killed_by":"Gremlin Nob","ascension_level":1}}