{"host":"fuszjwm6fqgjjp4d","time":1613682420,"event":{"mods":["BaseMod","Colored Map","Minty Spire (QoL Compilation)","Permanent Neow","Relic Sorter","Relic Stats","StSLib"],"gold_per_floor":[54,54,119,119,159,211,211,268,293,363,363,458,36,78,78,176,176,213,300,341,386,447,447,505,505,529,16,86,86,86,86,86,184,184,251,295,295,335,335,335,392,392,417,417,417,157,208,218,218,218,218],"floor_reached":50,"language":"ENG","playtime":1641,"items_purged":["Strike_R","Strike_R"],"score":1139,"play_id":"5979f707-5234-4701-8607-3c077c9dfe86","local_time":"20210218150700","is_ascension_mode":true,"campfire_choices":[{"data":"Disarm","floor":7.0,"key":"SMITH"},{"data":"Disarm","floor":11.0,"key":"SMITH"},{"data":"Spot Weakness","floor":15.0,"key":"SMITH"},{"floor":23,"key":"REST"},{"data":"Battle Trance","floor":25,"key":"SMITH"},{"data":"Disarm","floor":29,"key":"SMITH"},{"data":"Exhume","floor":32,"key":"SMITH"},{"data":"Limit Break","floor":40,"key":"SMITH"},{"floor":42,"key":"REST"},{"data":"Heavy Blade","floor":44,"key":"SMITH"},{"floor":49,"key":"RECALL"}],"circlet_count":0,"master_deck":["AscendersBane","Strike_R","Strike_R+1","Defend_R","Defend_R","Defend_R","Defend_R","Bash","HandOfGreed+1","Headbutt+1","Disarm+1","Disarm+1","Headbutt","Spot Weakness+1","Shrug It Off","Exhume+1","Battle Trance+1","Disarm+1","Limit Break+1","Dual Wield","Heavy Blade+1","Pommel Strike+1","Shrug It Off+1"],"relics":["Burning Blood","Omamori","MealTicket","Dream Catcher","ClockworkSouvenir","HornCleat","Velvet Choker","Pantograph","Pen Nib","Meat on the Bone","OrangePellets","MutagenicStrength","Busted Crown","Paper Frog","Whetstone","Pear"],"acts_visited":["Exordium","TheCity","TheBeyond"],"potions_floor_usage":[22,24,33,35,41,50],"damage_taken":[{"damage":7.0,"enemies":"Small Slimes","floor":1.0,"turns":3.0},{"damage":9.0,"enemies":"2 Louse","floor":3.0,"turns":3.0},{"damage":0.0,"enemies":"Cultist","floor":5.0,"turns":3.0},{"damage":8.0,"enemies":"Gremlin Nob","floor":6.0,"turns":3.0},{"damage":25.0,"enemies":"Lagavulin","floor":8.0,"turns":7.0},{"damage":9.0,"enemies":"Exordium Wildlife","floor":10.0,"turns":3.0},{"damage":26.0,"enemies":"3 Louse","floor":12.0,"turns":9.0},{"damage":1.0,"enemies":"Looter","floor":14.0,"turns":3.0},{"damage":19.0,"enemies":"Hexaghost","floor":16.0,"turns":10.0},{"damage":8.0,"enemies":"Shell Parasite","floor":18.0,"turns":7.0},{"damage":8.0,"enemies":"3 Byrds","floor":19.0,"turns":8.0},{"damage":13.0,"enemies":"Cultist and Chosen","floor":20.0,"turns":8.0},{"damage":10,"enemies":"Snecko","floor":21,"turns":6},{"damage":26,"enemies":"Chosen and Byrds","floor":22,"turns":6},{"damage":12,"enemies":"Book of Stabbing","floor":24,"turns":8},{"damage":18,"enemies":"Shelled Parasite and Fungi","floor":28,"turns":6},{"damage":14,"enemies":"Champ","floor":33,"turns":14},{"damage":8,"enemies":"3 Shapes","floor":35,"turns":3},{"damage":23,"enemies":"3 Darklings","floor":36,"turns":5},{"damage":36,"enemies":"Spire Growth","floor":38,"turns":5},{"damage":50,"enemies":"Reptomancer","floor":41,"turns":8},{"damage":56,"enemies":"Nemesis","floor":47,"turns":7},{"damage":5,"enemies":"Writhing Mass","floor":48,"turns":4},{"damage":84,"enemies":"Time Eater","floor":50,"turns":8}],"seed_played":"-6518022310662215520","potions_obtained":[{"floor":3.0,"key":"Fire Potion"},{"floor":5.0,"key":"SpeedPotion"},{"floor":14.0,"key":"GamblersBrew"},{"floor":22,"key":"DuplicationPotion"},{"floor":24,"key":"Fire Potion"},{"floor":28,"key":"SneckoOil"},{"floor":36,"key":"BlessingOfTheForge"},{"floor":47,"key":"Energy Potion"}],"is_trial":false,"path_per_floor":["M","?","M","?","M","E","R","E","T","M","R","M","$","M","R","B",null,"M","M","M","M","M","R","E","R","T","$","M","R","?","?","R","B",null,"M","M","?","M","?","R","E","R","T","R","?","$","E","M","R","B"],"character_chosen":"IRONCLAD","items_purchased":["ClockworkSouvenir","HornCleat","Meat on the Bone","OrangePellets","Whetstone"],"campfire_rested":2,"item_purchase_floors":[13,13,27,27,46],"current_hp_per_floor":[67,67,64,64,70,68,68,49,49,46,46,26,41,46,46,33,65,63,61,54,50,30,52,46,46,46,61,49,49,28,28,28,57,74,72,55,71,53,53,53,21,45,45,45,45,60,32,45,45,0,0],"gold":218,"neow_bonus":"RANDOM_COLORLESS_2","is_daily":false,"chose_seed":false,"campfire_upgraded":8,"win_rate":0.0,"timestamp":1613682420,"path_taken":["M","?","M","?","M","E","R","E","T","M","R","M","$","M","R","BOSS","M","M","M","M","M","R","E","R","T","$","?","R","?","?","R","BOSS","M","M","?","M","?","R","E","R","T","R","?","?","E","M","R","BOSS"],"items_purchased_type":["Relic","Relic","Relic","Relic","Relic"],"build_version":"2020-12-22","purchased_purges":2,"victory":false,"max_hp_per_floor":[75,75,75,75,75,75,75,75,75,75,75,75,75,75,75,75,75,75,75,75,75,75,75,75,75,75,75,75,75,80,80,80,80,80,80,80,80,80,80,80,80,80,80,80,80,80,90,90,90,90,90],"relic_stats":{"OrangePellets":[0],"Dream Catcher":2,"Busted Crown":14,"counters":[24,147],"Pantograph":50,"MealTicket":45,"Pen Nib":[9],"Whetstone":["Strike_R","Headbutt"],"obtain_stats":[{"Pear":47,"Velvet Choker":17,"Pen Nib":26,"Omamori":6,"Whetstone":46,"Burning Blood":0,"ClockworkSouvenir":13,"OrangePellets":27,"Dream Catcher":9,"HornCleat":13,"Busted Crown":34,"Pantograph":24,"MutagenicStrength":31,"MealTicket":8,"Meat on the Bone":27,"Paper Frog":41},{"Pear":22,"Velvet Choker":9,"Pen Nib":15,"Omamori":4,"Whetstone":21,"Burning Blood":0,"ClockworkSouvenir":7,"OrangePellets":15,"Dream Catcher":5,"HornCleat":7,"Busted Crown":17,"Pantograph":15,"MutagenicStrength":16,"MealTicket":5,"Meat on the Bone":15,"Paper Frog":21},{"Pear":135,"Velvet Choker":44,"Pen Nib":87,"Omamori":12,"Whetstone":128,"Burning Blood":0,"ClockworkSouvenir":31,"OrangePellets":87,"Dream Catcher":19,"HornCleat":31,"Busted Crown":107,"Pantograph":87,"MutagenicStrength":93,"MealTicket":19,"Meat on the Bone":87,"Paper Frog":128}],"Burning Blood":138,"Meat on the Bone":60},"card_choices":[{"not_picked":["The Bomb","Magnetism"],"picked":"HandOfGreed","floor":0.0},{"not_picked":["Sword Boomerang","Bloodletting"],"picked":"Headbutt","floor":1.0},{"not_picked":["Thunderclap","Wild Strike"],"picked":"Disarm","floor":3.0},{"not_picked":["Sword Boomerang","Clash","Warcry"],"picked":"SKIP","floor":5.0},{"not_picked":["Demon Form","Uppercut"],"picked":"Disarm","floor":6.0},{"not_picked":["Havoc","Clash"],"picked":"Headbutt","floor":8.0},{"not_picked":["Wild Strike","Twin Strike","True Grit"],"picked":"SKIP","floor":10.0},{"not_picked":["Impervious","True Grit"],"picked":"Spot Weakness","floor":12.0},{"not_picked":["Thunderclap","Armaments"],"picked":"Shrug It Off","floor":14.0},{"not_picked":["Demon Form","Brutality"],"picked":"Exhume","floor":16.0},{"not_picked":["Pommel Strike","Blood for Blood","Warcry"],"picked":"SKIP","floor":18.0},{"not_picked":["Wild Strike+1","Warcry","Sword Boomerang+1"],"picked":"SKIP","floor":19.0},{"not_picked":["Wild Strike+1","Shrug It Off","Body Slam"],"picked":"SKIP","floor":20.0},{"not_picked":["Fiend Fire","Reckless Charge","Armaments"],"picked":"SKIP","floor":21},{"not_picked":["Infernal Blade","Armaments","Dark Embrace"],"picked":"SKIP","floor":22},{"not_picked":["Rage","Headbutt"],"picked":"Battle Trance","floor":23},{"not_picked":["Metallicize","Wild Strike","Feel No Pain"],"picked":"SKIP","floor":24},{"not_picked":["Infernal Blade","Warcry+1"],"picked":"Disarm","floor":28},{"not_picked":["Exhume","Offering"],"picked":"Limit Break","floor":33},{"not_picked":[],"picked":"Dual Wield","floor":35},{"not_picked":[],"picked":"Heavy Blade","floor":36},{"not_picked":["Second Wind"],"picked":"SKIP","floor":38},{"not_picked":["Clothesline+1"],"picked":"SKIP","floor":41},{"not_picked":[],"picked":"Pommel Strike+1","floor":47},{"not_picked":[],"picked":"Shrug It Off+1","floor":48}],"player_experience":1498652,"relics_obtained":[{"floor":6.0,"key":"Omamori"},{"floor":8.0,"key":"MealTicket"},{"floor":9.0,"key":"Dream Catcher"},{"floor":24,"key":"Pantograph"},{"floor":26,"key":"Pen Nib"},{"floor":41,"key":"Paper Frog"},{"floor":47,"key":"Pear"}],"event_choices":[{"damage_healed":0.0,"max_hp_gain":0.0,"max_hp_loss":0.0,"gold_gain":0.0,"event_name":"Living Wall","player_choice":"Grow","floor":2.0,"gold_loss":0.0,"damage_taken":0.0,"cards_upgraded":["HandOfGreed"]},{"damage_healed":0.0,"max_hp_gain":0.0,"max_hp_loss":0.0,"gold_gain":0.0,"event_name":"Match and Keep!","player_choice":"0 cards matched","floor":4.0,"gold_loss":0.0,"damage_taken":0.0,"cards_obtained":[]},{"damage_healed":0,"gold_gain":0,"player_choice":"Shed Blood","damage_taken":26,"max_hp_gain":5,"max_hp_loss":0,"event_name":"Forgotten Altar","floor":30,"gold_loss":0},{"damage_healed":0,"gold_gain":0,"player_choice":"Inject Mutagens","damage_taken":0,"relics_obtained":["MutagenicStrength"],"max_hp_gain":0,"max_hp_loss":0,"event_name":"Drug Dealer","floor":31,"gold_loss":0},{"damage_healed":16,"gold_gain":0,"player_choice":"Writhe","damage_taken":0,"max_hp_gain":0,"max_hp_loss":0,"event_name":"Winding Halls","floor":37,"gold_loss":0,"cards_obtained":["Writhe"]},{"cards_removed":["Strike_R"],"damage_healed":0,"gold_gain":0,"player_choice":"Removed Attack","damage_taken":0,"max_hp_gain":0,"max_hp_loss":0,"event_name":"Falling","floor":39,"gold_loss":0},{"damage_healed":0,"gold_gain":0,"player_choice":"Ignored","damage_taken":0,"max_hp_gain":0,"max_hp_loss":0,"event_name":"Tomb of Lord Red Mask","floor":45,"gold_loss":0}],"is_beta":false,"boss_relics":[{"not_picked":["Pandora\u0027s Box","Snecko Eye"],"picked":"Velvet Choker"},{"not_picked":["Tiny House","Fusion Hammer"],"picked":"Busted Crown"}],"items_purged_floors":[27,46],"is_endless":false,"potions_floor_spawned":[3,5,10,14,18,22,24,28,36,47],"killed_by":"Time Eater","ascension_level":20}}