{"host":"956g3854xvs16zht","time":1613609806,"event":{"mods":["2.2 Compatiblity","AlwaysNeverKeys","Aspiration","BaseMod","BetterRewards","Colored Map","Colored Powertips","Custom Start","DeckTracker","Displayed Cursed Tome","Energized Spire","Evolution","Friendly Minions","Infinite Spire","Minty Spire (QoL Compilation)","Permanent Neow","Relic Filter","Relic Sorter","Shop Mod","Spicy Shops","StSLib","TheHero"],"gold_per_floor":[113,113,113,128,140,165,183,183,183,120,120,137,137,150,150,246,246,261,121,36,36,36,36,52,27,101,201,201,219,251,263,263,263,263],"floor_reached":33,"language":"ENG","playtime":2076,"items_purged":["animeID:Twice"],"score":265,"play_id":"2684a35a-93f6-472a-bc04-c582effeb671","local_time":"20210217195646","is_ascension_mode":false,"campfire_choices":[{"data":"animeID:AllMight","floor":8,"key":"SMITH"},{"data":"animeID:TodorokiShoto","floor":11,"key":"SMITH"},{"data":"animeID:ToruHagakure","floor":15,"key":"SMITH"},{"data":"animeID:Endeavor","floor":23,"key":"SMITH"},{"floor":28,"key":"REST"},{"data":"animeID:TetsuTetsu","floor":32,"key":"SMITH"}],"circlet_count":0,"master_deck":["animeID:Deku","animeID:Bakugo","animeID:Smash","animeID:Smash","animeID:Smash","animeID:Smash","animeID:DefendMH","animeID:DefendMH","animeID:DefendMH","animeID:DefendMH","animeID:AllMight+1","animeID:ToruHagakure","animeID:ToruHagakure+1","animeID:Endeavor+1","animeID:DelawareSmash+1","animeID:Mina","infinitespire:UltimateForm","animeID:Rei","animeID:Iida","animeID:Mezo+1","animeID:Cementoss","animeID:DetroitDelaware","animeID:TetsuTetsu+1"],"relics":["animeID:HeroCostume","Burning Blood","Meat on the Bone","Blood Vial","Vajra","MerchantsRug","Medical Kit","aspiration:ChemicalBlood","Velvet Choker","aspiration:FaultyCoupler","infinitespire:FocusingShard","infinitespire:Golems Mask","InkBottle","StoneCalendar"],"acts_visited":["Exordium","TheCity"],"potions_floor_usage":[27,30,33,33],"damage_taken":[{"damage":5,"enemies":"Cultist","floor":1,"turns":4},{"damage":8,"enemies":"Jaw Worm","floor":4,"turns":4},{"damage":6,"enemies":"2 Louse","floor":5,"turns":2},{"damage":60,"enemies":"Lagavulin","floor":6,"turns":9},{"damage":22,"enemies":"Looter","floor":7,"turns":4},{"damage":15,"enemies":"2 Fungi Beasts","floor":12,"turns":3},{"damage":23,"enemies":"3 Louse","floor":14,"turns":3},{"damage":58,"enemies":"Hexaghost","floor":16,"turns":10},{"damage":31,"enemies":"Spheric Guardian","floor":18,"turns":5},{"damage":12,"enemies":"Chosen","floor":24,"turns":3},{"damage":32,"enemies":"Colosseum Slavers","floor":27,"turns":4},{"damage":42,"enemies":"Colosseum Nobs","floor":27,"turns":4},{"damage":29,"enemies":"Centurion and Healer","floor":29,"turns":4},{"damage":35,"enemies":"Book of Stabbing","floor":30,"turns":4},{"damage":5,"enemies":"Snecko","floor":31,"turns":3},{"damage":69,"enemies":"Collector","floor":33,"turns":6}],"seed_played":"3076043366124984392","potions_obtained":[{"floor":4,"key":"DistilledChaos"},{"floor":6,"key":"DuplicationPotion"},{"floor":16,"key":"Energy Potion"},{"floor":24,"key":"Ancient Potion"},{"floor":27,"key":"Explosive Potion"},{"floor":30,"key":"Energy Potion"},{"floor":33,"key":"Dexterity Potion"},{"floor":33,"key":"LiquidBronze"}],"is_trial":false,"path_per_floor":["M","T","$","M","M","E","M","R","T","$","R","M","?","M","R","B",null,"M","$","?","?","AVR","R","M","$","T","?","R","M","E","M","R","B"],"character_chosen":"THE_HERO","items_purchased":["MerchantsRug","animeID:Mina","Medical Kit","animeID:Iida"],"campfire_rested":1,"item_purchase_floors":[10,19,19,25],"current_hp_per_floor":[75,75,75,75,75,52,45,45,45,45,45,55,75,60,60,28,75,52,52,52,52,52,52,50,50,50,27,51,46,33,50,50,0,0],"gold":263,"neow_bonus":"NOSTALGIA","is_daily":false,"chose_seed":false,"campfire_upgraded":5,"win_rate":0.0,"timestamp":1613609806,"path_taken":["M","?","?","M","M","E","M","R","T","$","R","?","?","?","R","BOSS","M","$","?","?","AVR","R","M","$","T","?","R","M","E","M","R","BOSS"],"items_purchased_type":["Relic","Card","Relic","Card"],"build_version":"2020-12-22","purchased_purges":1,"victory":false,"max_hp_per_floor":[75,75,75,75,75,75,75,75,75,75,75,75,75,75,75,75,75,75,75,75,75,75,75,75,75,75,80,80,80,80,80,80,80,80],"card_choices":[{"not_picked":["animeID:Kirishima","animeID:DetroitDelaware"],"picked":"animeID:TodorokiShoto","floor":1},{"not_picked":["animeID:TodorokiShoto","animeID:Uraraka"],"picked":"animeID:Twice","floor":4},{"not_picked":["animeID:ToruHagakure","animeID:SkinnyGum"],"picked":"animeID:FatGum","floor":5},{"not_picked":["animeID:Aoyama","animeID:Cementoss","animeID:Tsuyu"],"picked":"SKIP","floor":6},{"not_picked":["animeID:Aoyama","animeID:Cementoss","animeID:Tsuyu"],"picked":"SKIP","floor":6},{"not_picked":["animeID:Tomura","animeID:DelawareSmash"],"picked":"animeID:AllMight","floor":7},{"not_picked":["animeID:Mezo","animeID:Ojiro"],"picked":"animeID:ToruHagakure","floor":12},{"not_picked":["animeID:Cementoss","animeID:DetroitSmash"],"picked":"animeID:ToruHagakure","floor":14},{"not_picked":["animeID:AllForOne","animeID:Hawks"],"picked":"animeID:Endeavor","floor":16},{"not_picked":["animeID:Momo","animeID:FatGum"],"picked":"animeID:DelawareSmash+1","floor":18},{"not_picked":["animeID:Tamaki","animeID:ToruHagakure"],"picked":"animeID:Rei","floor":24},{"not_picked":["animeID:Kaminari+1","animeID:Crystallize"],"picked":"animeID:Mezo+1","floor":27},{"not_picked":["animeID:Himiko","animeID:Momo"],"picked":"animeID:Cementoss","floor":29},{"not_picked":["animeID:Nomu","animeID:DelawareSmash"],"picked":"animeID:DetroitDelaware","floor":30},{"not_picked":["animeID:Kirishima","animeID:Mineta"],"picked":"animeID:TetsuTetsu","floor":31}],"player_experience":32982,"relics_obtained":[{"floor":2,"key":"Meat on the Bone"},{"floor":6,"key":"Blood Vial"},{"floor":9,"key":"Vajra"},{"floor":26,"key":"infinitespire:FocusingShard"},{"floor":27,"key":"infinitespire:Golems Mask"},{"floor":27,"key":"InkBottle"},{"floor":30,"key":"StoneCalendar"}],"event_choices":[{"cards_removed":["animeID:FatGum"],"damage_healed":20,"gold_gain":0,"player_choice":"Offered Uncommon","damage_taken":0,"max_hp_gain":0,"max_hp_loss":0,"event_name":"Bonfire Elementals","floor":13,"gold_loss":0},{"damage_healed":0,"gold_gain":0,"player_choice":"Obtained Relic","damage_taken":0,"relics_obtained":["aspiration:ChemicalBlood"],"max_hp_gain":0,"max_hp_loss":0,"event_name":"Addict","floor":20,"gold_loss":85},{"cards_removed":["animeID:TodorokiShoto"],"damage_healed":0,"gold_gain":0,"player_choice":"Elegance","damage_taken":0,"max_hp_gain":0,"max_hp_loss":0,"event_name":"Back to Basics","floor":21,"gold_loss":0},{"damage_healed":0,"gold_gain":0,"player_choice":"Fight","damage_taken":0,"max_hp_gain":0,"max_hp_loss":0,"event_name":"Colosseum","floor":27,"gold_loss":0},{"damage_healed":0,"gold_gain":0,"player_choice":"Fought Nobs","damage_taken":0,"max_hp_gain":0,"max_hp_loss":0,"event_name":"Colosseum","floor":27,"gold_loss":0}],"is_beta":false,"boss_relics":[{"not_picked":["aspiration:IroncladSkillbook","infinitespire:Cupcake","energizedSpire:EnergizedDie"]}],"items_purged_floors":[10],"is_endless":false,"potions_floor_spawned":[4,6,16,24,27,30,31],"killed_by":"Collector","ascension_level":0}}