{"host":"ufhw4cf0hh51lveu","time":1613618509,"event":{"mods":["BaseMod","DeckTracker","Minty Spire (QoL Compilation)","SuperFastMode"],"gold_per_floor":[215,215,235,255,279,279,300,315,340,340,340,364,380,455,455,581,581,572,487,502,120,219,219,71,85,137,137,137,158,183,183,183],"floor_reached":31,"language":"KOR","playtime":888,"items_purged":["Injury"],"score":231,"play_id":"e9b4d37a-d1f9-432f-9882-f2d3af06ce92","local_time":"20210218122149","is_ascension_mode":false,"campfire_choices":[{"data":"Genetic Algorithm","floor":6,"key":"SMITH"},{"floor":15,"key":"REST"},{"data":"Trip","floor":23,"key":"SMITH"},{"data":"Echo Form","floor":27,"key":"SMITH"}],"circlet_count":0,"master_deck":["Strike_B","Strike_B","Strike_B","Strike_B","Defend_B","Defend_B","Defend_B","Defend_B","Zap","Dualcast","Genetic Algorithm+1","Doom and Gloom","Conserve Battery","Ball Lightning","Creative AI","Redo","Glacier","Hologram","Thunder Strike","Melter+1","Genetic Algorithm","Echo Form+1","Trip+1","Rebound+1","Streamline+1","Consume","Buffer","Conserve Battery","Necronomicurse"],"relics":["Cracked Core","Golden Idol","Happy Flower","Coffee Dripper","Molten Egg 2","Orrery","Bag of Marbles","Lantern","Necronomicon"],"acts_visited":["Exordium","TheCity"],"potions_floor_usage":[4,16,16,29],"damage_taken":[{"damage":2,"enemies":"Small Slimes","floor":1,"turns":3},{"damage":4,"enemies":"Jaw Worm","floor":3,"turns":4},{"damage":2,"enemies":"2 Louse","floor":4,"turns":2},{"damage":18,"enemies":"Large Slime","floor":5,"turns":7},{"damage":0,"enemies":"2 Fungi Beasts","floor":7,"turns":3},{"damage":8,"enemies":"Looter","floor":8,"turns":3},{"damage":3,"enemies":"Exordium Thugs","floor":12,"turns":4},{"damage":0,"enemies":"2 Fungi Beasts","floor":13,"turns":4},{"damage":19,"enemies":"Hexaghost","floor":16,"turns":13},{"damage":9,"enemies":"2 Thieves","floor":18,"turns":4},{"damage":7,"enemies":"Spheric Guardian","floor":20,"turns":4},{"damage":35,"enemies":"3 Cultists","floor":25,"turns":5},{"damage":0,"enemies":"Snecko","floor":29,"turns":4},{"damage":0,"enemies":"Snake Plant","floor":30,"turns":3},{"damage":8,"enemies":"Colosseum Slavers","floor":31,"turns":1}],"seed_played":"3596713465604045189","potions_obtained":[{"floor":1,"key":"SpeedPotion"},{"floor":3,"key":"Explosive Potion"},{"floor":12,"key":"FocusPotion"},{"floor":18,"key":"DuplicationPotion"},{"floor":25,"key":"Block Potion"},{"floor":29,"key":"BlessingOfTheForge"}],"is_trial":false,"path_per_floor":["M","?","M","M","M","R","M","M","T","?","?","M","M","?","R","B",null,"M","?","M","$","?","R","$","M","T","R","?","M","M","?"],"character_chosen":"DEFECT","items_purchased":["Echo Form","Trip","Orrery","Bag of Marbles"],"campfire_rested":1,"item_purchase_floors":[21,21,21,24],"current_hp_per_floor":[73,73,69,67,49,49,49,41,41,41,66,63,63,52,74,55,75,66,66,59,59,59,59,59,24,24,24,8,8,8,0,0],"gold":183,"neow_bonus":"HUNDRED_GOLD","is_daily":false,"chose_seed":false,"campfire_upgraded":3,"win_rate":0.0,"timestamp":1613618509,"path_taken":["M","?","M","M","M","R","M","M","T","?","?","M","?","?","R","BOSS","M","?","M","$","?","R","?","M","T","R","?","M","M","?"],"items_purchased_type":["Card","Card","Relic","Relic"],"build_version":"2020-12-22","purchased_purges":1,"victory":false,"max_hp_per_floor":[75,75,75,75,75,75,75,75,75,75,75,75,75,75,75,75,75,75,75,75,75,75,75,75,75,75,75,75,75,75,75,75],"card_choices":[{"not_picked":["Compile Driver","Hologram"],"picked":"Genetic Algorithm","floor":1},{"not_picked":["Rebound","Gash"],"picked":"Doom and Gloom","floor":3},{"not_picked":["Rip and Tear","Self Repair"],"picked":"Conserve Battery","floor":4},{"not_picked":["Go for the Eyes","Genetic Algorithm"],"picked":"Ball Lightning","floor":5},{"not_picked":["Rip and Tear","Beam Cell"],"picked":"Creative AI","floor":7},{"not_picked":["Sweeping Beam","Heatsinks"],"picked":"Redo","floor":8},{"not_picked":["Streamline","Doom and Gloom"],"picked":"Glacier","floor":12},{"not_picked":["Redo","Chill"],"picked":"Hologram","floor":13},{"not_picked":["Biased Cognition","Amplify"],"picked":"Thunder Strike","floor":16},{"not_picked":["Ball Lightning+1","Doom and Gloom"],"picked":"Melter+1","floor":18},{"not_picked":["Coolheaded","Barrage+1"],"picked":"Genetic Algorithm","floor":20},{"not_picked":["Hologram","Gash+1"],"picked":"Rebound+1","floor":21},{"not_picked":["Gash+1","Ball Lightning+1"],"picked":"Streamline+1","floor":21},{"not_picked":["Glacier","Conserve Battery+1"],"picked":"Consume","floor":21},{"not_picked":["Sweeping Beam+1","Leap+1"],"picked":"Buffer","floor":21},{"not_picked":["Compile Driver+1","Tempest"],"picked":"Conserve Battery","floor":21},{"not_picked":["Gash+1","Consume","FTL+1"],"picked":"SKIP","floor":25},{"not_picked":["Streamline+1","Redo","Fusion"],"picked":"SKIP","floor":29},{"not_picked":["Stack","Hologram","All For One+1"],"picked":"SKIP","floor":30}],"player_experience":35080,"relics_obtained":[{"floor":9,"key":"Happy Flower"},{"floor":26,"key":"Lantern"},{"floor":28,"key":"Necronomicon"}],"event_choices":[{"damage_healed":0,"gold_gain":0,"player_choice":"Take Wound","damage_taken":0,"relics_obtained":["Golden Idol"],"max_hp_gain":0,"max_hp_loss":0,"event_name":"Golden Idol","floor":2,"gold_loss":0,"cards_obtained":["Injury"]},{"damage_healed":0,"gold_gain":0,"player_choice":"Ignored","damage_taken":0,"max_hp_gain":0,"max_hp_loss":0,"event_name":"Shining Light","floor":10,"gold_loss":0},{"damage_healed":25,"gold_gain":0,"player_choice":"Banana","damage_taken":0,"max_hp_gain":0,"max_hp_loss":0,"event_name":"Big Fish","floor":11,"gold_loss":0},{"damage_healed":0,"gold_gain":75,"player_choice":"Gather Gold","damage_taken":11,"max_hp_gain":0,"max_hp_loss":0,"event_name":"World of Goop","floor":14,"gold_loss":0},{"damage_healed":0,"gold_gain":0,"player_choice":"Obtained Relic","damage_taken":0,"relics_obtained":["Molten Egg 2"],"max_hp_gain":0,"max_hp_loss":0,"event_name":"Addict","floor":19,"gold_loss":85},{"damage_healed":0,"gold_gain":99,"player_choice":"Stole From Cult","damage_taken":0,"max_hp_gain":0,"max_hp_loss":0,"event_name":"Nest","floor":22,"gold_loss":0},{"damage_healed":0,"gold_gain":0,"player_choice":"Obtained Book","damage_taken":16,"max_hp_gain":0,"max_hp_loss":0,"event_name":"Cursed Tome","floor":28,"gold_loss":0},{"damage_healed":0,"gold_gain":0,"player_choice":"Fight","damage_taken":0,"max_hp_gain":0,"max_hp_loss":0,"event_name":"Colosseum","floor":31,"gold_loss":0}],"is_beta":false,"boss_relics":[{"not_picked":["Sozu","Fusion Hammer"],"picked":"Coffee Dripper"}],"items_purged_floors":[21],"is_endless":false,"potions_floor_spawned":[1,3,12,18,25,29],"killed_by":"Colosseum Slavers","ascension_level":0}}