{"host":"b1k9tvirjqaexfiq","time":1613625716,"event":{"mods":["AchievementEnabler","BaseMod","Bestiary","Better Third Choice","BetterRewards","Bossed Relics","Colored Powertips","Conspire","Curses Come First","Energized Spire","Filter the Spire","Highlight Path","Hubris","Infinite Spire","Marisa????????","Marked Mod","Minty Spire (QoL Compilation)","Permanent Neow","Quick Restart","Rare Cards Sparkle","Reliquary","Replay The Spire","Shop Mod","StSLib","The Animator","The Bug Knight","The Marked","The Servant 0.9.4","Together in Spire","Waifu the Spire","??????REMEMod"],"gold_per_floor":[115,129,143,154,0,29,29,41,41,41,60,60,60,71,71,176,176,189,18,18,37,52,52,1,31,31,64,74,74,74,90,90,187,187,207,223,223,69,80,80,80,80],"floor_reached":41,"language":"ENG","playtime":3238,"items_purged":["Replay:Battleflow"],"score":510,"play_id":"de28c82a-0693-4452-be43-05fc7f32d661","local_time":"20210217232156","is_ascension_mode":false,"campfire_choices":[{"floor":7.0,"key":"REST"},{"data":"LikeWater","floor":12.0,"key":"SMITH"},{"floor":15.0,"key":"REST"},{"data":"Establishment","floor":23.0,"key":"SMITH"},{"data":"MarkedMod:OneThousandNeedles","floor":29.0,"key":"SMITH"},{"floor":32.0,"key":"REST"},{"data":"InnerPeace","floor":40.0,"key":"SMITH"}],"circlet_count":0,"master_deck":["Strike_P+1","Strike_P+1","Strike_P+1","Strike_P+1","Defend_P+1","Defend_P+1","Defend_P+1","Defend_P+1","Eruption","Vigilance","MarkedMod:ChiBlock","Vengeance","ThirdEye","Replay:Vibes","MarkedMod:OneThousandNeedles+1","FlyingSleeves","Enlightenment+1","LikeWater+1","FollowUp","ThirdEye","Replay:BluntJabs","MarkedMod:FirstStrike","Replay:ManipulateFuture","MarkedMod:GentlePulse","ThirdEye","Establishment+1","DeceiveReality","MarkedMod:GentlePulse+1","Nirvana","ReplayTheSpireMod:Private Reserves","DeceiveReality+1","ClearTheMind","Nirvana","JustLucky","ThirdEye","Protect+1","Weave+1","Nirvana","JustLucky","Evaluate","DevaForm+1","CutThroughFate","MarkedMod:FirstStrike+1","InnerPeace+1","EmptyFist"],"relics":["PureWater","REME_ComplimentaryCards","Prayer Wheel","Thread and Needle","Mango","hubris:ScarierMask","Quantum Egg","Pear","reliquary:Firecrackers","Runic Pyramid"],"acts_visited":["Exordium","TheCity","TheBeyond"],"potions_floor_usage":[],"damage_taken":[{"damage":2.0,"enemies":"Cultist","floor":1.0,"turns":3.0},{"damage":5.0,"enemies":"Small Slimes","floor":2.0,"turns":4.0},{"damage":6.0,"enemies":"Jaw Worm","floor":3.0,"turns":7.0},{"damage":21.0,"enemies":"Lots of Slimes","floor":4.0,"turns":9.0},{"damage":21.0,"enemies":"Replay:BlueRogue","floor":6.0,"turns":6.0},{"damage":0.0,"enemies":"Blue Slaver","floor":8.0,"turns":6.0},{"damage":0.0,"enemies":"2 Fungi Beasts","floor":11.0,"turns":5.0},{"damage":0.0,"enemies":"3 Louse","floor":14.0,"turns":6.0},{"damage":25.0,"enemies":"Fading Forest","floor":16.0,"turns":11.0},{"damage":0.0,"enemies":"conspire:FuzzyDice","floor":18.0,"turns":5.0},{"damage":10.0,"enemies":"Chosen","floor":21.0,"turns":9.0},{"damage":0.0,"enemies":"Shelled Parasite and Fungi","floor":22.0,"turns":7.0},{"damage":4.0,"enemies":"conspire:Head Lice","floor":25.0,"turns":14.0},{"damage":3.0,"enemies":"Slavers","floor":27.0,"turns":10.0},{"damage":18.0,"enemies":"Cultist and Chosen","floor":28.0,"turns":12.0},{"damage":17.0,"enemies":"Snake Plant","floor":31.0,"turns":6.0},{"damage":33.0,"enemies":"Collector","floor":33.0,"turns":9.0},{"damage":0.0,"enemies":"3 Darklings","floor":35.0,"turns":4.0},{"damage":0.0,"enemies":"3 Shapes","floor":36.0,"turns":6.0},{"damage":12.0,"enemies":"Maw","floor":39.0,"turns":7.0},{"damage":0,"enemies":"Writhing Mass","floor":41,"turns":1}],"seed_played":"-377003364618614225","potions_obtained":[{"floor":4.0,"key":"SteroidPotion"},{"floor":6.0,"key":"Energy Potion"},{"floor":8.0,"key":"REME_GoldPotion"},{"floor":11.0,"key":"GamblersBrew"},{"floor":21.0,"key":"Explosive Potion"},{"floor":22.0,"key":"LifebloodPotion"},{"floor":25.0,"key":"Adrenaline Potion"},{"floor":31.0,"key":"BlessingOfTheForge"},{"floor":36.0,"key":"LiquidBronze"}],"is_trial":false,"path_per_floor":["M","M","M","M","$","E","R","M","T","?","M","R","?","M","R","B",null,"M","$","?","M","M","R","$","E","T","E","M","R","?","M","R","B",null,"M","M","?","$","M","R","M"],"character_chosen":"WATCHER","items_purchased":["Enlightenment","LikeWater","Nirvana","ReplayTheSpireMod:Private Reserves","ThirdEye","InnerPeace"],"campfire_rested":3,"item_purchase_floors":[5,5,19,19,24,38],"current_hp_per_floor":[70,65,59,38,38,17,38,38,52,52,52,52,52,52,77,61,86,86,86,86,76,76,76,76,72,82,79,61,61,61,44,72,39,96,96,96,96,96,84,84,84,84],"gold":80,"neow_bonus":"ONE_RANDOM_RARE_CARD","is_daily":false,"chose_seed":false,"campfire_upgraded":4,"win_rate":0.0,"timestamp":1613625716,"path_taken":["M","M","M","M","$","E","R","M","T","?","M","R","?","M","R","BOSS","M","$","?","M","M","R","$","E","T","E","M","R","?","M","R","BOSS","M","M","?","$","M","R","M"],"items_purchased_type":["Card","Card","Card","Card","Card","Card"],"build_version":"2020-12-22","purchased_purges":1,"victory":false,"max_hp_per_floor":[72,72,72,72,72,72,72,72,86,86,86,86,86,86,86,86,86,86,86,86,86,86,86,86,86,96,96,96,96,96,96,96,96,96,96,96,96,96,96,96,96,96],"card_choices":[{"not_picked":["Replay:Anticipation","Replay:AtTheReady"],"picked":"Vengeance","floor":1.0},{"not_picked":["CrushJoints","FollowUp"],"picked":"ThirdEye","floor":2.0},{"not_picked":["REME_Repentance","Replay:BluntJabs"],"picked":"Replay:Vibes","floor":3.0},{"not_picked":["Crescendo","SignatureMove"],"picked":"MarkedMod:OneThousandNeedles","floor":3.0},{"not_picked":["Perseverance","SashWhip"],"picked":"Replay:Battleflow","floor":4.0},{"not_picked":["Prostrate","Ragnarok"],"picked":"FlyingSleeves","floor":4.0},{"not_picked":["MasterReality","SashWhip"],"picked":"FollowUp","floor":6.0},{"not_picked":["FlyingSleeves","WreathOfFlame"],"picked":"ThirdEye","floor":8.0},{"not_picked":["Indignation","CutThroughFate"],"picked":"Replay:BluntJabs","floor":8.0},{"not_picked":["EmptyBody","ThirdEye"],"picked":"MarkedMod:FirstStrike","floor":11.0},{"not_picked":["Prostrate","LessonLearned"],"picked":"Replay:ManipulateFuture","floor":11.0},{"not_picked":["Replay:BluntJabs","Indignation"],"picked":"MarkedMod:GentlePulse","floor":14.0},{"not_picked":["MentalFortress","FlurryOfBlows"],"picked":"ThirdEye","floor":14.0},{"not_picked":["MasterReality","Blasphemy"],"picked":"Establishment","floor":16.0},{"not_picked":["CrushJoints+1","Swivel"],"picked":"DeceiveReality","floor":18.0},{"not_picked":["BattleHymn","Tantrum"],"picked":"MarkedMod:GentlePulse+1","floor":18.0},{"not_picked":["SashWhip","Replay:BluntJabs"],"picked":"DeceiveReality+1","floor":21.0},{"not_picked":["Study","FlurryOfBlows"],"picked":"ClearTheMind","floor":21.0},{"not_picked":["Conclude","Halt+1"],"picked":"Nirvana","floor":22.0},{"not_picked":["Replay:ManipulateFuture","MarkedMod:Acupuncture"],"picked":"JustLucky","floor":22.0},{"not_picked":["Conclude","Brilliance"],"picked":"Protect+1","floor":25.0},{"not_picked":["FlurryOfBlows","Protect"],"picked":"Weave+1","floor":27.0},{"not_picked":["Perseverance","CutThroughFate"],"picked":"Nirvana","floor":28.0},{"not_picked":["SignatureMove","FlyingSleeves","BowlingBash"],"picked":"SKIP","floor":28.0},{"not_picked":["Replay:Battleflow","Crescendo"],"picked":"JustLucky","floor":31.0},{"not_picked":["SignatureMove","BowlingBash"],"picked":"Evaluate","floor":31.0},{"not_picked":["Replay:AllIn","MarkedMod:SlowDance"],"picked":"DevaForm","floor":33.0},{"not_picked":["Replay:DivineShield","Replay:Vibes+1"],"picked":"CutThroughFate","floor":35.0},{"not_picked":["Evaluate","BowlingBash+1"],"picked":"MarkedMod:FirstStrike+1","floor":35.0},{"not_picked":["FollowUp+1","Protect","Perseverance"],"picked":"SKIP","floor":36.0},{"not_picked":["Consecrate","ClearTheMind","Adaptation"],"picked":"SKIP","floor":36.0},{"not_picked":["WheelKick","Study"],"picked":"EmptyFist","floor":39.0},{"not_picked":["CrushJoints","Study","WreathOfFlame"],"picked":"SKIP","floor":39.0}],"player_experience":73333,"relics_obtained":[{"floor":6.0,"key":"Thread and Needle"},{"floor":9.0,"key":"Mango"},{"floor":25.0,"key":"Quantum Egg"},{"floor":26.0,"key":"Pear"},{"floor":27.0,"key":"reliquary:Firecrackers"}],"event_choices":[{"damage_healed":0.0,"max_hp_gain":0.0,"max_hp_loss":0.0,"gold_gain":0.0,"event_name":"Upgrade Shrine","player_choice":"Upgraded","floor":13.0,"gold_loss":0.0,"damage_taken":0.0,"cards_upgraded":["Enlightenment"]},{"damage_healed":0.0,"max_hp_gain":0.0,"max_hp_loss":8.0,"gold_gain":0.0,"event_name":"betterThird:BetterWriting","player_choice":"Simplicity","floor":20.0,"gold_loss":0.0,"damage_taken":0.0},{"damage_healed":0.0,"max_hp_gain":0.0,"max_hp_loss":0.0,"gold_gain":0.0,"event_name":"Accursed Blacksmith","player_choice":"Forge","floor":37.0,"gold_loss":0.0,"damage_taken":0.0,"cards_upgraded":["DevaForm"]}],"is_beta":false,"boss_relics":[{"not_picked":["REME_DuelDisc","Velvet Choker"],"picked":"hubris:ScarierMask"},{"not_picked":["ReplayTheSpireMod:DimensionalGlitch","hubris:GrandSneckoEye"],"picked":"Runic Pyramid"}],"items_purged_floors":[38],"is_endless":false,"potions_floor_spawned":[4,6,8,11,21,22,25,27,31,36],"killed_by":"Writhing Mass","ascension_level":0}}