{"host":"3hzk4hwwdropes3d","time":1613625822,"event":{"mods":["BaseMod","Colored Map","Downfall","Hermit","Minty Spire (QoL Compilation)","Permanent Neow","Relic Stats","StSLib"],"gold_per_floor":[110,285,285,297,44,69,80,100,124,141,41,41,60,60,60,163,163,182,200,125,49,49,79,79,91,118,118,118,128,128,155,155,251,251,263,263,263,263,276,303,317,333,333,64,64,64],"floor_reached":45,"language":"ENG","playtime":2354,"items_purged":["Doubt","Clumsy","Pain"],"score":604,"play_id":"57b4a8c2-e926-4f09-9275-cbd44db9fca3","local_time":"20210217212342","is_ascension_mode":true,"campfire_choices":[{"data":"Eruption","floor":12,"key":"SMITH"},{"data":"CrushJoints","floor":15,"key":"SMITH"},{"floor":24,"key":"REST"},{"floor":27,"key":"REST"},{"data":"EmptyMind","floor":30,"key":"SMITH"},{"floor":32,"key":"REST"}],"circlet_count":0,"master_deck":["Strike_P","Defend_P","Defend_P","Defend_P","Eruption+1","Vigilance","CutThroughFate","Panacea","DeusExMachina","Prostrate","SashWhip","ThirdEye","Meditate","EmptyFist","CrushJoints+1","MentalFortress","FollowUp","FlyingSleeves+1","Adaptation","Halt","ThirdEye+1","EmptyMind+1","FlurryOfBlows+1","DevaForm","FlurryOfBlows+1","Trip","TalkToTheHand","Fasting2","Indignation+1","Halt+1","Protect+1","Blasphemy"],"relics":["Cursed Key","Bag of Marbles","Bag of Preparation","MealTicket","SacredBark","Lantern","sneckomod:BlankCard","Prayer Wheel","Empty Cage","Damaru","Slimebound:PreparedRelic","hexamod:BolsterEngine"],"acts_visited":["Exordium","TheCity","TheBeyond"],"potions_floor_usage":[16,23,23,29,41,45,45],"damage_taken":[{"damage":4,"enemies":"Jaw Worm","floor":1,"turns":2},{"damage":0,"enemies":"Cultist","floor":4,"turns":3},{"damage":32,"enemies":"3 Sentries","floor":6,"turns":6},{"damage":0,"enemies":"Small Slimes","floor":7,"turns":2},{"damage":0,"enemies":"Looter","floor":8,"turns":2},{"damage":0,"enemies":"2 Fungi Beasts","floor":10,"turns":3},{"damage":4,"enemies":"Exordium Thugs","floor":13,"turns":3},{"damage":9,"enemies":"The Guardian","floor":16,"turns":10},{"damage":0,"enemies":"Spheric Guardian","floor":18,"turns":3},{"damage":10,"enemies":"Chosen","floor":19,"turns":2},{"damage":34,"enemies":"Gremlin Leader","floor":23,"turns":5},{"damage":44,"enemies":"Snake Plant","floor":25,"turns":2},{"damage":0,"enemies":"Snecko","floor":29,"turns":2},{"damage":45,"enemies":"Book of Stabbing","floor":31,"turns":5},{"damage":36,"enemies":"Collector","floor":33,"turns":5},{"damage":35,"enemies":"3 Shapes","floor":35,"turns":5},{"damage":0,"enemies":"Orb Walker","floor":39,"turns":2},{"damage":36,"enemies":"Nemesis","floor":40,"turns":6},{"damage":19,"enemies":"Jaw Worm Horde","floor":41,"turns":3},{"damage":0,"enemies":"Spire Growth","floor":42,"turns":5},{"damage":56,"enemies":"Giant Head","floor":45,"turns":7}],"seed_played":"-446381116613946819","potions_obtained":[{"floor":7,"key":"Guardian:BlockOnCardUsePotion"},{"floor":13,"key":"EssenceOfSteel"},{"floor":16,"key":"Strength Potion"},{"floor":25,"key":"SteroidPotion"},{"floor":31,"key":"Fruit Juice"},{"floor":33,"key":"FearPotion"},{"floor":35,"key":"LiquidBronze"},{"floor":42,"key":"Energy Potion"}],"is_trial":false,"path_per_floor":["M","?","?","M","$","E","M","M","T","M","$","R","M","?","R","B",null,"M","M","?","$","?","E","R","M","T","R","?","M","R","E","R","B",null,"M","?","?","?","M","E","M","M","T","$","E"],"character_chosen":"WATCHER","items_purchased":["Bag of Marbles","SashWhip","Adaptation","hexamod:BolsterEngine"],"campfire_rested":3,"item_purchase_floors":[5,5,21,44],"current_hp_per_floor":[68,68,68,68,68,36,36,36,36,36,51,51,47,40,40,31,62,62,52,52,67,67,33,54,10,10,31,82,82,82,37,61,25,68,33,33,72,72,72,36,17,17,17,32,0,0],"gold":64,"neow_bonus":"BOSS_RELIC","is_daily":false,"chose_seed":false,"campfire_upgraded":3,"win_rate":0.0,"timestamp":1613625822,"path_taken":["M","?","?","M","$","E","M","M","T","?","$","R","M","?","R","BOSS","M","M","?","$","?","E","R","M","T","R","?","M","R","E","R","BOSS","M","?","?","?","M","E","M","M","T","$","E"],"items_purchased_type":["Relic","Card","Card","Relic"],"build_version":"2020-12-22","purchased_purges":3,"victory":false,"max_hp_per_floor":[72,72,72,72,72,72,72,72,72,72,72,72,72,72,72,72,72,72,72,72,72,72,72,72,72,72,72,82,82,82,82,82,82,82,82,82,72,72,72,72,72,72,72,72,82,82],"relic_stats":{"counters":[21,83],"MealTicket":45,"Prayer Wheel":4,"Bag of Preparation":[38],"Cursed Key":3,"obtain_stats":[{"Lantern":23,"SacredBark":17,"sneckomod:BlankCard":26,"Damaru":40,"Bag of Preparation":6,"Cursed Key":0,"Empty Cage":34,"MealTicket":9,"Prayer Wheel":31,"Slimebound:PreparedRelic":43,"Bag of Marbles":5,"PureWater":0,"hexamod:BolsterEngine":44},{"Lantern":11,"SacredBark":8,"sneckomod:BlankCard":12,"Damaru":18,"Bag of Preparation":3,"Cursed Key":0,"Empty Cage":15,"MealTicket":5,"Prayer Wheel":14,"Slimebound:PreparedRelic":20,"Bag of Marbles":2,"PureWater":0,"hexamod:BolsterEngine":20},{"Lantern":41,"SacredBark":31,"sneckomod:BlankCard":43,"Damaru":68,"Bag of Preparation":11,"Cursed Key":0,"Empty Cage":55,"MealTicket":15,"Prayer Wheel":50,"Slimebound:PreparedRelic":76,"Bag of Marbles":5,"PureWater":0,"hexamod:BolsterEngine":76}]},"card_choices":[{"not_picked":["Crescendo","Weave"],"picked":"CutThroughFate","floor":1},{"not_picked":["Wireheading","Study"],"picked":"Prostrate","floor":4},{"not_picked":["Prostrate","BowlingBash"],"picked":"ThirdEye","floor":6},{"not_picked":["Protect","CarveReality"],"picked":"Meditate","floor":7},{"not_picked":["Evaluate","Vengeance"],"picked":"EmptyFist","floor":8},{"not_picked":["Consecrate","Collect"],"picked":"CrushJoints","floor":10},{"not_picked":["CrushJoints","WreathOfFlame"],"picked":"MentalFortress","floor":13},{"not_picked":["DeusExMachina","SpiritShield"],"picked":"Scrawl","floor":16},{"not_picked":["FlyingSleeves","Indignation"],"picked":"FollowUp","floor":18},{"not_picked":["Study","ClearTheMind+1"],"picked":"FlyingSleeves+1","floor":19},{"not_picked":["CarveReality","ClearTheMind+1"],"picked":"Halt","floor":23},{"not_picked":["LikeWater","Crescendo"],"picked":"ThirdEye+1","floor":25},{"not_picked":["Protect","ThirdEye"],"picked":"EmptyMind","floor":29},{"not_picked":["BowlingBash","Protect"],"picked":"FlurryOfBlows+1","floor":31},{"not_picked":["Wish","Establishment"],"picked":"DevaForm","floor":33},{"not_picked":["MentalFortress+1","FollowUp+1"],"picked":"FlurryOfBlows+1","floor":35},{"not_picked":["Perseverance","EmptyBody+1","Swivel"],"picked":"SKIP","floor":35},{"not_picked":["Prostrate+1","InnerPeace+1"],"picked":"TalkToTheHand","floor":39},{"not_picked":["FearNoEvil+1","Weave+1"],"picked":"Fasting2","floor":39},{"not_picked":["Worship","CarveReality"],"picked":"Indignation+1","floor":40},{"not_picked":["FlurryOfBlows","Study"],"picked":"Halt+1","floor":41},{"not_picked":["ClearTheMind","Evaluate"],"picked":"Protect+1","floor":41},{"not_picked":["Collect+1","EmptyFist"],"picked":"Blasphemy","floor":42},{"not_picked":["CarveReality","MentalFortress+1","Weave"],"picked":"SKIP","floor":42}],"player_experience":432140,"relics_obtained":[{"floor":6,"key":"Bag of Preparation"},{"floor":9,"key":"MealTicket"},{"floor":23,"key":"Lantern"},{"floor":26,"key":"sneckomod:BlankCard"},{"floor":31,"key":"Prayer Wheel"},{"floor":40,"key":"Damaru"},{"floor":43,"key":"Slimebound:PreparedRelic"}],"event_choices":[{"damage_healed":0,"gold_gain":175,"player_choice":"AGREE","damage_taken":0,"max_hp_gain":0,"max_hp_loss":0,"event_name":"Liars Game","floor":2,"gold_loss":0,"cards_obtained":["Doubt"]},{"damage_healed":0,"gold_gain":0,"player_choice":"2 cards matched","damage_taken":0,"max_hp_gain":0,"max_hp_loss":0,"event_name":"Match and Keep!","floor":3,"gold_loss":0,"cards_obtained":["Panacea","DeusExMachina"]},{"cards_removed":["Strike_P"],"damage_healed":0,"gold_gain":0,"player_choice":"Card Removal","damage_taken":7,"max_hp_gain":0,"max_hp_loss":0,"event_name":"Golden Wing","floor":14,"gold_loss":0},{"cards_removed":["Strike_P"],"damage_healed":0,"gold_gain":0,"player_choice":"Gave Gold","damage_taken":0,"max_hp_gain":0,"max_hp_loss":0,"event_name":"Beggar","floor":20,"gold_loss":75},{"cards_removed":["Scrawl"],"damage_healed":41,"gold_gain":0,"player_choice":"Offered Rare","damage_taken":0,"max_hp_gain":10,"max_hp_loss":0,"event_name":"Bonfire Elementals","floor":28,"gold_loss":0},{"cards_removed":["Strike_P"],"damage_healed":0,"gold_gain":0,"player_choice":"Removed Attack","damage_taken":0,"max_hp_gain":0,"max_hp_loss":0,"event_name":"Falling","floor":36,"gold_loss":0},{"damage_healed":72,"gold_gain":0,"player_choice":"Heal","damage_taken":0,"max_hp_gain":0,"max_hp_loss":10,"event_name":"The Moai Head","floor":37,"gold_loss":0},{"damage_healed":0,"gold_gain":0,"player_choice":"1 cards matched","damage_taken":0,"max_hp_gain":0,"max_hp_loss":0,"event_name":"Match and Keep!","floor":38,"gold_loss":0,"cards_obtained":["Trip"]}],"is_beta":false,"boss_relics":[{"not_picked":["Snecko Eye","bronze:MakeshiftBattery"],"picked":"SacredBark"},{"not_picked":["Coffee Dripper","SlaversCollar"],"picked":"Empty Cage"}],"items_purged_floors":[5,11,44],"is_endless":false,"potions_floor_spawned":[7,13,16,25,31,33,35,42],"killed_by":"Giant Head","ascension_level":5}}