{"host":"8d3fefv2347kqkpz","time":1613661884,"event":{"mods":["AchievementEnabler","BaseMod","Better Vampires","BetterRewards","Colored Map","Colored Powertips","Downfall","Emptier Cage","Highlight Path","Marked Mod","Minty Spire (QoL Compilation)","Permanent Neow","Quick Restart","Rare Cards Sparkle","Relic Stats","Say the Spire","Spicy Shops","StSLib","Waifu the Spire"],"gold_per_floor":[0,10,10,0,13,13,40,190,190,200,29,48,48,58,78,174,174,174,185,200,200,212,227,274,306,326,326,326,326],"floor_reached":27,"language":"ZHS","playtime":2000,"items_purged":["champ:Strike"],"score":227,"play_id":"db7cb77c-70e5-4fc8-89b1-16c66c8be054","local_time":"20210218232444","is_ascension_mode":false,"campfire_choices":[{"data":"champ:Taunt","floor":1.0,"key":"SMITH"},{"data":"champ:Backstep","floor":13,"key":"SMITH"},{"floor":18,"key":"RECALL"}],"circlet_count":0,"master_deck":["champ:Strike","champ:Strike","champ:Strike","champ:Defend","champ:Defend","champ:Defend","champ:Defend","champ:Execute","champ:Taunt+1","champ:SteelEdge","champ:FancyFootwork","champ:ArenaPreparation","champ:BringItOn","downfall:Icky","champ:ShieldSigil","champ:FalseCounter","champ:BerserkerStyle","champ:Backstep+1","champ:IronFortress","champ:FancyFootwork","champ:EnchantCrown","champ:EndlessRage","champ:GutPunch","champ:RisingSlash","champ:CheapShot","champ:BringItOn+1"],"relics":["champ:ChampionCrown","Guardian:PocketSentry","Coffee Dripper","Centennial Puzzle","Toxic Egg 2"],"acts_visited":["Exordium","TheCity"],"potions_floor_usage":[25],"damage_taken":[{"damage":15.0,"enemies":"Small Slimes","floor":2.0,"turns":4.0},{"damage":10.0,"enemies":"downfall:FleeingMerchant","floor":4.0,"turns":4.0},{"damage":10.0,"enemies":"Cultist","floor":5.0,"turns":4.0},{"damage":0,"enemies":"2 Louse","floor":10,"turns":2},{"damage":10,"enemies":"downfall:FleeingMerchant","floor":11,"turns":4},{"damage":50,"enemies":"Lots of Slimes","floor":12,"turns":5},{"damage":21,"enemies":"Red Slaver","floor":14,"turns":3},{"damage":1,"enemies":"Gremlin Gang","floor":15,"turns":5},{"damage":88,"enemies":"DF_ARCHETYPE_STREAMLINE","floor":16,"turns":13},{"damage":83,"enemies":"3 Byrds","floor":19,"turns":6},{"damage":13,"enemies":"Shell Parasite","floor":20,"turns":5},{"damage":59,"enemies":"Cultist and Chosen","floor":22,"turns":5},{"damage":39,"enemies":"3 Cultists","floor":23,"turns":6},{"damage":59,"enemies":"Slavers","floor":25,"turns":7},{"damage":49,"enemies":"Centurion and Healer","floor":26,"turns":7},{"damage":70,"enemies":"Book of Stabbing","floor":27,"turns":5}],"seed_played":"653122173369509794","potions_obtained":[{"floor":10,"key":"Weak Potion"},{"floor":12,"key":"DuplicationPotion"},{"floor":14,"key":"ColorlessPotion"},{"floor":20,"key":"FairyPotion"},{"floor":26,"key":"FearPotion"}],"is_trial":false,"path_per_floor":["R","M","?","$","M","?","T","?","?","M","$","M","R","M","M","B",null,"R","M","M","?","M","M","T","E","M","E"],"character_chosen":"THE_CHAMP","items_purchased":["champ:BerserkerStyle"],"campfire_rested":0,"item_purchase_floors":[11],"current_hp_per_floor":[90,85,85,85,85,67,67,67,67,67,67,67,67,67,66,57,90,90,90,87,87,78,74,74,47,41,0,0,0],"gold":326,"neow_bonus":"THREE_RARE_CARDS","is_daily":false,"chose_seed":false,"campfire_upgraded":2,"win_rate":0.0,"timestamp":1613661884,"path_taken":["R","M","?","?","M","?","T","?","?","M","?","M","R","?","M","BOSS","R","M","M","?","?","M","T","E","M","E"],"items_purchased_type":["Card"],"build_version":"2020-12-22","purchased_purges":1,"victory":false,"max_hp_per_floor":[90,90,90,90,90,90,90,90,90,90,90,90,90,90,90,90,90,90,90,90,90,90,90,90,90,90,90,90,90],"relic_stats":{"Centennial Puzzle":[9],"counters":[16,85],"obtain_stats":[{"Centennial Puzzle":24,"champ:ChampionCrown":0,"Guardian:PocketSentry":6,"Coffee Dripper":17,"Toxic Egg 2":25},{"Centennial Puzzle":13,"champ:ChampionCrown":0,"Guardian:PocketSentry":3,"Coffee Dripper":9,"Toxic Egg 2":14},{"Centennial Puzzle":66,"champ:ChampionCrown":0,"Guardian:PocketSentry":12,"Coffee Dripper":44,"Toxic Egg 2":73}]},"card_choices":[{"not_picked":["champ:CheapShot","champ:ShieldThrow"],"picked":"champ:SteelEdge","floor":0.0},{"not_picked":["champ:GutPunch","champ:Encircle"],"picked":"champ:FancyFootwork","floor":2.0},{"not_picked":["champ:GutPunch","champ:CalledShot"],"picked":"champ:ArenaPreparation","floor":4.0},{"not_picked":["champ:FalseCounter","champ:TornadoPunch"],"picked":"champ:BringItOn","floor":5.0},{"not_picked":["champ:BladeFlurry","champ:SkillfulDodge"],"picked":"champ:ShieldSigil","floor":10},{"not_picked":["champ:ShieldSigil","champ:FanOfKnives"],"picked":"champ:FalseCounter","floor":11},{"not_picked":["champ:FaceSlap","champ:FlashCut"],"picked":"champ:Backstep","floor":12},{"not_picked":["champ:CrookedStrike","champ:EnGarde"],"picked":"champ:IronFortress","floor":14},{"not_picked":["champ:Circumvent","champ:UltimateStance"],"picked":"champ:FancyFootwork","floor":15},{"not_picked":["champ:UltimateStance","champ:HeavySlash"],"picked":"champ:EnchantCrown","floor":16},{"not_picked":["champ:ShieldSlam","champ:BerserkerStyle+1"],"picked":"champ:EndlessRage","floor":19},{"not_picked":["champ:AdrenalArmor","champ:Backstep"],"picked":"champ:GutPunch","floor":20},{"not_picked":["champ:DefensiveShout","champ:PreciseThrust+1"],"picked":"champ:RisingSlash","floor":22},{"not_picked":["champ:PreciseThrust","champ:BerserkerStyle"],"picked":"champ:CheapShot","floor":23},{"not_picked":["champ:TornadoPunch","champ:RisingSlash"],"picked":"champ:BringItOn+1","floor":25},{"not_picked":["champ:TornadoPunch","champ:Haymaker","champ:GutPunch"],"picked":"SKIP","floor":26}],"player_experience":464025,"relics_obtained":[{"floor":24,"key":"Centennial Puzzle"},{"floor":25,"key":"Toxic Egg 2"}],"event_choices":[{"damage_healed":0.0,"max_hp_gain":0.0,"max_hp_loss":0.0,"gold_gain":0.0,"event_name":"NoteForYourself","player_choice":"Ignored","floor":3.0,"gold_loss":0.0,"damage_taken":0.0},{"damage_healed":0.0,"max_hp_gain":0.0,"max_hp_loss":0.0,"gold_gain":0.0,"event_name":"Scrap Ooze","player_choice":"Success","floor":6.0,"gold_loss":0.0,"damage_taken":18.0,"relics_obtained":["Guardian:PocketSentry"]}],"is_beta":false,"boss_relics":[{"not_picked":["Cursed Key","expansioncontent:StudyCardRelic"],"picked":"Coffee Dripper"}],"items_purged_floors":[11],"is_endless":false,"potions_floor_spawned":[10,12,14,20,22,26],"killed_by":"Book of Stabbing","ascension_level":0}}