{"host":"cqxab8ablanphs80","time":1613616160,"event":{"mods":["Act Like it!","Ascension Reborn","Aspiration","BaseMod","Better Note","BetterRewards","Block Reminder","Colored Map","Conspire","Energized Spire","Friendly Minions","Gensokyo","GifTheSpireLib","Hallownest","Highlight Path","Hubris","Infinite Spire","Marked Mod","Minty Spire (QoL Compilation)","Quick Restart","Reliquary","Replay The Spire","StSLib","Wandering Minibosses"],"gold_per_floor":[118,193,208,223,237,268,268,282,308,159,190,202,202,222,222,222,222],"floor_reached":16,"language":"ENG","playtime":808,"items_purged":[],"score":114,"play_id":"40e27165-123b-44cd-a454-d64eb80f9fa4","local_time":"20210217204240","is_ascension_mode":true,"campfire_choices":[{"data":"Eruption","floor":7,"key":"SMITH"},{"floor":15,"key":"REST"}],"circlet_count":0,"master_deck":["Strike_P","Strike_P","Strike_P","Strike_P","Defend_P","Defend_P","Defend_P","Defend_P","Eruption+1","Vigilance","Replay:BluntJabs","FearNoEvil","Evaluate","DeusExMachina","CrushJoints","Vengeance","MarkedMod:NorthStar","MarkedMod:Acupuncture"],"relics":["PureWater","NeowsBlessing","Smiling Mask","Omamori","aspiration:Nostalgia","Burning Blood","Boot"],"acts_visited":["Exordium"],"potions_floor_usage":[6,8,11,16],"damage_taken":[{"damage":0.0,"enemies":"2 Louse","floor":1.0,"turns":1.0},{"damage":0,"enemies":"infinitespire:Voidling","floor":3,"turns":1},{"damage":0,"enemies":"Cultist","floor":4,"turns":1},{"damage":2,"enemies":"Blue Slaver","floor":5,"turns":4},{"damage":21,"enemies":"3 Sentries","floor":6,"turns":8},{"damage":0,"enemies":"Gremlin Gang","floor":8,"turns":4},{"damage":7,"enemies":"Lagavulin","floor":11,"turns":5},{"damage":13,"enemies":"3 Louse","floor":12,"turns":2},{"damage":7,"enemies":"2 Fungi Beasts","floor":14,"turns":2},{"damage":55,"enemies":"Hexaghost","floor":16,"turns":9}],"seed_played":"-2328938722925651200","potions_obtained":[{"floor":4,"key":"SneckoOil"},{"floor":5,"key":"Swift Potion"},{"floor":6,"key":"SneckoOil"},{"floor":12,"key":"LiquidBronze"}],"is_trial":false,"path_per_floor":["M","?","M","M","M","E","R","M","T","$","E","M","?","M","R","B"],"character_chosen":"WATCHER","items_purchased":["aspiration:Nostalgia"],"campfire_rested":1,"item_purchase_floors":[10],"current_hp_per_floor":[72,65,65,65,63,42,42,42,42,42,41,34,34,33,54,0,0],"gold":222,"neow_bonus":"THREE_ENEMY_KILL","is_daily":false,"chose_seed":false,"campfire_upgraded":1,"win_rate":0.0,"timestamp":1613616160,"path_taken":["M","?","?","M","?","E","R","M","T","$","E","M","?","M","R","BOSS"],"items_purchased_type":["Relic"],"build_version":"2020-12-22","purchased_purges":0,"victory":false,"max_hp_per_floor":[72,72,72,72,72,72,72,72,72,72,72,72,72,72,72,72,72],"card_choices":[{"not_picked":["BattleHymn","PathToVictory"],"picked":"Replay:BluntJabs","floor":1.0},{"not_picked":["WreathOfFlame","JustLucky","BattleHymn"],"picked":"SKIP","floor":3},{"not_picked":["Pray","Study"],"picked":"FearNoEvil","floor":4},{"not_picked":["Indignation","Protect"],"picked":"Evaluate","floor":5},{"not_picked":["Replay:ManipulateFuture","BowlingBash"],"picked":"DeusExMachina","floor":6},{"not_picked":["WreathOfFlame","CutThroughFate"],"picked":"CrushJoints","floor":8},{"not_picked":["PathToVictory","Replay:Hum"],"picked":"Vengeance","floor":11},{"not_picked":["FlurryOfBlows","SashWhip","MarkedMod:GentlePulse"],"picked":"SKIP","floor":12},{"not_picked":["BowlingBash","CrushJoints"],"picked":"MarkedMod:Acupuncture","floor":14}],"player_experience":48582,"relics_obtained":[{"floor":6,"key":"Smiling Mask"},{"floor":9,"key":"Omamori"},{"floor":11,"key":"Boot"}],"event_choices":[{"damage_healed":0,"gold_gain":75,"player_choice":"Touch","damage_taken":7,"max_hp_gain":0,"max_hp_loss":0,"event_name":"FaceTrader","floor":2,"gold_loss":0},{"damage_healed":0,"gold_gain":0,"player_choice":"1 cards matched","damage_taken":0,"max_hp_gain":0,"max_hp_loss":0,"event_name":"Match and Keep!","floor":13,"gold_loss":0,"cards_obtained":["MarkedMod:NorthStar"]}],"is_beta":false,"boss_relics":[],"items_purged_floors":[],"is_endless":false,"potions_floor_spawned":[4,5,6,12],"killed_by":"Hexaghost","ascension_level":0}}